3936 6472
257 583 336 646 25

1668 584 2276 651 PROLEGOMENA.

3568 588 3665 653 -26

257 715 439 774 scribi
471 721 666 790 queat,
692 718 944 792 jamque
983 718 1362 787 Trithemius,
1396 718 1497 792 qui
1545 735 1673 776 saec.
1705 717 1819 785 XV,
1853 717 1911 773 in
1943 727 1997 793 Α
2025 717 2244 774 editors
2273 716 2617 790 Reyseriano
2648 718 2739 773 vix
2776 722 2865 774 ter
2911 717 3102 776 decies
3149 720 3419 792 occurrit,
3451 727 3515 780 ut
3545 743 3659 783 non

257 806 371 862 hac
429 810 632 862 nostra
680 806 917 862 civitate
964 807 1362 880 Herbipolensi
1410 808 1591 864 abbas
1627 812 1682 863 S.
1713 806 1915 863 Jacobi

259 894 574 950 Scotorum
610 894 738 963 fuit,
765 899 1049 951 testetur:
1075 918 1102 945 ‹‹
1129 897 1187 951 Si
1219 896 1355 968 quid
1388 895 1547 951 aliud
1578 895 1911 967 scripsit,ad

261 998 356 1037 me
380 999 497 1037 non
519 982 801 1056 pervenit.
818 1006 846 1034 ‹‹
877 983 1082 1038 Falsus
1104 987 1194 1039 est
1218 983 1429 1057 oppido
1450 983 1730 1056 Georgius
1750 982 1914 1038 Galo-

259 1069 462 1143 pinus,
494 1087 629 1125 cum
654 1071 765 1126 sub
798 1071 983 1128 nostri
1014 1070 1303 1127 Brunonis
1334 1072 1568 1127 nomine
1614 1088 1913 1127 commen—

260 1156 479 1212 tarium
513 1157 573 1215 in
617 1158 1076 1216 Pentateuchum
1122 1158 1303 1214 Duaci
1352 1159 1490 1214 1608
1537 1158 1733 1217 edidit.
1766 1160 1913 1214 Nam

263 1245 557 1303 Brunonis
586 1246 875 1314 Astensis,
911 1246 1140 1303 abbatis
1186 1247 1572 1313 Cassinensis,
1604 1251 1738 1319 post
1781 1264 1913 1303 vero

264 1332 522 1406 episcopi
554 1333 901 1406 Signiensis,
935 1334 1035 1407 qui
1066 1335 1267 1390 eodem
1300 1334 1510 1391 saeculo
1557 1339 1802 1391 exeunte
1831 1335 1915 1390 vi-

263 1422 366 1485 xit,
395 1437 546 1489 esse,
578 1422 779 1478 nullus
811 1423 1174 1495 negabit,qui
1200 1440 1268 1478 ea
1287 1423 1454 1497 leget,
1479 1440 1605 1495 quae
1638 1423 1779 1479 inibi
1799 1424 1911 1496 (77)

268 1510 336 1565 de
366 1510 763 1566 controversia
792 1510 1111 1577 habentur,
1135 1515 1428 1567 auctorem
1462 1510 1614 1568 inter
1642 1516 1699 1567 et
1728 1511 1914 1568 archi-

265 1598 575 1654 diaconum
611 1603 1088 1654 Beneventanum
1121 1600 1193 1654 de
1213 1600 1458 1657 ecclesia
1478 1600 1781 1673 Sipontina
1803 1600 1916 1672 agi-

266 1690 402 1740 tata.
436 1686 544 1750 Qui
575 1704 710 1742 vero
743 1685 794 1741 ei
825 1687 1279 1743 commentarios
1323 1687 1378 1741 in
1432 1687 1589 1743 Pauli
1638 1687 1915 1759 epistolas

264 1772 350 1828 vel
380 1774 688 1846 proverbia
716 1773 1048 1830 Salomonis
1081 1775 1440 1843 adscribunt,
1467 1779 1529 1830 ut
1559 1775 1914 1833 Guil.Eisen—

263 1862 426 1936 grein
476 1863 613 1933 (78),
648 1861 738 1918 vel
788 1879 921 1917 cum
970 1863 1245 1920 Brunone
1294 1864 1495 1918 eodem
1543 1863 1792 1932 Astensi,
1826 1863 1913 1918 vel

263 1966 403 2007 eum
450 1950 763 2007 laudatore
806 1950 1323 2008 Carthusianorum
1355 1952 1736 2008 confundunt.
1770 1952 1915 2006 lluic

267 2037 447 2095 etiam
477 2055 682 2093 versus
711 2037 794 2094 illi
824 2040 1102 2093 adversus
1124 2039 1310 2096 malos
1332 2044 1391 2095 et
1406 2039 1706 2095 haereticos
1728 2056 1914 2094 sacer-

271 2126 442 2181 dotes
473 2125 763 2181 tribuendi
815 2132 976 2193 sunt,
1009 2144 1158 2200 quos
1202 2128 1489 2201 Ludewig
1535 2127 1592 2181 in
1646 2127 1797 2182 notis
1845 2127 1917 2181 ad

271 2214 442 2269 Frisii
472 2214 783 2271 chronicon
809 2232 879 2270 ex
909 2215 1247 2272 Selneccero
1277 2222 1333 2272 et
1351 2215 1576 2288 JEgidio
1607 2214 1919 2271 Periandro

261 2304 551 2373 tanquam
581 2303 762 2359 nostri
788 2302 1081 2359 Brunonis
1110 2304 1330 2360 factum
1361 2303 1576 2363 attulit.
1622 2366 1626 2370 Α

335 2389 423 2445 13.
461 2389 559 2445 llis
591 2390 770 2463 igitur
798 2390 1073 2462 explosis,
1105 2393 1276 2462 cujus
1321 2391 1550 2464 generis
1596 2391 1917 2463 genuinum

256 2478 392 2549 ejus
418 2494 571 2549 opus
602 2478 658 2533 in
692 2477 958 2534 Psalmos
990 2479 1086 2546 sit,
1121 2479 1314 2553 qualis
1345 2497 1556 2551 scopus
1586 2478 1921 2552 ejus,quale

254 2565 515 2637 pretium
549 2566 876 2641 videamus.
1524 2624 1527 2627 ,

324 2654 601 2709 Florebat
630 2658 767 2710 tuus
816 2655 1058 2726 quidem
1108 2656 1399 2732 Herbipoli
1429 2657 1487 2712 in
1517 2657 1690 2713 domo
1721 2656 1915 2712 Salva-

247 2742 387 2796 torii
414 2740 933 2817 schola,magistro
951 2748 1092 2800 tunc
1110 2744 1596 2815 przestantissimo
1618 2745 1912 2812 Bernulfo,

252 2829 345 2885 cui
379 2836 766 2903 praecesserat
796 2831 978 2886 Italus
1009 2832 1251 2903 quidam
1290 2834 1361 2889 ab
1411 2835 1680 2907 episcopo
1711 2834 1912 2890 Herbi-

252 2917 437 2990 polim
466 2924 746 2973 evocatus
779 2924 836 2975 et
864 2919 1092 2993 integra
1123 2921 1304 2977 series
1334 2922 1589 2977 virorum
1622 2939 1724 2996 pro
1757 2922 1913 2979 illius

249 3006 351 3062 levi
384 3007 729 3063 conditione
750 3008 1395 3075 eruditissimorum,ita
1412 3015 1477 3066 ut
1493 3010 1664 3083 longe
1685 3009 1913 3084 lateque

245 3094 466 3150 scholae
501 3094 945 3168 Herbipolensis
977 3096 1134 3151 fama
1163 3096 1506 3154 dilataretur
1537 3098 1826 3170 multique
1846 3117 1913 3155 ex

244 3198 314 3237 ea
344 3182 735 3239 ecclesiarum
771 3183 1051 3256 praesules
1081 3186 1399 3258 prodirent.
1423 3185 1614 3242 Nihilo
1637 3204 1804 3245 secus
1825 3192 1914 3243 est

236 3273 734 3344 pmsumendum
767 3271 903 3329 cleri
935 3290 1050 3327 non
1084 3273 1355 3349 exiguam
1386 3279 1609 3348 partem
1641 3292 1744 3347 pro
1766 3280 1909 3331 tem-

236 3376 454 3431 porum
489 3359 767 3415 harbarie
796 3360 1087 3432 ejusmodi
1118 3361 1319 3429 fuisse,
1354 3364 1447 3417 cui
1487 3364 1911 3435 providendum

2022 806 2247 877 integra
2278 810 2580 862 auctorum
2610 807 2804 873 verba,
2838 807 2937 863 sed
2962 824 3163 873 eorum
3195 813 3422 882 tantum
3450 830 3660 871 sensus

2023 893 2321 949 referatur.
3310 920 3313 923 γ

2092 981 2229 1035 Post
2258 980 2520 1054 singulos
2550 982 2808 1054 psalmos
2837 1000 2904 1039 ex
2944 984 3354 1059 antiquissimo
3402 1005 3512 1051 usu
3544 992 3655 1063 (8‘0)

2022 1067 2218 1123 addita
2247 1073 2335 1124 est
2363 1068 2545 1124 oratio
2567 1070 2987 1143 quzedam,quae
3009 1072 3220 1144 psalmi
3242 1074 3496 1132 fructum
3519 1094 3659 1149 quo-

2020 1156 2334 1211 dammodo
2390 1155 2640 1229 colliget,
2693 1158 2847 1229 quod
2880 1175 2913 1214 a
2942 1160 3185 1216 concilio
3241 1163 3555 1236 Agathensi
3584 1178 3652 1222 'a.

2019 1244 2145 1310 506,
2177 1259 2304 1298 can.
2336 1244 2426 1311 30,
2452 1245 2859 1317 praescriptum
2889 1245 3168 1313 fuerat,ut
3198 1255 3328 1321 post
3373 1253 3657 1326 Antipho-

2022 1348 2128 1386 nas
2158 1330 2525 1387 collectiones
2550 1349 2651 1404 per
2679 1333 2943 1389 ordinem
2993 1336 3065 1390 ab
3095 1337 3383 1410 episcopis
3409 1339 3497 1395 vel
3530 1358 3656 1413 pre-

2022 1419 2272 1490 sbyteris
2300 1419 2587 1475 dicantur.
2622 1420 2683 1475 Id
2716 1421 2774 1475 in
2822 1421 3119 1495 Hispaniis
3155 1438 3277 1480 “usu
3326 1427 3551 1484 venisse
3590 1447 3659 1486 ex

2021 1505 2257 1578 liturgia
2287 1507 2678 1564 Mozzarabica
2708 1516 2947 1580 apparet
2974 1528 3173 1568 verum
3194 1512 3348 1581 idem
3371 1520 3428 1572 et
3451 1516 3509 1571 in
3532 1518 3659 1573 Gal-

2022 1593 2117 1648 liis
2148 1593 2467 1665 praestitum
2502 1595 2681 1652 fuisse
2711 1597 2963 1653 dubitari
2988 1600 3211 1672 nequit.
3234 1602 3324 1658 Eae
3347 1620 3475 1674 quis
3504 1607 3655 1677 apud

2024 1683 2351 1737 Brunonem
2398 1683 2710 1752 habentur,
2743 1686 2931 1756 prima
2977 1687 3099 1742 vice
3147 1696 3459 1747 occurrunt
3506 1696 3655 1764 apud

2021 1768 2333 1825 Alcuinum
2357 1771 2417 1825 in
2446 1772 2655 1829 ofﬁciis
2686 1789 2788 1844 per
2817 1773 2999 1830 serias
3028 1776 3155 1846 (81),
3187 1781 3310 1832 tum
3342 1780 3495 1850 apud
3524 1782 3659 1837 Bru-

1976 1934 1983 1939 t
2023 1874 2234 1913 nonem
2265 1860 2768 1927 nostrum,deinde
2797 1863 2951 1935 apud
2976 1862 3282 1921 Ludoli‘um
3300 1867 3372 1921 de
3388 1868 3656 1938 Saxonis,

2024 1946 2217 2002 saeculi
2251 1965 2342 2002 xiv
2371 1952 2687 2016 auctorem,
2717 1949 2777 2003 in
2799 1952 3217 2019 commentario
3240 1953 3298 2009 in
3322 1954 3583 2013 Psalmos
3604 1964 3661 2013 et

2023 2036 2174 2105 apud
2208 2034 2515 2108 Georgium
2548 2038 2939 2093 Cassandrum
2969 2039 3028 2093 in
3060 2038 3392 2098 collectione
3420 2061 3658 2116 precum

2029 2123 2570 2179 ecclesiasticarum.
2604 2126 2714 2180 Eas
2745 2124 2955 2182 saeculo
2982 2144 3084 2182 νηί
3123 2130 3479 2201 antiquiores
3511 2150 3656 2202 esse,

2026 2212 2160 2267 inde
2217 2214 2451 2268 deducit
2494 2214 2555 2268 B.
2602 2215 2756 2269 card.
2798 2214 3170 2287 Thomasius,
3203 2220 3355 2291 quod
3416 2220 3659 2278 Romani

2026 2300 2284 2371 psalterii
2308 2300 2611 2357 lectionem
2635 2306 3149 2375 sequantur,cujus
3173 2322 3318 2362 usus
3337 2307 3507 2381 longo
3527 2314 3659 2366 ante

2025 2387 2219 2444 Walaf
2218 2389 2301 2455 rid
2311 2406 2406 2443 um
2423 2390 2770 2444 Ttrabonem
2786 2396 3042 2462 tempore
3074 2391 3132 2446 in
3167 2392 3372 2450 Galliis
3389 2395 3656 2453 desierat.

1983 2472 1986 2476 ’
2025 2477 2135 2531 Eas
2160 2493 2226 2531 ex
2256 2476 2552 2532 codicibus
2589 2476 2883 2533 Vaticanis
2931 2479 3184 2545 restituit
3204 2482 3281 2549 Β.
3308 2482 3475 2538 Card.
3508 2485 3659 2541 Tho-

2025 2564 2247 2620 masius
2278 2565 2333 2619 in
2366 2581 2472 2621 suo
2503 2565 2798 2631 Psalterio,
2834 2583 2939 2622 nos
2988 2584 3140 2631 vero,
3174 2569 3386 2641 quibus
3432 2558 3660 2628 incum-

2021 2652 2212 2720 bebat,
2247 2655 2575 2709 Brunonem
2608 2655 2794 2723 edere,
2824 2656 2950 2726 ejus
2982 2653 3285 2713 lectionem
3326 2657 3541 2732 ubique
3571 2678 3660 2717 re-

2022 2740 2226 2797 tinuim
2238 2761 2325 2798 us.

1947 2082 1994 2147 B

2089 2830 2291 2887 Simile
2320 2831 2458 2902 quid
2491 2831 2598 2885 hac
2642 2832 2699 2886 in
2746 2849 2805 2887 re
2855 2833 3124 2905 praestitit
3147 2834 3204 2889 S.
3238 2834 3654 2905 Volhodonius,

2021 2918 2328 2989 episcopus
2360 2919 2697 2975 Leodiensis
2720 2936 2771 2976 a.
2805 2922 2943 2975 1020
2963 2922 3273 2977 defunctus
3305 2923 3660 2998 proindeque

2022 3006 2276 3062 Brunoni
2327 3023 2571 3074 coaevus,
2606 3024 2780 3079 quem
2826 3008 3121 3083 Bainerus
3177 3012 3522 3079 monachus,
3558 3014 3656 3085 qui

2019 3095 2145 3164 ejus
2177 3094 2350 3149 vitam
2384 3090 2621 3167 scripsit
2646 3090 2991 3169 aitpropria
3030 3114 3205 3157 manu
3257 3100 3561 3173 scripsisse
3590 3101 3660 3156 li-

2019 3184 2189 3237 brum
2220 3183 2669 3255 psalmorum,in
2703 3202 2816 3257 quo
2850 3184 3162 3267 unicuique
3183 3187 3409 3259 psalmo
3431 3205 3661 3263 compo-

2020 3270 2190 3325 sitam
2214 3287 2281 3324 ex
2302 3271 2503 3327 eodem
2525 3276 2582 3326 et
2604 3289 2637 3326 a
2660 3286 2720 3326 se
2741 3272 3014 3326 dictatam
3041 3275 3285 3345 subjecit
3314 3276 3656 3333 orationem.

2019 3358 2151 3422 Quae
2183 3363 2375 3413 tamen
2407 3359 2716 3425 orationes,
2739 3359 2788 3413 si
2819 3376 3020 3417 eorum
3051 3377 3247 3417 revera
3262 3362 3675 3423 Volhodonius'

230 3447 643 3503 diversimode
676 3452 819 3504 erat.
855 3447 1058 3503 Simile
1088 3450 1226 3521 quid
1260 3449 1469 3506 accidit
1502 3452 1558 3506 in
1588 3451 1901 3508 Veronensi
1936 3439 1979 3503 C
2021 3451 2222 3501 auctor
2250 3446 2381 3514 fuit,
2415 3464 2449 3501 a
2480 3446 2693 3502 nostris
2718 3446 2975 3502 diversas
2998 3446 3178 3507 fuisse
3209 3454 3453 3521 oportet.

225 3535 499 3603 diceeesi,
535 3536 643 3591 ubi
671 3534 846 3591 multi
873 3542 1063 3602 arant,
1096 3538 1314 3610 quibus
1341 3538 1662 3595 Ratherius
1693 3540 1913 3611 episco-

218 3639 355 3695 pus,
388 3624 672 3680 ecclesiae
704 3641 823 3680 suae
856 3625 1265 3682 severissimus
1292 3627 1637 3685 reformator
1658 3628 1713 3683 in
1738 3627 1908 3684 Itine-

220 3710 377 3769 rario
410 3712 542 3784 (79)
573 3712 896 3784 praecipiat,
915 3735 943 3763 «
978 3716 1039 3767 ut
1073 3716 1501 3786 unusquisque,
1532 3715 1580 3772 si
1611 3715 1734 3776 ﬁeri
1770 3732 1909 3791 pos-

216 3804 325 3867 set,
359 3800 811 3872 expositionem
866 3801 1117 3873 symboli
1166 3807 1222 3857 et
1272 3803 1548 3859 orationis
1594 3803 1906 3861 Dominicae

205 3888 384 3961 juxta
418 3888 815 3945 traditionem
849 3890 1304 3947 orthodoxorum
1336 3907 1512 3963 penes
1543 3908 1604 3947 se
1627 3891 1906 3965 scriptam

216 3975 495 4034 haberet.
541 4000 573 4027 υ
607 3976 703 4032 Uti
751 3994 885 4032 vero
937 3978 1220 4050 temporis
1268 3978 1417 4034 ratio
1468 3980 1705 4047 ferebat,
1755 3998 1903 4052 quae,

211 4081 349 4121 cum
378 4064 810 4137 antiquiorum
866 4065 1215 4138 populorum
1264 4065 1502 4140 ingenia
1550 4068 1902 4136 senuissent,

210 4153 637 4211 recentiorum
670 4169 805 4209 vero
837 4154 1145 4211 infantiam
1174 4154 1365 4213 adhuc
1396 4157 1906 4227 agerent,nonnisi

208 4241 411 4300 aliena
440 4258 779 4315 congerere
808 4240 1148 4309 valebat,ita
1176 4246 1233 4297 et
1263 4243 1553 4301 Brunonis
1576 4260 1722 4316 opus
1746 4262 1907 4301 mera

206 4331 572 4404 compilatio
608 4334 724 4394 est,
758 4330 1150 4411 undequaque
1182 4347 1250 4387 ex
1272 4331 1509 4389 Patrum
1533 4332 1905 4404 scriptiscol-

202 4418 376 4485 lecta,
413 4420 507 4474 ita
541 4423 757 4474 tamen
788 4422 856 4473 ut
885 4434 1097 4492 negare
1129 4436 1243 4474 non
1291 4420 1904 4492 possimus,,judicum

201 4511 382 4580 atque
416 4507 627 4565 crisin
661 4523 730 4560 ex
762 4504 1071 4580 colligendi
1100 4507 1272 4565 modo
1303 4506 1649 4565 elucescere.

266 4594 676 4653 Praefationis
709 4593 1101 4650 Brunonianaa,
1130 4598 1322 4666 partes
1356 4611 1464 4651 suo
1494 4595 1620 4649 loco
1653 4594 1904 4668 propriis

203 4685 574 4742 auctoribus
612 4681 1073 4737 vindicabimus.
1109 4682 1237 4754 Ipse
1266 4699 1399 4738 vero
1447 4683 1904 4741 commentarius

196 4773 253 4827 in
280 4772 579 4832 Psalmos
616 4787 695 4827 ex
722 4770 1131 4857 sequentibus
1165 4768 1459 4857 collectus
1511 4775 1618 4835 est,
1651 4787 1899 4842 quorum
1932 4794 1977 4857 D

197 4861 447 4915 nomina
484 4855 769 4932 prafixis
796 4856 1125 4913 initialibus
1164 4855 1372 4914 litteris
1419 4856 1770 4927 indicantur,
1805 4858 1897 4912 ni-

194 4950 416 5006 mirum
455 4965 470 5003 :
524 4944 923 5018 Augustinus
952 4946 1078 5013 (A);
1114 4945 1493 5021 Pseudobeda
1521 4945 1629 5014 (Β),
1664 4946 1765 5016 qui
1796 4963 1902 5001 sa:-

194 5036 325 5107 pius
358 5037 429 5093 in
467 5032 873 5108 argumentis
893 5031 1434 5097 occurrit,rariusin
1452 5032 1900 5102 commentario;

192 5124 608 5184 Cassiodorus
629 5119 749 5190 (C),
775 5135 891 5191 quo
910 5120 1163 5174 maxime
1181 5136 1324 5177 usus
1342 5123 1431 5175 est
1445 5121 1899 5193 ;Gregorius(G),

193 5212 288 5284 qui
313 5209 577 5269 nonnisi
607 5207 816 5265 sexies
838 5208 1124 5274 occurrit;
1151 5207 1508 5271 Breviarium
1532 5207 1590 5267 in
1614 5206 1895 5273 Psalmos,

195 5299 575 5373 Hieronymo
617 5295 724 5366 (Η)
757 5294 1072 5349 tributum.
1108 5298 1170 5349 ln
1203 5293 1459 5351 Canticis
1502 5293 1779 5368 Origenes
1808 5294 1895 5365 (Ο)

192 5381 906 5462 aliquoties,Rh-abanus
916 5383 1050 5438 Man
1059 5398 1159 5439 rus
1175 5380 1354 5438 semel
1368 5381 1895 5455 allegantur.Teste

279 5553 375 5612 T7)
402 5550 473 5605 In
503 5546 703 5603 Deut.
739 5557 792 5595 o.
824 5542 916 5607 25,
954 5542 1035 5595 11.

311 5610 370 5683 8)
408 5619 478 5676 In
506 5611 1079 5683 catalogo‘testium
1112 5610 1407 5683 catholicae
1438 5610 1713 5665 veritatis.

257 5679 371 5816 iiii
402 5681 1769 5816 2i?-assesasses;at“;

258 5765 371 5829 (80)
402 5765 492 5816 Cf.
536 5765 608 5813 Β.
651 5765 837 5809 Uard.
870 5765 1169 5807 'l‘nomasu

196 5833 342 5904 ticis,
378 5834 598 5895 Romae
637 5824 794 5882 1697
827 5820 986 5893 praef.
1019 5839 1075 5895 p.
1109 5839 1184 5877 xl.

536 5763 608 5813 Β.
646 5752 837 5837 ρξε’-ἀ.
870 5750 1169 5837 Thnomas'ii
1202 5750 1722 5817 Psalteriumcum
1754 5767 1891 5807 cano
1962 5826 1967 5831 Ξ

2090 3534 2383 3606 Expositio
2414 3535 2691 3591 orationis
2722 3534 3037 3591 Dominicis
3066 3540 3123 3591 et
3154 3536 3398 3608 symboli
3433 3543 3657 3612 aposto-

2019 3622 2211 3681 lorum
2243 3640 2344 3695 per
2375 3623 2856 3696 interrogationes
2886 3627 2943 3678 et
2973 3624 3324 3696 quastiones
3364 3626 3657 3697 dispositae

2019 3711 2321 3766 simillima
2348 3715 2436 3767 est
2467 3711 2816 3776 catechismo
2847 3710 3059 3784 illi,qui
3093 3713 3149 3769 in
3186 3713 3484 3771 scrutiniis
3522 3719 3655 3777 ante

2019 3798 2374 3870 baptismum
2409 3804 2547 3854 tunc
2577 3799 2766 3854 adhuc
2796 3799 3437 3874 habebantur,quorum
3467 3820 3657 3858 exem-

2018 3886 2113 3957 pla
2144 3888 2296 3958 apud
2330 3886 2731 3961 liturgicorum
2771 3893 3285 3947 monumentorum
3328 3889 3657 3946 collectores

2018 3976 2267 4047 reperire
2298 3981 2405 4033 est.

2089 4065 2173 4118 14.
2208 4064 2441 4121 Maximi
2471 4081 2610 4123 sane
2652 4063 2932 4120 momenti
2982 4065 3151 4123 nobis
3200 4065 3309 4121 fuit
3357 4066 3651 4140 indagare,

2017 4151 2207 4224 qualis
2234 4151 2539 4209 habendus
2569 4152 2642 4207 sit
2671 4156 2859 4207 textus
2879 4152 3439 4224 psalmorum,quem
3462 4154 3654 4211 Bruno

2016 4256 2121 4295 suo
2151 4242 2565 4295 commentario
2596 4242 2923 4314 supposuit,
2958 4245 3157 4312 utpote
3187 4241 3287 4313 qui
3325 4242 3653 4297 vetustissi-

2015 4342 2178 4382 mum
2200 4331 2257 4381 et
2284 4326 2341 4380 in
2372 4326 2575 4382 multis
2607 4326 2776 4398 plane
2806 4326 3102 4399 singulare
3154 4332 3363 4383 nostra:
3394 4328 3650 4403 Vulgata:

2014 4413 2305 4485 exemplar
2319 4414 2641 4470 sit.Notand
2652 4431 2747 4469 um
2767 4415 3092 4487 praeprimis
3110 4416 3302 4487 ipsum
3322 4416 3649 4475 Brunonem

2014 4501 2170 4555 hunc
2202 4516 2372 4555 suum
2408 4504 2626 4559 textum
2660 4500 2718 4555 in
2756 4499 3361 4557 animadversionibus
3408 4502 3648 4569 criticis,

2013 4606 2139 4661 quae
2171 4588 2307 4643 hinc
2338 4588 2472 4647 inde
2503 4592 2813 4643 occurrunt
2834 4589 3006 4661 (82),a
3029 4588 3288 4647 Romano
3318 4589 3648 4664 Hieronymi

2012 4676 2284 4748 psalterio
2310 4681 2366 4731 et
2394 4693 2461 4732 ea
2490 4693 2666 4748 quam
2697 4692 2765 4732 ex
2785 4676 3017 4732 Hebraeo
3043 4676 3377 4737 immediate
3398 4682 3649 4734 transtu-

2013 4764 2096 4831 lit,
2130 4765 2389 4821 versione
2419 4763 2795 4835 distinguere,
2831 4764 2946 4821 imo
2992 4763 3169 4820 semel
3200 4768 3259 4820 et
3287 4781 3321 4818 a
3351 4764 3650 4823 Gallicana

2007 4854 2137 4925 (83),
2172 4870 2416 4925 eamque
2447 4876 2471 4902 ‹‹
2513 4857 2772 4907 nostram
2821 4852 3288 4918 translationem,
3321 4876 3348 4902 »
3380 4853 3547 4925 quasi
3574 4854 3646 4907 ab

2012 4940 2143 4997 aliis
2171 4942 2446 4999 omnibus
2477 4940 2835 4996 diversarum
2865 4934 3153 4998 dietitare.
3187 4941 3347 5005 Quod
3379 4944 3435 4996 et
3462 4940 3649 4996 editor

2010 5029 2506 5103 Reyserianus,vir
2522 5027 2957 5085 oculatissimus
2972 5028 3146 5094 vidit;
3168 5045 3302 5085 nam
3328 5028 3385 5087 in
3409 5028 3644 5103 prologo

2009 5134 2115 5173 suo
2145 5118 2553 5174 animadvertit
2578 5133 2592 5170 :
2621 5138 2647 5167 ‹‹
2670 5121 2935 5171 nostrum
2966 5115 3125 5171 istud
3156 5105 3480 5174 beatissimi
3502 5116 3645 5174 anti-

2008 5228 2035 5256 «
2070 5206 2222 5261 stitis
2236 5205 2486 5260 Brunoni
2508 5201 2849 5277 psalterium
2868 5203 2927 5258 in
2941 5203 3130 5261 verbis
3141 5206 3492 5276 quandoque
3507 5219 3641 5258 cum

2009 5316 2035 5341 ‹‹
2070 5293 2304 5347 Hebraea
2332 5291 2570 5346 veritate
2601 5294 2703 5345 aut
2734 5290 2993 5346 Romana
3020 5292 3492 5364 interpretatione
3513 5307 3644 5345 con-

1970 5410 1973 5413 -
2001 5404 2029 5430 ‹‹
2064 5380 2309 5435 cordans
2330 5380 2402 5433 ab
2424 5378 2655 5434 usitatis
2678 5382 2888 5432 nostrae
2911 5379 3219 5435 Gallicana:
3240 5376 3641 5435 translationis

2071 5538 2185 5607 (81)
2217 5534 2550 5607 Patrologiaa
2582 5540 2625 5591 t.
2657 5535 2724 5589 CI
2744 5534 2862 5607 col.
2884 5534 3025 5607 50h.
3056 5552 3186 5607 sqq.

2072 5599 2182 5674 (82)
2214 5608 2305 5665 Ps.
2350 5599 2586 5673 44:19;
2617 5607 2711 5668 67,
2734 5604 2836 5667 33;
2867 5606 2956 5669 86,
2989 5606 3056 5669 3;
3087 5599 3177 5673 87,
3231 5606 3347 5670 tit.;
3393 5604 3483 5667 88,
3537 5599 3634 5663 19;

2004 5676 2124 5743 404,
2157 5674 2259 5743 22;
2295 5678 2415 5738 104,
2446 5678 2547 5743 27;
2589 5676 2706 5740 [06,
2740 5674 2840 5739 40;
2879 5674 2997 5739 134,
3033 5675 3116 5727 13.

2072 5749 2182 5818 (sit)
2216 5748 2304 5803 Ps.
2343 5748 2447 5803 146
2477 5748 2528 5803 1.
