3936 6462
227 551 291 615 29
1613 557 2227 624 PROLEGOMENA‘.
2572 572 2579 583 '
3523 563 3619 624 30-

292 685 601 745 Editionum
636 706 977 759 numerum,
1009 688 1201 747 locum
1232 693 1288 746 et
1317 693 1547 762 tempus
1579 707 1695 746 non
1725 690 1851 748 sine
1880 693 1937 758 Α
1966 717 1994 744 ‹‹
2027 699 2083 749 et
2113 693 2433 750 dictionum
2486 692 2673 750 solum
2724 710 2837 750 non
2870 692 2946 751 sit
2975 693 3044 750 ad
3077 693 3324 751 formam
3354 692 3599 751 aliorum

246 776 496 849 multiplici
529 794 736 834 errore
768 779 1105 835 indicarunt
1135 785 1397 835 auctores
1435 778 1842 852 bibliographi,

242 868 330 923 Nos
354 866 403 921 in
431 865 811 922 bibliothecis
843 872 967 922 tum
1000 868 1452 937 hujatibus,tum
1484 868 1849 923 Monacensi-

130 958 141 971 ‘
241 956 326 1010 bus
351 952 849 1010 accuratissimam
883 954 1110 1009 institui
1144 955 1581 1027 inquisitionem
1625 956 1849 1011 curavi-

234 1061 343 1099 mus
370 1048 419 1098 et
442 1042 589 1098 alias
622 1047 835 1114 praeter
865 1047 1175 1114 sequentes
1204 1044 1465 1115 detegere
1498 1060 1610 1098 non
1644 1045 1774 1099 fuit.

285 1132 448 1187 Editio
476 1133 816 1203 Reyseriana
840 1131 1132 1204 princeps,
1164 1148 1316 1187 anno
1347 1133 1428 1187 uti
1462 1132 1687 1187 videtur
1711 1133 1850 1187 1480

227 1221 276 1275 in
303 1219 425 1274 folio
458 1218 672 1273 minori
706 1218 1002 1292 Herbipoli
1054 1219 1359 1291 impressa.
1402 1220 1649 1276 Censent
1678 1220 1847 1293 periti

221 1309 315 1363 hoc
342 1307 520 1363 luisse
549 1306 800 1362 alterum
859 1307 1033 1363 Jeorii
1087 1308 1302 1380 Reyser
1324 1325 1489 1379 opus,
1524 1309 1676 1380 quod
1718 1314 1850 1381 post

220 1396 550 1451 breviarium
587 1395 693 1450 hac
726 1395 786 1450 in
838 1396 980 1451 urbe
1026 1395 1341 1467 impressit.
1374 1397 1471 1452 Est
1503 1402 1697 1452 autem
1729 1397 1849 1453 haec

214 1484 370 1540 editio
398 1500 465 1538 cx
497 1482 865 1555 autographa
896 1483 1205 1550 Brunouis,
1240 1488 1304 1538 ut
1350 1484 1477 1557 ipse
1508 1484 1695 1540 editor
1741 1502 1848 1540 no-

210 1577 301 1635 tat,
332 1588 626 1642 expressa.

271 1659 499 1730 Reyseri
533 1658 850 1713 editionem
877 1658 966 1714 bis
997 1658 1054 1712 in
1087 1664 1295 1730 quarto
1318 1660 1538 1715 recudit
1560 1662 1848 1716 Antonius

202 1748 509 1819 Koberger,
545 1747 718 1817 cujus
748 1746 1033 1802 editiones
1054 1765 1156 1819 pro
1189 1748 1393 1818 primis
1414 1748 1611 1803 haberi
1638 1748 1846 1804 solent-

263 1835 442 1890 Editio
490 1835 894 1905 Kobergeriana
944 1835 965 1889 Ι
1007 1852 1058 1889 a.
1112 1835 1247 1889 1404
1293 1835 1682 1908 Norimbergce
1737 1837 1850 1905 (91)

198 1923 275 1980 vel
307 1923 577 1992 Coleniie,
610 1926 677 1977 ut
706 1922 883 1977 habet
910 1922 1147 1978 Caveus.

264 2012 438 2067 Editio
490 2012 903 2109 Kobergeriana
949 2016 999 2113 ‘I‘I
1037 2028 1094 2109 a.
1144 2013 1281 2066 1407
1323 2012 1712 2113 l‘iorimbergaz
1761 2014 1847 2068 vel
1880 2050 1926 2113 Β

194 2102 485 2169 Augustae,
519 2104 587 2154 ut
616 2099 920 2154 contendit
949 2099 1294 2154 Rcimmaun
1327 2099 1462 2168 (9'2).

257 2188 440 2243 Είίἱιιό
471 2187 693 2243 Cochlei
742 2188 954 2259 Lipsiae
988 2189 1124 2242 1333
1155 2187 1213 2242 in
1245 2189 1302 2242 4ο
1331 2188 1486 2243 edita
1514 2206 1547 2243 a
1576 2188 1706 2244 Joh.
1741 2192 1844 2244 Co-

194 2276 371 2342 cbleo,
406 2275 724 2331 notissimo
758 2275 994 2331 Lutheri
1017 2264 1364 2343 adversario,
1389 2281 1563 2348 atque
1584 2279 1845 2332 Conrado

191 2381 221 2419 a
245 2365 600 2433 Thucngen,
635 2363 910 2435 episcopo
961 2363 1359 2435 Herbipolensi
1407 2364 1616 2429 dicata,
1652 2369 1846 2436 patro-

189 2451 522 2507 cinantibus
554 2450 822 2523 Georgio,
849 2451 1107 2506 Saxonize
1155 2452 1321 2517 duce,
1359 2451 1489 2505 ﬁdei
1518 2452 1846 2507 orthodoxae

189 2539 492 2595 defensore
524 2538 1009 2593 constantissimo
1043 2555 1055 2592 :
1089 2538 1313 2594 Joanne
1357 2557 1389 2594 a
1420 2539 1845 2611 Schleyer,epi-

188 2643 354 2699 scopo
390 2627 703 2692 Misnensi,
738 2632 795 2681 et
820 2626 998 2681 Paulo
1020 2626 1555 2694 Dulciario,decano
1572 2628 1843 2683 Budisse-

187 2714 487 2785 nensi,qui
522 2714 787 2786 legatum
819 2730 950 2768 esse
980 2712 1180 2780 voluit,
1216 2731 1249 2768 a
1278 2731 1339 2768 se
1368 2715 1721 2786 pauperibus
1751 2724 1857 2770 sa-'

175 2804 528 2859 cerdotibus
560 2802 830 2856 relictum
865 2802 997 2869 (93).
1032 2802 1187 2857 Duas
1218 2801 1287 2857 de
1318 2800 1427 2856 hac
1458 2820 1563 2857 sua
1592 2802 1846 2858 editione

169 2890 409 2947 Cochlei
439 2888 730 2962 epistolas
779 2907 832 2944 a.
869 2891 1024 2957 1532,
1059 2882 1306 2944 servavit
1352 2889 1481 2946 Joh.
1517 2891 1681 2962 Bapt.
1715 2890 1843 2945 Rie-

166 2980 343 3035 derer
372 2978 519 3049 (94).

234 3067 377 3121 Haec
435 3065 673 3121 Coehlei
721 3064 897 3121 editio
937 3065 997 3119 in
1030 3066 1375 3121 Bibliothecis
1405 3067 1650 3132 Patrum,
1687 3067 1843 3121 Colo-

167 3158 360 3211 niensi
397 3155 544 3209 1618
578 3160 623 3209 t.
657 3153 728 3209 XI
761 3158 817 3209 et
849 3153 1195 3222 Lugdunensz’
1216 3155 1352 3207 1677
1381 3157 1421 3207 t.
1446 3152 1618 3207 XVIII
1645 3170 1853 3218 recusa

167 3249 477 3387 εἮῖξιιοόίἱῑ.
510 3330 773 3402 denique
804 3329 1096 3401 Herbipoli
1132 3331 1261 3384 1721
1300 3328 1643 3384 Pealterium
1674 3328 1843 3384 Davi-

1963 804 1989 831 α
2022 782 2469 849 emendandam,
2498 799 2600 837 nec
2633 781 2880 837 aliorum
2912 783 2984 837 ad
3030 781 3171 837 illud
3208 806 3234 831 ››
3258 786 3330 838 et-
3361 782 3597 838 similia.

1959 868 2195 924 Diversa
2227 868 2394 940 plane
2424 869 2713 941 principia
2758 873 2993 924 secutus
3023 874 3112 924 est
3163 868 3464 937 Coehleus,
3498 871 3597 943 qui

1957 956 2111 1011 hunc
2143 957 2251 1011 sibi
2286 958 2461 1012 ﬁnem
2493 961 2973 1029 praeposueratut
2993 956 3216 1013 clericis
3239 962 3295 1013 et
3315 957 3601 1031 religiosis

1957 1044 2029 1100 ad
2052 1044 2308 1116 psalmos
2330 1045 2657 1100 recitandos
2679 1044 2949 1117 obligatis
2989 1049 3189 1116 aptum
3216 1046 3510 1117 quoddam
3536 1064 3600 1100 ac

1956 1133 2435 1205 compendiosum
2468 1133 2830 1189 Psalmorum
2855 1134 3342 1188 commentarium
3373 1150 3603 1206 compa-

1957 1221 2281 1276 raret.Huic
2312 1220 2409 1276 ille
2435 1221 2689 1276 maxima
2717 1238 2856 1276 cura
2885 1224 3059 1292 atque
3090 1220 3479 1277 sollicitudine
3508 1226 3595 1277 te-

1957 1309 2396 1364 nuitlectionem
2423 1314 2479 1365 et
2490 1310 2921 1380 punctationem
2937 1309 3464 1381 autographi,quod
3482 1326 3597 1382 prae

1956 1396 2140 1452 oculis
2162 1396 2493 1461 habebat,et
2521 1397 2649 1452 ideo
2674 1398 2817 1452 dure
2838 1414 2900 1453 se
2928 1396 2987 1451 in
3019 1397 3127 1452 hoc
3150 1395 3424 1469 psalterio
3444 1396 3601 1453 labo-

1957 1501 2117 1540 rasse
2147 1484 2244 1539 ait.
2278 1484 2382 1539 Hic
2413 1501 2544 1540 vero
2575 1502 2701 1556 quia
2746 1486 2817 1540 ad
2864 1484 3128 1540 strictam
3181 1484 3595 1556 grammatices

1956 1589 2222 1627 normam
2253 1571 2408 1627 dicta
2440 1589 2550 1627 non
2582 1571 3036 1640 erant,correxit,
3056 1572 3320 1628 duriores
3346 1576 3598 1628 structu-

1956 1677 2049 1715 ras
2081 1658 2610 1727 emollivit,addidit
2639 1664 2813 1731 atque
2836 1659 3081 1715 mutavit
3102 1659 3299 1716 obelos
3320 1664 3377 1716 et
3395 1660 3598 1716 asteri-

1955 1765 2072 1803 cos.
2106 1749 2265 1813 Quod
2299 1765 2367 1802 ex
2393 1747 2694 1819 utriusque
2717 1748 3021 1804 collatione
3039 1752 3435 1821 appare't,cum
3459 1750 3600 1821 Rey-

1955 1854 2049 1892 ser
2080 1836 2237 1891 illam
2271 1839 2606 1892 constanter
2648 1836 2953 1892 lectionem
2986 1837 3218 1902 habeat,
3243 1854 3369 1910 qua
3403 1837 3599 1892 minus

1955 1925 2209 1997 elegans,
2244 1924 2441 1980 minus
2489 1926 2896 1997 grammatices
2927 1924 3145 1998 regulis
3192 1925 3486 1997 adaptata,
3535 1924 3596 1979 in

1956 2017 2113 2069 textu
2145 2030 2278 2068 vero
2326 2013 2509 2079 illam,
2564 2030 2690 2085 quae
2742 2013 2938 2069 minus
2984 2005 3264 2070 consueta
3294 2017 3401 2070 est.
3434 2014 3596 2077 Quod

1954 2118 2085 2155 vero
2116 2102 2242 2171 ejus
2274 2101 2673 2157 auctoritatem
2706 2102 2982 2168 firmat,id
3018 2105 3107 2157 est
3135 2102 3289 2174 quod
3340 2100 3596 2157 codicem

1953 2190 2339 2244 Ebracensem
2362 2194 2694 2245 constanter
2723 2189 2834 2244 sibi
2867 2206 3188 2245 consonum
3233 2189 3463 2255 habeat,
3498 2186 3595 2244 ubi
3642 2201 3652 2210 ‘

1955 2276 2065 2332 iste
2095 2278 2421 2332 Brunonem
2449 2276 2506 2331 in
2539 2277 2948 2348 compendium
2979 2293 3093 2332 non
3127 2276 3367 2348 redegit,
3385 2275 3599 2348 quibus

1954 2364 2025 2419 de
2053 2364 2244 2419 causis
2278 2381 2383 2420 nos
2414 2363 2573 2419 nullo
2598 2365 2769 2419 modo
2792 2363 3206 2419 dubitavimus.
3228 2362 3463 2435 Reyseri
3484 2368 3601 2418 tex-

1954 2455 2076 2505 tum
2106 2456 2167 2505 ut
2188 2450 2507 2522 plurimum
2529 2451 2994 2517 restituere,licet
3023 2468 3088 2506 eo
3122 2452 3248 2523 ipso
3284 2449 3536 2506 multum
3566 2469 3600 2506 a

1954 2539 2186 2612 vulgata
2205 2538 2430 2594 Cochlei
2464 2538 2706 2594 lectione
2736 2538 3016 2594 recessuri
3049 2538 3600 2610 eramus.Ejecimus

1954 2628 2127 2683 etiam
2161 2643 2286 2699 quae
2317 2625 2599 2681 Cochleus
2628 2628 2699 2681 de
2729 2644 2835 2682 suo
2873 2626 3116 2693 addidit,
3149 2627 3601 2683 commentarios

1954 2717 2334 2781 canticorum,
2368 2715 2731 2771 collationem
2765 2732 2897 2770 cum
2946 2716 3181 2771 Hebraeo
3212 2718 3368 2770 textu
3399 2718 3456 2771 et
3485 2715 3599 2771 alia

1955 2804 2214 2873 ejusdem
2229 2804 2618 2875 generis,cum
2643 2803 2809 2858 nobis
2831 2821 2946 2859 non
2972 2802 3379 2870 Coehleus,sed
3404 2803 3597 2859 Bruno

1953 2893 2214 2947 edendus
2245 2892 2340 2947 sit.
2376 2892 2609 2947 Maximi
2649 2909 2781 2947 vero
2829 2892 2998 2947 nobis
3029 2891 3244 2947 laboris
3287 2908 3435 2964 opus
3467 2892 3593 2957 fuit,

1955 2980 2244 3035 Brunouis
2274 2979 2671 3051 praefationem
2701 2980 3026 3045 restituere,
3046 2997 3149 3052 pro
3171 2997 3288 3052 qua
3314 2979 3596 3036 Coehleus

1954 3067 2248 3141 propriam
2282 3068 2681 3124 substituerat.
2714 3068 2904 3124 Codex
2933 3067 3119 3123 multa
3155 3068 3454 3133 omiserat,
3486 3067 3600 3123 alia

1958 3156 2276 3223 addiderat,
2307 3160 2478 3227 atque
2510 3155 2635 3227 ipse
2683 3157 2898 3226 Reyscr
2938 3156 3049 3211 hac
3081 3156 3141 3211 in
3172 3160 3334 3227 parte
3364 3156 3600 3228 prepria

1956 3245 2221 3316 quaedam
2256 3243 2674 3309 immiscuerat,
2699 3244 2777 3298 ita
2790 3250 2980 3298 tamen
3005 3247 3069 3297 ut
3098 3243 3378 3315 distingui
3405 3260 3439 3297 a
3463 3243 3599 3298 Bruo

1956 3331 2226 3388 nonianis
2247 3332 2605 3403 queant.Nos
2626 3330 3233 3403 igitur,deﬁcientibus
3250 3330 3381 3384 aliis
3407 3331 3600 3400 praesi-

2326 23 3634 33 ᾼ-ρ-ᾼ-ᾉ--ᾼ--υ-ῳμ-

168 3420 250 3475 dis
278 3437 431 3475 cum
474 3418 637 3473 notis
667 3422 725 3473 et
754 3416 1190 3473 commentariis
1219 3418 1278 3472 S.
1312 3417 1620 3484 Brunouis,
1653 3432 1843 3488 quon-
1875 3402 2068 3485 C_diis
2099 3402 2318 3475 textum
2374 3402 2727 3491 praefationis
2783 3435 2897 3489 quo
2954 3417 3181 3473 meliori
3236 3416 3359 3472 ﬁeri
3408 3418 3600 3489 potuit

169 3508 295 3563 dam
331 3505 616 3579 episcopi
670 3505 1128 3577 Herbipolensis,
1168 3504 1334 3561 alma:
1381 3504 1845 3577 congregationis
1957 3507 2126 3562 modo
2158 3507 2558 3575 restituimus;
2594 3505 2652 3561 in
2700 3506 2842 3562 locis
2888 3522 3021 3561 vero
3073 3506 3328 3576 Patrum,
3370 3522 3439 3560 ex
3469 3505 3597 3577 qui-

171 3596 379 3667 majori
433 3594 799 3650 academica:
829 3598 893 3648 Β.
928 3594 1000 3648 Μ.
1045 3594 1112 3647 V.
1147 3592 1500 3647 annuntiatae
1552 3591 1845 3664 Herbipoli
1954 3596 2065 3651 bus
2095 3594 2253 3650 illam
2287 3595 2477 3649 Bruno
2510 3594 2819 3667 congessit,
2852 3595 2980 3666 ejus
3018 3592 3323 3649 lectionem
3355 3592 3597 3649 retinui-

166 3684 438 3739 oblatum
480 3684 545 3737 in
582 3684 698 3747 12°,
730 3682 888 3753 quod
919 3687 1114 3737 tamen
1137 3682 1230 3735 vix
1259 3680 1549 3736 Brunonis
1588 3680 1848 3736 editioni-
1954 3700 2109 3739 mus.

156 3774 261 3829 bus
293 3771 846 3828 annumerandum
877 3775 984 3837 est,
1019 3786 1152 3825 cum
1194 3769 1646 3824 commentarius
1677 3768 1846 3841 plane
2023 3771 2151 3827 Jam
2194 3788 2326 3826 vero
2358 3770 2554 3826 omnia
2582 3787 2688 3826 nos
2717 3769 3033 3842 explevisse
3062 3769 3434 3837 conﬁdimus,
3468 3769 3596 3841 qui-

154 3862 533 3917 immutatus
566 3858 749 3913 fuerit
778 3875 847 3913 ex
879 3858 1127 3913 Leblanc
1155 3862 1212 3912 et
1243 3856 1391 3912 aliis.
1954 3860 2065 3915 bus
2093 3859 2379 3915 Brunonis
2426 3858 2583 3930 operi
2630 3858 3069 3931 preludendum
3102 3861 3242 3922 erat,
3275 3874 3464 3929 neque
3494 3876 3596 3912 su-

218 3952 307 4005 17.
346 3947 537 4013 Quod
570 3947 649 4001 ad
683 3946 1090 4018 praesidiorum
1145 3944 1562 4001 recensitorum
1593 3943 1843 4000 valerem
1954 3951 2145 4020 perest
2170 3946 2324 4002 aliud
2349 3946 2884 4019 prmstandum,nisi
2905 3948 2969 4000 ut
2984 3945 3380 4017 publicasillis
3402 3950 3595 4019 grates

1954 4053 2198 4108 agamus
2257 4034 2357 4107 qui
2412 4035 2674 4099 consilio,
2746 4049 2937 4106 opera,
2998 4034 3233 4105 scriptis
3303 4034 3595 4104 adjutores

1953 4123 2134 4178 nostri
2167 4124 2418 4187 fuerunt,
2473 4122 2764 4192 imprimis
2800 4138 2932 4177 vero
2989 4121 3298 4177 reverendo
3355 4120 3594 4176 domino

1951 4210 2198 4265 Antonio
2247 4209 2814 4283 Ruland,theologia:
2847 4209 3064 4264 doctori
3106 4213 3280 4280 atque
3334 4207 3393 4263 in
3451 4225 3585 4264 nos-

1953 4303 2043 4353 tra
2072 4298 2180 4353 hac
2230 4298 2603 4357 universitate
2643 4295 2801 4353 Julia
2842 4313 3074 4352 summo
3122 4294 3583 4361 bibliothecario,

1951 4385 2072 4439 viro
2120 4385 2199 4440 rei
2232 4388 2441 4440 nostris
2498 4385 2841 4456 antiquaria:
2899 4400 2965 4439 ac
3020 4382 3310 4438 litterariae
3367 4382 3594 4454 peritis-

1952 4490 2121 4528 Simo.

148 4038 386 4101 attinet,
428 4054 560 4109 pra:
594 4034 807 4107 primis
837 4034 1218 4090 excludamus
1247 4038 1512 4105 opportet
1563 4034 1841 4088 secunda-

146 4126 259 4181 rias
290 4125 622 4181 editiones
663 4138 891 4189 omnes,
941 4122 1439 4193 remanebuntque
1488 4121 1842 4176 conferendae

143 4214 534 4286 Rcyseriana
569 4215 630 4265 et
658 4209 1006 4274 Coehleana,
1030 4226 1201 4281 porro
1233 4209 1534 4280 codex,qui
1565 4208 1726 4264 solus
1746 4225 1845 4263 no-

139 4302 222 4357 bis
255 4306 509 4374 presto
536 4297 1216 4365 fuit,Ebracensis.Inter
1234 4297 1355 4351 haec
1378 4297 1633 4373 primum
1652 4296 1841 4351 locum

135 4393 370 4462 absque
408 4387 617 4444 dubio
647 4386 840 4441 editor
872 4385 1257 4457 Reyserianus
1287 4383 1644 4456 oceupat,vir
1674 4402 1843 4457 saga-

134 4479 435 4534 cissimus
475 4479 541 4531 et
576 4475 681 4546 qui
715 4490 877 4529 sanie
907 4473 1137 4528 critices
1172 4471 1456 4544 principia
1492 4472 1845 4542 sequebatur
1952 4473 2121 4528 sime.
3028 4526 3037 4531 ,

132 4583 233 4622 suo
265 4573 578 4637 tempore
613 4563 710 4616 vix
742 4577 859 4617 non
886 4559 1168 4615 inaudita.
1202 4560 1429 4631 Optime
1458 4559 1613 4615 enim
1647 4558 1743 4614 ille
1765 4560 1844 4614 vi-
2023 4584 2049 4610 (ι
2084 4559 2330 4631 Tibique
2358 4562 2490 4628 (95),
2533 4577 2566 4615 ο
2614 4563 2780 4631 pater
2824 4562 2912 4614 ter
2955 4563 3274 4629 quaterque
3322 4557 3507 4625 beate,
3540 4564 3595 4614 et

134 4653 524 4717 dihcditoris
548 4666 675 4706 non
708 4665 840 4704 esse
873 4652 1169 4704 auctorem
1202 4664 1376 4702 suum
1403 4648 1707 4720 corrigere,
1742 4664 1839 4703 ne-
1953 4671 1981 4699 «
2015 4649 2271 4721 pontifex
2300 4652 2420 4703 toto
2451 4664 2566 4703 (evo
2596 4646 2940 4712 venerande,
2974 4644 3108 4701 felix
3153 4646 3366 4714 Bruno,
3400 4652 3592 4718 grates

139 4758 235 4811 que
266 4742 612 4806 exhibere,
647 4738 793 4810 quid
844 4735 943 4791 ille
992 4736 1182 4791 dicere
1223 4736 1507 4796 debuerit.
1557 4737 1655 4791 sed
1699 4737 1837 4808 quid
1869 4757 1917 4821 Ι)
1950 4758 1978 4786 ‹‹
2011 4736 2334 4791 referimus.
2370 4737 2620 4807 Impetra
2649 4740 2715 4790 ut
2753 4734 2926 4807 digne
2956 4750 3187 4806 quoque
3216 4734 3479 4791 moribus
3510 4752 3591 4790 re-

143 4830 545 4886 dixeritﬂine
570 4828 635 4882 in
669 4824 1111 4899 prolegomenis
1140 4823 1253 4879 late
1273 4824 1538 4895 exposuit
1568 4840 1581 4878 :
1616 4846 1643 4874 «
1675 4825 1834 4887 Quod
1947 4849 1973 4885 ᾳ
2009 4825 2420 4896 spondeamus.
2454 4824 2840 4897 Dignissimus
2888 4823 3043 4878 enim
3067 4823 3285 4895 gratias
3306 4839 3474 4895 agere
3505 4827 3592 4878 est

147 4940 161 4959 α
188 4919 498 4988 psalteria
535 4918 794 4988 propter
836 4912 1233 4967 diversitatem
1285 4916 1611 4983 temporum
1654 4911 1837 4966 solam
1950 4936 1977 4964 ‹‹
2011 4913 2125 4968 Deo
2157 4912 2403 4968 ﬁdeliter
2430 4912 2642 4967 servire
2672 4916 3122 4983 sanctorumque
3147 4909 3325 4966 vitam
3351 4910 3586 4967 imitari.

150 5023 169 5054 σ
189 5006 241 5061 in
272 5008 495 5063 verbis
517 5007 831 5078 repertam
856 5017 974 5056 non
997 5004 1136 5055 sunt
1163 5000 1544 5055 emendanda.
1580 5022 1607 5048 ››
1626 5023 1651 5049 ‹‹
1674 4999 1837 5063 Quod
1953 5020 1979 5052 α
2010 5000 2268 5072 Idipsum
2297 5017 2528 5071 quoque
2557 5017 2624 5055 ex
2660 5006 2768 5055 Deo
2792 4999 2963 5071 digne
2989 4997 3233 5070 psallere
3265 5004 3320 5053 et
3350 4998 3410 5053 in
3436 4998 3589 5071 psal-

142 5120 157 5135 -
192 5096 353 5150 istud
392 5091 781 5168 psalterium
812 5091 1055 5162 propter
1074 5086 1463 5142 diversitatem
1488 5091 1851 5159 punctorum”
1947 5112 1974 5137 ‹‹
2008 5088 2151 5143 terio
2182 5089 2475 5160 prolicere.
2513 5112 2540 5137 ››

1948 5229 2102 5293 1521,
2136 5226 2693 5300 recensuit__Lelong,
2726 5226 2872 5282 Bibl.
2907 5244 3071 5300 sacra
3100 5228 3191 5284 ed.
3237 5227 3440 5300 Boern.
3474 5233 3516 5283 t.
3544 5229 3585 5290 Ι,

202 5238 303 5299 (91,-
340 5238 437 5293 ΟΥ.
477 5236 698 5292 Ηωάθτ
731 5228 991 5299 catalog.
1028 5226 1307 5283 librorum
1339 5244 1469 5299 saec.
1500 5245 1578 5299 xv!
1608 5227 1834 5299 Norim—

1945 5316 2001 5370 pr.
2032 5300 2157 5366 647,
2190 5316 2317 5370 quae
2349 5297 2555 5353 nullibi
2598 5297 2932 5369 comparet;
2963 5298 3191 5353 videtur
3219 5315 3346 5354 esse
3377 5299 3581 5370 Reyse-

343 5310 812 5380 impressorum
849 5317 913 5380 ῃ.
947 5297 1383 5380 21012359,.‘403,
1436 5297 1534 5380 qui
1566 5297 1658 5353 his
1690 5297 1833 5378 dua-

158 5369 258 5428 has"
283 5369 534 5453 tertiam
569 5372 896 5453 prmpOnit
950 5369 1085 5423 anni
1121 5370 1276 5433 1483,
1309 5386 1434 5439 quae
1463 5369 1837 5439 'Reyseriana
1945 5369 2127 5453 riana:
2156 5369 2222 5453 u’
2278 5437 2291 5453 ‘
2353 5436 2363 5447 .
2406 5436 2460 5453 Η
2578 5398 2613 5453 ’ᾧ

152 5459 252 5501 esse
280 5452 545 5507 videtur.
569 5436 587 5453 ⁸
703 5436 724 5449 ⁵
1327 5436 1344 5439 ἡ
1575 5436 1589 5439 ⁷
2013 5440 2125 5505 (94)
2156 5436 2543 5493 Nachrichten
2577 5437 3584 5493 ZurKirchen-Gelehrten-undBue-

204 5520 301 5598 I—é:
334 5523 603 5598 catalog-
646 5507 1222 5598 siblofhsoles:
1247 5510 1399 5598 ορ
1945 5507 2648 5598 οδεξρεοξςὲιίρὲλίξὶὶβωὲς.
2672 5509 3144 5598 asseasse);
3178 5524 3352 5560 xxx"-

190 5577 294 5659 αῖ]
635 5581 919 5650 Coehlei
953 5577 1268 5634 editionem
1295 5580 1348 5633 in
1372 5578 1506 5635 folio
1538 5577 1829 5650 Herbipoli
2016 5577 2124 5649 (95)
2159 5578 2343 5634 Verba
2375 5583 2511 5633 sunt
2538 5579 2778 5635 editoris
2807 5577 3161 5651 Reyseriani.

1720 5881 2062 5896 -
