3936 6464
313 475 388 533 43

1223 474 1288 533 S.
1335 474 1736 536 BRUNONIS
1780 472 2406 536 HERBIPOLENSIS
2453 473 2830 536 EPISCOPI.

3659 480 3740 537 Μ

311 604 654 662 auctoritate
684 605 940 660 ducaris.
965 609 1122 676 Smpc
1166 607 1471 678 requirens
1519 624 1726 662 causas
1773 623 1879 662 cur
1910 606 1966 661 in
1999 618 2048 682 Α
2082 625 2212 662 cum
2236 607 2494 664 adunata
2525 608 2846 680 copulatio;
2883 607 3208 681 diapsalma
3227 625 3358 664 vero
3391 625 3734 666 sermonum

312 694 670 768 quibusdam
701 693 949 766 psalmis
980 694 1388 767 interponatur
1415 695 1971 767 diapsalma,obser-

310 783 440 840 vavi
470 783 924 857 diligentissime
963 783 1022 838 in
1056 783 1290 839 Hebraeo
1335 788 1391 839 et
1439 802 1571 840 cum
1603 787 1796 840 Graeco
1831 801 1971 840 con-

313 872 426 930 tuli
455 871 939 946 invenique,quia
969 872 1068 928 ubi
1119 873 1320 946 lingua
1357 874 1591 929 Hebraea
1611 875 1744 940 seta,
1776 874 1972 930 Grzcca

309 979 444 1018 vero
462 962 641 1019 habet
657 979 886 1034 semper,
901 966 1002 1018 aut
1019 961 1236 1034 aliquid
1257 962 1612 1030 istiusmodi,
1632 963 1710 1018 ibi
1731 964 1972 1036 Septua-

311 1051 475 1125 ginta
505 1056 564 1107 et
606 1051 968 1107 Theodotion
1012 1055 1067 1107 et
1112 1051 1497 1123 Symmachus
1543 1052 1972 1107 transtulerunt

311 1141 640 1214 diapsalma.
684 1141 882 1213 Neque
927 1157 1059 1196 vero
1119 1145 1285 1196 nocet
1343 1141 1624 1213 exemplis
1678 1143 1973 1197 afﬁrmare

312 1229 466 1303 quod
503 1229 774 1286 dicimus.
806 1230 868 1294 In
897 1229 1326 1302 septuagesimo
1355 1234 1564 1302 quarto
1597 1231 1843 1303 psalmo,
1870 1247 1970 1286 cu-

307 1320 410 1391 jus
431 1319 724 1392 princium
748 1323 838 1374 est
867 1335 878 1374 :
904 1318 1326 1374 Conﬁtebimur
1345 1320 1471 1387 tibi,
1487 1320 1660 1392 Deus,
1677 1318 1973 1376 conﬁtebi.

311 1424 446 1462 mur
470 1407 595 1476 tibi,
622 1412 679 1463 et
719 1407 1122 1464 invocabimus
1153 1425 1364 1464 nomen
1400 1413 1604 1476 tuum;
1635 1414 1765 1481 post
1801 1410 1968 1484 illud,

309 1499 426 1570 Ego
457 1497 794 1553 conﬁrmavi
819 1496 1126 1553 columnas
1152 1499 1300 1569 ejus,
1328 1499 1485 1570 apud
1507 1499 1894 1572 Septuaginta
1915 1504 1972 1556 et

311 1586 768 1642 Theodotionem
802 1590 860 1642 et
900 1587 1320 1659 Symmachum
1354 1591 1442 1643 est
1471 1587 1830 1660 diapsalma;
1865 1606 1969 1661 pro

312 1693 426 1748 quo
449 1677 603 1748 apud
633 1675 901 1748 Aquilam
931 1693 943 1730 :
970 1677 1287 1731 Ponderavi
1312 1677 1617 1732 columnas
1639 1679 1790 1748 ejus,
1814 1695 1969 1732 sem-

312 1783 434 1838 per.
463 1767 526 1821 In
559 1766 766 1838 quinta
785 1769 976 1820 autem
1021 1766 1274 1820 editione
1303 1783 1314 1820 :
1343 1767 1456 1839 Ego
1489 1784 1618 1822 sum
1645 1768 1740 1838 qui
1771 1768 1968 1840 paravi

313 1853 618 1910 columnas
652 1855 802 1926 ejus,
835 1871 1086 1925 semper.
1122 1855 1182 1910 In
1230 1860 1394 1910 sexta
1423 1872 1592 1910 vero:
1619 1857 1968 1912 Gontirmavi

311 1944 617 2001 columnas
643 1944 1031 2016 cjusjugiter.
1059 1944 1233 1999 Porro
1255 1945 1313 1998 in
1339 1943 1615 2000 llebraico
1643 1945 1811 2000 habet
1837 1950 1970 2018 post

221 2051 234 2065 ε
311 2033 542 2102 Amuda,
567 2035 723 2105 quod
751 2037 840 2095 est
869 2033 1175 2089 columnas
1208 2035 1357 2104 ejus,
1381 2035 1516 2088 sela.
1544 2035 1614 2088 Et
1643 2051 1881 2090 rursum
1913 2035 1969 2090 in

313 2123 744 2196 septuagesimo
762 2123 1168 2194 quinto,cujus
1192 2121 1548 2194 principium
1571 2128 1690 2178 est:
1713 2125 1896 2180 Notus
1916 2125 1974 2180 in

309 2211 512 2268 Judwa
535 2211 786 2278 Deus,in
816 2211 993 2267 Israel
1031 2227 1314 2283 magnum
1339 2228 1552 2268 nomen
1584 2214 1734 2284 ejus,
1754 2213 1976 2269 inveni-

311 2318 445 2356 mus
477 2301 630 2372 apud
656 2301 1040 2374 Septuaginta
1066 2305 1123 2355 et
1153 2299 1611 2356 Theodotionem
1640 2307 1808 2374 post:
1834 2303 1975 2357 Scu-

309 2395 436 2446 tum
465 2394 522 2445 et
555 2391 838 2447 frameam
869 2394 927 2444 et
957 2388 1202 2456 bellum,
1227 2388 1585 2461 diapsalma;
1619 2391 1771 2464 apud
1808 2392 1974 2463 Sym-

312 2480 588 2536 machum
617 2483 779 2552 post:
801 2478 1080 2552 Clypeum
1113 2483 1168 2533 et
1193 2477 1452 2551 gladium
1479 2483 1535 2534 et
1556 2479 1800 2548 bellum,
1819 2481 1978 2535 simi-

312 2568 444 2624 liter
481 2567 844 2640 diapsalma;
879 2585 983 2639 pro
1015 2584 1130 2638 quo
1164 2569 1317 2640 apud
1352 2567 1622 2639 Aquilam
1656 2575 1824 2642 post:
1855 2569 1977 2644 Cly-

315 2674 490 2730 peum
515 2661 572 2712 et
591 2655 852 2729 gladium
876 2661 932 2711 et
969 2655 1210 2720 bellum,
1237 2673 1486 2728 semper.
1513 2659 1675 2730 Apud
1705 2659 1970 2731 quintam

313 2745 650 2814 editionem,
690 2750 857 2818 post:
893 2746 1137 2800 Scutum
1169 2749 1226 2800 et
1258 2745 1611 2818 romphaeam
1643 2752 1701 2803 et
1730 2749 1968 2817 bellum,

315 2851 570 2908 semper.
595 2834 659 2890 In
693 2837 852 2890 sexta
871 2851 1006 2889 vero
1047 2838 1218 2906 post:
1244 2835 1487 2890 Scutum
1531 2840 1586 2891 et
1623 2836 1884 2908 gladium
1917 2845 1972 2896 et

313 2923 558 2990 bellum,
584 2922 644 2978 in
667 2923 864 2978 ﬁnem.
889 2923 1142 2996 Eratque
1165 2941 1401 2978 rursum
1433 2923 1491 2980 in
1528 2925 1806 2982 Hebraico
1839 2932 1972 2999 post

317 3013 623 3081 Umalama,
653 3005 808 3084 quod
847 3017 955 3082 est,
991 3015 1046 3066 et
1096 3011 1338 3084 bellum,
1371 3011 1510 3069 sela.
1544 3015 1611 3070 Et
1656 3015 1714 3069 in
1763 3017 1968 3072 eodem

313 3102 544 3176 psalmo
576 3105 710 3174 post
749 3099 914 3156 illum
961 3100 1156 3156 locum
1192 3119 1205 3156 :
1240 3106 1305 3156 ut
1335 3101 1524 3158 salvos
1575 3104 1746 3159 faciat
1797 3104 1967 3161 mites

312 3199 501 3257 terrm,
515 3190 574 3246 in
594 3189 1354 3264 Septuaginta,diapsalma;
1380 3193 1532 3264 apud
1548 3193 1966 3250 Svmmachum

311 3281 604 3346 similiter,
649 3280 978 3352 diapsalma
1025 3284 1080 3335 et
1126 3280 1279 3352 apud
1327 3281 1596 3354 Aquilam
1641 3299 1653 3338 ε
1699 3299 1962 3356 semper;

2078 701 2250 769 rupta
2308 697 2695 765 continuatio;
2747 698 2963 754 docens
3018 697 3378 770 ubicumque
3439 703 3734 772 repertum

2080 785 2274 852 fuerit,
2299 791 2401 840 aut
2430 803 2813 859 personarum
2843 791 2944 842 aut
2973 803 3168 842 rerum
3201 786 3326 843 ﬁeri
3357 788 3737 860 permutatio-

2080 890 2235 929 nem.
2271 875 2474 930 Merito
2521 893 2658 948 ergo
2701 875 2816 932 tale
2873 893 3085 932 nomen
3145 874 3264 932 illic
3319 876 3732 950 interponitur,

2079 963 2178 1017 ubi
2208 963 2294 1019 vel
2329 980 2558 1030 sensus,
2592 964 2681 1019 vel
2724 981 2984 1038 persona:
3026 964 3205 1020 dividi
3255 967 3730 1038 comprobantur.

2080 1049 2242 1108 Unde
2281 1057 2337 1107 et
2367 1069 2473 1109 nos
2505 1053 2822 1109 divisiones
2863 1070 3117 1128 congrue
3156 1055 3460 1123 faciemus,
3485 1056 3730 1112 ubicun-

2079 1157 2192 1212 que
2230 1141 2289 1196 in
2338 1141 2583 1213 psalmis
2633 1142 2962 1215 diapsalma
3008 1143 3261 1216 potuerit
3312 1144 3586 1213 inveniri;
3639 1163 3732 1202 re-

2079 1228 2274 1302 liquas
2327 1235 2546 1299 autem,
2585 1237 2757 1304 prout
2803 1233 3006 1288 datum
3054 1231 3248 1303 fuerit,
3294 1232 3730 1308 indagabimus,

2079 1319 2178 1374 ubi
2229 1325 2425 1376 tamen
2475 1322 2792 1377 auctoritas
2823 1321 3003 1394 hujus
3036 1321 3292 1378 nominis
3339 1324 3595 1395 potuerit
3642 1325 3731 1380 in-

2077 1408 2282 1464 veniri.

2862 1500 2955 1556 1V.

2221 1587 2362 1655 Quid
2387 1589 2460 1642 sit
2485 1589 2809 1658 psalterium
2835 1597 2888 1662 et
2910 1589 3115 1662 psalmi
3144 1605 3312 1662 quare
3330 1589 3586 1647 dicantur

2625 1660 2985 1716 Cassiodorus
3011 1661 3057 1734 (l
3075 1660 3182 1730 11).

2150 1763 2494 1821 Psalterium
2544 1769 2652 1830 est,
2701 1771 2767 1821 ut
2815 1766 3201 1840 Hieronymus
3249 1769 3351 1835 ait,
3378 1769 3436 1824 in
3487 1771 3730 1829 modum
3768 1795 3795 1821 ο

2077 1852 2242 1906 delun
2278 1852 2479 1908 litterae
2511 1855 2743 1910 formati
2792 1854 2936 1928 ligni
2987 1873 3198 1911 sonora
3227 1858 3574 1928 concavitas,
3599 1862 3732 1916 obe-

2077 1959 2208 1997 sum
2249 1947 2506 1997 ventrem
2542 1944 2598 1997 in
2633 1944 3036 2016 superioribus
3081 1945 3328 2014 habens,
3352 1948 3451 2002 ubi
3481 1947 3734 2004 chorda-

2086 2047 2217 2085 rum
2251 2029 2349 2085 tila
2379 2029 3169 2105 religata,disciplinabiliter
3191 2034 3411 2107 plectro
3433 2052 3732 2108 percussa,

2085 2119 2502 2175 suavissimam
2551 2121 2827 2176 dicuntur
2874 2122 3114 2178 reddere
3162 2123 3540 2180 cantilenam.
3592 2125 3737 2182 Huic

2085 2208 2322 2264 cithara:
2355 2209 2565 2280 positio
2595 2209 2824 2266 videtur
2869 2227 3000 2267 esse
3050 2212 3363 2280 contraria,
3385 2213 3528 2270 dum
3579 2215 3736 2288 quod

2084 2299 2198 2353 ista
2227 2297 2287 2352 in
2319 2299 2437 2354 imo
2485 2299 2761 2366 continet,
2787 2298 2931 2355 illud
2983 2317 3259 2357 conversa
3287 2302 3411 2358 vice
3457 2309 3649 2376 gestat
3676 2304 3737 2360 in

2085 2387 2291 2459 capite.
2328 2388 2444 2442 Hoc
2491 2392 2690 2445 autem
2740 2406 2928 2463 genus
2977 2391 3179 2463 organi
3230 2407 3511 2448 canorum
3561 2399 3739 2467 atque

2085 2476 2380 2548 singulare
2412 2482 2648 2549 aptatur
2676 2478 2902 2550 corpori
2948 2479 3180 2534 Domini
3211 2480 3528 2538 Salvatoris
3553 2499 3568 2538 :
3593 2501 3738 2556 quo-

2084 2565 2239 2620 niam
2263 2565 2418 2621 sicut
2438 2565 2593 2621 istud
2621 2567 2691 2622 de
2718 2566 3026 2623 altioribus
3053 2573 3243 2636 sonat,
3269 2570 3351 2625 sic
3372 2575 3429 2626 et
3451 2570 3594 2627 illud
3619 2572 3737 2646 glo—

2082 2655 2248 2711 rioszn
2278 2654 2668 2711 institutionis
2699 2673 2952 2728 superna
2976 2659 3125 2729 (112)
3158 2659 3551 2729 concelebrat;
3586 2661 3738 2718 sicut

2079 2743 2256 2800 etiam
2290 2745 2416 2815 ipse
2443 2743 2502 2798 in
2537 2744 2848 2817 Evangelio
2873 2745 3016 2800 dicit
3047 2761 3060 2801 :
3090 2747 3196 2814 Qui
3229 2751 3318 2804 est
3356 2748 3427 2804 de
3465 2753 3638 2818 terra,
3664 2751 3737 2808 de

2080 2837 2235 2888 terra
2253 2837 2360 2901 est,
2381 2838 2439 2888 et
2458 2832 2528 2887 de
2550 2836 2706 2888 terra
2728 2832 3016 2906 loquitur;
3050 2834 3150 2907 qui
3172 2841 3368 2892 autem
3392 2837 3464 2894 de
3484 2837 3626 2894 ccelo
3646 2855 3737 2896 ve-

2081 2921 2321 2993 nit,qua3
2342 2921 2488 2976 vidit
2507 2925 2565 2976 et
2585 2921 2808 2978 audivit
2829 2923 3268 2980 testatur.Unde
3285 2925 3522 2997 quidam
3546 2931 3604 2984 et
3625 2927 3732 2984 hoc

2078 3027 2226 3084 opus
2244 3010 2582 3066 Davidicum
2605 3009 2866 3083 psalmos
2883 3011 3068 3068 dictos
3086 3029 3214 3070 esse
3233 3015 3732 3089 przctiniunt,quia

2078 3100 2148 3154 de
2187 3115 2440 3172 superno
2467 3098 2724 3154 culmine
2763 3103 3027 3155 retonare
3067 3108 3409 3158 noscuntur.
3435 3103 3730 3178 Cognosce

2078 3205 2208 3244 vero
2231 3189 2386 3260 quod
2413 3188 2509 3244 isti
2537 3192 2766 3244 tantum
2815 3206 2920 3261 pro
2969 3189 3310 3246 excellentia
3339 3192 3429 3247 sui
3462 3193 3732 3250 dicantur

2075 3277 2308 3350 psalmi,
2331 3277 2432 3350 qui
2462 3277 2572 3334 hoc
2600 3277 2900 3334 volumine
2929 3279 3322 3336 continentur.

309 3387 534 3428 necnon
565 3374 622 3427 et
650 3369 804 3443 apud
834 3370 1136 3442 quintam;
1161 3371 1220 3425 in
1245 3375 1406 3426 sexta
1425 3389 1558 3429 vero
1583 3372 1642 3428 in
1678 3374 1886 3443 finem;
1910 3382 1966 3432 et
1995 3370 2036 3436 C
2148 3364 2496 3422 Psalterium
2522 3382 2756 3438 quoque
2775 3383 2961 3440 genus
2983 3384 3112 3425 esse
3139 3369 3499 3427 musicorum
3525 3371 3730 3429 Daniel

304 3461 364 3515 in
401 3459 682 3516 Hebraico
739 3463 864 3514 erat
921 3464 1053 3530 post
1111 3462 1239 3516 anic
1267 3478 1409 3529 ares,
1441 3462 1595 3534 quod
1653 3468 1762 3530 est,
1795 3463 1969 3520 mites

307 3555 496 3615 terrm,
547 3546 688 3604 sela.
722 3551 910 3619 Atque
963 3549 1042 3603 ita
1089 3565 1220 3604 cum
1271 3549 1447 3606 talem
1497 3550 1966 3624 uniuscujusque

309 3637 582 3694 editionis
628 3635 962 3708 opinionem
1015 3638 1459 3710 reperissemus,
1494 3639 1616 3695 haec
1661 3641 1964 3696 annotavi-

311 3744 464 3782 mus.
499 3725 705 3781 Utrum
762 3730 958 3781 autem
1005 3727 1313 3797 cujusdam
1375 3727 1610 3784 musica:
1661 3729 1962 3786 cantilena;

309 3821 486 3888 atque
515 3813 730 3888 rythmi
774 3814 1266 3880 immutationem,
1300 3817 1399 3888 qui
1429 3817 1792 3891 interpretati
1823 3824 1962 3875 sunt

307 3903 635 3978 diapsalma
663 3903 952 3960 senserint
991 3904 1220 3960 aliudve
1264 3905 1650 3963 intellexerint
1681 3912 1781 3963 tuo
1803 3909 1961 3980 judi-

305 3995 394 4050 cio
421 3993 782 4066 derelinquo.

375 4083 690 4156 Hucusque
720 4083 1017 4156 Origenes,
1045 4085 1215 4156 cujus
1260 4102 1368 4140 nos
1412 4084 1726 4142 maluimus
1756 4087 1814 4142 in
1846 4086 1956 4144 hac

299 4171 696 4244 disputatione
750 4173 1056 4229 dumtaxat
1112 4173 1715 4252 imperitiam_sequi,
1775 4193 1954 4248 quam

295 4261 536 4318 stultam
572 4261 785 4318 habere
817 4263 1124 4318 sctentiam
1158 4263 1546 4318 nascentium.

524 4441 670 4512 Quid
697 4443 771 4497 sit
798 4441 1130 4514 diapsalma,
1166 4440 1516 4497 Cassiodorus
1549 4443 1716 4511 (110).

359 4531 518 4586 Inter
538 4531 898 4604 expositores
920 4528 1284 4602 psalmorum
1308 4530 1377 4586 de
1406 4531 1512 4586 hoc
1540 4531 1776 4588 nomine
1797 4549 1949 4605 quae-

288 4620 423 4674 dam
471 4620 737 4676 noscitur
791 4619 1128 4692 provenisse
1180 4619 1506 4676 diversitas.
1559 4621 1947 4694 Hieronymus

288 4707 580 4762 Ηοιπειὶςίθ
623 4706 837 4779 lingua:
869 4705 1248 4761 doctissimus
1281 4706 1596 4778 inquisitor
1640 4710 1944 4766 continua-
1981 4731 2024 4796 Β

287 4797 502 4852 tionem
541 4796 797 4869 Spiritus
827 4794 1013 4850 sancti
1047 4809 1174 4850 esse
1207 4794 1536 4862 conﬁrmat,
1564 4796 1636 4852 ob
1669 4796 1776 4853 hoc
1808 4799 1947 4870 quia

287 4883 614 4956 diapsalma
657 4881 950 4954 signiﬁcet
995 4898 1244 4953 semper.
1269 4883 1482 4939 Beatus
1514 4891 1710 4942 autem
1741 4888 1944 4961 Augu-

285 4973 706 5053 stinus,rerum
734 4970 1121 5025 obscurarum
1155 4971 1582 5030 subtilissimus
1613 4974 1938 5049 indagator.

281 5061 434 5116 inter
464 5063 649 5116 ardua
679 5059 808 5113 sine
839 5057 1156 5113 offensione
1186 5059 1542 5128 discurrens,
1569 5061 1719 5118 hanc
1746 5066 1942 5138 potius

280 5156 508 5222 partem
545 5149 794 5222 elegisse
826 5145 1215 5216 cognoscitur,
1240 5153 1304 5202 ut
1336 5148 1524 5219 magis
1575 5151 1780 5208 divisio
1811 5171 1939 5212 esse

279 5240 566 5309 videatur,
591 5234 850 5292 nominis
882 5235 1069 5304 ipsius
1097 5234 1420 5291 discutiens
1452 5240 1814 5310 qualitatem.

350 5325 724 5400 Sympsalma
773 5322 988 5394 quippe
1021 5324 1236 5378 dicitur
1267 5325 1459 5382 Greece
1505 5331 1786 5388 vocabulo
1833 5351 1934 5390 vo-

275 5484 444 5564 darn;
477 5484 576 5564 sed
601 5481 697 5564 ita
729 5477 1038 5564 infeliciter
1073 5481 1266 5564 verbis
1302 5484 1641 5564 .Hieronyrni
1676 5492 1932 5564 interpo-

273 5556 416 5622 suit,
477 5558 564 5628 ut_
597 5551 703 5628 illa
733 5566 745 5604 :
779 5551 1008 5628 [ξι-φιλία
1032 5553 1354 5622 —-du.caris,
1414 5551 1546 5628 qua;
1597 5551 1929 5628 Hieronymi

275 5628 437 5694 sunt,
471 5621 757 5694 Otjgenis
773 5621 1096 5694 videantur.
1342 5621 1345 5622 ⁷
1431 5621 1448 5628 ’
1814 5621 1834 5638 ⁸

346 5693 496 5764 (110)
527 5690 809 5767 Est_c._tt
850 5690 1142 5767 integrum
1196 5697 1552 5767 praefatiouis
1602 5703 1660 5760 in
1710 5704 1926 5764 Psalte-

265 5761 426 5853 pium
458 5761 502 5826 t.
535 5763 675 5822 LXX
712 5761 950 5832 Patrol.,
978 5761 1091 5824 col.
1125 5761 1214 5824 l7:

2074 3455 2361 3528 propheta
2398 3459 2666 3524 testatur,
2717 3456 2992 3528 inquiens
3035 3475 3232 3514 vocem
3282 3460 3457 3530 tubae,
3489 3459 3726 3528 fistulae,

2074 3545 2388 3612 sambucas,
2405 3544 2659 3612 citharae,
2679 3545 2940 3617 psalterii
2960 3551 3018 3602 et
3037 3547 3398 3620 symphoniae
3419 3549 3729 3623 omnisque

2072 3634 2304 3706 generis
2331 3635 2714 3690 musicorum.
2740 3635 2886 3690 Nam
2930 3641 2988 3692 et
3025 3635 3506 3709 Paralipomenon
3551 3655 3726 3713 expo-

2073 3723 2178 3789 nit,
2202 3739 2336 3778 cum
2372 3723 2514 3778 dicit
2553 3723 2624 3778 de
2655 3721 2830 3794 lignis
2871 3723 3256 3798 thyinis(tt3)
3278 3727 3497 3798 gradus
3541 3727 3727 3785 factos

2071 3811 2130 3865 in
2156 3810 2339 3866 Domo
2370 3810 2601 3866 Domini
2631 3817 2688 3867 et
2717 3811 2778 3867 in
2809 3812 2982 3868 domo
3021 3814 3180 3886 regia
3203 3815 3460 3871 citharas
3490 3833 3724 3890 quoque

2069 3904 2125 3955 et
2155 3899 2431 3972 psalteria
2471 3901 2828 3956 cantoribus.
2864 3901 2982 3958 Hoc
3030 3903 3490 3960 instrumentum
3539 3907 3726 3962 musi-

2067 4005 2224 4058 cum,
2251 3989 2593 4060 psalterium
2627 3983 2866 4057 scilicet,
2893 3993 3048 4062 apud
3081 3993 3348 4049 Hebraeos
3377 3994 3592 4050 dicitur
3620 4012 3722 4050 na-

2066 4077 2252 4147 blum,
2277 4095 2426 4150 quoe
2457 4083 2651 4135 tamen
2697 4079 2756 4134 in
2801 4085 3203 4153 suprascrtpto
3245 4081 3393 4138 libro
3425 4084 3717 4156 frequenti

2064 4168 2405 4240 repetitione
2462 4169 2764 4242 vulgatum
2823 4173 2932 4225 est.
2977 4170 3178 4243 Ipsum
3230 4189 3364 4228 vero
3420 4172 3717 4244 psalmum

2061 4259 2324 4312 Graecum
2357 4262 2588 4312 constat
2618 4274 2748 4314 esse
2771 4258 3120 4315 vocabulum
3143 4276 3318 4330 quem
3339 4260 3563 4316 dictum
3593 4263 3721 4334 qui-

2061 4346 2197 4402 dam
2219 4345 2420 4402 volunt
2439 4354 2536 4404 ἀπὸ
2564 4358 2650 4403 τοῦ
2682 4355 2872 4420 ψαύειν,
2898 4347 3006 4404 hoc
3035 4353 3125 4404 est
3166 4365 3201 4404 a
3238 4350 3549 4422 tangendo.
3569 4351 3714 4408 Nam

2059 4441 2116 4490 et
2145 4433 2418 4508 psaltrias
2448 4437 2800 4492 citharaadas
2835 4453 3114 4492 vocamus
3144 4438 3313 4496 docto
3362 4438 3567 4510 pollice
3596 4455 3718 4496 mo-

2058 4523 2386 4581 dulationes
2419 4525 2677 4582 musicas
2707 4524 3121 4598 exprimentes.

2129 4613 2397 4669 Psalmus
2426 4631 2560 4668 vero
2592 4617 2680 4669 est
2710 4630 2843 4669 cum
2872 4631 2941 4669 ex
2978 4613 3106 4686 ipso
3149 4614 3272 4672 solo
3321 4616 3714 4674 instrumento

2059 4703 2306 4770 musico,
2336 4703 2392 4756 id
2423 4707 2512 4758 est
2541 4701 2837 4775 psalterio,
2872 4703 3192 4760 modulatio
3222 4705 3491 4776 qtizedam
3522 4705 3714 4764 dulcis

2054 4798 2110 4848 et
2140 4809 2355 4847 canora
2385 4791 2783 4864 profunditur.

2125 4880 2426 4937 Canticum
2449 4897 2685 4953 quoque
2703 4885 2810 4936 est.
2836 4882 2985 4953 qaod
3009 4881 3081 4937 ad
3115 4880 3395 4938 honorem
3417 4883 3516 4939 Del
3549 4883 3711 4940 cani-

2053 4976 2169 5042 tur,
2193 4970 2426 5042 quando
2451 4969 2583 5042 quis
2604 4969 2870 5026 libertate
2909 4970 3155 5044 propriae
3175 4971 3334 5027 vocis
3374 4973 3578 5040 utitur,
3603 4989 3711 5030 nec

2049 5058 2280 5131 loquaci
2311 5059 2701 5115 instrumento
2726 5059 3003 5132 cuiquam
3035 5060 3262 5116 musico
3295 5077 3551 5116 consona
3580 5075 3709 5116 mo-

2046 5147 2344 5204 dulatione
2375 5147 2652 5217 sociatur,
2683 5148 2793 5204 hoc
2821 5151 2910 5205 est
2938 5149 3094 5220 quod
3127 5148 3304 5205 etiam
3337 5165 3494 5204 nunc
3523 5147 3582 5204 in
3615 5148 3712 5204 Di-

2045 5236 2310 5294 vinitatis
2337 5235 2614 5293 laudibus
2644 5236 2856 5309 agitur.

2115 5325 2347 5381 Psalmo
2377 5325 2672 5381 canticum
2699 5329 2844 5396 erat,
2865 5342 3023 5396 cum,
3053 5326 3446 5383 instrumento
3477 5325 3705 5384 musico

2115 5485 2627 5560 (tlt)~Cassiodor.
2680 5487 2840 5560 praef.
2891 5486 2970 5560 in,
3005 5486 3183 5560 Psalt.
3217 5505 3268 5544 c.
3301 5486 3474 5542 4-81.
3507 5504 3557 5543 c.
3591 5485 3700 5544 col.

2043 5557 2252 5634 1541ρτ
2281 5557 2506 5634 Desunt
2536 5557 2631 5634 hic
2661 5557 2815 5614 tituli
2849 5559 3240 5634 capitulorum
3269 5561 3388 5614 5-8.
3645 5631 3655 5634 _
3771 5628 3780 5634 ι

2038 5629 2260 5760 “($13)
2293 5629 2385 5684 Sic
2426 5627 2738 5702 legendum
2771 5627 3066 5701 cum'Br.,
3101 5649 3218 5686 non
3263 5646 3516 5703 superne,
3547 5634 3612 5686 ut
3640 5631 3700 5688 in

2109 5773 2255 5851 (113)
2288 5771 2456 5830 Edita
2484 5769 2710 5830 addunt
2741 5789 2754 5832 :
2790 5789 2918 5850 qua
2941 5772 3118 5852 vulgo
3147 5774 3334 5834 ebeno.
3360 5777 3676 5836 vocantur.-
