3936 6430
201 422 281 497 ω
1443 434 1853 499 EXPOSITIO
1897 436 2408 515 PSALMORUM.
2548 480 2555 491 ς
3553 440 3632 502 so

211 595 3625 626 ________.________________________________________________‘

1129 772 1742 877 SANG‘I'I
1834 772 2716 879 BRUNONIS

1421 972 2039 1033 HERBIPOLENSIS
2082 973 2436 1036 EPISCOPI

724 1147 1793 1277 EXPOSITIO
1911 1151 2263 1274 PSA
2293 1153 3135 1281 LMORUM

1704 1382 2126 1394 —_——__—_—_.___.

265 1511 334 1562 In
362 1505 585 1562 Christi
619 1504 858 1561 nomine
890 1505 1098 1578 incipit
1141 1505 1481 1578 psalterium
1517 1507 1586 1562 de
1608 1507 1858 1562 transla-
1887 1509 1941 1576 Α
1972 1509 2235 1581 exempla
2262 1510 2424 1566 malae
2447 1511 2721 1567 doctrinae
2742 1510 3007 1567 Christus
3028 1511 3274 1583 posteris
3299 1528 3415 1566 non
3442 1494 3621 1567 relin-

196 1595 351 1649 tione
382 1594 763 1667 septuaginta
784 1594 1191 1666 Interpretum,
1206 1596 1580 1650 emendatum
1604 1613 1636 1651 a
1653 1599 1852 1652 sancto

195 1682 553 1755 Hieronymo
585 1682 647 1737 in
683 1698 919 1737 novum.

264 1770 444 1844 Origo
475 1769 794 1843 prophetia:
823 1770 1001 1826 David
1036 1771 1188 1844 regis
1216 1771 1575 1844 psalmorum
1610 1789 1852 1828 numero

193 1863 437 1915 centum
470 1859 905 1932 quinquaginta
928 1860 1100 1931 (121).

605 1998 936 2056 PSALMUS
974 2000 1241 2057 PRIMUS
1278 2003 1447 2070 (122).

265 2126 331 2181 C.
369 2126 433 2181 B.
463 2125 576 2181 Iste
605 2124 874 2197 psalmus
904 2124 1033 2179 ideo
1064 2123 1302 2180 titulum
1334 2142 1460 2181 non
1482 2125 1673 2196 habet,
1708 2143 1852 2199 quo-

189 2213 359 2271 niam
384 2212 562 2285 capiti
584 2212 832 2268 Domino
862 2216 1060 2267 nostro
1093 2212 1375 2269 Salvatori
1409 2214 1502 2285 (de
1532 2230 1646 2286 quo
1678 2215 1851 2271 abso—

187 2303 318 2359 tute
336 2302 608 2358 dicturus
619 2303 730 2369 est)
743 2299 1160 2373 nihilprzeponi
1178 2301 1379 2357 debuit
1393 2319 1406 2369 ;
1421 2308 1683 2359 sanctam
1697 2303 1851 2359 enim

189 2393 341 2465 ejus'
358 2389 786 2447 incarnationis
814 2389 1015 2455 vitam,
1035 2389 1467 2461 impiorumque
1498 2390 1746 2448 ultiones
1770 2391 1854 2447 in-

190 2481 422 2537 sinuat.
457 2479 623 2535 Unde
652 2482 710 2534 et
740 2478 987 2533 materia
1044 2478 1223 2549 hujus
1275 2478 1485 2550 psalmi
1532 2479 1734 2535 eadem
1766 2485 1856 2536 est

190 2586 329 2642 qua
354 2571 418 2624 et
450 2568 634 2623 totius
660 2566 816 2635 libri,
850 2565 1073 2622 scilicet
1100 2566 1367 2622 Christus
1399 2566 1638 2640 integer.
1673 2568 1731 2623 Id
1766 2573 1855 2624 est

189 2662 376 2730 caput
397 2656 757 2728 Redemptor
775 2661 974 2711 noster
996 2671 1130 2711 cum
1156 2655 1456 2721 membris,
1472 2655 1529 2710 id
1552 2661 1640 2711 est
1660 2657 1854 2711 omni-

189 2746 307 2802 bus
327 2744 523 2818 justis
549 2748 607 2800 et
630 2744 872 2799 sanctis.

228 2834 251 2890 4
334 2840 542 2892 Beatus
572 2833 660 2888 vir
687 2834 787 2905 qui
812 2848 926 2888 mm
946 2833 1087 2888 abiit
1110 2834 1167 2887 in
1188 2833 1417 2888 consilio
1448 2834 1743 2904 impiorum
1765 2853 1783 2887 :
1803 2841 1854 2890 et
1882 2864 1930 2930 B

413 2925 477 2978 in
523 2923 615 2978 via
656 2919 1004 2994 peccatorum
1060 2937 1170 2977 non
1225 2924 1388 2989 stetit,
1421 2930 1471 2977 et
1501 2924 1562 2977 in
1603 2922 1855 2979 cathedra

406 3011 743 3083 pestilentia
765 3027 873 3067 non
898 3009 1055 3066 sedit.

259 3102 305 3157 C
337 3101 559 3157 Beatus
585 3098 693 3165 vir,
734 3099 928 3154 dictus
985 3096 1155 3169 quasi
1213 3099 1360 3153 bene
1411 3102 1582 3170 aptus
1612 3099 1733 3169 (qui
1766 3104 1854 3154 est

189 3189 489 3256 Christus)
521 3191 632 3259 est,
666 3187 758 3243 cui
789 3191 987 3257 optata
1017 3185 1215 3242 omnia
1250 3184 1336 3241 vel
1363 3186 1693 3241 desiderata
1721 3204 1850 3242 suc-

189 3279 430 3343 cedunt,
456 3275 647 3331 virum
671 3275 915 3348 egregie
932 3274 1256 3346 subjunxit.
1273 3274 1382 3343 ,Vir
1400 3274 1557 3330 enim
1578 3292 1611 3329 a
1632 3274 1851 3330 viribus

187 3365 385 3421 dictus
408 3367 525 3434 est,
549 3364 649 3436 qui
672 3362 858 3419 nescit
881 3361 1183 3419 tolerando
1205 3362 1444 3419 adversa
1465 3362 1725 3429 deﬁcere,
1751 3368 1853 3418 aut

191 3455 251 3510 in
275 3452 584 3526 prosperis
617 3451 814 3524 aliqua
835 3450 1420 3522 seelationejactare.
1435 3449 1645 3507 Tribus
1656 3451 1848 3507 modis

186 3542 285 3598 hic
314 3539 581 3608 ostendit
607 3540 837 3596 evenire
867 3539 1160 3595 humanos
1203 3556 1447 3606 errores,
1480 3539 1845 3612 cogitatione,

183 3631 369 3698 facto,
406 3635 467 3686 et
498 3629 676 3684 dicto.
709 3628 1070 3701 Cogitatione
1100 3627 1416 3699 peccatrice
1458 3628 1669 3696 abitur,
1703 3628 1850 3683 facto

183 3719 348 3776 malo
380 3721 579 3773 statur
606 3716 777 3790 longe
800 3734 833 3773 a
857 3721 987 3772 Deo.
1014 3716 1174 3772 Dicto
1204 3732 1338 3771 vero
1360 3714 1524 3770 mala)
1555 3716 1849 3782 doctrinae,

182 3809 307 3864 sive
351 3805 750 3878 gloriationis,
783 3804 905 3860 sive
936 3803 1156 3881 peccati
1186 3804 1624 3869 consuetudine,
1657 3802 1715 3858 in
1750 3821 1848 3859 ca—

180 3896 406 3952 thedra
437 3893 738 3949 inliciente
770 3892 1109 3965 pestilentia!
1140 3892 1393 3947 sedetur.
1425 3893 1471 3947 A
1501 3893 1708 3948 Beatus
1737 3892 1849 3964 igi-

178 3989 283 4041 tur
301 3982 412 4057 qui
437 3998 557 4038 non
581 3982 728 4037 abiit
746 3981 1098 4055 cogitatione
1124 3998 1158 4036 a
1183 3984 1293 4035 Deo
1318 3979 1377 4034 in
1400 3980 1691 4052 regionem
1724 3980 1848 4035 lon-

177 4075 478 4147 ginquam
496 4069 1092 4136 dissimilitudinis,id
1108 4072 1197 4125 est
1213 4068 1559 4140 cogitatione
1582 4086 1695 4125 non
1719 4085 1849 4141 pec-

178 4162 359 4218 cavit.
395 4157 684 4225 Quamvis
714 4162 868 4214 esset
900 4158 1126 4229 positus
1152 4157 1209 4211 in
1239 4155 1478 4212 concilio
1510 4156 1843 4229 impiorum,

1963 1598 2114 1670 quit.
2148 1599 2189 1653 C
2217 1600 2315 1654 Est
2340 1599 2493 1654 enim
2525 1600 2802 1656 cathedra
2832 1601 3154 1666 doctorum,
3180 1598 3434 1654 tribunal
3455 1598 3615 1669 judi-

1969 1692 2194 1753 cum,et
2226 1679 2428 1760 regum
2455 1687 2667 1743 solium
2700 1689 2927 1760 proprie
2958 1687 3189 1743 dicitur.
3225 1688 3273 1743 II
3305 1686 3466 1743 Unde
3490 1703 3616 1743 sen-

1965 1792 2068 1831 sus
2097 1775 2364 1831 versiculi
2396 1776 2572 1848 hujus
2601 1782 2687 1832 est
2717 1794 2728 1832 :
2766 1778 2970 1832 Beatus
3013 1776 3112 1848 qui
3159 1793 3274 1831 non
3316 1775 3609 1849 cogitavit,

1966 1880 2083 1918 non
2118 1864 2266 1930 fecit,
2303 1882 2419 1921 non
2449 1865 2647 1921 docuit
2676 1866 2850 1921 mala.

2000 1955 2035 2005 2
2107 1951 2208 2008 Sed
2234 1956 2294 2007 in
2322 1955 2437 2022 lege
2468 1955 2685 2010 Domini
2714 1955 2963 2010 voluntas
2992 1955 3109 2026 ejus
3139 1972 3157 2009 :

2106 2041 2169 2096 Et
2194 2044 2250 2096 in
2286 2043 2396 2113 lege
2424 2043 2541 2113 ejus
2568 2042 2927 2098 meditabitur
2954 2043 3042 2098 die
3070 2059 3134 2097 ac
3162 2051 3330 2098 nocte.

2034 2128 2074 2183 Ο
2104 2130 2216 2184 Lex
2248 2130 2347 2185 Dei
2380 2136 2467 2185 est
2497 2131 2554 2185 in
2587 2130 2948 2186 declinandis
2980 2130 3230 2202 peccatis
3250 2136 3452 2186 sancta
3473 2146 3610 2205 prae-

1962 2217 2166 2288 ccptio,
2202 2218 2260 2273 in
2293 2229 2409 2291 qna
2436 2219 2704 2274 voluntas
2737 2218 2894 2274 illius
2938 2220 3066 2285 fuit,
3100 2220 3197 2291 qui
3231 2224 3459 2290 peccata
3491 2236 3606 2273 non

1962 2305 2112 2362 fecit.
2138 2308 2184 2360 A
2204 2306 2244 2361 C
2275 2307 2531 2362 lntcnde-
2552 2323 2684 2362 vero
2725 2307 2880 2378 quod
2912 2307 3166 2361 secundo
3199 2307 3341 2361 dicit
3368 2306 3426 2361 in
3456 2306 3602 2378 lege,

1962 2410 2075 2448 non
2109 2396 2217 2450 sub
2245 2394 2543 2466 lege,quia
2568 2394 2834 2449 Christus
2869 2394 2925 2449 in
2953 2393 3079 2465 lege
3104 2394 3209 2449 fuit
3242 2394 3342 2465 qui
3373 2397 3607 2465 peccata

1962 2500 2077 2537 non
2112 2483 2334 2550 habuit,
2368 2484 2553 2538 caeteri
2603 2482 2877 2538 mortales
2924 2484 3034 2538 sub
3083 2481 3207 2554 lege
3245 2481 3345 2553 qui
3377 2480 3613 2537 delictis

1963 2575 2223 2626 onerant.
2246 2572 2287 2626 C
2308 2572 2419 2627 Lex
2441 2570 2655 2626 dicitur
2675 2588 2742 2625 eo
2765 2571 2918 2641 quod
2941 2569 3169 2625 animos
3195 2574 3421 2625 nostros
3445 2569 3602 2642 liget,

1964 2659 2202 2730 suisque
2247 2662 2438 2715 teneat
2465 2659 2744 2714 obnoxios
2774 2658 3124 2713 constitutis.
3161 2657 3424 2713 Meditari
3451 2674 3604 2713 sem—
3668 2650 3675 2651 ⁷

1963 2764 2066 2819 per
2095 2747 2294 2803 nullus
2323 2748 2473 2802 valet
2500 2747 2685 2819 legem
2717 2747 2946 2802 Domini
2972 2746 3084 2802 nisi
3115 2746 3404 2813 Christus,
3426 2746 3523 2802 sed
3546 2750 3604 2801 et

1964 2835 2059 2891 ille
2090 2837 2187 2908 qui
2222 2837 2551 2891 membrum
2583 2837 2708 2906 ejus
2738 2835 3243 2903 est,meditabitur
3273 2850 3502 2905 semper
3530 2833 3606 2889 le-

1963 2940 2094 2997 gem
2130 2926 2245 2991 Dei,
2271 2924 2368 2996 qui
2400 2941 2527 2979 eam
2555 2924 2713 2979 omni
2746 2923 2995 2995 puritate
3024 2923 3373 2995 inquantum
3396 2921 3608 2994 poterit

1961 3011 2247 3085 implebit.
2270 3014 2315 3069 H
2339 3013 2464 3067 Sive
2486 3012 2640 3068 enim
2664 3013 2996 3077 manducet,
3021 3011 3139 3067 sive
3158 3012 3327 3078 bibit,
3351 3010 3469 3067 sive
3481 3010 3587 3066 dor

1963 3101 2089 3155 mit.
2117 3105 2179 3155 In
2208 3101 2440 3156 nomine
2470 3099 2695 3155 Domini
2730 3099 2928 3154 omnia
2956 3100 3193 3169 faciens,
3228 3097 3604 3154 meditabitur

1962 3187 2147 3261 legem
2168 3188 2267 3244 Dei
2289 3188 2380 3243 die
2402 3204 2468 3243 ac
2491 3193 2675 3243 nocte.
2691 3186 2731 3241 C
2747 3187 2879 3243 Dies
2901 3188 3055 3242 dicta
3075 3191 3163 3241 est
3182 3204 3216 3241 a
3236 3202 3596 3258 paganorum

1960 3277 2092 3332 diis.
2112 3278 2328 3331 Nox'eo
2354 3277 2504 3348 quod
2537 3278 2738 3331 noceat
2767 3274 3243 3346 aspectibus,sive
3271 3274 3597 3329 actionibus

1960 3366 2195 3432 nostris,
2230 3365 2383 3419 dicta
2411 3369 2518 3420 est.

1992 3455 2026 3508 3
2097 3453 2160 3508 Et
2189 3454 2293 3509 erit
2319 3460 2576 3524 tanquam
2607 3452 2821 3520 lignum
2849 3449 2989 3522 quod
3011 3450 3325 3520 plantatum
3349 3453 3405 3514 -ξ
3449 3454 3526 3503 est
3562 3445 3583 3515 ζ

2169 3558 2319 3596 secus
2348 3541 2605 3595 decursus
2635 3555 2903 3612 aquarum
2932 3556 2950 3592 :

2103 3630 2250 3698 Quod
2277 3631 2515 3699 fructum
2543 3645 2704 3683 suum
2731 3627 2883 3683 dabit
2912 3629 2972 3682 in
2999 3635 3233 3697 tempore
3257 3641 3353 3680 suo

2030 3718 2071 3772 C
2099 3717 2248 3773 Bene
2287 3717 2444 3788 ligno
2479 3715 2775 3771 fructifero
2806 3718 3174 3786 comparatus
3198 3716 3287 3768 est
3314 3712 3599 3781 Christus,

1960 3810 2427 3877 proptercrucem
2444 3820 2617 3876 quam
2633 3821 2735 3875 pro
2749 3802 2917 3858 nobis
2928 3801 3229 3857 sustinuit.
3246 3799 3573 3856 Plantatum
3586 3843 3600 3868 ,

1962 3894 2016 3949 id
2047 3898 2134 3950 est
2165 3893 2560 3965 przedicatum,
2598 3908 2765 3947 secus
2797 3890 3076 3945 decursus
3101 3904 3407 3960 aquarum.
3441 3888 3602 3942 Sicut

1960 3980 2251 4037 terrestris
2298 3981 2452 4035 enim
2501 3996 2672 4052 aqua,
2705 3978 2821 4034 vita
2850 3983 2905 4033 et
2939 3977 3228 4049 lignorum
3258 3975 3592 4041 virentium,

1958 4069 2042 4125 sic
2071 4084 2223 4141 aqua
2253 4068 2532 4139 baptismi
2575 4066 2736 4122 salus
2766 4070 2854 4121 est
2882 4066 2941 4119 in
2972 4064 3321 4121 Cruciﬂxum
3352 4062 3595 4117 creden-

1957 4157 2128 4211 tium.
2164 4157 2440 4210 Fructum
2472 4154 2651 4221 dabit,
2686 4154 2744 4208 id
2776 4158 2864 4207 est
2911 4150 3194 4207 Ecclesiae
3242 4149 3594 4216 constituet;

178 4249 238 4305 id
260 4254 358 4306 est
379 4218 660 4321 q‘uamvis
681 4245 847 4319 impii
870 4218 979 4302 hbe
1000 4244 1345 4301 molirentur
1363 4249 1429 4299 ut
1447 4218 1651 4313 abiret,
1670 4218 1847 4301 veluti
1877 4218 1921 4285 (ἶ
1957 4249 2214 4315 tempore
2244 4259 2369 4308 suo,
2390 4243 2444 4297 id
2468 4247 2556 4297 est
2585 4218 2817 4313 quando
2842 4241 3019 4296 beata:
3052 4236 3471 4293 Incarnationis
3503 4253 3594 4291 sa-

177 4338 469 4395 Christus
497 4334 771 4407 quamvis
802 4335 953 4391 inter
986 4337 1316 4406 peccatores
1347 4333 1422 4387 sit
1452 4339 1847 4400 conversatus,

178 4428 237 4482 in
272 4427 437 4481 viam
493 4434 700 4479 eorum
751 4427 946 4478 tamen
980 4438 1093 4479 non
1120 4421 1283 4477 abiit.
1314 4421 1495 4477 Adam
1520 4438 1652 4477 vero
1685 4422 1850 4491 abiit,

176 4515 325 4571 dum
360 4510 537 4569 uxori
572 4529 606 4567 a
634 4508 866 4566 diabolo
896 4511 1147 4582 deceptae
1176 4509 1491 4572 consensit,
1523 4508 1685 4580 impii
1716 4526 1851 4565 vero

174 4603 288 4660 hoc
320 4601 650 4659 molientes
682 4603 823 4655 sunt
852 4598 1092 4663 diaboli,
1118 4598 1329 4652 Scrist
1359 4601 1416 4651 et
1441 4596 1733 4665 Pharisaei,
1765 4598 1850 4653 vel

176 4709 392 4749 omnes
427 4687 597 4753 mali,
628 4688 687 4742 in
719 4703 971 4759 quorum
1022 4685 1177 4741 viam
1236 4684 1502 4741 Christus
1550 4686 1704 4741 sicut
1738 4704 1851 4741 non

172 4780 343 4848 abiit,
370 4781 461 4834 ita
492 4776 554 4831 in
588 4792 659 4833 ea
689 4792 806 4831 non
840 4775 1018 4831 stetit.
1054 4775 1338 4842 Quoniam
1394 4791 1527 4830 eum
1572 4774 1767 4830 swculi
1796 4778 1855 4831 et

172 4863 880 4942 peccatorum‘illecebra
928 4878 1043 4919 non
1076 4863 1283 4931 tenuit,
1321 4878 1423 4918 nec
1471 4862 1530 4918 in
1580 4863 1857 4919 cathedra

174 4955 538 5030 pestilentiae
573 4952 748 5020 sedit,
771 4951 830 5007 id
862 4957 952 5007 est
982 4960 1159 5023 prava
1187 4951 1609 5007 consuetudine
1640 4951 1728 5007 vel
1762 4968 1881 5024 p0'.

176 5045 297 5103 tius
327 5041 636 5110 doctrina,
669 5040 810 5113 quia
859 5039 1155 5096 salubrem
1195 5038 1518 5095 doctrinam
1550 5040 1766 5109 docuit,
1800 5053 1857 5104 et

252 5205 409 5273 (121)
442 5202 582 5258 Haec
631 5216 702 5256 ex
749 5197 947 5273 codice
981 5214 1108 5273 _ms.
1144 5194 1680 5273 addidimus:_Quin
1721 5213 1854 5273 vero

177 5266 629 5348 genuinasint,
664 5267 866 5348 nullus
899 5267 1289 5348 dubito_,__cum
1314 5267 1381 5348 in
1405 5266 1682 5348 Gallicani
1706 5267 1856 5348 psal-

180 5337 311 5403 ἵεήί
343 5337 684 5405 codicibus,
708 5341 866 5413 quod
889 5355 1031 5413 sane
1051 5337 1697 5413 editioni‘Brunonianze
1715 5337 1854 5413 sub-

165 5419 350 5488 jacet,
385 5417 556 5472 idem
585 5410 800 5469 titulus
828 5410 1113 5488 habeatur
1146 5427 1159 5464 :
1193 5410 1390 5479 Incipit
1424 5410 1751 5488 psalterium
1784 5410 1855 5463 de

176 5479 561 5544 translatione
614 5483 969 5555 septuaginta
1016 5481 1399 5555 interpretum,
1450 5479 1789 5534 emendatum
1820 5496 1854 5532 a

1957 4335 2255 4387 cramenta
2284 4330 2814 4401 suscepit.Fructus
2850 4344 2883 4383 a
2913 4326 3155 4381 fruendo
3187 4324 3415 4379 dicitur.
3442 4324 3482 4377 Η
3509 4321 3597 4377 Li-

1958 4436 2137 4492 gnum
2163 4417 2557 4489 (cuiChristus
2584 4418 2953 4485 comparatur
2983 4412 3303 4467 secundum
3336 4412 3599 4467 membra

1960 4525 2086 4575 sua,
2121 4508 2177 4561 id
2228 4511 2314 4561 est
2357 4504 2593 4576 quosvis
2643 4520 2772 4558 vere
2820 4499 3199 4571 Christianos)
3251 4497 3595 4571 sapientiam

1961 4600 2118 4667 puto,
2153 4596 2223 4649 de
2256 4611 2371 4666 qua
2401 4598 2453 4648 et
2483 4591 2751 4647 Salomon
2783 4589 3073 4661 loquitur;
3101 4586 3325 4659 lignum
3355 4590 3449 4649 est,
3469 4586 3596 4640 vita:

1961 4684 2053 4739 his
2083 4683 2182 4755 qui
2213 4686 2540 4753 sequuntur
2579 4696 2727 4745 eam,
2762 4683 2815 4733 et
2848 4674 3159 4749 Apostolus
3190 4673 3484 4729 Christum
3516 4672 3599 4727 ait

1962 4773 2063 4828 Dei
2093 4772 2365 4827 virtutem
2397 4776 2453 4825 et
2471 4769 2565 4824 Dei
2600 4764 3102 4839 sapientiam.Erit
3122 4760 3600 4835 itaqueChristia-

1959 4848 2075 4917 'nus
2105 4877 2273 4915 verus
2295 4864 2571 4930 tanquam
2590 4855 2837 4928 lignum,
2858 4853 2964 4908 hoc
2982 4855 3071 4907 est
3089 4850 3315 4906 Christo
3338 4847 3477 4904 Filio
3500 4848 3596 4903 Dei

1962 4947 2277 5002 conformis
2348 4946 2532 5001 factus
2608 4940 2829 5014 corpori
2909 4938 3102 5011 gloriae
3174 4939 3322 5009 ejus,
3379 4935 3600 4993 scilicet

1963 5033 2195 5092 Christi.

1962 5194 2197 5259 Patrol.,
2232 5191 2341 5248 col.
2375 5191 2494 5245 119.

2033 5253 2194 5333 (1221
2214 5262 2543 5333 Notandum
2573 5258 2742 5333 apud
2784 5257 3116 5333 ABrunonem
3149 5256 3304 5333 hunc
3335 5253 3596 5333 ordinem

1962 5323 2295 5390 constanter
2324 5332 2503 5386 fuisse
2534 5323 2901 5386 observatum
2937 5342 2951 5378 :
2986 5326 3173 5396 primo
3216 5326 3340 5381 loco
3373 5323 3598 5394 positus

1960 5413 2083 5461 erat
2110 5403 2319 5458 titulus
2348 5403 2591 5471 ejusque
2620 5396 3091 5471 expositio,_tun_e
3109 5412 3388 5450 numerus
3417 5397 3598 5471 star:

1960 5460 2304 5549 gumentum
2331 5460 2561 5542 psalmi.
2588 5460 3326 5549 NosCochlei‘ordinemxo
3352 5460 3596 5549 qu‘odad

1887 5570 1930 5632 ι)
1960 5530 2431 5602 ἵοωωσάίῐειάιπι
2481 5541 2666 5611 magis
2715 5536 2991 5599 conferat,
3025 5534 3133 5589 hac
3178 5535 3235 5587 in
3268 5550 3328 5588 re
3359 5530 3599 5586 retinui-

180 5620 509 5687 editioneui
539 5620 845 5694 vocabant
868 5620 1210 5694 psalterium
1241 5620 1613 5694 emendatum
1642 5638 1675 5673 (ι
1696 5636 1851 5694 nouo,

186 5702 239 5755 id
270 5686 359 5758 est
392 5702 462 5758 de
506 5714 669 5758 novo.
705 5686 1093 5750 Vide-notam
1126 5689 1465 5757 Martianaei,
1497 5695 1637 5745 tom.
1672 5690 1855 5743 XXIX

1964 5636 2116 5672 mus.
