3936 6424
293 393 364 471 51
1211 395 1275 458 S.
1319 394 1716 460 BRUNONIS
1762 394 2378 458 HEBBIPULENSIS
2421 395 2802 459 EPISCOPI.
3639 397 3720 458 53

328 531 360 587 4
432 532 499 587 Et
523 530 725 603 folium
751 529 870 602 ejus
896 546 1008 586 non
1033 529 1228 600 deﬂuat
1257 549 1274 585 :

435 620 500 676 Et
525 619 713 676 omnia
743 634 1084 692 quaecunque
1104 621 1269 690 faciet
1289 619 1776 692 prosperabuntur.

363 727 406 782 C
449 725 675 782 Folium
729 727 878 798 ejus,
935 741 1234 782 sermones
1295 726 1481 798 ipsius
1537 725 1949 798 promissionis

293 814 576 889 intellige,
609 815 710 888 qui
759 813 921 871 nullo
967 833 1103 871 casu
1159 833 1192 870 a
1232 815 1468 870 veritate
1517 815 1813 882 decidunt,
1848 815 1947 870 sed

295 905 496 962 omnia
525 920 653 978 quae
685 904 804 978 agit
830 904 888 959 in
934 909 1068 960 actu
1113 903 1516 977 prosperitatis
1543 902 1788 976 perﬁcit,
1823 921 1949 976 quae

297 993 498 1051 omnia
525 993 866 1066 accipienda
896 997 1038 1049 sunt
1069 994 1288 1050 fructus
1319 997 1376 1049 et
1405 991 1564 1060 folia,
1589 993 1648 1048 id
1681 997 1768 1048 est
1801 992 1951 1048 facta

296 1087 355 1141 et
383 1082 556 1140 dicta.

331 1192 368 1246 5
439 1193 558 1248 Non
585 1193 666 1250 sic
697 1193 854 1265 impij
882 1198 936 1256 -Ξ
981 1208 1091 1248 non
1117 1193 1199 1248 sic
1239 1198 1253 1258 ζ
1308 1211 1326 1246 :
1355 1191 1447 1248 sed
1479 1199 1742 1264 tanquam
1768 1190 1952 1262 puluis

443 1282 608 1350 Quem
630 1282 857 1354 projicit
882 1289 1070 1338 ventus
1100 1288 1154 1347 -ξ
1195 1299 1229 1336 a
1256 1283 1400 1354 facie
1429 1288 1612 1338 terrae.

369 1389 410 1444 C
450 1389 567 1445 Non
614 1391 696 1444 sic
751 1390 932 1460 impii,
983 1405 1090 1444 vox
1149 1393 1240 1444 est
1298 1388 1589 1454 terrentis,
1653 1387 1804 1442 sicut
1859 1392 1950 1443 est

297 1478 620 1544 invitantis,
645 1478 854 1533 beatus
873 1477 980 1544 vir,
1007 1477 1286 1550 quoniam
1322 1493 1435 1532 non
1469 1477 1579 1532 erit
1603 1477 1684 1532 sic
1709 1475 1946 1549 impius,

298 1573 362 1624 ut
393 1565 664 1638 superlus
708 1565 853 1622 dixit
897 1567 1100 1622 beatos
1147 1583 1296 1622 esse.
1332 1566 1525 1623 Pulvis
1557 1570 1644 1622 est
1676 1565 1950 1621 resolutio

296 1659 482 1723 terras,
517 1655 612 1710 cui
641 1655 818 1710 homo
852 1660 1117 1710 terrenus
1148 1659 1524 1727 comparatur
1553 1671 1686 1709 cum
1715 1655 1954 1710 inﬂatur

296 1749 469 1800 vento
519 1744 829 1817 superbia,
863 1748 920 1799 et
950 1743 1224 1816 abjicitur
1270 1761 1379 1799 sua
1423 1743 1657 1799 levitate
1688 1761 1722 1798 a
1754 1744 1950 1798 ﬁrma-

300 1836 499 1890 mento
565 1837 984 1906 praeceptorum
1061 1833 1176 1888 Dei.
1240 1832 1433 1888 Pulvis
1509 1831 1624 1888 huc
1695 1831 1954 1904 illucque

299 1921 678 1996 dispergitur,
712 1922 796 1978 sic
844 1927 900 1976 et
945 1921 1162 1994 impius
1194 1922 1318 1994 (qui
1351 1920 1528 1977 semel
1568 1923 1744 1978 Deum
1779 1937 1954 1992 nega-
1991 1906 2032 1970 Β

299 2011 469 2080 verit)
499 2027 850 2084 quocunque
897 2028 1028 2066 eum
1082 2027 1226 2066 aura
1267 2009 1480 2068 diaboli
1523 2010 1782 2076 traxerit,
1817 2009 1954 2064 illuc

299 2115 495 2155 errore
524 2097 882 2171 perducitur.

335 2207 372 2260 6
443 2206 564 2263 Ideo
594 2221 705 2262 non
736 2214 1030 2275 resurgunt
1060 2207 1222 2278 impii
1251 2208 1311 2261 in
1332 2204 1547 2276 judicio
1578 2224 1596 2259 :

441 2295 622 2368 Neque
649 2303 951 2368 peccatores
981 2297 1040 2350 in
1065 2295 1292 2351 consitio
1314 2295 1610 2365 justorum.

371 2405 411 2457 C
440 2401 608 2475 Impii
640 2405 798 2470 sunt,
819 2402 919 2475 qui
951 2407 1215 2458 sanctam
1248 2400 1591 2457 Trinitatem
1619 2399 1955 2456 nullatenus

302 2492 672 2548 conﬁtentur.
727 2491 768 2547 C
818 2491 862 2547 Η
921 2491 1258 2564 Resurgunt
1309 2489 1498 2562 impii,
1560 2491 1659 2546 sed
1723 2507 1838 2545 non
1895 2489 1955 2544 in

294 2579 540 2652 judicio,
573 2580 713 2653 quia
733 2580 862 2652 jam
885 2579 1138 2652 jud‘cati
1168 2583 1326 2635 sunt.
1361 2579 1401 2634 C
1430 2579 1638 2634 Justus
1669 2578 1858 2652 Surgit
1895 2584 1958 2634 ut

295 2669 542 2742 judicet,
573 2673 843 2742 peccator
863 2669 1262 2740 utjudicetur.
1289 2667 1531 2740 Impius,
1560 2671 1626 2723 ut
1653 2668 1778 2723 sine
1800 2669 1959 2740 judi-

303 2757 390 2814 cio
414 2757 714 2831 puniatur.
729 2757 1066 2814 Peccatorcs
1089 2760 1229 2812 sunt
1249 2755 1561 2812 Christiani
1583 2756 1683 2812 sed
1707 2757 1958 2828 peccatis

303 2847 534 2904 obnoxii
545 2845 816 2918 ,quiideo
840 2863 957 2902 non
979 2849 1294 2919 resurgunt
1310 2845 1366 2900 in
1388 2845 1630 2901 consilio
1634 2846 1954 2917 justorum,

305 2937 364 2992 id
393 2941 482 2992 est
523 2935 584 2991 in
623 2935 850 3008 judicio
894 2935 1216 3008 justorum,
1251 2934 1389 3006 quia
1410 2936 1537 3006 jam
1567 2934 1705 3000 illis,
1740 2935 1960 2991 scilicet

295 3025 498 3099 justis,
547 3041 650 3098 per
695 3024 944 3099 gratiam
995 3022 1380 3080 confessionis
1431 3028 1665 3096 peccata
1713 3024 1960 3080 dimissa

303 3118 462 3172 sunt.
495 3114 557 3170 In
580 3130 695 3186 quo
717 3129 964 3169 numero
984 3116 1040 3167 et
1061 3111 1249 3168 sancti
1273 3117 1430 3180 sunt,
1455 3112 1596 3185 quia
1625 3111 1821 3169 nullus
1843 3114 1956 3168 nisi

301 3209 455 3260 Deus
506 3203 633 3259 sine
678 3206 914 3275 peccato
963 3203 1070 3256 est.
1103 3201 1145 3256 B
1175 3202 1358 3275 Super
1383 3202 1492 3258 Job
1527 3219 1540 3256 :
1572 3202 1674 3257 Hic
1723 3202 1957 3258 ordines

1978 531 2031 596 Α

2665 529 2994 587 PSALMUS
3037 529 3104 586 ll.

2509 637 2912 676 ARGUMENTUM
2953 637 3160 676 PSALMI
3203 637 3262 676 II.

2130 710 2169 763 C
2226 709 2513 781 Propheta
2588 709 2658 764 de
2744 713 3030 764 conventu
3109 708 3436 766 infidelium
3514 715 3718 768 contra

2057 796 2355 853 Christum
2379 797 2438 854 in
2463 798 2734 870 passione
2755 798 3037 871 loquitur.
3057 799 3126 854 Et
3147 799 3432 855 Dominus
3448 799 3716 856 Christus

2058 886 2129 942 de
2151 885 2534 960 omnipotenti
2558 903 2736 960 regno
2759 891 2815 942 et
2835 887 2904 944 de
2938 887 3312 944 inenarrabili
3345 889 3718 962 generatione

2059 993 2189 1032 sua.

2501 1068 2618 1124 TT.
2648 1072 2703 1133 -Ξ
2750 1068 3003 1124 Psalmus
3033 1067 3204 1124 David
3245 1073 3260 1133 ξ

2130 1157 2171 1212 C
2201 1157 2302 1212 Est
2352 1157 2460 1212 iste
2508 1154 2771 1229 psalmus
2814 1156 3141 1222 habendus,
3174 1157 3402 1231 primus
3431 1158 3488 1214 in
3521 1158 3712 1227 titulo,

2063 1247 2358 1302 secundus
2388 1246 2447 1302 in
2479 1247 2722 1313 ordine;
2757 1247 2912 1302 unde
2944 1247 3003 1302 in
3033 1247 3277 1303 Actibus
3315 1247 3712 1320 apostolorum

2061 1336 2276 1391 dicitur
2296 1336 2542 1408 primus.
2569 1337 2614 1391 H
2639 1335 2741 1391 Vel
2773 1336 2911 1408 quia
2942 1337 3098 1408 apud
3130 1337 3421 1405 Hebraeos,
3451 1337 3558 1394 iste
3579 1355 3713 1394 cum

2061 1425 2250 1497 primo
2269 1443 2422 1480 unus
2441 1423 2706 1502 psalmus
2724 1425 3014 1481 habentur
3027 1425 3152 1482 sine
3167 1425 3714 1482 titulo.Pertitulum

2061 1521 2254 1571 autem
2277 1513 2623 1586 intelligitur
2644 1516 3111 1587 uniuscujusque
3129 1514 3342 1571 Psalmi
3363 1515 3712 1573 intellectus.

2061 1604 2208 1668 Quid
2241 1608 2329 1659 est
2359 1604 2516 1659 enim
2547 1603 2756 1659 titulus
2787 1603 2900 1659 nisi
2932 1603 3132 1671 clavis,
3165 1607 3230 1660 ut
3259 1604 3341 1660 ita
3367 1604 3716 1662 dixerim.ln

2062 1695 2304 1748 domum
2360 1709 2474 1747 non
2534 1693 2860 1765 ingreditur
2917 1692 3027 1748 nisi
3087 1709 3190 1764 per
3243 1691 3485 1760 clavem,
3533 1694 3612 1748 ita
3661 1698 3720 1764 et

2065 1782 2534 1853 uniuscujusque
2583 1781 2792 1854 psalmi
2841 1779 3195 1847 intellectus,
3227 1798 3329 1854 per
3358 1781 3576 1838 clavem
3607 1782 3718 1839 hoc

2062 1877 2170 1937 est,
2206 1889 2306 1943 per
2336 1871 2576 1926 titulum
2608 1869 2977 1944 intelligitur,
3011 1870 3068 1926 in
3103 1872 3293 1943 cujus,
3329 1871 3547 1927 scilicet
3586 1889 3714 1944 per-

2063 1977 2210 2015 sona
2237 1965 2525 2025 cantatur,
2549 1965 2653 2016 aut
2673 1961 2728 2014 in
2748 1960 3244 2032 personaCbristi,
3267 1966 3368 2016 aut
3388 1961 3447 2015 in
3471 1978 3720 2033 persona

2063 2049 2350 2114 Ecclesia,
2401 2054 2502 2104 aut
2557 2049 2616 2105 in
2675 2066 2926 2122 persona
2983 2049 3300 2121 Prophetze,
3362 2054 3418 2106 et
3475 2051 3547 2106 de
3600 2067 3720 2122 qua

2064 2157 2124 2195 re
2154 2139 2248 2195 sit.

2101 2229 2126 2282 1
2209 2229 2387 2297 Quare
2416 2232 2763 2300 fremuerunt
2787 2233 2972 2297 gentes
3006 2248 3023 2283 :

2204 2319 2270 2373 Et
2295 2319 2488 2390 populi
2515 2319 2764 2374 meditati
2789 2326 2918 2374 sunt
2949 2319 3164 2373 inania.

2135 2411 2174 2463 C
2219 2407 2470 2480 Corripit
2521 2407 2616 2463 hic
2671 2407 2964 2480 Propheta
3020 2405 3288 2479 populos,
3349 2424 3464 2463 non
3525 2407 3718 2469 solum

2062 2497 2316 2563 Judznos,
2367 2497 2469 2551 sed
2518 2503 2574 2552 et
2622 2495 2889 2569 gentiles,
2942 2513 3048 2552 cur
3095 2496 3472 2554 fremuissent
3519 2502 3723 2553 contra

2065 2585 2384 2652 Christum,
2413 2586 2568 2657 quod
2620 2585 2849 2658 proprie
2898 2586 3153 2641 ferarum
3197 2589 3324 2653 est;
3360 2585 3722 2642 fremuerunt

2065 2674 2218 2730 enim
2253 2674 2510 2730 belluino
2543 2676 2758 2739 furore,
2800 2673 2938 2747 quia
2983 2679 3139 2730 recta
3169 2675 3392 2730 ratione
3423 2675 3718 2730 carebant.

2067 2763 2327 2819 Mcditati
2362 2767 2502 2819 sunt
2533 2763 2750 2830 inania,
2786 2780 2901 2818 non
2933 2762 3324 2836 intelligentes
3355 2765 3482 2835 ejus
3513 2763 3721 2820 adven-

2065 2857 2190 2908 tum
2221 2869 2350 2909 esse
2381 2854 2747 2909 fructuosum
2780 2853 3057 2908 omnibus
3087 2852 3478 2908 credentibus.

2099 2947 2135 2998 2
2207 2945 2506 2998 Astiterunt
2553 2959 2703 3012 reges
2755 2951 2921 3000 terra:
2956 2950 3008 2998 et
3032 2943 3312 3014 principes
3359 2934 3723 2998 convenerunt

2281 3034 2340 3087 in
2367 3048 2560 3087 unum.

2206 3121 2472 3180 Adversus
2499 3122 2795 3176 Dominum
2825 3139 2843 3176 :
2873 3129 2923 3176 et
2951 3119 3208 3176 adversus
3258 3121 3541 3177 Christum
3581 3121 3716 3191 ejus.

2277 3216 2332 3274 -Ξ
2378 3210 2697 3281 Diapsatma
2739 3215 2753 3274 ζ
3615 3199 3620 3204 ’

302 3297 584 3350 notantur
603 3295 856 3364 quatuor
877 3291 948 3346 de
969 3290 1060 3345 die
1079 3290 1308 3363 judicii,
1325 3291 1380 3346 id
1403 3296 1488 3346 est
1509 3291 1691 3346 sancti
1712 3291 1812 3364 qui
1823 3292 1950 3363 jam
1984 3277 2026 3342 C
2136 3303 2194 3354 ο,
2222 3300 2406 3371 Reges
2429 3277 2622 3354 ειᾷιρω
2647 3303 2832 3365 ωτι-ω,
2856 3298 3140 3354 Herodem
3161 3297 3321 3365 dicit,
3342 3299 3440 3371 qui
3467 3299 3721 3354 infantes

295 3381 548 3456 judicati
581 3385 721 3437 sunt
751 3381 821 3436 ad
854 3397 1122 3452 regnum,
1155 3384 1211 3436 et
1259 3397 1392 3436 cum
1442 3380 1670 3436 Christo
1718 3381 1963 3436 veniunt

305 3467 811 3543 adjudicandum.
847 3470 914 3524 Et
951 3468 1114 3540 impii
1161 3471 1286 3542 jam
1348 3470 1666 3542 adjudicati
1719 3475 1856 3526 sunt
1887 3471 1958 3526 ad

306 3557 684 3630 supplicium.
748 3556 1155 3614 Peccatoribus
1229 3558 1445 3614 dicitur
1509 3557 1608 3630 qui
1677 3559 1957 3632 pmniten-

307 3647 451 3703 tiam
534 3650 822 3720 egerunt:
880 3645 1104 3715 Venite,
1182 3647 1507 3716 benedicti;
1569 3652 1625 3704 et
1674 3648 1773 3720 qui
1842 3665 1959 3703 non

309 3740 598 3810 egerunt:
637 3735 920 3792 Discedite
971 3753 1005 3792 a
1057 3753 1168 3792 me.
1203 3741 1266 3792 In
1327 3737 1590 3802 consilio,
1638 3737 1696 3792 id
1752 3741 1842 3792 est
1899 3738 1958 3792 in

311 3828 526 3880 aeterno
569 3824 741 3894 bono,
774 3825 928 3897 quod
978 3826 1142 3898 sequi
1192 3825 1504 3882 consilium
1556 3827 1667 3881 fuit
1715 3825 1954 3882 sanctis.

309 3913 350 3969 Ο
407 3913 508 3969 Vel
569 3914 628 3969 in
702 3913 962 3980 consilio,
1027 3915 1084 3971 id
1137 3919 1226 3970 est
1281 3915 1342 3970 in
1392 3915 1638 3986 judicio,
1703 3919 1768 3970 ut
1823 3931 1956 3970 cum

305 4001 388 4058 eis
411 4003 697 4074 judicent.
725 4003 1022 4060 Judicium
1073 4005 1227 4060 enim
1277 4004 1336 4060 in
1382 4005 1626 4062 consilio
1671 4009 1782 4071 est,
1813 4005 1956 4060 dum

305 4091 470 4160 quasi
501 4109 570 4147 ex
599 4091 840 4148 consilio
889 4109 1276 4156 assessorum.
1311 4095 1543 4152 diversa
1592 4097 1827 4166 peccata
1866 4093 1955 4149 di-

303 4180 488 4237 versis
516 4181 704 4254 pcenis
733 4181 1064 4254 punientur.
1867 4179 1872 4186 ’

331 4288 368 4339 7
441 4289 720 4359 Quoniam
749 4291 899 4344 novit
929 4289 1189 4345 Dominus
1218 4291 1367 4345 vium
1384 4291 1665 4362 justorum
1697 4309 1714 4345 :

439 4376 502 4431 Et
533 4377 636 4432 iter
665 4377 962 4449 impiorum
990 4379 1206 4450 peribit.

365 4480 406 4535 C
435 4481 727 4538 Bonorum
752 4482 924 4549 viam,
950 4483 1007 4539 id
1031 4489 1138 4548 est,
1164 4501 1339 4556 opera
1368 4485 1508 4540 dicit
1541 4501 1710 4540 nosse
1749 4486 1946 4554 Deum,

295 4567 404 4624 iter
450 4569 767 4643 impiorum
830 4572 1037 4643 perire,
1085 4573 1254 4644 quasi
1314 4572 1595 4628 Dominus
1653 4578 1950 4646 utcunque

2069 3388 2298 3450 occidit,
2356 3385 2726 3458 alterumque
2787 3387 3072 3443 Herodem
3119 3391 3390 3459 nepotem
3438 3387 3566 3459 ejus
3622 3388 3724 3459 qui

2071 3477 2250 3532 Pilato
2273 3477 2330 3531 in
2356 3493 2494 3530 nece
2515 3475 2726 3532 Christi
2751 3475 3067 3532 consensit.
3089 3475 3386 3548 Principes
3404 3476 3726 3532 Pbarisaaos

2069 3566 2256 3621 dicit:
2294 3565 2564 3638 princeps
2622 3564 2818 3621 dictus
2875 3565 3044 3637 quasi
3091 3564 3281 3636 prima
3327 3565 3584 3638 capiens.
3615 3565 3727 3623 Ve-

2069 3659 2282 3711 nerunt
2311 3656 2370 3709 in
2405 3672 2582 3709 unam
2615 3653 2992 3721 voluntatem,
3029 3671 3141 3708 non
3175 3654 3234 3708 in
3269 3672 3453 3710 unum
3485 3671 3732 3711 conven-

2066 3746 2216 3807 tum,
2248 3742 2530 3796 adversus
2561 3740 2899 3815 Dominum)
2933 3741 2990 3796 id
3019 3745 3110 3797 est
3139 3741 3390 3808 Patrem,
3425 3742 3729 3799 Christum

2067 3832 2220 3902 ejus,
2253 3831 2310 3885 id
2341 3835 2430 3887 est
2459 3830 2694 3886 Filium.
2881 3891 2886 3899 ⁴

2101 3921 2135 3974 3
2207 3920 2624 3990 Disrumpamus
2653 3919 2877 3974 vincula
2907 3936 3097 3975 eorum
3129 3939 3147 3974 :

2206 4009 2271 4062 Et
2295 4007 2656 4078 projiciamus
2685 4013 2740 4071 -ξ
2779 4025 2815 4063 a
2841 4009 2999 4064 nobis
3043 4014 3056 4074 ζ
3093 4009 3291 4081 jugum
3327 4011 3590 4082 ipsorum.

2135 4097 2176 4152 C
2207 4095 2396 4150 Verba
2425 4094 2539 4150 ista
2570 4101 2708 4150 sunt
2751 4095 3116 4152 dementiam
3161 4097 3518 4152 Judzeorum.
3554 4095 3727 4152 Puta-

2064 4186 2205 4240 bant
2253 4184 2410 4240 enim
2461 4201 2522 4239 se
2570 4185 2804 4240 vincula
2851 4185 3210 4258 dirumpere,
3241 4184 3299 4240 id
3333 4189 3442 4257 est,
3473 4201 3724 4256 evange~

2063 4272 2174 4329 lica
2207 4277 2511 4346 praecepta,
2558 4273 2606 4330 si
2660 4273 2720 4328 in
2768 4279 3066 4330 auctorem
3117 4273 3264 4347 legis
3303 4276 3361 4329 et
3391 4273 3448 4328 in
3482 4269 3741 4346 aposto?

2061 4361 2147 4418 los
2177 4363 2306 4432 ejus
2339 4361 2612 4418 malivola
2639 4362 2936 4419 voluntate
2961 4367 3400 4436 consurgerent,
3428 4367 3484 4419 et
3506 4363 3721 4434 jugum

2062 4451 2320 4523 ipsorum
2355 4451 2658 4524 projicere,
2692 4468 2826 4506 cum
2867 4452 3083 4525 jugum
3135 4451 3367 4508 Domini
3415 4451 3490 4507 sit
3537 4467 3721 4525 suave

2057 4544 2112 4594 et
2133 4557 2284 4596 onus
2306 4523 2435 4611 ejus
2457 4539 2580 4596 leve
2603 4540 2812 4611 (Matth.
2835 4523 3254 4613 int—Vanaque
3283 4523 3584 4596 voluntate
3615 4540 3722 4595 de-

295 4659 530 4715 nesciat.
565 4660 673 4715 Sed
704 4663 794 4716 est
823 4677 1052 4727 sensus,
1089 4661 1196 4716 hoc
1228 4661 1340 4716 scit
1389 4661 1668 4717 Dominus
1699 4629 1868 4734 quod.
1891 4663 1946 4717 in
1979 4646 2025 4712 D
2057 4633 2226 4700 capt"
2263 4629 2551 4734 Ρυίθὶξεξξλί
2605 4646 2734 4734 θδυῗ
2781 4629 3242 4734 ξξοῖῖξωδξωθθφ
3287 4645 3719 4734 ενίξἫδεξηηθσξην

296 4747 650 4804 beatitudine
700 4750 1086 4821 permanebit,
1121 4749 1232 4805 hoc
1281 4750 1485 4814 nescit,
1519 4751 1672 4822 quod
1715 4751 1948 4822 peribit,

295 4834 350 4890 id
385 4841 472 4892 est
502 4837 773 4894 diabolus
804 4855 937 4894 cum
971 4837 1325 4910 sequacibus
1376 4839 1522 4905 suis,
1556 4839 1657 4910 qui
1712 4844 1801 4896 est
1845 4840 1952 4897 iter

295 4925 608 4996 impiorum
645 4925 702 4980 in
743 4943 915 4998 pcena
963 4932 1264 4998 perpetua.
1298 4927 1344 4980 A
1373 4925 1592 4982 Peribit
1619 4927 1818 5000 igitur,
1849 4946 1950 5000 pro

295 5028 410 5067 non
442 5014 618 5079 novit,
652 5014 818 5082 dixit,
853 5015 952 5068 sed
1008 5018 1065 5069 et
1113 5012 1349 5085 planius
1405 5014 1639 5082 dicitur,
1675 5016 1814 5088 quia
1843 5017 1951 5074 hoc
2051 5034 2063 5044 '

293 5105 382 5156 est
409 5101 618 5158 nesciri
651 5103 806 5174 quod
841 5102 1051 5175 perire,
1083 5107 1139 5157 et
1170 5101 1306 5156 sciri
1339 5119 1575 5158 manere
1605 5108 1664 5158 et
1692 5121 1840 5161 esse.

792 5277 998 5315 ORATIO
1036 5278 1106 5316 EX
1146 5274 1369 5315 PSALMO
1409 5278 1446 5315 Ι.

362 5417 538 5474 Efﬁce
597 5435 729 5486 nos,
771 5415 1036 5482 Domine,
1084 5421 1366 5486 tanquam
1412 5419 1948 5482 fructuosissimum

291 5503 518 5578 lignum
578 5511 713 5562 ante
757 5508 1133 5575 conspectum
1185 5508 1377 5575 tuum,
1411 5513 1475 5562 ut
1503 5509 1617 5564 tuis
1663 5512 1950 5570 imbribus

297 5593 539 5667 irrigati,
566 5609 901 5650 mereamur
931 5591 1035 5645 tibi
1067 5593 1335 5648 suavium
1369 5597 1664 5654 fructuum
1691 5602 1950 5660 ubertate

299 5683 524 5752 placere
555 5699 659 5754 per
688 5679 1004 5738 Dominum
1038 5683 1325 5750 nostrum,
1357 5690 1465 5740 etc.

2061 4734 2238 4789 quam
2289 4734 2350 4772 se
2388 4715 2643 4788 abjicere
2695 4717 3070 4786 festinabant,
3107 4719 3262 4774 unde
3311 4717 3520 4774 salvari
3563 4721 3722 4790 pote-

2065 4808 2218 4860 rant.

2098 4895 2131 4950 4
2207 4895 2312 4964 Qui
2339 4895 2550 4951 habitat
2579 4897 2636 4951 in
2667 4897 2817 4952 castis
2850 4896 3104 4953 irridebit
3130 4902 3186 4962 -ξ
3231 4911 3318 4952 eos
3361 4900 3374 4960 ζ

2205 4987 2278 5039 Iit
2305 4985 2563 5040 Dominus
2580 4985 2943 5040 subsannnbit
2973 5001 3080 5040 eos.

2131 5072 2386 5128 CCrelos
2440 5073 2533 5128 hic
2582 5077 2817 5133 sanctos
2869 5073 3029 5136 dicit,
3085 5074 3144 5129 in
3188 5073 3406 5146 quibus
3456 5073 3724 5130 Christus

2060 5161 2306 5217 habitat.
2343 5161 2611 5218 Irridebit
2640 5166 2698 5216 et
2729 5162 3140 5235 subsannabit,
3174 5179 3242 5218 ex
3273 5162 3534 5218 humano
3561 5179 3726 5220 more

2057 5251 2433 5322 suscipienda
2491 5255 2649 5308 sunt.
2715 5252 3022 5320 Caeterum,
3085 5268 3190 5308 nec
3271 5250 3476 5307 irriiet
3533 5250 3722 5308 ullum

2058 5339 2233 5406 Deus,
2267 5357 2371 5395 nec
2401 5341 2568 5396 vultu
2600 5341 2946 5408 subsannat,
2973 5342 3073 5396 sed
3106 5340 3320 5397 virtute
3351 5357 3461 5396 sua
3496 5341 3724 5413 peragit

2059 5445 2422 5501 quiscunque
2453 5429 2736 5501 disponit.

2094 5519 2130 5570 5
2209 5518 2352 5572 Tunc
2382 5519 2634 5590 loquetur
2657 5518 2728 5573 ad
2757 5535 2844 5574 eos
2874 5521 2932 5573 in
2964 5521 3053 5575 ira
3081 5536 3181 5575 sua
3212 5539 3230 5574 :

2205 5608 2278 5658 lit
2304 5608 2361 5660 in.
2386 5609 2576 5677 furore
2604 5623 2702 5661 suo
2731 5609 3078 5663 conturbabit
3107 5624 3215 5664 cos.

2137 5693 2176 5747 (ἒ
2205 5693 2364 5750 Tunc
2396 5694 2686 5766 loquetur.
2725 5694 2870 5751 Illud
2902 5702 3138 5769 tempus
3171 5696 3462 5770 significat
3492 5696 3721 5753 venturi
