3936 6438
239 435 320 501 53
1473 441 1912 509 'EXPOSlTIO
1955 445 2442 516 PSALMORUM
2453 495 2466 512 .
2715 457 2718 463 '
3585 454 3664 515 54

231 574 478 647 judieii.
533 578 629 632 Ira
675 591 816 650 ergo
864 572 963 634 Dei
1009 581 1066 634 et
1115 577 1276 635 furor
1323 583 1560 635 vocatur
1598 578 1902 636 retributio
1930 579 2168 647 Avitus
2214 587 2448 656 propter
2507 581 2776 640 timorem
2824 583 3106 653 videatur,
3166 585 3348 654 addit,
3397 588 3454 642 et
3505 589 3665 643 exul-

238 670 644 738 peccatorum,
681 683 822 723 nam
866 665 998 722 illos
1041 670 1235 723 motus
1287 667 1568 724 Divinitas
1609 685 1723 724 non
1754 668 1900 740 pati-

238 757 361 824 tur,
396 755 501 811 sed
534 753 800 810 humana
826 756 1251 812 consuetudine
1279 755 1374 812 hic
1403 755 1745 828 loquitur.l-I
1775 757 1900 813 Non

241 847 446 898 autem
486 843 569 898 ait
615 843 820 915 puniet
867 843 968 898 sed
1018 843 1295 913 turbabit,
1345 849 1410 898 ut
1451 843 1672 916 absque
1711 845 1900 917 pcenis

242 931 344 1002 qui
404 931 684 988 turbatus
731 935 824 987 est
871 931 1216 1004 corrigatur,
1266 948 1402 988 nam
1449 931 1537 987 ira
1583 932 1899 1004 aliquando

243 1020 581 1076 necessaria
610 1019 892 1075 correctio
921 1023 1032 1086 est,
1067 1024 1132 1074 ut
1177 1019 1361 1092 patris
1416 1020 1474 1075 in
1529 1019 1738 1088 ﬁlium,
1771 1038 1896 1078 me-

243 1105 355 1162 dici
389 1108 451 1163 in
483 1112 787 1181 aegrotum.

311 1197 348 1250 6
373 1197 520 1266 Ergo
549 1203 734 1252 autem
760 1198 1082 1253 constitutus
1109 1214 1233 1252 sum
1257 1214 1357 1253 rex
1401 1203 1455 1262 νέ-
1483 1197 1550 1253 ab
1579 1213 1640 1254 eo
1683 1211 1695 1258 ξ
1737 1215 1898 1270 super

457 1285 592 1342 Sion
622 1293 859 1341 montem
886 1293 1133 1341 sanctum
1165 1287 1299 1357 ejus.

374 1373 698 1432 Przdzcans
722 1379 1065 1446 praeceptum
1091 1376 1230 1447 ejus.

312 1463 359 1518 Η
391 1465 512 1536 Ego
544 1467 741 1518 autem
777 1466 912 1532 (vox
958 1462 1195 1534 Christi)
1240 1464 1592 1519 constitutus
1624 1481 1756 1519 sum
1799 1481 1894 1520 rex

238 1567 273 1604 α
321 1551 440 1607 Deo
491 1551 662 1606 Patre
709 1567 812 1622 pro
861 1555 1026 1622 parte
1069 1551 1286 1606 carnis.
1348 1553 1387 1606 C
1443 1551 1582 1607 Sion
1613 1552 1892 1608 Hebraica

235 1636 464 1711 lingua,
524 1639 726 1694 Latine
773 1640 994 1710 specula
1040 1638 1274 1704 dicitur,
1315 1646 1374 1694 et
1429 1639 1524 1694 hic
1574 1639 1889 1696 Ecclesiam

234 1729 558 1800 signiﬁcat,
585 1744 764 1800 quam
809 1733 868 1783 et
915 1733 1170 1783 montem
1221 1727 1491 1800 appellat,
1531 1731 1764 1800 propter
1807 1729 1888 1784 al-

231 1815 557 1872 titudinem
586 1815 826 1872 honoris
873 1821 932 1872 et
978 1816 1110 1872 ﬁdei
1160 1817 1521 1874 ﬁrmitatem.
1561 1817 1890 1875 Praedicans

231 1909 618 1978 praeceptum,
651 1905 698 1960 Η
729 1905 771 1962 C
802 1904 913 1961 hoc
937 1909 1025 1960 est
1055 1903 1448 1976 Evangelium.

303 1995 341 2047 7
373 1995 635 2050 Dominus
661 1993 808 2049 diluit
835 1993 911 2049 ad
935 2009 1062 2049 me:
1087 1993 1258 2048 Filius
1286 2009 1435 2049 meus
1465 2011 1518 2048 es
1548 1998 1641 2059 tu;

371 2085 484 2152 Ego
511 2080 668 2137 hodie
692 2083 864 2150 genui
893 2085 968 2136 te.

300 2169 346 2225 C
386 2169 693 2239 Dominus,
745 2168 1040 2240 signiﬁcat
1089 2169 1343 2225 Patrem.
1381 2167 1563 2224 Filius
1608 2185 1773 2224 meus
1823 2187 1885 2226 es

222 2243 314 2324 tu,
349 2264 418 2314 ut
446 2258 507 2313 in
539 2257 848 2330 Evangelio
883 2275 896 2312 :
939 2257 1042 2312 Hic
1069 2261 1160 2314 est
1190 2257 1371 2314 Filius
1419 2275 1586 2314 meus
1635 2257 1884 2314 dilectus

221 2348 444 2409 (Matth.
475 2363 560 2414 ιιι,
590 2347 974 2418 l7).Dicendo
1003 2350 1198 2402 autem
1229 2345 1882 2413 hodie,comternitatem

219 2451 345 2492 suae
376 2435 711 2507 maiestatis
747 2434 1027 2491 ostendit.
1067 2433 1252 2491 Genui
1301 2439 1378 2500 te,
1411 2434 1571 2490 illam
1615 2434 1881 2490 nativita-

217 2529 344 2580 tem
378 2523 694 2596 signiﬁcat,
726 2523 798 2579 de
844 2540 964 2596 qua
992 2522 1206 2579 dicitur
1237 2539 1250 2578 :
1284 2523 1724 2578 Generationem
1754 2525 1880 2595 ejus

219 2612 358 2685 quis
390 2612 691 2668 enarrabit
721 2613 855 2684 (lsa.
896 2611 1057 2684 Lm)?

289 2703 328 2755 8
359 2702 589 2757 Postulo
602 2719 636 2756 a
649 2717 756 2766 me,
773 2709 825 2758 et
839 2701 977 2757 dabo
992 2703 1037 2757 ti
1039 2701 1095 2756 bi
1101 2705 1285 2771 gentes
1298 2701 1676 2758 [nereditatem
1694 2705 1846 2756 tuam
1857 2720 1878 2755 :

314 2853 328 2860 η
429 2789 498 2844 Et
521 2791 918 2861 possessionem
950 2792 1104 2844 tuam
1131 2791 1389 2844 terminos
1418 2797 1600 2845 terrae.

289 2877 335 2932 C
365 2877 610 2934 Postula
639 2893 675 2932 a
701 2893 815 2944 me,
848 2876 906 2932 id
939 2881 1029 2932 est
1051 2875 1220 2932 obedi
1246 2881 1311 2932 ut
1339 2876 1530 2948 possis
1560 2876 1873 2948 postulare.

217 2965 533 3022 Postulare
577 2965 736 3021 enim
788 2965 883 3020 hic
921 2965 1186 3036 jubetur,
1219 2969 1286 3020 ut
1341 2969 1500 3038 petat
1549 2966 1874 3020 secundum

214 3054 745 3121 humanitatem,et
773 3057 1010 3125 accepta
1034 3053 1580 3124 possideat.Gentes
1611 3051 1875 3107 nationes

210 3141 546 3215 signiﬁcat;
579 3158 724 3215 gens
755 3142 912 3196 enim
945 3158 979 3196 a
1006 3157 1202 3212 genere
1231 3141 1542 3196 vocitatur.
1565 3140 1708 3196 Cum
1735 3139 1878 3195 dicit

209 3229 624 3286 hereditatem
655 3233 842 3295 tuam,
873 3232 1143 3284 naturam
1170 3245 1286 3284 suae
1315 3229 1558 3284 Deitatis
1587 3227 1863 3284 ostendit.

2013 674 2148 738 tate,
2183 673 2283 727 sed
2317 687 2399 728 ne‘
2419 672 2628 728 iterum
2679 671 2734 727 in
2783 673 3170 730 temeritatem
3211 679 3394 740 eatur,
3437 675 3659 744 subdit,

2009 775 2144 814 cum
2175 764 2446 816 tremore.
2485 764 2688 832 Itaque
2719 779 2790 817 ne
2819 761 3128 818 exsultatio
3159 763 3374 819 faceret
3403 781 3509 820 nos
3540 763 3660 820 ela-

2009 851 2118 915 tos,
2153 847 2333 917 addit,
2375 864 2508 904 cum
2561 863 2829 917 tremore,
2884 853 2948 904 ut
2995 843 3322 907 reverenter
3372 855 3482 907 Deo
3534 869 3652 908 ser-

2007 935 2220 992 viatur.

2078 1024 2146 1077 12
2173 1025 2574 1096 Apprehendite
2599 1025 2948 1097 disciplinam
2967 1046 2988 1081 .·

2174 1113 2457 1184 nequando
2491 1115 2817 1178 irascatur—3
2868 1115 3128 1172 Dominus
3168 1127 3186 1178 ;
3226 1123 3276 1172 et
3299 1118 3530 1188 pereatis
3559 1115 3651 1172 de—

2243 1203 2390 1266 via—3
2427 1201 2583 1272 justo
2626 1214 2640 1261 ἒ

2073 1291 2113 1342 C
2135 1286 2235 1343 Ille
2251 1288 2635 1360 apprehendit
2659 1288 3028 1362 disciplinam
3051 1291 3150 1364 qui
3175 1309 3236 1347 se
3261 1293 3452 1348 munit
3469 1293 3649 1364 pumi-

2002 1374 2182 1430 tentia
2208 1391 2343 1430 vera
2357 1382 2560 1432 contra
2577 1377 2746 1432 noxia
2762 1377 2922 1433 vitia.
2937 1379 3254 1451 Nequando
3277 1379 3334 1434 in
3357 1379 3449 1436 lon
3458 1397 3530 1454 εει
3548 1381 3642 1436 Dei

2002 1463 2284 1535 patientia
2313 1469 2508 1536 pereat
2537 1465 2608 1520 de
2637 1464 2728 1521 via
2749 1466 2998 1536 justa,id
3031 1470 3120 1522 est
3147 1467 3218 1523 de
3261 1467 3506 1536 Christo,
3541 1469 3641 1540 qui

2001 1555 2090 1606 est
2115 1569 2251 1607 vera
2276 1552 2369 1609 via
2397 1557 2548 1608 recte
2577 1553 3007 1610 ambulantium
3031 1555 3101 1610 ad
3124 1555 3321 1622 vitam,
3356 1557 3474 1611 dux
3499 1574 3642 1612 eun-

1999 1626 2168 1706 tium,
2193 1640 2300 1696 iter
2329 1642 2401 1696 ad
2435 1641 2852 1697 beatitudinem
2884 1642 3310 1700 festinantium.

2071 1729 2136 1782 13
2167 1730 2300 1785 Cum
2323 1731 2589 1785 exarserit
2618 1731 2676 1784 in
2704 1731 2856 1785 brevi
2885 1732 2969 1785 ira
2997 1731 3114 1802 ejus

2168 1817 2310 1872 beati
2337 1834 2517 1873 omnes
2545 1820 2641 1891 qui
2666 1819 2943 1889 conﬁdunt
2973 1821 3032 1873 in
3063 1836 3147 1876 eo.

2067 1905 2108 1960 Ο
2145 1905 2370 1960 Exarsit
2413 1905 2569 1962 enim
2613 1907 2670 1961 in
2719 1907 2875 1961 brevi
2907 1906 2994 1962 ira
3021 1909 3167 1978 ejus,
3201 1907 3258 1963 in
3291 1909 3388 1964 illo
3411 1909 3634 1980 judicio

1996 1993 2280 2059 brevi,ubi
2315 2011 2427 2050 non
2466 1999 2554 2050 est
2576 1994 2942 2067 singulorum
2989 1995 3406 2052 discussiosed
3456 1997 3632 2052 simul

1993 2082 2190 2137 omnia
2203 2082 2699 2153 judicatjudex.H
2718 2082 2875 2138 Beati
2888 2084 3217 2156 omnes,qui
3239 2103 3350 2140 non
3365 2085 3632 2142 homines

1993 2187 2179 2241 neque
2209 2169 2265 2224 in
2293 2170 2661 2242 semetipsos,
2693 2171 2792 2226 sed
2837 2171 2894 2225 in
2940 2172 3119 2227 Deum
3152 2173 3476 2230 conﬁdunt.
3518 2175 3630 2230 Iste

1993 2257 2254 2328 psalmus
2280 2259 2591 2325 ﬁnit,unde
2625 2259 2889 2330 superior
2917 2259 3203 2331 incipit,id
3225 2265 3312 2315 est
3334 2278 3368 2315 a
3390 2261 3630 2316 beatitu-

1991 2345 2143 2410 dine,
2176 2351 2233 2400 et
2262 2345 2388 2401 ideo
2417 2347 2571 2417 apud
2601 2347 2869 2402 Hebrazos
2899 2364 3000 2419 pro
3032 2365 3144 2403 uno
3176 2347 3483 2404 habentur.

2483 2451 2685 2490 ORATIO
2725 2452 2794 2489 ex
2834 2443 3000 2490 PSAL.
3048 2453 3131 2490 ιιι.

2058 2521 2386 2594 Disrumpe,
2421 2523 2682 2592 Domine,
2716 2527 3045 2578 nostrorum
3088 2523 3318 2579 vincula
3366 2530 3626 2596 peccato-

1986 2611 2356 2683 rum,utjugo
2379 2616 2488 2665 tum
2511 2611 2804 2666 servitutis
2827 2611 3340 2678 innexi,valeamus
3364 2613 3464 2667 tibi
3489 2631 3622 2668 cum

1986 2699 2192 2754 timore
2203 2704 2256 2754 et
2271 2700 2588 2754 reverentia
2600 2699 3000 2756 famulari.Per
3011 2701 3319 2756 Dominum
3335 2705 3532 2757 nostru
3543 2719 3618 2757 m.

1982 2785 2182 2843 Jesum
2212 2787 2529 2855 Christum,
2556 2792 2666 2844 etc.

2573 2893 2894 2950 PSALMUS
2935 2893 3030 2949 III.

2452 2981 2837 3020 ARGUMENTUM
2877 2982 3035 3020 PSAL.
3076 2981 3156 3020 ΙΙΙ.

2052 3053 2112 3106 C.
2136 3050 2401 3108 Christus
2430 3053 2500 3106 ad
2535 3052 2760 3107 Patrem
2791 3052 2860 3106 de
2885 3053 3356 3124 persecutoribus
3388 3055 3512 3110 suis
3543 3053 3622 3109 lo-

1982 3139 2526 3210 quitur.lnstruitur
2556 3139 2742 3194 ﬁdelis
2772 3139 3021 3211 populus
3049 3158 3117 3196 ne
3149 3146 3396 3198 mortem
3427 3141 3623 3196 formi-

1981 3227 2096 3293 det,
2128 3227 2265 3298 quia
2294 3231 2497 3282 auctor
2523 3228 2650 3298 ejus
2682 3228 3034 3300 resurgendo
3061 3245 3224 3298 spem
3253 3245 3400 3284 verre
3431 3246 3620 3284 resur-

206 3317 542 3374 Hereditas
572 3317 646 3372 ad
677 3318 808 3373 hero
835 3315 991 3372 dicto
1017 3320 1125 3384 est,
1158 3317 1216 3371 id
1243 3320 1332 3371 est
1361 3333 1395 3370 a
1427 3317 1668 3373 Domino
1717 3316 1870 3388 quod
1903 3297 1944 3364 C
1984 3297 2255 3369 rectionis
2286 3313 2563 3370 exhibuit.

206 3405 271 3461 in
303 3423 377 3461 ea
407 3409 699 3478 potestate
744 3405 931 3461 libera
971 3405 1322 3460 dominetur.
1355 3405 1496 3460 Cum
1547 3404 1688 3460 dicit
1735 3422 1866 3478 pos-

202 3494 568 3556 sessionem,
601 3493 904 3549 universas
945 3496 1148 3566 gentes
1194 3492 1518 3548 crediturus
1544 3493 1857 3566 signiﬁcat.

198 3581 478 3638 Termini
513 3586 702 3646 terrai,
735 3579 1130 3637 substantiam
1160 3579 1219 3635 in
1265 3579 1372 3636 hoc
1421 3581 1681 3636 omnium
1714 3599 1868 3638 crea-

193 3675 491 3725 turarum
522 3669 647 3724 vult
678 3668 954 3742 intelligi.

274 3759 314 3812 9
342 3765 524 3828 Roges
552 3775 641 3814 eos
671 3760 730 3814 in
759 3759 919 3827 virga
945 3761 1124 3830 ferrea
1155 3777 1173 3812 :

342 3849 416 3902 Et
442 3853 710 3919 tanquam
735 3862 828 3901 vas
855 3846 1019 3916 ﬁguli
1035 3847 1346 3918 confringes
1371 3863 1475 3902 eos.

271 3937 318 3991 (Ζ
351 3935 546 4006 Reges
576 3951 696 4001 eos,
731 3934 788 3989 id
821 3938 911 3990 est
957 3937 1303 4006 potestatem
1353 3937 1713 4006 tyrannicam
1761 3954 1864 3991 au-

185 4023 358 4079 feres
408 4023 485 4078 ab
534 4023 644 4078 eis.
687 4021 774 4078 Illi
825 4025 1112 4093 reguntur
1158 4021 1259 4094 qui
1311 4022 1632 4079 salvantur.
1689 4024 1866 4096 Virga

183 4111 396 4167 ferrea
436 4109 719 4165 fortitudo
769 4113 861 4164 est
905 4109 1220 4182 mquitatis.
1277 4109 1637 4184 Confringes,
1672 4113 1731 4168 id
1777 4118 1866 4168 est

181 4215 307 4271 per
334 4197 744 4253 conversionis
789 4196 1052 4252 studium
1101 4202 1364 4254 conteres
1392 4198 1451 4254 in
1483 4200 1566 4255 eis
1605 4205 1864 4257 terrenas

180 4287 593 4360 cupiditates.
633 4285 784 4342 Bene
832 4283 989 4341 enim
1042 4289 1310 4356 peccator
1357 4287 1476 4341 vasi
1508 4287 1666 4344 luteo
1705 4306 1861 4344 com-

178 4380 474 4448 paratur,
506 4378 573 4428 ut
627 4372 944 4428 contractio
1002 4373 1130 4444 ejus
1187 4372 1372 4429 facilis
1431 4379 1487 4430 et
1541 4376 1658 4430 vita
1710 4376 1866 4433 lutea

175 4467 596 4526 monstretur,
627 4461 728 4516 sed
779 4460 839 4516 in
886 4460 1096 4516 melius
1139 4466 1458 4532 reparatur,
1493 4481 1626 4519 cum
1669 4465 1864 4521 divina

170 4551 390 4623 gratia
421 4549 487 4604 in
519 4547 891 4620 spiritualem
921 4548 1218 4604 hominem
1252 4550 1612 4621 perducitur.

259 4640 339 4694 10
368 4640 442 4694 Et
471 4653 644 4702 nunc,
673 4653 845 4707 reges,
877 4635 1175 4707 intelligite
1199 4655 1219 4693 :

367 4725 700 4782 Erudimini
722 4730 778 4790 σ-ξ
826 4726 923 4797 qui
961 4737 977 4785 :
1009 4725 1276 4797 judicatis
1304 4730 1525 4782 terram.

251 4817 306 4872 C
340 4815 542 4882 Nunc,
576 4829 769 4886 reges.
813 4813 997 4885 Reges
1043 4813 1438 4871 dominatores
1467 4817 1740 4872 vitiorum
1773 4817 1858 4874 di-

165 4906 288 4972 cit,
351 4902 461 4976 qui
515 4901 638 4956 hazc
695 4900 1020 4973 intelligere
1061 4905 1120 4957 et
1159 4902 1402 4974 implere
1447 4907 1685 4962 Domino
1717 4925 1858 4978 prie-

161 4997 392 5052 stante
415 4989 704 5045 valent.H
728 4988 976 5055 Erudiri,
1008 4989 1201 5045 doceri
1232 4995 1348 5059 est;
1383 4991 1492 5063 ipsi
1525 4994 1681 5050 enim
1717 4995 1861 5050 bene

149 5080 467 5153 judicent
497 5083 744 5144 terram,
771 5077 830 5132 id
879 5081 970 5132 est
1019 5077 1344 5143 ecclesiam,
1384 5081 1485 5152 qui
1532 5083 1687 5137 bona
1734 5101 1859 5155 quae

158 5169 540 5241 intelligunt
571 5165 720 5221 alios
751 5166 984 5222 docent.
1023 5165 1066 5220 C
1095 5167 1275 5223 Terra
1304 5173 1496 5224 autem
1527 5171 1682 5226 dicta
1711 5176 1798 5227 est
1827 5189 1862 5227 a

155 5257 439 5315 terendo.

240 5349 274 5403 1
291 5348 320 5401 1
359 5345 585 5400 Servite
610 5343 844 5398 Domino
873 5344 934 5398 in
959 5345 1154 5399 timore
1174 5362 1196 5397 .-

355 5435 426 5489 Et
459 5431 744 5488 exsultate
770 5434 824 5495 -ξ
869 5432 922 5486 ei
961 5443 977 5490 ζ
1021 5447 1144 5486 cum
1171 5439 1424 5488 tremore.

235 5527 294 5579 Α
327 5520 565 5578 Servite
596 5517 876 5576 Domino.
918 5519 984 5574 Et
1027 5535 1099 5574 ne
1147 5507 1508 5590 superbiant,
1542 5523 1760 5587 subdit,
1795 5524 1855 5580 in

149 5616 424 5668 timore.
464 5609 509 5665 C
540 5608 716 5666 Sicut
765 5605 923 5662 enim
967 5605 1144 5662 timor
1191 5607 1290 5662 Dei
1343 5608 1551 5664 delicta
1583 5611 1853 5679 excludit,

153 5704 248 5757 ita
314 5698 618 5756 securitas
670 5693 880 5766 culpas
930 5694 1210 5752 admittit.
1252 5697 1358 5751 Sed
1392 5714 1460 5752 ne
1493 5699 1702 5755 misera
1735 5717 1853 5755 ser-

1978 3403 2234 3458 Tnuws
2275 3420 2480 3457 pssum
2512 3418 2526 3456 :
2558 3403 2812 3458 Psalmus
2839 3401 3012 3457 Dauid
3041 3418 3165 3456 cum
3181 3404 3392 3474 fugeret
3417 3420 3450 3458 a
3479 3406 3624 3474 facie

2257 3561 2264 3566 _
2541 3491 2768 3546 Absalon
2798 3492 2909 3562 ﬁlii
2936 3493 3043 3545 sui.
3585 3513 3596 3522 ι

2045 3580 2106 3634 C.
2139 3579 2320 3634 Totus
2351 3577 2444 3634 hic
2475 3577 2736 3651 psalmus
2785 3579 2854 3633 ad
2905 3595 3213 3651 personam
3261 3579 3472 3636 Christi
3523 3597 3620 3636 re-

1971 3665 2172 3722 fertur.
2205 3669 2441 3739 Oportet
2470 3672 2663 3722 autem
2711 3684 2846 3722 eum
2883 3667 3120 3722 tertium
3170 3667 3358 3724 locum
3390 3673 3612 3737 tenere,

1974 3757 2114 3827 quia
2141 3761 2351 3811 sanctae
2384 3755 3065 3822 Trinitatis,ettriduanze
3097 3757 3535 3813 resurrectionis
3559 3759 3617 3812 in

1974 3861 2035 3898 se
2068 3843 2339 3916 mysteria
2369 3843 2648 3899 continet.
2689 3845 2831 3900 Nam
2869 3862 2970 3916 per
2999 3844 3401 3901 liberationem
3436 3845 3615 3900 David

1973 3931 2316 3987 resurrectio
2347 3931 2558 3987 Christi
2581 3931 2961 4004 signiﬁcatur.

2045 4021 2069 4072 1
2103 4021 2346 4086 Domine,
2379 4019 2511 4090 quid
2539 4021 2892 4091 multiplicati
2917 4025 3048 4075 sunt
3074 4023 3174 4094 qui
3201 4023 3472 4077 tribulant
3498 4022 3614 4078 me?

2209 4109 2380 4163 Multi
2408 4110 2702 4178 insurgunt
2731 4108 3151 4163 adversum'me.

2043 4195 2084 4249 C
2115 4199 2233 4250 Ista
2251 4196 2424 4250 verba
2444 4195 2582 4250 dicit
2603 4195 2890 4266 Propheta
2919 4196 2990 4250 ad
3004 4195 3400 4266 mirando,cur
3426 4197 3613 4252 Judaei

1975 4283 2283 4339 Dominum
2313 4283 2691 4338 tribulassent
2721 4287 2777 4338 et
2805 4289 3028 4350 gentes,
3060 4301 3094 4338 a
3124 4301 3239 4354 quo
3271 4283 3482 4339 salvari
3513 4285 3610 4340 de-

1971 4372 2237 4438 debeant,
2279 4374 2397 4425 tam
2432 4370 2599 4425 multi
2627 4370 2782 4425 enim
2816 4371 3050 4426 fuerunt
3081 4375 3382 4442 surgentes
3413 4376 3614 4429 contra

1971 4459 2289 4524 Christum,
2325 4461 2388 4512 ut
2437 4458 2507 4512 de
2555 4475 2796 4512 numero
2828 4457 3248 4528 discipulorum
3278 4457 3460 4514 Judas
3493 4459 3610 4516 illis

1971 4546 2144 4603 fuerit
2177 4563 2326 4600 unus
2359 4551 2731 4617 aggregatus.

2038 4637 2058 4690 l
2095 4635 2252 4690 Multi
2279 4633 2468 4690 dicunt
2493 4635 2698 4689 anima:
2727 4649 2862 4690 mea:
2882 4651 2900 4688 :

2135 4726 2256 4777 Non
2283 4727 2363 4777 est
2391 4723 2540 4778 salus
2573 4723 2678 4793 ipsi
2709 4723 2768 4776 in
2797 4722 2900 4778 Deo
2919 4728 2972 4787 ἐ·
2999 4721 3114 4793 ejus
3155 4733 3171 4780 ζ

2081 4801 2086 4806 ’
2175 4811 2510 4882 Diapsalma.

2039 4916 2079 4970 C
2111 4915 2529 4987 Repetit,multi
2559 4915 2780 4981 dicunt,
2800 4920 2865 4970 ut
2892 4917 3160 4972 ostendat
3189 4916 3605 4972 densissimam

1969 5003 2491 5074 stultissimamque
2517 5003 2829 5075 impiorum
2854 5003 3176 5059 versaniam
3193 5046 3202 5057 .
3221 5003 3350 5059 Ideo
3381 5004 3602 5060 dicunt:

1968 5091 2090 5146 Non
2112 5097 2200 5146 est
2219 5090 2302 5145 illi
2327 5091 2516 5156 salus;
2552 5092 3000 5162 putabantenim
3018 5109 3128 5146 non
3143 5091 3353 5148 habere
3378 5093 3604 5148 Patrem

1969 5179 2334 5234 dilectionem
2370 5178 2518 5244 Filii,
2551 5196 2724 5249 quem
2757 5180 3064 5235 carnaliter
3091 5181 3357 5250 permisit
3385 5180 3595 5238 occidi.

2035 5269 2068 5320 3
2104 5269 2175 5322 Tu
2203 5275 2404 5334 autem,
2431 5268 2660 5322 Domine
2684 5277 2956 5338 susceptor
2983 5285 3134 5323 meus
3153 5275 3207 5332 ι-ἑ·
3233 5286 3287 5325 es
3328 5283 3342 5330 :

2169 5354 2348 5410 Gloria
2378 5371 2499 5408 mea
2521 5358 2572 5408 et
2601 5355 2851 5410 exultans
2881 5359 3044 5426 caput
3072 5372 3271 5411 meum.

2037 5445 2074 5494 (1
2108 5441 2415 5506 llic,Filins
2437 5446 2831 5512 susceptorem
2850 5443 3074 5498 Patrem
3095 5449 3261 5497 vocat
3277 5443 3603 5498 secundum

1966 5530 2210 5583 formam
2245 5529 2642 5595 servi,necnon
2675 5529 2916 5601 gloriam
2948 5535 3004 5584 et
3026 5527 3430 5585 exaltationem
3455 5528 3606 5598 capi-

1963 5617 2037 5671 tis
2071 5618 2183 5681 sui,
2219 5623 2279 5672 ut
2309 5618 2501 5672 divina
2533 5617 2904 5686 lunuanaque
2936 5616 3265 5671 substantia
3307 5631 3424 5670 una
3453 5617 3606 5669 esset

1965 5705 2090 5761 sine
2122 5705 2314 5775 aliqua
2346 5706 2686 5778 confusione
2715 5719 2986 5776 persona.
