3936 6380
265 452 329 518 3‘7
1460 446 1879 532 Exposmo
1922 446 2426 535 PSALMORUM.
3555 464 3634 531 ss

264 593 389 645 cunt
416 587 582 646 multi
604 589 1124 667 dubitando,quod
1146 614 1248 653 nec
1269 599 1433 671 pauci
1460 600 1807 669 debuerunt,
1826 602 1883 657 id
1914 606 1968 673 Α
1996 607 2106 661 TT.
2141 606 2394 661 Psalmus
2426 603 2601 661 David
2627 621 2726 678 pro
2773 621 2836 662 ea
2874 619 3000 678 quae
3043 605 3416 663 hereditatem
3443 623 3631 663 conse—

263 683 342 733 est
370 680 853 737 resurrectionem
876 699 1003 738 esse
1022 688 1324 758 venturam
1356 693 1412 743 et
1440 690 1724 746 bonorum
1746 707 1887 763 prae-

262 765 405 821 mia?
432 766 533 822 Cui
564 767 1009 843 interrogationi
1040 774 1239 831 statim
1282 780 1483 833 sancta
1531 782 1717 834 mater
1765 795 1884 834 res-

263 855 462 926 pondet
490 855 690 913 dicens
725 874 738 912 :
775 859 1105 932 Signatum,
1139 867 1246 918 etc.

290 944 320 995 7
384 942 677 1013 Signatum
703 955 786 1002 est
809 963 972 1019 super
988 966 1087 1005 nos
1109 952 1292 1008 lumeu
1322 954 1502 1009 vultus
1521 956 1624 1022 tui,
1640 955 1880 1024 Domine,

386 1032 597 1087 Dedisti
628 1035 891 1090 laetitiam
921 1039 980 1091 in
1009 1039 1165 1095 corde
1194 1058 1327 1098 meo.

321 1119 357 1174 C
384 1119 687 1194 Signatum
720 1126 811 1178 est
840 1128 1019 1196 super
1046 1144 1153 1182 nos
1183 1127 1380 1185 lumen
1412 1130 1608 1186 vultus
1631 1132 1882 1205 tui,quia

257 1205 391 1291 sicut
412 1226 690 1265 nummus
716 1211 1084 1284 imperatoris
1104 1215 1280 1272 habet
1296 1217 1723 1291 imaginem,ita
1745 1221 1881 1277 fide-

253 1290 393 1351 libus
417 1297 581 1369 signa
611 1298 868 1356 ccelestis
900 1290 1486 1376 regisimprimuntur
1506 1309 1566 1362 in
1588 1308 1879 1380 baptismo

252 1388 300 1439 et
340 1384 463 1440 aliis
511 1390 925 1459 sacramentis,
957 1390 1065 1449 hoc
1113 1398 1220 1464 est,
1253 1393 1624 1466 signaculum
1667 1403 1877 1453 sanctae

251 1472 441 1537 crucis,
473 1490 588 1545 quo
624 1475 895 1532 diabolus
937 1478 1246 1551 eil'ugatur.
1283 1482 1503 1538 Lumen
1552 1489 1641 1540 est
1684 1484 1878 1541 vultus

252 1557 357 1621 Dei,
389 1560 699 1633 impressio
729 1565 941 1631 crucis,
975 1568 1116 1637 quia
1162 1585 1261 1623 eos
1308 1569 1600 1628 illuminat
1649 1590 1879 1645 semper

250 1645 338 1717 qui
383 1665 441 1703 se
470 1666 582 1704 non
618 1650 893 1721 polluunt
924 1653 1044 1709 ulla
1073 1656 1372 1726 pravitate.
1408 1660 1690 1716 Lmtitiam
1735 1662 1878 1717 dicit

250 1739 401 1788 rectm
430 1736 581 1806 ﬁdei,
609 1742 753 1794 tunc
783 1740 943 1795 enim
1000 1741 1267 1800 laetamur
1311 1748 1606 1816 veraciter,
1642 1751 1875 1821 quando

230 1822 387 1877 'recte
413 1825 730 1881 credimus.
762 1829 807 1883 A
837 1828 939 1883 Vel
971 1829 1169 1887 lumen
1220 1832 1360 1889 illud
1410 1836 1597 1908 gratia
1626 1837 1727 1893 Dei
1765 1844 1871 1905 est,

249 1909 428 1967 infusa
450 1914 632 1970 menti
665 1919 1145 1991 reparandae,qua
1174 1923 1318 1978 ratio
1347 1923 1664 1996 insignitur
1690 1931 1753 1981 ut
1783 1927 1876 1982 de-

248 1999 434 2056 narius
461 2002 613 2074 regis
646 2003 995 2078 imagine,et
1025 2008 1134 2064 hoc
1164 2008 1361 2066 lumen
1383 2018 1472 2068 est
1491 2017 1677 2072 totum
1707 2018 1763 2069 ct
1782 2032 1873 2071 νϐ-

247 2102 369 2141 rum
400 2088 652 2147 hominis
685 2092 932 2153 bonum.

276 2176 308 2227 8
375 2180 410 2233 Α
438 2181 627 2250 [ructu
654 2186 928 2253 frumenti
950 2193 1001 2240 et
1031 2187 1154 2242 vini
1181 2194 1235 2253 -ε
1279 2197 1328 2244 et
1358 2191 1468 2246 olei
1494 2193 1583 2247 sui
1620 2195 1640 2261 ζ

373 2264 727 2340 Μαιιίριίεατί
750 2281 899 2327 sunt.

306 2351 344 2406 C
370 2354 656 2414 Admonet
684 2375 783 2414 eos
815 2360 915 2432 qui
944 2362 1279 2421 carnalibus
1308 2367 1480 2422 rebus
1513 2367 1714 2424 intenti
1747 2388 1875 2427 esse

244 2441 953 2519 probantur,multiplicati
986 2455 1127 2506 sunt
1145 2452 1301 2508 enim
1327 2456 1599 2526 pessimis
1622 2460 1869 2526 actibus,

244 2528 293 2583 id
313 2534 397 2617 est
416 2535 717 2590 mundana
742 2536 1037 2610 voluptate
1054 2541 1484 2613 c'ompletineo
1506 2546 1868 2617 addidit,sui,

242 2616 365 2687 quia
393 2626 722 2691 peccatores
750 2624 880 2681 istis
900 2630 1148 2683 utuntur
1176 2631 1422 2687 terrenis
1443 2616 1869 2703 fructibus,non

241 2708 546 2764 secundum
600 2718 889 2785 prmcepta
931 2715 1046 2784 Dei,
1081 2718 1181 2772 sed
1233 2721 1556 2776 secundum
1587 2723 1876 2781 desideria

240 2809 355 2849 sua.
391 2796 514 2866 Vel,
543 2799 659 2867 sui,
692 2801 750 2856 id
784 2807 872 2858 est
903 2804 1137 2875 Christi,
1172 2808 1341 2880 panis
1371 2812 1539 2882 cujus
1570 2812 1732 2868 vivus
1764 2819 1872 2884 est,

237 2886 287 2970 et
311 2884 508 2941 vinum
539 2887 862 2959 inebrians,
896 2896 954 2947 et
978 2893 1169 2949 oleum
1202 2901 1392 2970 caput,
1410 2899 1466 2954 id
1498 2905 1587 2956 est
1617 2907 1871 2960 mentem

236 2968 624 3061 impinguans.
642 2978 1023 3036 Frumentum
1046 2999 1177 3040 vero
1195 2968 1418 3061 dictum
1439 2991 1528 3042 est
1546 3005 1579 3043 a
1605 2991 1868 3060 frumine,

234 3058 284 3151 id
316 3065 401 3151 est
427 3079 461 3116 a
489 3080 732 3121 summa
760 3072 922 3139 parte
953 3070 1129 3142 gulae;
1153 3058 1379 3145 antiqui
1400 3076 1555 3131 enim
1579 3058 1752 3151 caput
1772 3058 1874 3151 gn?-

234 3144 295 3201 lae
327 3148 548 3207 frumen
580 3156 885 3211 vocabant.

267 3235 301 3286 9
368 3239 430 3293 In.
454 3257 594 3311 pace
622 3244 680 3296 in
714 3244 954 3317 idipsum
986 3266 1004 3300 :

362 3326 643 3385 Dormiam
672 3337 724 3387 et
755 3337 1119 3406 requiescam,

290 3411 428 3505 Cl‘ie
446 3422 691 3488 putares
708 3438 905 3493 pacem
930 3422 1103 3480 istam
1127 3428 1501 3499 temporalem
1526 3432 1863 3505 signiﬁcari,

227 3500 320 3554 sed
352 3501 899 3566 incommutabilem
932 3512 1341 3587 ccelestemque
1364 3518 1421 3572 in
1446 3500 1615 3575 corde
1645 3500 1867 3593 perma-

226 3595 471 3680 nentem,
505 3593 641 3651 ideo
671 3597 812 3653 dicit
841 3598 900 3653 in
941 3600 1219 3673 idipsum,
1254 3609 1317 3658 ut
1366 3605 1673 3680 intelligas,
1704 3609 1866 3666 nulla

222 3677 489 3771 varietate
514 3681 575 3737 in
598 3683 795 3757 seipsa
807 3703 1001 3743 veram
1017 3705 1219 3760 pacem
1233 3677 1837 3754 mutatam.Dormiam
1848 3738 1865 3767 ,

220 3763 271 3855 id
310 3770 398 3821 est
428 3767 488 3823 in
523 3770 656 3842 ipsa
686 3790 829 3844 pace
871 3776 1051 3832 vitam
1103 3778 1323 3835 finiam.
1374 3782 1754 3855 Requiescam
1803 3763 1861 3841 in

215 3849 406 3909 futura
432 3856 817 3929 beatitudine,
833 3864 1070 3935 quando
1082 3867 1209 3937 jam
1229 3869 1458 3940 requies
1475 3849 1712 3928 dabitur
1734 3891 1865 3932 san-

214 3940 319 3996 ctis
350 3946 407 3998 et
437 3947 714 4017 pausatio
737 3949 1011 4021 gloriosa.

215 4029 277 4082 10
349 4030 630 4098 Quoniam
657 4043 735 4102 tu,
770 4038 1013 4109 Domine,

343 4119 735 4189 Singulariter
764 4127 824 4180 in
852 4142 947 4198 spe
974 4132 1306 4187 constituisti
1330 4150 1433 4189 me.

274 4203 331 4296 C.
366 4208 708 4296 Singularis
738 4229 872 4285 spes
902 4220 991 4271 est
1010 4218 1272 4275 Ecclesia:
1303 4220 1359 4276 in
1395 4224 1673 4282 membris
1712 4227 1860 4296 suis,

207 4291 338 4361 quia
368 4295 499 4387 sola
519 4299 744 4387 recipit
774 4317 1018 4373 regnum
1048 4304 1171 4373 Dei,
1201 4309 1354 4380 quod
1386 4308 1550 4383 impii
1580 4330 1694 4385 non
1728 4291 1859 4387 pos;

205 4386 336 4473 sunt
366 4384 649 4473 adipisci.
682 4387 829 4443 Cum
861 4390 1022 4459 dicit,
1051 4393 1412 4452 Constituisti
1444 4415 1554 4466 me,
1570 4384 1862 4473 signilicat

206 4465 439 4539 dignam
477 4472 986 4549 deliberatamque
1018 4483 1387 4551 sententiam,
1422 4503 1596 4558 quam
1625 4465 1725 4545 hic
1756 4491 1859 4547 ha-

205 4569 332 4612 mus
363 4558 423 4613 in
458 4577 593 4633 spe,
625 4561 704 4616 ibi
736 4565 1072 4635 possidetur
1101 4568 1158 4624 in
1184 4587 1261 4626 re.

712 4704 919 4745 ORATIO
958 4708 1028 4746 sx
1069 4709 1225 4750 PSAL.
1270 4713 1372 4752 IIII.

265 4802 492 4862 Exaudi
519 4824 652 4876 nos,
670 4809 935 4877 Domine,
954 4818 1011 4869 et
1039 4815 1097 4871 in
1132 4818 1610 4878 tribulationibus
1640 4827 1857 4883 nostris

198 4888 475 4985 miserere
504 4895 767 4985 nobis,et
787 4900 887 4971 qui
920 4901 1083 4958 solus
1104 4905 1498 4978 magniﬁcans
1524 4910 1578 4965 in
1602 4913 1853 4985 populis,

194 4977 523 5047 spiritalem
555 4983 821 5042 letitiam
854 4988 1128 5055 tribue,et
1155 4977 1342 5067 inispe
1372 4977 1857 5058 munerum-futu-

195 5079 389 5125 rerum
421 5072 792 5130 constitutis.
823 5075 928 5132 Per
947 5077 1258 5136 Dominum
1292 5089 1580 5154 nostrum,
1608 5093 1716 5144 etc.

816 5234 1049 5291 PSALM
1059 5237 1144 5293 US
1184 5243 1250 5294 V.

687 5338 1090 5381 AMUMENTUM
1130 5343 1287 5382 PSAL.
1328 5345 1381 5383 ν.

251 5438 311 5492 C.
344 5440 636 5510 Ecclesia,
671 5460 844 5501 suam
878 5463 1121 5518 poscens
1150 5451 1471 5508 orationem
1498 5457 1854 5529 audiri,pra3-

185 5522 337 5583 dicat
368 5528 690 5589 haereticos
723 5537 783 5588 et
829 5534 1237 5593 schismaticos
1268 5555 1302 5593 a
1332 5540 1559 5597 Domini
1612 5522 1851 5602 munere

185 5612 605 5752 Excludendos,
627 5620 821 5676 felicia
852 5620 1092 5694 insuper
1120 5642 1583 5687 commemorans
1614 5633 1850 5702 prmmia

222 5708 516 5752 calorum-

222 5708 492 5761 calorum
505 5749 517 5761 .

2715 696 2920 765 quitur.

2064 782 2122 837 C.
2156 782 2264 838 Pro
2294 799 2361 837 ea
2410 798 2535 854 quae
2583 781 2978 837 haereditatem
3009 781 3404 853 consequitur,
3440 780 3627 837 Eccle-

1992 869 2139 926 siam
2171 870 2666 943 significat,cujus
2696 886 2944 941 persona
2972 869 3031 924 in
3064 869 3174 924 hoc
3201 857 3426 941 psalmo
3447 870 3626 925 intro-

1992 959 2751 1031 ducitur,quia,resurgente
2775 958 3104 1026 Christo,ad
3139 974 3267 1013 eam
3300 958 3630 1029 spiritualia

1990 1047 2142 1103 bona
2165 1051 2571 1119 pervenerunt,
2603 1047 2661 1103 id
2694 1051 2781 1102 est
2810 1047 2972 1113 ﬁdes,
3008 1063 3164 1119 spes,
3195 1045 3469 1102 charitas.

2027 1137 2051 1191 1
2133 1137 2313 1191 Verba
2340 1151 2462 1191 mea
2487 1141 2542 1200 -ξ
2588 1136 2815 1191 auribus
2847 1153 2866 1191 :
2885 1136 3119 1207 percipe,
3150 1137 3378 1192 Domine
3420 1142 3434 1200 ξ

2132 1225 2380 1293 Intelligo
2409 1224 2702 1280 clamorem
2721 1239 2921 1279 meum.

2059 1313 2100 1367 C
2129 1311 2395 1369 Psalmus
2425 1311 2553 1379 iste,
2588 1316 2653 1366 ut
2678 1310 2960 1384 superior,
2975 1312 3047 1367 ad
3081 1310 3293 1367 Christi
3311 1311 3623 1368 Ecclesiam

1987 1401 2254 1472 pertinet.
2286 1400 2536 1457 Dicendo
2567 1405 2762 1456 autem
2790 1400 2964 1455 verba
2992 1416 3139 1466 mea,
3174 1399 3294 1455 oris
3334 1400 3627 1472 signiﬁcat

1986 1488 2391 1562 psalmodiam.
2414 1487 2675 1561 Intellige
2692 1487 3006 1544 clamorem
3036 1492 3323 1553 meum,ut
3353 1489 3623 1544 allectum

1985 1576 2177 1632 cordis
2207 1576 2456 1649 aperiret
2485 1576 2648 1648 petit.
2681 1576 2858 1632 Trina
2886 1577 2999 1633 ista
3026 1575 3289 1648 repetitio
3329 1592 3512 1631 unum
3545 1578 3621 1631 si-

1985 1665 2242 1737 gniﬁcat,
2275 1683 2406 1722 cum
2452 1664 2590 1720 dicit
2632 1664 2878 1737 percipe,
2910 1663 3185 1738 intelligo,
3218 1664 3471 1731 intende,
3522 1681 3625 1736 per

1984 1755 2233 1828 figuram
2266 1757 2632 1824 metabolem,
2649 1774 2775 1829 quas
2799 1761 2888 1812 est
2916 1755 3090 1811 unius
3112 1755 3193 1811 rei
3221 1754 3331 1809 sub
3353 1754 3622 1811 varietate

1982 1845 2291 1901 verborum
2322 1845 2567 1913 iteratio,
2601 1846 2760 1901 auris
2791 1846 2861 1901 ab
2888 1844 3090 1900 auditu
3122 1843 3353 1899 dicitur.

1906 1971 1953 2036 Β
2017 1935 2052 1986 2
2222 1934 2442 1990 Intende
2468 1936 2587 2036 vo'oi
2614 1936 2877 1991 orationis
2903 1948 3042 1990 meae
3081 1941 3098 1999 ζ

2123 2022 2237 2077 Rem
2262 2038 2413 2078 meus
2444 2031 2495 2079 et
2523 2025 2658 2079 Deus
2685 2039 2858 2078 meus.

2052 2109 2093 2164 C
2124 2109 2363 2166 Intende
2389 2110 2534 2178 voci,
2560 2111 2730 2166 modo
2756 2110 2918 2174 dicit,
2941 2114 3005 2165 ut
3029 2108 3279 2165 declaret
3298 2107 3617 2164 orationem

1980 2195 2129 2253 hanc
2147 2214 2275 2254 esse
2298 2199 2606 2269 perfectam
2633 2216 2760 2271 quae
2781 2199 3106 2255 inflammat
3125 2198 3363 2255 atl‘ectus
3380 2197 3616 2253 mentis.

1983 2285 2100 2340 Rex
2126 2302 2292 2342 meus
2339 2292 2397 2341 et
2444 2287 2598 2342 Deus
2640 2304 2805 2341 meus
2851 2290 2909 2342 et
2949 2286 3225 2357 quoniam
3258 2287 3328 2341 ad
3360 2290 3413 2340 te
3443 2286 3618 2340 orabo

1980 2373 2242 2441 Domine,
2260 2375 2370 2430 ista
2391 2374 2679 2431 sententia
2697 2373 3077 2447 distinguitur
3096 2375 3156 2429 in
3177 2374 3462 2445 personis,
3488 2373 3615 2428 uni-

1979 2464 2070 2517 tas
2098 2467 2291 2518 tamen
2325 2463 2595 2518 credatur
2625 2463 2682 2518 in
2717 2467 2942 2527 natura,
2978 2460 3242 2534 quamvis
3292 2461 3449 2517 enim
3498 2465 3617 2517 tres

1980 2549 2259 2617 nominet,
2294 2568 2407 2606 non
2451 2555 2646 2606 tamen
2694 2551 2994 2615 intendite,
3028 2551 3127 2606 sed
3185 2549 3441 2618 intende,
3488 2553 3615 2605 tan-

1984 2654 2159 2709 quam
2191 2640 2261 2694 ad
2295 2656 2477 2695 unum
2509 2639 2671 2695 dixit.

2016 2728 2050 2781 3
2123 2728 2391 2795 Quoniam
2418 2729 2489 2783 ad
2517 2724 2565 2783 te
2594 2728 2776 2795 orabo,
2802 2729 3038 2783 Domine
3067 2746 3084 2781 :

2116 2816 2275 2871 Mane
2299 2817 2557 2873 exaudies
2592 2832 2765 2873 vocem
2790 2832 2985 2873 meam.

2050 2903 2092 2959 C
2121 2905 2204 2959 Ad
2234 2907 2290 2961 te
2319 2905 2514 2970 orabo,
2539 2905 2597 2960 id
2626 2909 2733 2974 est,
2759 2922 2871 2960 non
2903 2905 2974 2960 ad
3006 2904 3290 2972 alium,ut
3316 2903 3531 2978 pagani
3561 2909 3617 2960 et

1980 2990 2283 3061 increduli,
2303 2998 2441 3049 tunc
2472 3011 2533 3050 se
2554 2993 2756 3049 merito
2778 2994 2963 3050 credit
2983 2993 3234 3050 Ecclesia
3252 3009 3421 3048 mane
3440 3009 3613 3049 exau-

1978 3080 2086 3134 diri
2097 3097 2250 3137 .cum
2280 3082 2339 3136 in
2371 3082 2559 3138 lucem
2581 3083 2831 3138 caelestis
2853 3081 3315 3137 conversationis.
3335 3081 3610 3152 eruperit,

1977 3168 2123 3251 etin
2149 3169 2379 3226 exordio
2408 3172 2691 3226 bonorum
2743 3174 2979 3225 actuum
3033 3169 3328 3224 veritatem
3378 3168 3614 3240 coeperit

1978 3273 2143 3311 mens
2162 3256 2491 3313 illuminata
2504 3274 2870 3331 cognoscere.
2887 3258 3053 3313 Mane
3069 3257 3225 3312 enim
3247 3257 3607 3328 deprecatur,

1897 3330 1939 3396 C
1978 3343 2076 3415 qui
2122 3344 2180 3398 in
2233 3343 2427 3400 lucida
2480 3330 2914 3404 conversatione
2968 3344 3173 3417 degere
3227 3343 3608 3415 dignoscitur,

1976 3449 2145 3488 mane
2175 3433 2331 3488 enim
2363 3434 2636 3498 dicimus,
2669 3450 2824 3498 cum,
2857 3431 3141 3488 discussis
3172 3430 3446 3497 tenebris,
3470 3429 3609 3487 clari

1972 3519 2212 3576 luminis
2242 3522 2522 3577 adventus
2550 3520 2795 3577 infulsit.

2008 3610 2039 3663 4
2113 3614 2278 3666 Mane
2305 3611 2489 3666 astabo
2518 3611 2620 3666 tibi
2648 3618 2699 3667 et
2726 3609 2912 3666 videbo
2941 3628 2959 3665 :

2113 3700 2382 3766 Quoniam
2410 3716 2518 3754 non
2548 3700 2686 3755 Deus
2716 3700 2897 3755 volens
2928 3698 3273 3770 iniquitatem
3302 3704 3361 3752 tu
3388 3712 3461 3752 es.

2043 3786 2109 3841 H.
2144 3786 2373 3858 Repetit
2395 3804 2581 3853 mane,
2606 3787 2662 3843 id
2693 3791 2801 3855 est,
2835 3785 3143 3858 incipiente
3173 3784 3299 3840 luce
3324 3785 3605 3840 virtutum

1924 3896 1931 3901 ο
1971 3872 2027 3928 ἱη
2061 3874 2258 3930 anima
2279 3875 2646 3947 n1ea,quando
2675 3876 2776 3931 tibi
2803 3880 2950 3931 stare
2974 3890 3082 3930 non
3112 3875 3217 3929 alii
3234 3874 3325 3930 sed
3346 3874 3448 3928 tibi
3463 3880 3605 3929 stare

1971 3978 2050 4018 ca:
2077 3980 2196 4019 'ero.
2212 3964 2334 4019 Non
2361 3964 2701 4031 sed-ere,non
2723 3965 2935 4035 jacere,
2952 3963 3053 4021 sed
3075 3965 3307 4027 stare,et
3330 3961 3605 4019 statueris

1968 4067 2145 4125 supra
2176 4056 2394 4123 petram
2426 4053 2599 4123 pedes
2652 4068 2832 4119 meos,
2864 4056 3002 4107 tunc
3050 4066 3151 4122 per
3202 4051 3344 4106 istos
3386 4049 3604 4121 gradus

1969 4140 2232 4196 merebor
2262 4144 2317 4195 te
2342 4139 2549 4196 videre.
2583 4140 2684 4196 Vel
2714 4140 2917 4196 astabo
2947 4139 3051 4195 tibi
3073 4142 3225 4194 recte
3253 4137 3514 4206 vivendo,
3548 4142 3605 4195 et

1969 4226 2190 4294 videbo,
2225 4228 2577 4284 subauditur
2605 4232 2660 4284 te
2686 4226 2871 4283 oculis
2901 4225 3111 4283 cordis.
3144 4225 3186 4280 C
3213 4226 3311 4280 Est
3348 4226 3509 4295 ordo,
3538 4229 3601 4279 tu

1968 4331 2030 4370 es
2060 4315 2233 4381 Deus,
2267 4315 2365 4385 qui
2418 4315 2789 4387 iniquitatem
2839 4313 2991 4369 nolle
3037 4311 3419 4391 cognosceris,
3446 4313 3600 4384 quid

1968 4401 2123 4457 enim
2153 4400 2312 4458 aliud
2343 4407 2534 4474 potest
2564 4403 2718 4458 Deus
2738 4401 2900 4468 velle,
2930 4401 3041 4456 nisi
3065 4401 3218 4472 quod
3238 4399 3365 4472 ipse
3394 4401 3599 4472 proba-

1969 4494 2064 4545 tur
2090 4490 2432 4562 praacipere?
2462 4490 2615 4546 sicut
2663 4490 2744 4545 ait
2791 4489 2991 4555 Isaias,
3024 4505 3130 4561 ego
3178 4488 3458 4544 Dominus
3498 4490 3599 4561 qui

1966 4577 2167 4655 loquor
2188 4578 2482 4650 justitiam
2512 4582 2572 4633 et
2597 4577 2881 4634 annuntio
2912 4577 3221 4648 recta-(Isa.
3254 4576 3401 4648 xw).

1890 4688 1935 4752 Ι)
2000 4669 2036 4723 5
2108 4668 2285 4740 Neque
2315 4667 2582 4723 habitabit
2594 4667 2762 4739 juxta
2792 4674 2842 4722 te
2870 4665 3176 4734 malignus,-

2104 4760 2288 4827 Neque
2310 4758 2708 4827 permanebunt
2736 4755 2929 4827 injusti
2956 4762 3083 4810 ante
3110 4753 3290 4810 oculos
3318 4759 3453 4808 tuos.

2033 4847 2072 4902 C
2101 4846 2407 4917 Nequeunt
2460 4845 2719 4901 habitare
2759 4845 2930 4916 juxta
2988 4842 3283 4899 Christum
3332 4842 3391 4896 in
3431 4841 3598 4897 beato

1962 4949 2161 5006 regno,
2195 4934 2295 5005 qui
2350 4933 2628 5007 gehennae
2675 4932 3027 4989 cruciatione
3071 4929 3390 4986 damnandi
3438 4934 3595 4984 sunt.

1967 5022 2005 5076 Il
2034 5021 2202 5078 Recte
2236 5021 2318 5077 illi
2349 5038 2544 5078 coram
2566 5021 2691 5094 ipso
2710 5038 2823 5076 non
2848 5017 3594 5092 permaneredicuntur-qui

1962 5110 2035 5165 ab
2065 5111 2193 5181 ejus
2223 5125 2398 5181 regno
2428 5109 2690 5181 privandi
2739 5112 2895 5165 sunt.
2929 5108 2989 5163 Si
3039 5106 3196 5162 enim
3248 5110 3395 5162 Deus
3444 5105 3596 5178 ignis

1959 5201 2065 5265 est,
2100 5202 2156 5253 et
2200 5196 2353 5269 ignis
2401 5213 2774 5262 consumens,
2822 5194 3157 5266 quicunque
3215 5194 3432 5266 stipula
3484 5198 3593 5258 est,

1962 5285 2299 5357 quicunque
2328 5284 2557 5357 lignum
2589 5288 2697 5351 est,
2724 5283 2873 5357 Iugit
2901 5282 2972 5337 ab
3005 5281 3136 5354 igne
3167 5299 3241 5337 ne
3286 5296 3595 5339 consuma-

1964 5383 2075 5428 tur.
2092 5372 2149 5427 Si
2178 5388 2312 5428 vero
2343 5370 2784 5443 aurum,ignem
2815 5386 2929 5424 non
2946 5370 3098 5442 fugit
3117 5386 3232 5441 quo
3255 5368 3598 5441 puriﬁcatur

1960 5462 2137 5527 (Deut.
2171 5460 2271 5530 ιν).

1992 5550 2027 5602 6
2101 5546 2276 5603 Odisti
2305 5562 2487 5603 omnes
2517 5548 2613 5617 qui
2641 5551 2933 5617 operantur
2963 5544 3309 5613 iniquitatem
3335 5559 3356 5595 .-

2101 5636 2299 5692 Perdes
2346 5640 2398 5699 ἑκ
2426 5651 2608 5690 omnes
2674 5642 2692 5699 τ
2736 5633 2832 5702 qui
2861 5632 3159 5702 loquuntur
3185 5627 3549 5683 mendacium.

2029 5724 2073 5779 ll
2105 5725 2228 5781 Non
2280 5723 2444 5791 dixit,
2480 5724 2575 5793 qui
2625 5717 2844 5790 operati
2895 5721 3032 5807 sunt
3078 5713 3465 5783 iniquitatem,
3495 5702 3594 5757 sed
