3936 6452
253 411 331 480 59
1161 415 1226 478 S.
1272 412 1672 480 BRUNONIS
1717 413 2333 478 HERBIPOLENSIS
2377 413 2756 478 EPISCOPI.
3593 407 3676 471 60

253 547 356 622 qui
387 550 702 622 operantur
747 544 1138 622 iniquitatem.
1173 548 1318 605 Nam
1367 549 1660 606 habentur
1707 547 1840 605 odio
1869 566 1904 604 a
1933 551 1986 618 Α
2019 549 2141 606 lum
2171 549 2387 606 veritas
2417 565 2532 606 non
2558 553 2648 605 est
2676 546 2734 604 in
2764 564 2863 604 ore
2891 562 3116 613 eorum,
3139 561 3340 601 verum
3375 542 3550 601 etiam
3582 561 3676 602 se-

253 637 524 706 Domino,
546 636 646 710 qui
676 641 1046 710 perseverant
1068 635 1128 693 in
1151 638 1404 710 peccatis
1428 655 1616 711 usque
1637 637 1695 693 in
1728 637 1904 694 ﬁnem

253 727 418 796 vitae;
451 729 726 782 amantur
754 725 852 798 qui
885 727 1038 798 quod
1073 727 1293 799 Operati
1335 731 1474 783 sunt
1509 726 1680 792 male,
1707 743 1904 783 emen-

255 817 420 874 dant.
445 816 655 872 Perdes
685 814 1122 882 eos,hzereticos
1153 815 1578 889 signiﬁcat,qui
1611 819 1696 870 tot
1723 815 1908 871 homi-

254 922 359 962 nes
391 922 524 961 cum
555 903 858 960 mendacio
887 905 1180 973 occidunt,
1205 909 1349 977 quot
1397 905 1455 959 in
1504 903 1774 961 hmresim
1818 905 1907 960 in-

254 995 595 1051 troducunt.

287 1085 322 1137 7
401 1085 587 1142 Virum
615 1085 952 1156 sanguinum
980 1088 1030 1140 et
1061 1083 1307 1140 dolosam
1355 1085 1770 1140 abominabitur
1811 1084 1910 1140 Do-

465 1175 689 1242 mMm;

397 1265 505 1332 Ego
524 1270 705 1320 autem
736 1265 791 1319 in
819 1263 1174 1319 multitudine
1199 1263 1594 1320 misericordize
1623 1271 1755 1320 tum.

326 1352 368 1409 C
395 1352 497 1407 Vir
525 1351 880 1426 sanguinum
911 1357 1020 1419 est,
1053 1353 1152 1425 qui
1175 1353 1434 1408 humano
1459 1369 1664 1408 cruore
1696 1349 1909 1424 pollui-

255 1445 370 1510 tur,
404 1441 500 1498 ille
532 1441 820 1508 similiter,
851 1442 950 1514 qui
983 1442 1204 1514 decipit
1251 1441 1310 1497 in
1361 1442 1552 1514 gratia
1598 1441 1814 1508 vivum,
1848 1444 1912 1495 ut

254 1530 528 1587 hzeretici.
566 1531 813 1586 Dolosus
844 1537 951 1596 est,
987 1531 1087 1603 qui
1131 1531 1322 1586 sciens
1375 1529 1620 1596 malum,
1652 1530 1910 1586 alienum

255 1620 483 1694 Operari
519 1620 725 1676 nititur
756 1621 1020 1686 exitium,
1056 1624 1120 1674 ut
1150 1636 1284 1676 eum
1319 1619 1519 1674 fraude
1551 1619 1820 1690 decipiat.
1845 1619 1916 1674 Et

256 1713 346 1766 est
376 1708 548 1764 dolus
578 1708 810 1782 proprie
841 1709 898 1763 in
935 1709 1108 1777 facto,
1144 1708 1302 1764 fraus
1334 1708 1391 1762 in
1424 1708 1620 1773 verbo,
1656 1706 1742 1763 Illi
1777 1707 1913 1763 abo-

258 1797 583 1864 minantur,
603 1797 702 1868 qui
732 1797 947 1852 Christi
972 1797 1210 1868 praemia
1238 1796 1517 1868 consequi
1540 1813 1655 1852 non
1685 1813 1914 1866 meren-

260 1890 378 1942 tur.
410 1886 456 1942 A
485 1885 685 1942 Solent
715 1885 872 1942 enim
905 1886 1227 1942 abominati
1261 1885 1375 1941 dici
1405 1885 1774 1942 exhaaredati.
1808 1884 1912 1949 Qui

260 1980 457 2033 autem
491 1975 876 2048 consequitur
904 1975 1301 2032 haereditatem
1347 1974 1664 2044 cmlestem,
1699 1973 1918 2030 exultat

260 2066 320 2121 in
353 2082 455 2138 spe
487 2065 688 2120 dicens
723 2081 734 2120 :
769 2065 888 2138 Ego
919 2069 1138 2130 autem,
1173 2069 1280 2120 etc.

297 2157 331 2210 8
403 2155 647 2212 Introibo
676 2157 735 2210 in
767 2155 994 2210 domum
1022 2161 1204 2221 tuam;

403 2243 647 2301 Adorabo
697 2243 768 2300 ad
809 2243 1069 2316 templum
1113 2247 1367 2300 sanctum
1413 2251 1569 2299 tuum
1621 2244 1678 2298 in
1725 2244 1920 2298 timore

476 2341 586 2390 tuo.

333 2423 378 2478 H
409 2423 450 2479 C
483 2421 814 2478 Introibunt
855 2421 1006 2494 justi
1056 2421 1116 2476 in
1169 2422 1410 2478 domum
1467 2419 1703 2485 Christi,
1737 2418 1795 2474 id
1828 2423 1920 2474 est

262 2515 526 2568 sanctam
581 2511 923 2582 Ecclesium,
956 2511 1076 2566 sive
1123 2511 1416 2567 cmlestem
1457 2508 1843 2566 Hierusalem.
1878 2507 1919 2562 C

261 2599 574 2673 Templum
607 2604 900 2670 sanctum,
926 2602 1148 2672 corpus
1176 2603 1265 2655 est
1312 2599 1546 2655 Domini
1595 2598 1750 2672 quod
1783 2599 1920 2669 jure

263 2690 468 2746 adorat
487 2687 746 2745 Ecclesia
767 2688 825 2744 in
858 2689 1090 2744 timore.
1117 2689 1264 2752 Quia
1283 2693 1423 2744 tunc
1445 2689 1588 2744 ﬁdes
1612 2688 1782 2743 ﬁrma
1809 2690 1918 2753 est,

261 2778 499 2852 quando
533 2793 732 2834 amore
763 2781 920 2834 casto
953 2782 1010 2833 et
1046 2778 1276 2846 timore,
1311 2777 1588 2834 divinitas
1619 2777 1917 2833 adoratur.

261 2869 307 2924 A
336 2867 438 2924 Vel
470 2865 760 2940 templum
787 2865 1018 2923 caeleste
1067 2883 1080 2922 :
1131 2867 1204 2923 ad
1258 2868 1413 2940 quod
1463 2868 1660 2935 adoro,
1695 2866 1837 2922 dum
1867 2863 1920 2920 ei

262 2956 538 3030 operibus
570 2956 740 3012 bonis
769 2961 827 3012 et
856 2955 1221 3012 orationibus
1251 2956 1676 3030 appropinquo,
1712 2971 1825 3010 non
1859 2953 1919 3010 in

261 3063 328 3103 eo
356 3062 489 3103 vero
519 3047 622 3102 sed
655 3062 832 3120 prope
861 3050 919 3102 et
947 3046 1018 3102 ad
1043 3045 1235 3118 ipsum
1270 3046 1470 3118 adoro,
1495 3047 1636 3102 dum
1670 3043 1915 3119 gloriam

261 3135 363 3192 Dei
387 3152 504 3191 non
534 3135 722 3190 video.

2017 637 2312 708 pulcrum,
2343 643 2452 696 etc.

2019 730 2078 784 11
2157 729 2484 801 Sepulcrum
2507 733 2703 800 patens
2732 732 2810 784 est
2839 731 3036 796 guttur
3055 741 3264 781 eorum.
3299 725 3528 794 Linguis
3555 725 3674 780 suis

2231 819 2415 874 dolose
2441 817 2710 887 agebant;

2158 907 2360 964 Indica
2392 907 2537 974 illos,
2567 908 2730 962 Deus.

2091 997 2132 1052 C
2163 995 2508 1068 Sepulcrum
2541 995 2777 1064 mortui,
2811 999 2899 1050 est
2927 997 3132 1068 guttur
3160 990 3518 1060 mentientis,
3539 989 3679 1065 quia

2019 1085 2176 1142 sicut
2207 1087 2278 1141 de
2309 1085 2577 1160 sepulcro
2609 1085 2758 1141 fetor
2786 1083 3000 1153 malus,
3031 1083 3112 1139 ita
3157 1082 3229 1138 de
3276 1097 3375 1138 ore
3422 1080 3674 1137 haeretici

2020 1191 2198 1248 prava
2227 1175 2492 1231 doctrina
2516 1177 2816 1248 profertur.
2851 1174 3082 1237 Patens,
3115 1172 3165 1228 si
3195 1169 3463 1227 clausum
3495 1175 3674 1236 esset,

2023 1265 2220 1320 minus
2249 1265 2480 1331 feteret;
2515 1264 2564 1321 si
2601 1263 2898 1330 tacuisset,
2934 1262 3132 1318 minus
3175 1259 3494 1317 nocuisset.
3527 1260 3675 1332 Age-

2022 1354 2164 1410 bant
2193 1353 2392 1410 dolose
2421 1351 2808 1426 linguis,quia
2827 1350 3111 1407 malitiam
3135 1366 3248 1405 non
3267 1347 3460 1405 solum
3485 1347 3545 1404 in
3565 1347 3678 1404 lin-

2021 1461 2137 1518 gua
2167 1444 2266 1500 sed
2295 1443 2472 1499 etiam
2504 1443 2563 1498 in
2593 1446 2726 1499 actu
2757 1441 3164 1507 ostendebant,
3198 1455 3312 1494 non
3343 1441 3540 1494 autem
3573 1455 3677 1510 op-

2022 1534 2166 1589 tavit
2190 1531 2448 1589 Ecclesia
2477 1536 2606 1588 voto
2652 1529 3098 1594 maledictionis,
3133 1528 3237 1584 sed
3285 1527 3485 1583 futura
3532 1544 3676 1600 pra:-

2024 1622 2189 1678 dixit.
2223 1623 2271 1678 Η
2299 1622 2507 1678 Judica
2537 1620 2690 1687 illos,
2727 1621 2896 1686 Deus,
2930 1623 2994 1674 ut
3023 1617 3280 1675 sentiant
3309 1621 3364 1672 te
3387 1615 3676 1688 judicem,

2026 1711 2128 1784 qui
2161 1715 2216 1767 te
2245 1715 2472 1783 patrem
2501 1709 2718 1766 sentire
2750 1707 2957 1764 nolunt
2980 1723 2992 1762 :
3016 1706 3117 1779 qui
3139 1703 3514 1778 judicaturus
3533 1720 3596 1760 es
3619 1703 3680 1760 in

2025 1801 2160 1867 ﬁne,
2183 1801 2388 1872 judica
2415 1799 2592 1855 etiam
2623 1815 2799 1866 nunc,
2821 1801 2887 1853 ut
2917 1801 2978 1853 ut
3003 1797 3180 1852 sciant
3211 1798 3262 1851 te
3290 1811 3375 1851 res
3406 1793 3684 1848 humanas

2026 1891 2311 1962 respicere.

2023 1980 2095 2036 42
2168 1981 2428 2037 Occidunt
2455 1997 2489 2036 a
2517 1980 2939 2050 cogitationibus
2965 1979 3082 2032 suis
3113 1995 3132 2032 :
3161 1974 3461 2032 secundum
3489 1973 3681 2028 multi-

2236 2071 2481 2126 tudinem
2512 2071 2856 2142 impietatum
2885 2083 3073 2124 eorum
3092 2065 3304 2138 expelle
3331 2080 3453 2132 eos;

2171 2160 2440 2228 Quoniam
2470 2161 2838 2216 irritaverant
2868 2165 2938 2223 te,
2971 2151 3224 2222 Domine,

2098 2249 2140 2304 C
2167 2249 2440 2305 Decidere
2473 2247 2704 2321 proprie
2733 2244 2968 2314 dicitur,
2992 2243 3094 2317 qui
3125 2242 3248 2317 spei
3279 2258 3398 2299 sum
3419 2239 3685 2298 amissio-

2028 2356 2100 2395 ne
2123 2338 2448 2406 fraudatur,
2479 2337 2755 2394 decidant
2774 2335 2956 2408 igitur
2977 2333 3222 2400 inimici,
3256 2347 3329 2388 ne
3352 2329 3684 2404 impietates

2028 2427 2429 2502 impietatibus
2459 2429 2732 2500 augeant.
2767 2425 2813 2480 Η
2836 2421 3070 2496 Expelle
3099 2439 3221 2488 eos,
3253 2421 3326 2476 ab
3361 2419 3680 2492 impietati-

2027 2519 2140 2573 bus
2169 2516 2313 2585 suis,
2346 2516 2432 2573 vel
2465 2517 2537 2572 ab
2567 2513 2842 2571 Ecclesia.
2875 2513 2916 2568 C
2946 2512 3094 2576 Quia
3125 2513 3358 2566 tantum
3415 2511 3684 2581 peccator

2029 2608 2100 2663 ab
2135 2607 2234 2663 illa
2279 2605 2514 2680 longius
2560 2605 2844 2670 redditur,
2877 2606 3166 2676 quantum
3205 2614 3519 2656 numeroso
3563 2597 3683 2653 cri-

2029 2696 2186 2753 mine
2215 2695 2512 2752 dilatatur.
2536 2693 2916 2751 Irritaverunt
2943 2690 3143 2764 aegroti
3192 2687 3354 2755 mali,
3388 2685 3680 2742 medicum

2029 2787 2270 2856 bonum,
2295 2785 2355 2842 id
2385 2791 2475 2842 est
2500 2784 2821 2851 Christum,
2853 2781 2992 2855 quia
3022 2778 3282 2836 remedia
3309 2793 3428 2834 sua:
3472 2773 3681 2832 salutis

2029 2879 2398 2949 respuerunt.

2031 2967 2100 3021 13
2173 2970 2239 3022 At
2269 2966 2528 3022 letentur
2555 2978 2738 3020 omnes
2759 2961 2855 3036 qui
2881 2965 3104 3032 sperant
3135 2958 3195 3012 in
3225 2964 3310 3024 te;

2170 3055 2233 3110 In
2259 3063 2530 3112 aeternum
2551 3051 2875 3109 exultabant
2903 3057 2954 3105 et
2981 3047 3254 3103 habitabis
3291 3045 3348 3098 in
3378 3044 3478 3100 eis.

2099 3145 2142 3201 C
2170 3145 2464 3202 Laetentur
2493 3147 2550 3198 et
2578 3139 2956 3197 exsultabant
2983 3137 3042 3192 in
3073 3133 3684 3205 mternum,sperantes

295 3225 332 3278 9
426 3226 670 3290 Domine,
693 3224 958 3282 deducme
990 3227 1049 3280 in
1064 3225 1292 3296 justitia
1311 3233 1406 3282 tua
1419 3231 1644 3299 propter
1667 3227 1920 3282 inimicos
1961 3301 1988 3304 ,γ
2029 3235 2088 3290 in
2119 3231 2674 3304 Domino,quoniam
2694 3229 2968 3286 videntur
2985 3231 3043 3283 et
3062 3223 3227 3298 impii
3259 3222 3320 3279 in
3341 3221 3451 3278 hoc
3473 3218 3684 3277 saeculo

475 3331 622 3371 meos
633 3335 655 3384 ,-

405 3405 592 3477 Dirige
623 3406 683 3460 in
715 3415 997 3478 conspectu
1025 3422 1141 3462 meo
1174 3407 1320 3462 viam
1348 3414 1518 3462 tuam.

335 3493 376 3548 C
407 3493 674 3550 Postulat
720 3512 754 3550 a
803 3493 1050 3550 Domino
1095 3494 1303 3550 deduci
1349 3494 1423 3550 ad
1463 3499 1679 3550 aeterna
1709 3494 1925 3567 gaudia

268 3585 457 3636 mater
487 3581 895 3654 Ecclesia,quce
919 3581 1012 3638 hic
1043 3582 1322 3656 fatigatur
1341 3582 1585 3638 diversis
1610 3581 1921 3655 angustiis.

265 3670 506 3726 Justum
536 3672 646 3738 est,
679 3673 745 3723 ut
773 3668 832 3724 in
867 3687 974 3725 sua
995 3671 1230 3742 justitia
1259 3669 1398 3726 velit
1427 3670 1694 3727 Christus
1739 3670 1923 3726 susci-

269 3774 408 3831 pere
440 3757 1114 3832 supplicantes,propter
1141 3758 1556 3826 inimicos,hoc
1587 3765 1678 3816 est
1697 3759 1924 3816 haereti-

273 3864 373 3904 cos
403 3849 462 3903 et
491 3863 772 3920 paganos.
795 3847 958 3904 Unus
989 3865 1164 3921 pravo
1195 3849 1467 3922 dogmate
1497 3849 1922 3918 maledicendo,

271 3935 420 3994 alter
450 3952 564 3992 non
597 3935 909 4004 credendo,
937 3935 1160 3992 inimici
1194 3937 1352 3994 dicti.
1387 3939 1432 3994 H
1465 3939 1926 4012 V.iam,Scriptu-

269 4042 397 4082 ram
447 4028 714 4081 sanctam
767 4025 928 4096 dicit,
969 4043 1042 4082 ne
1094 4025 1248 4083 male
1293 4026 1692 4102 intelligendo,
1744 4029 1802 4084 in
1860 4046 1928 4086 ea

270 4118 522 4171 corruat.
556 4116 599 4168 A
636 4113 734 4170 Vel
765 4113 918 4170 viam
970 4132 1088 4188 qua
1140 4115 1256 4171 itur
1285 4117 1357 4172 ad
1408 4120 1484 4184 te,
1514 4121 1802 4190 praecepta
1830 4135 1926 4174 ac-

270 4204 416 4276 cipe.
433 4203 612 4261 Istam
644 4207 809 4259 tuam
839 4204 990 4260 viam
1025 4201 1305 4278 dirige,id
1335 4209 1426 4262 est
1449 4207 1690 4262 ostende
1711 4205 1771 4262 in
1794 4224 1928 4264 con-

271 4297 474 4366 spectu
503 4309 654 4360 meo,
690 4297 754 4348 ut
782 4310 899 4367 prae
925 4292 1113 4350 oculis
1141 4292 1390 4350 habeam
1423 4300 1729 4369 praecepta,
1749 4300 1808 4352 et
1827 4313 1929 4369 per

271 4399 338 4438 ea
361 4399 454 4438 me
484 4398 674 4454 regas.
702 4382 748 4438 H
771 4382 966 4454 Dirige
991 4383 1048 4437 in
1067 4387 1380 4455 conspectu
1407 4386 1506 4440 tuo
1525 4382 1678 4440 viam
1711 4401 1925 4454 meam,

273 4487 377 4526 nec
407 4471 543 4526 LXX
573 4470 814 4538 habent,
845 4489 952 4527 nec
991 4471 1220 4543 Aquila,
1246 4489 1352 4528 nec
1398 4472 1790 4541 Simmachus,
1823 4491 1929 4530 nec

272 4559 665 4627 Theodocion,
699 4559 799 4614 sed
833 4559 956 4616 solo
991 4560 1154 4616 coine
1187 4560 1385 4630 editio,
1420 4561 1675 4635 denique
1705 4563 1763 4618 in
1813 4563 1928 4620 He-

1948 3301 1992 3368 Ο
2028 3323 2305 3396 gaudere,
2337 3301 2445 3377 soli
2477 3323 2670 3376 autem
2697 3315 2848 3391 justi
2877 3315 2937 3372 in
2978 3314 3175 3370 futuro
3206 3309 3418 3368 saeculo
3465 3307 3686 3396 gaude-

2031 3395 2258 3467 bunt.A
2283 3408 2499 3465 Felices
2531 3411 2689 3476 sunt,
2705 3405 2806 3479 qui
2839 3405 3138 3461 merentur
3158 3395 3538 3458 tabernacula
3557 3411 3690 3452 esse

2031 3497 2268 3556 Christi.
2304 3500 2343 3554 Δ
2375 3498 2664 3554 Latentur
2688 3494 2868 3568 igitur
2899 3509 3076 3559 nunc,
3109 3490 3210 3563 qui
3244 3490 3303 3544 in
3332 3487 3446 3544 isto
3477 3484 3690 3542 saeculo

2033 3589 2272 3660 sperant
2296 3587 2354 3642 in
2380 3585 2644 3651 Domino,
2679 3583 2959 3656 quoniam
2993 3583 3126 3654 post
3155 3581 3404 3634 mortem
3436 3575 3495 3631 in
3522 3576 3688 3630 aeter-

2034 3693 2177 3732 num
2210 3674 2577 3732 exultabunt.

2032 3765 2102 3824 44
2175 3765 2239 3822 At
2265 3765 2656 3837 gloriabuntur
2683 3763 2746 3818 in
2776 3764 2826 3818 te
2868 3765 2924 3826 ~2-
2951 3773 3134 3816 omnes
3163 3756 3261 3830 qui
3290 3754 3534 3824 diligunt
3580 3767 3687 3808 n0-

2246 3871 2374 3911 men
2403 3861 2580 3920 tuum,

2179 3943 2448 4012 Quoniam
2477 3949 2536 3997 tu
2567 3937 2841 3996 benedices
2861 3937 3035 4008 justo.

2105 4033 2146 4088 C
2177 4030 2600 4088 Gloriabuntur
2637 4042 2864 4092 omnes,
2897 4023 3192 4098 signiﬁcat
3235 4021 3294 4076 in
3345 4018 3446 4074 illa
3499 4016 3692 4090 patria

2035 4137 2164 4179 esse
2193 4121 2410 4186 felices,
2433 4117 2534 4191 qui
2566 4114 3038 4174 Dominivisione
3066 4111 3360 4168 fruuntur.
3375 4106 3691 4164 Benedices

2027 4212 2212 4283 justo,
2247 4227 2318 4264 ne
2339 4208 2473 4281 quis
2503 4209 2669 4280 putet
2699 4202 3004 4277 praemissa
3031 4199 3274 4274 praemia
3315 4196 3690 4272 gaudiorum,

2036 4299 2148 4356 sibi
2181 4299 2307 4355 suis
2338 4297 2566 4353 meritts
2596 4310 2726 4351 esse
2753 4292 3058 4357 attributa,
3091 4289 3190 4346 sed
3224 4305 3258 4343 a
3287 4283 3691 4343 benedictione

2037 4387 2268 4446 Domini
2303 4385 2426 4444 ﬁeri
2459 4383 2878 4457 accipienda.A
2905 4378 3326 4436 Gloriabuntur
3347 4375 3529 4448 igitur
3551 4376 3692 4426 tunc

2036 4476 2138 4550 qui
2168 4477 2264 4532 hic
2295 4475 2570 4548 diligunt,
2605 4471 2886 4544 quoniam
2928 4469 3000 4524 ad
3047 4465 3360 4522 fruendum
3392 4461 3694 4518 habebunt

2038 4567 2194 4640 quod
2227 4564 2503 4638 diligunt,
2535 4579 2665 4634 quae
2695 4563 2786 4616 est
2832 4556 3146 4615 haereditas
3193 4558 3428 4621 aeterna,
3460 4551 3532 4606 de
3575 4565 3694 4622 qua

273 4647 426 4736 bram
456 4647 743 4703 habetur:
769 4646 966 4722 Dirige
993 4647 1051 4704 in
1076 4654 1390 4722 conspectu
1415 4667 1544 4706 meo
1565 4651 1716 4706 viam
1739 4656 1928 4723 tuam,
1959 4671 2006 4736 ι)
2038 4655 2304 4729 psalmus
2336 4649 2690 4708 intitulatur.

274 4735 426 4792 sicut
454 4736 514 4792 in
561 4737 822 4793 oratione
865 4737 1022 4794 enim
1072 4737 1377 4795 Dominica
1425 4755 1636 4796 nomen
1699 4741 1929 4798 Domini

273 4825 623 4882 sanctiﬁcari
657 4826 1022 4898 petitum'non
1045 4843 1160 4899 quo
1184 4827 1352 4883 nobis
1375 4829 1678 4885 orantibus
1709 4831 1926 4886 sancti-

273 4913 479 4970 ﬁcetur
507 4915 661 4986 quod
693 4931 796 4988 per
826 4931 888 4970 se
919 4919 1190 4972 sanctum
1222 4919 1328 4985 est,
1353 4917 1455 4973 sed
1487 4935 1603 4990 quo
1634 4924 1923 4992 petamus,

275 5007 340 5057 ut
369 5003 524 5075 quod
557 5021 660 5075 per
687 5007 957 5058 naturam
989 5004 1080 5060 sui
1131 5009 1403 5062 sanetum
1453 5011 1562 5072 est,
1595 5009 1927 5066 sanctiﬁce.

275 5094 372 5146 tur
403 5091 460 5146 in
512 5091 700 5148 nobis.
735 5093 880 5166 Ergo
926 5097 983 5149 et
1031 5110 1188 5150 nunc
1229 5095 1513 5168 propheta
1554 5097 1831 5170 postulat,
1865 5103 1929 5155 ut

275 5179 365 5236 via
396 5179 651 5249 Domini,
686 5196 811 5256 qua:
843 5198 945 5255 per
971 5200 1033 5240 se
1073 5187 1229 5240 recta
1259 5184 1558 5254 est,etiam
1609 5187 1720 5243 sibi
1773 5191 1930 5244 recta

281 5267 405 5323 ﬁat.

277 5355 348 5410 lO
421 5356 695 5425 Quoniam
721 5373 831 5414 non
868 5365 948 5416 est
979 5362 1036 5416 in
1058 5379 1151 5418 ore
1178 5378 1366 5418 eorum
1396 5365 1634 5432 veritas;

423 5443 528 5500 Cor
549 5460 739 5500 eorum
763 5463 970 5504 vanum
995 5458 1092 5505 est.

352 5531 470 5588 H‘C
503 5533 674 5590 Recte
700 5535 857 5591 enim
892 5537 1126 5608 dicitur,
1159 5556 1274 5596 non
1305 5558 1435 5598 esse
1465 5542 1523 5597 in
1555 5559 1652 5599 ore
1702 5544 1930 5600 heraati-

279 5635 481 5677 eorum
513 5622 816 5680 veritatem
849 5641 976 5698 qua:
1007 5626 1272 5684 Christus
1301 5634 1675 5702 est,quorum
1706 5649 1806 5689 cor
1835 5651 1932 5689 va-

283 5709 436 5766 nitas
467 5710 823 5784 possidebat,
855 5713 996 5786 quia
1026 5732 1129 5772 nec
1161 5717 1218 5772 in
1249 5719 1422 5774 corde
1453 5722 1560 5787 est,
1593 5723 1650 5775 et
1697 5737 1810 5777 non
1841 5739 1932 5777 so-

2043 4745 2110 4801 15
2180 4743 2410 4801 Domine

2183 4833 2245 4890 Ut
2271 4837 2422 4888 scuto
2452 4830 2606 4888 bona
2634 4827 2937 4884 voluntatis
2968 4832 3082 4881 tiles
3109 4821 3382 4880 coronasti
3409 4835 3516 4874 eos.

2107 4922 2148 4978 C
2173 4921 2438 4992 Proteget
2465 4901 2572 4975 nos
2615 4915 2900 4974 Dominus
2939 4917 3104 4970 scuto
3144 4912 3309 4967 bona:
3353 4905 3690 4973 voluntatis,

2035 5029 2170 5068 cum
2194 5027 2300 5066 nos
2321 5008 2532 5065 dilabit
2551 5003 2950 5064 ineﬁ'abilibus
2973 5001 3405 5067 muneribus,et
3423 4997 3495 5053 ad
3515 5012 3694 5069 regna

2036 5103 2316 5174 perpetua
2343 5099 2413 5154 ad
2449 5095 2852 5168 coronandum
2885 5092 3183 5166 perducet.
3216 5091 3264 5145 A
3293 5089 3452 5144 Bona
3493 5085 3694 5156 itaque

2035 5190 2137 5247 Dei
2167 5187 2439 5246 voluntas
2467 5191 2526 5244 et
2550 5183 2956 5242 misericordia
2985 5182 3044 5236 in
3072 5177 3345 5254 praesenti
3387 5174 3558 5232 nobis
3605 5177 3696 5230 est

2040 5283 2106 5335 ut
2135 5281 2369 5335 scutum
2401 5279 2744 5350 protegens;
2776 5271 2836 5327 in
2877 5271 3095 5338 futuro,
3121 5271 3186 5324 ut
3208 5281 3442 5332 corona,
3475 5263 3516 5321 C
3545 5260 3697 5318 Dicit

2037 5384 2172 5424 vero
2218 5368 2410 5433 bonae,
2441 5381 2558 5420 non
2600 5363 2800 5436 justaa,
2831 5356 3173 5430 voluntatis,
3201 5354 3521 5412 ostendens
3570 5350 3698 5408 sola

2040 5456 2140 5512 Dei
2171 5454 2456 5522 bonitate,
2484 5456 2604 5508 “non
2637 5454 2842 5507 nostra
2863 5447 3119 5521 justitia,
3155 5462 3263 5502 nos
3293 5441 3525 5500 salvari.

2568 5555 2774 5598 ORATIO
2813 5555 2883 5594 EX
2923 5555 3080 5594 PSAL.
3114 5553 3170 5592 ν.

2114 5633 2212 5689 Pie
2265 5630 2532 5696 Domine,
2561 5629 2660 5702 qui
2709 5627 2892 5684 attriti
2945 5625 3139 5684 cordis
3170 5622 3478 5698 gemitum,
3511 5619 3699 5694 prius-

2043 5739 2222 5796 quam
2255 5721 2602 5796 proferatur,
2635 5716 2919 5790 intelligis
2950 5733 2962 5771 :
2997 5715 3159 5772 efﬁce
3190 5729 3318 5779 nos,
3357 5723 3698 5782 quaesumus
