3936 6434
224 375 286 439 61
1430 382 1844 447 EXPOSITIO
1887 381 2394 448 PSALMOBUM.
3531 377 3611 451 62

225 505 489 580 templum
522 507 833 583 paraclyti,
858 514 922 566 ut
952 527 1279 569 mereamur
1300 517 1462 570 scuto
1492 513 1857 571 coelestisbe-
1885 516 1937 584 Α
2002 516 2033 569 4
2109 516 2449 582 Convertere,
2478 515 2722 580 Domine,
2753 522 2805 571 et
2832 514 2981 587 eripe
3010 514 3255 571 animam
3281 530 3488 582 meam;

225 596 546 654 nevolentiaa
588 600 878 654 coronari.
914 600 1021 656 Per
1067 602 1379 659 Dominum
1430 607 1716 671 nostrum,
1746 606 1853 658 etc.

810 743 1136 799 PSALMUS
1176 745 1271 798 Vl.

673 844 1079 887 ARGUMENTUM
1121 850 1277 889 PSAL.
1319 851 1375 888 VI
1384 875 1395 888 .

284 951 338 1007 Β.
374 951 603 1007 Fideles
645 958 837 1021 orant,
871 955 1213 1011 benevolum
1259 958 1368 1013 sibi
1401 958 1663 1027 judicem
1708 958 1852 1025 fieri,

221 1057 496 1095 erumnas
529 1042 804 1112 proprias
831 1042 1046 1114 quibus
1077 1045 1273 1101 afflicti
1310 1047 1701 1117 ingemiscant
1723 1063 1854 1101 nar-

221 1133 417 1196 rantes,
452 1144 642 1200 seque
672 1147 705 1185 a
736 1136 1104 1201 peccatorum
1138 1134 1428 1189 consortio
1465 1139 1852 1207 segregantes,

222 1215 424 1271 nullam
456 1234 601 1272 cum
631 1218 780 1290 ipsis
813 1219 1026 1275 habere
1053 1222 1298 1293 cupiunt
1330 1223 1676 1294 portionem.
1774 1284 1779 1289 ,

252 1305 355 1360 'l‘T.
386 1305 444 1360 In
474 1307 646 1374 ﬁnem
678 1308 739 1360 in
770 1307 994 1379 hymnis
1018 1325 1119 1379 pro
1149 1317 1330 1364 octava
1362 1310 1552 1365 David.

282 1396 320 1447 C
348 1397 409 1448 In
439 1394 765 1465 finemjam
799 1401 1001 1450 notum
1032 1401 1139 1452 est.
1162 1398 1425 1470 Hymnus
1455 1398 1691 1454 estlaus
1708 1398 1858 1455 Divi-

223 1480 424 1545 nitatis,
465 1482 642 1536 metri
689 1482 941 1554 alicujus
984 1483 1109 1555 lege
1157 1486 1496 1557 composita.
1554 1486 1855 1558 Siquidem

220 1567 457 1640 hymnus
478 1570 716 1641 praprie
737 1571 1033 1626 canticum
1057 1572 1246 1629 laudis
1267 1578 1496 1640 est,non
1520 1574 1853 1646 cujuslibet,

222 1656 313 1711 sed
342 1656 439 1712 Dei
474 1674 487 1711 :
524 1675 780 1729 quorum
814 1658 1115 1730 quodlibet
1136 1661 1438 1727 deest,non
1460 1662 1676 1717 dicitur
1696 1661 1858 1733 hym-

221 1760 341 1800 nus.
373 1744 499 1799 Sive
531 1746 689 1800 enim
724 1763 839 1800 non
862 1752 1125 1815 canatur,
1160 1748 1277 1804 sive
1302 1754 1545 1804 canatur
1573 1755 1630 1805 et
1659 1767 1771 1804 non
1796 1750 1852 1803 in

220 1830 602 1899 laudem,sive
632 1834 809 1890 etiam
839 1834 900 1890 in
934 1836 1170 1892 laudem
1199 1839 1298 1892 sed
1332 1856 1444 1892 non
1474 1838 1565 1893 Dei
1591 1843 1851 1904 canatur,

221 1919 459 1993 hymnus
480 1922 599 1977 dici
624 1940 738 1977 non
773 1930 1048 1979 meretur.
1064 1926 1171 1981 Pro
1191 1931 1390 1981 octava
1410 1943 1541 1982 vero
1564 1927 1855 1997 signiﬁcat

220 2010 522 2064 adventum
541 2010 1040 2083 Domini,quando
1064 2012 1227 2068 finita
1240 2013 1605 2069 hebdomade
1626 2013 1849 2069 saeculi:

219 2097 287 2151 ad
308 2098 697 2168 judicandum
731 2101 950 2156 venerit
980 2102 1289 2169 mundum,
1322 2104 1476 2157 unde
1500 2108 1555 2157 et
1593 2102 1855 2174 psalmus

220 2185 322 2240 iste
349 2202 479 2241 cum
510 2191 764 2242 tremore
791 2188 1047 2243 maximo
1077 2188 1210 2244 fecit
1232 2190 1458 2245 initium
1478 2191 1678 2245 dicens
1704 2207 1716 2245 :
1746 2194 1856 2245 Do-

217 2273 386 2342 mine,
411 2292 481 2331 ne
510 2274 573 2330 in
604 2276 691 2331 ira
718 2281 822 2331 tua
849 2292 1063 2349 arguas
1093 2294 1205 2345 me,
1242 2295 1428 2350 neque
1460 2278 1517 2332 in
1547 2279 1739 2334 furore
1757 2284 1855 2333 tuo

217 2362 486 2434 corripias
519 2380 634 2418 me.

249 2448 272 2505 Ι
347 2451 596 2515 Domine,
628 2469 699 2507 ne
729 2454 784 2507 in
815 2455 1005 2523 furore
1035 2459 1124 2509 tuo
1154 2470 1357 2522 arguas
1385 2471 1500 2523 me;

349 2543 534 2610 Neque
566 2542 622 2593 in
656 2542 744 2596 ira
775 2545 871 2596 tua
898 2542 1166 2613 corripias
1193 2558 1296 2597 me.

280 2625 320 2680 C
350 2627 464 2682 Iste
485 2627 760 2683 Psalmus
795 2629 1021 2700 primus
1046 2635 1134 2684 est
1181 2631 1539 2701 psalmorum
1572 2632 1854 2704 pceniten-

215 2714 319 2768 tiae.
353 2716 638 2787 Sequitur
664 2734 817 2783 xxxr,
849 2733 1059 2773 xxxvn.
1097 2735 1147 2784 L,
1181 2735 1257 2788 CI,
1288 2736 1473 2785 cxxxx,
1505 2737 1669 2775 CXLII.
1722 2721 1853 2775 ldeo

215 2808 454 2873 septem,
488 2804 635 2875 quia
661 2821 738 2860 vn
765 2805 956 2860 modis
990 2812 1227 2877 peccata
1257 2807 1653 2875 dimittuniur,
1679 2809 1734 2863 id
1767 2812 1855 2864 est

213 2889 518 2961 baptismo,
554 2892 855 2965 martyrio,
888 2893 1291 2966 eleemosynis,
1326 2896 1669 2952 remittendo
1692 2896 1852 2951 fratri

213 2985 462 3049 peccata,
495 2983 887 3037 convertendo
919 2988 1299 3054 peccatorem,
1331 2985 1690 3039 abundantia
1715 2985 1854 3040 cha-

213 3067 419 3135 ritatis,
451 3070 801 3141 poenitentia
848 3087 1023 3143 pura;
1057 3072 1326 3127 addenda
1382 3090 1613 3144 quoque
1657 3077 1745 3128 est
1800 3077 1857 3127 et

212 3158 542 3213 communio
576 3160 836 3230 corporis
866 3158 1100 3215 Christi.
1136 3160 1515 3215 Inveniuntur
1542 3177 1675 3235 vero
1724 3160 1854 3216 dili-

2103 603 2326 660 Salvum
2348 621 2434 659 me
2461 609 2551 675 [ac
2572 612 2791 676 propter
2816 603 3250 658 misericordiam
3280 611 3449 658 tuam.

2033 692 2092 747 C.
2127 692 2268 747 Cum
2301 692 2442 748 dicit
2474 709 2487 746 :
2521 693 2880 758 Convertere,
2906 690 3171 746 vindictae
3204 688 3480 746 relaxatio
3509 707 3608 763 po-

1965 779 2235 847 stulatur,
2271 786 2334 835 ut
2391 797 2504 835 non
2537 779 2730 852 exigat
2774 797 2809 834 a
2844 779 3013 833 nobis
3061 778 3289 848 debitas
3330 778 3604 834 ultiones.

1963 867 2164 939 Eripe:
2190 869 2261 924 ab
2284 869 2614 924 imminenti
2642 865 3191 940 supplicio.Salvum
3215 883 3273 922 se
3297 866 3440 938 petit
3457 864 3601 930 fieri,

1965 972 2080 1010 non
2111 957 2434 1011 secundum
2462 973 2569 1012 sua
2597 954 2819 1022 merita,
2853 955 2953 1010 sed
2994 959 3229 1027 propter
3276 953 3605 1010 misericor-

1965 1043 2121 1098 diam
2151 1044 2427 1111 divinam,
2453 1044 2511 1099 in
2549 1061 2666 1115 qua
2692 1044 2833 1098 dum
2865 1043 2978 1098 fixa
3007 1058 3141 1115 spes
3173 1041 3409 1114 ponitur
3436 1044 3606 1099 venia

1964 1132 2193 1187 facilius
2227 1132 2590 1204 impetratur.

1997 1222 2033 1275 5
2105 1222 2373 1289 Quoniam
2400 1238 2510 1276 non
2538 1227 2618 1276 est
2648 1222 2708 1275 in
2736 1228 2904 1275 morte
2931 1220 3029 1292 qui
3054 1235 3259 1275 memor
3284 1220 3358 1276 sit
3384 1222 3468 1275 tui
3478 1241 3496 1287 ,-

2105 1310 2163 1364 In
2198 1310 2416 1379 inferno
2460 1313 2514 1374 ις-
2540 1313 2723 1363 autem
2765 1313 2777 1373 ζ
2817 1309 2939 1379 quis
2966 1308 3309 1377 conﬁtebitur
3337 1308 3474 1363 tibi?

2034 1401 2074 1449 C
2098 1397 2249 1452 Bene
2276 1397 2526 1468 perfidos
2556 1396 2807 1451 dicimus
2828 1412 2954 1451 esse
2974 1395 3345 1451 immemores
3363 1395 3601 1468 Dei,qui

1963 1484 2182 1540 nullam
2216 1485 2486 1540 fiduciam
2519 1484 2900 1540 confessionis
2930 1483 3166 1538 habent.
3204 1484 3243 1537 ll
3282 1483 3378 1538 Est
3423 1482 3602 1553 igitur

1966 1590 2122 1627 mors
2156 1590 2169 1627 :
2200 1577 2498 1644 peccatum
2533 1572 2794 1639 mortale,
2820 1572 3110 1639 infernus;
3143 1570 3367 1627 caecitas
3396 1570 3605 1642 despe-

1964 1661 2226 1716 rationis.
2255 1661 2296 1716 C
2325 1660 2425 1717 Vel
2460 1666 2591 1733 post
2621 1666 2867 1715 mortem
2924 1657 3306 1730 temporalem
3343 1675 3459 1713 non
3512 1662 3601 1713 est

1963 1750 2248 1805 confessio
2280 1750 2352 1804 ad
2383 1748 3064 1821 veniam,quantominus
3094 1746 3151 1801 in
3185 1746 3410 1801 inferno
3436 1762 3449 1799 :
3471 1745 3598 1799 ideo

1964 1838 2187 1892 addidit
2217 1853 2229 1892 :
2264 1838 2402 1900 Quis
2433 1836 2803 1893 confitebitur
2830 1836 2980 1892 tibi?
3001 1834 3349 1890 subauditur
3382 1833 3490 1888 :ad
3511 1848 3602 1887 ve-

1962 1925 2116 1980 niam
2151 1926 2209 1979 in
2242 1924 2485 1993 inferno,
2521 1926 2617 1980 ubi
2638 1923 2812 2001 nulla
2843 1923 3106 1979 remissio
3137 1922 3451 1978 invenitur.

1995 2015 2031 2067 6
2103 2014 2369 2068 Laboravi
2397 2015 2457 2068 in
2485 2015 2691 2083 gemitu
2719 2029 2868 2080 meo;

1984 2137 2003 2151 .~
2103 2102 2315 2157 Larabo
2340 2118 2439 2173 per
2464 2103 2712 2170 singulas
2738 2110 2914 2157 noctes
2947 2102 3145 2155 tectum
3171 2116 3395 2154 meum:
3418 2099 3593 2167 tacry-

2174 2194 2278 2246 mis
2308 2194 2439 2246 meis
2461 2199 2693 2246 stratum
2719 2206 2901 2245 meum
2926 2190 3135 2258 rigabo.

2033 2283 2072 2334 C
2101 2279 2363 2334 Gemitus
2392 2282 2481 2334 est
2501 2279 2656 2333 enim
2674 2277 2865 2333 dictus
2881 2277 3210 2349 geminatus
3240 2274 3595 2356 luctus‘cum

1965 2367 2253 2423 malorum
2284 2373 2615 2422 nostrorum
2639 2364 3088 2431 reminiscimur,
3106 2367 3164 2418 et
3192 2363 3398 2417 futurae
3418 2377 3597 2433 preme

1964 2458 2171 2513 timore
2222 2462 2524 2512 terremur.
2562 2456 2833 2510 Lectum:
2859 2452 3297 2509 delectationem
3340 2449 3600 2521 corporis

1964 2546 2122 2612 dicit,
2155 2562 2330 2617 quam
2363 2548 2550 2615 potest
2579 2544 2752 2598 homo
2796 2541 3067 2613 lacrymis
3113 2539 3303 2595 lavare
3336 2555 3348 2593 ε
3386 2538 3433 2592 εἰ
3463 2554 3596 2593 eum

1963 2633 2261 2705 contingat
2291 2632 2504 2687 cmlesti
2537 2629 2915 2702 inspiratione
2944 2628 3172 2684 deflere.
3206 2628 3464 2682 Stratum
3488 2642 3501 2681 :
3525 2626 3601 2682 si-

1962 2722 2202 2794 gniﬁcat
2230 2720 2531 2775 cumulum
2564 2723 2956 2791 peccatorum,
2988 2717 3142 2789 quod
3171 2716 3299 2771 ideo
3329 2714 3503 2770 homo
3522 2713 3600 2769 la-

1962 2810 2175 2880 crymis
2208 2809 2375 2881 rigat,
2409 2813 2474 2863 ut
2502 2808 2703 2863 eodem
2735 2805 3118 2862 saluberrimo
3148 2803 3334 2859 imbre
3364 2806 3600 2875 peccata

1963 2898 2285 2953 deleantur.
2302 2898 2509 2952 Lectus
2538 2901 2732 2951 autem
2765 2896 2837 2950 ab
2868 2894 3066 2950 electis
3086 2910 3153 2948 ac
3178 2890 3453 2947 mollibus
3476 2890 3601 2945 her-

1950 2988 2053 3042 bis
2082 2986 2271 3041 dictus
2301 2990 2407 3049 est,
2436 3001 2614 3057 supra
2643 3002 2790 3056 quas
2822 2982 3145 3055 antiquitus
3174 2978 3596 3052 quiescentium

1961 3091 2203 3146 corpora
2228 3074 2673 3129 remittebantur
2701 3073 2758 3127 in
2800 3088 3070 3127 somnum.
3103 3069 3309 3141 Rigare
3362 3067 3597 3122 uberius

1964 3162 2182 3234 aliquid
2201 3162 2489 3234 signiﬁcat
2505 3178 2678 3232 quam
2700 3160 2891 3215 lavare
2908 3177 2918 3213 :
2938 3160 3033 3230 qui
3055 3156 3311 3229 quotidie
3326 3154 3598 3226 lacrymis

210 3249 412 3315 genter
440 3246 763 3317 inquirenti
789 3247 1035 3302 fortasse
1064 3252 1120 3303 et
1145 3247 1241 3302 alii
1275 3234 1637 3305 remissionis
1658 3250 1811 3304 modi
1838 3267 1850 3305 :
1886 3234 1929 3300 C
1966 3254 2214 3305 stratum
2247 3250 2415 3322 rigat,
2448 3265 2562 3303 non
2596 3252 2784 3320 potest
2811 3247 2869 3301 in
2902 3244 3246 3316 cogitatione
3282 3243 3430 3313 ejus,
3462 3241 3598 3295 libi-

213 3331 466 3400 psalmos
487 3351 626 3389 vero
657 3333 1081 3406 pmnitentiales
1104 3353 1217 3390 non
1242 3336 1443 3391 credas
1465 3337 1759 3393 incassum
1784 3339 1855 3393 ad

212 3421 607 3493 septenarium
621 3439 933 3477 numerum
952 3440 985 3477 a
999 3424 1321 3494 majoribus
1344 3424 1717 3495 perductos.C
1731 3427 1853 3481 Non

209 3509 358 3564 enim
381 3510 677 3583 supplicat
704 3510 1019 3566 Dominum
1046 3512 1323 3584 propheta
1341 3518 1532 3568 utnon
1556 3519 1855 3586 arguatur,

205 3611 331 3653 cum
357 3597 577 3670 legitur
602 3615 615 3652 :
639 3601 796 3665 Quos
826 3616 980 3667 amo,
1010 3617 1219 3671 arguo;
1250 3601 1348 3656 sed
1375 3618 1446 3656 ne
1475 3602 1533 3655 in
1556 3602 1855 3658 severitate

194 3684 396 3753 judicii
440 3687 781 3743 damnetur.
816 3687 907 3742 Ira
935 3693 1023 3743 est
1081 3687 1255 3761 longa
1305 3688 1663 3760 indignatio;
1697 3690 1856 3747 furor

199 3772 357 3829 velox
387 3776 668 3831 accensio
699 3776 936 3840 mentis,
964 3777 1064 3831 sed
1098 3775 1183 3831 ira
1210 3776 1855 3849 vehementior,quibus

198 3861 476 3919 Dominus
508 3879 821 3935 nunquam
853 3864 1304 3932 movebitur,sed
1332 3865 1495 3935 justa
1523 3866 1852 3937 tranquilli-

193 3952 305 4005 tate
335 3949 616 4007 consistit
662 3952 840 4007 etiam
892 3952 1207 4023 puniendo.
1249 3952 1627 4009 Translativis
1677 3954 1855 4027 igitur

187 4039 377 4093 verbis
407 4039 536 4095 hec
568 4040 643 4093 de
674 4038 792 4094 Deo
824 4040 980 4094 dicta
1010 4044 1167 4094 sunt.

222 4128 255 4179 2
324 4129 599 4184 Miserere
628 4129 758 4191 mei,
805 4128 1050 4193 Domine,
1090 4131 1352 4199 quoniam
1400 4130 1651 4199 inﬁrmus
1696 4146 1854 4195 snm;

325 4217 485 4270 Sana
515 4231 630 4278 me,
666 4217 914 4279 Domine,
946 4218 1205 4288 quoniam
1238 4218 1559 4272 conturbata
1587 4226 1715 4274 sunt
1733 4235 1851 4274 ossa

394 4320 546 4359 mea.

254 4395 293 4443 C
322 4390 707 4447 lnfirmitatis
736 4390 1024 4446 confessio
1054 4407 1066 4445 :
1102 4393 1198 4447 Dei
1231 4392 1690 4448 misericordiam
1726 4410 1848 4449 mo-

188 4484 292 4542 vet,
325 4496 359 4534 a
390 4496 515 4551 quo
548 4478 723 4534 facile
756 4478 1148 4550 impetrantur
1166 4481 1583 4545 remedia,cum
1605 4481 1847 4537 vulnera

1966 3338 2170 3393 diuum
2203 3354 2416 3409 pompa
2438 3337 2735 3407 subripere.

1996 3429 2032 3480 7
2108 3428 2368 3481 Turbatus
2396 3432 2474 3480 est
2495 3442 2529 3478 a
2554 3426 2741 3496 furore
2771 3423 2957 3479 oculus
2982 3436 3169 3484 meus;

2105 3516 2403 3570 Invcteravi
2433 3515 2575 3569 inter
2599 3528 2786 3567 omnes
2815 3511 3068 3565 inimicos
3096 3524 3259 3563 meos.

2032 3605 2072 3657 Ο
2101 3603 2316 3658 Oculus
2347 3601 2535 3657 dictus
2558 3599 2724 3671 quasi
2750 3598 2904 3654 ocior
2933 3597 3210 3669 lux,quod
3234 3594 3346 3651 cito
3379 3595 3600 3649 intenta

1963 3690 2384 3762 respiciat,sive
2415 3705 2543 3761 qua:
2576 3686 2867 3760 palpebris
2897 3684 3296 3741 occulentibus
3320 3682 3599 3755 probatur

1962 3779 2241 3835 occultus.
2261 3779 2414 3836 Unde
2440 3778 2535 3833 hic
2569 3794 2581 3832 :
2617 3776 2860 3832 Oculum
2882 3773 3071 3830 cordis
3102 3773 3244 3828 dicit
3271 3771 3595 3835 turbatum,

1962 3867 2019 3923 id
2051 3874 2156 3931 est,
2172 3868 2217 3922 Η
2246 3872 2429 3922 totum
2452 3864 2768 3938 principale
2785 3863 2977 3919 cordis
2995 3863 3104 3918 mei
3128 3858 3596 3917 contremuit.ln-

1958 3955 2225 4024 veteravi,
2259 3956 2315 4009 id
2348 3958 2457 4019 est,
2489 3954 2529 4009 C
2562 3954 2618 4008 in
2648 3952 2855 4008 veteris
2886 3950 3143 4006 hominis
3171 3950 3304 4004 Adae
3343 3945 3596 4018 antiqui-

1958 4047 2076 4099 tate
2106 4042 2417 4115 permansi.
2454 4042 2610 4096 Inter
2638 4039 2924 4095 inimicos.
2958 4038 3015 4093 id
3048 4042 3155 4103 est,
3175 4037 3326 4091 inter
3355 4034 3597 4107 spiritus

1959 4131 2295 4197 diabolicos,
2328 4130 2446 4186 sive
2475 4129 2625 4184 inter
2658 4133 2854 4184 nostra
2884 4129 3137 4199 peccata,
3170 4141 3296 4195 quae
3327 4123 3454 4178 ideo
3485 4120 3595 4177 ini-

1960 4220 2129 4285 mica,
2158 4219 2296 4291 quia
2326 4223 2557 4273 nostras
2590 4216 2817 4272 animas
2849 4215 2919 4271 ad
2952 4218 3171 4270 tartara
3199 4212 3515 4277 deducunt,
3540 4213 3597 4264 et

1958 4308 2028 4363 ad
2061 4308 2168 4363 hoc
2200 4305 2453 4362 feraliter
2483 4304 2887 4360 blandiuntur.

1990 4398 2025 4449 8
2100 4395 2362 4450 Discedite
2389 4411 2421 4448 a
2450 4408 2742 4459 me,omnes
2770 4393 2866 4462 qui
2885 4390 3192 4462 operamini
3221 4388 3596 4459 iniquitatem;

2099 4484 2365 4552 Quoniam
2392 4481 2677 4536 exaudivit
2702 4480 2961 4534 Dominus
2984 4493 3162 4533 vocem
3180 4477 3336 4546 fletus
3358 4477 3486 4529 mei.

187 4569 398 4635 peccati
422 4567 917 4623 manifestantur.
936 4567 1083 4623 Ossa
1104 4567 1196 4623 hic
1214 4569 1610 4624 fortitudinem
1636 4571 1846 4625 mentis
1880 4591 1922 4656 Ι)
2025 4574 2066 4627 C
2095 4570 2241 4625 Petit
2271 4568 2549 4642 propheta
2579 4584 2613 4623 a
2638 4583 2699 4622 se
2729 4566 2995 4622 recedere
3043 4564 3372 4656 societatem
3414 4561 3593 4617 malo-

185 4654 547 4725 significant,
581 4672 715 4727 quae
747 4670 882 4709 cum
937 4656 1152 4722 deficit,
1186 4657 1349 4729 vigor
1401 4658 1614 4713 mentis
1653 4660 1844 4715 omnis

183 4741 447 4811 elabitur,
477 4744 646 4798 sicut
677 4745 734 4797 et
762 4742 997 4798 ossibus
1037 4744 1296 4815 corporis
1327 4745 1639 4817 quassatis,
1674 4763 1846 4802 omne

181 4845 388 4902 corpus
422 4833 799 4887 infirmatur.

210 4920 243 4973 3
315 4921 380 4975 Et
407 4922 619 4975 anima
649 4934 769 4974 mea
802 4920 1020 4975 turbata
1048 4924 1127 4975 est
1160 4922 1343 4987 valde;

312 5008 379 5062 Et
409 5016 496 5072 tu,
532 5007 791 5071 Domine,
826 5008 1143 5077 usquequo?

244 5093 286 5149 ll
324 5096 485 5151 Dixit
519 5093 693 5151 anim
708 5109 794 5149 1m
819 5110 987 5149 suam
1010 5095 1305 5150 turbatam
1327 5111 1474 5159 esse,
1500 5095 1718 5151 scilicet
1744 5113 1845 5168 per

184 5184 592 5251 penitentiam
621 5181 695 5236 ad
718 5181 1175 5237 emendandum.
1209 5186 1248 5236 C
1278 5182 1457 5237 Valde
1481 5200 1494 5238 :
1521 5182 1650 5239 ideo
1677 5184 1844 5239 dixit:

184 5285 247 5324 ne
270 5270 541 5328 clemens
574 5268 852 5324 Christus
874 5273 1170 5340 pateretur
1189 5270 1408 5325 diutius
1431 5272 1661 5326 tardare
1683 5272 1848 5341 adju-

183 5361 412 5416 torium.
454 5360 810 5430 Usquequo,
842 5357 1195 5412 subauditur
1223 5358 1422 5413 differs
1447 5358 1847 5430 misereri,qui

184 5462 358 5520 usque
376 5449 451 5504 ad
479 5449 673 5503 finem
699 5460 901 5516 preces
922 5444 1280 5517 supplicium
1306 5463 1419 5501 non
1440 5446 1591 5501 soles
1612 5446 1845 5502 oblivis-

182 5538 246 5589 ci.
271 5539 309 5592 ll
334 5537 439 5593 Vel
474 5548 801 5608 usquequo
827 5533 1086 5587 animam
1110 5549 1300 5588 meam
1323 5534 1692 5590 vehementer
1712 5551 1847 5589 con-

184 5626 471 5681 turbatam
508 5640 635 5679 non
688 5619 888 5691 eripis,
922 5637 1035 5675 non
1076 5621 1338 5692 corrigis,
1375 5638 1485 5678 non
1545 5622 1843 5677 emendas.

1953 4678 2105 4725 rum,
2130 4665 2194 4715 ut
2220 4658 2482 4715 securius
2513 4656 2695 4730 possit
2721 4672 2827 4710 suo
2858 4654 3104 4710 Domino
3132 4651 3435 4718 servire,ut
3466 4667 3592 4721 qua:

1953 4748 2239 4804 malorum
2270 4746 2509 4820 collegio
2544 4748 2895 4817 peccaverat,
2931 4741 3148 4814 fugatis
3199 4757 3233 4794 a
3262 4754 3323 4794 se
3353 4736 3590 4802 talibus,

1955 4836 2244 4892 mandatis
2266 4832 2919 4891 Dominidevotissimus
2935 4828 3340 4901 appareret.Eo
3360 4841 3592 4897 quoque

1957 4925 2126 4979 modo
2157 4940 2217 4977 se
2245 4924 2449 4994 probat
2476 4922 2545 4977 ad
2600 4920 2831 4993 plenam
2884 4917 3296 4973 correctionem
3344 4914 3592 4977 venisse,

1954 5012 2093 5082 quia
2123 5028 2184 5066 se
2213 5010 2393 5065 voluit
2421 5027 2455 5064 a
2485 5008 2771 5063 malorum
2807 5006 3078 5061 societate
3106 5002 3359 5058 dividere
3391 5018 3404 5055 :
3441 5001 3593 5055 unde

1956 5099 2219 5171 sequitur
2251 5115 2264 5152 :
2299 5096 2601 5153 Exaudivit
2629 5093 2928 5149 Dominus.

1990 5188 2026 5239 9
2096 5186 2390 5242 Exaudivit
2418 5185 2678 5240 Dominus
2707 5180 3137 5251 deprecationem
3166 5195 3374 5244 meam,-

2099 5275 2360 5331 Dominus
2390 5274 2687 5328 orationem
2714 5284 2893 5324 meam
2922 5270 3158 5339 suscepit

2025 5368 2064 5417 C
2095 5360 2428 5432 Deprecatio
2460 5363 2547 5415 est
2580 5376 2593 5413 :
2628 5373 2759 5413 cum
2792 5356 3001 5427 pietate
3034 5355 3304 5426 frequens
3329 5349 3597 5414 oratio,et

1957 5450 2281 5523 deprecatio
2313 5448 2437 5505 sola
2467 5452 2555 5503 est
2578 5465 2590 5502 :
2617 5462 2743 5519 qua:
2776 5443 2957 5498 nimia
2987 5442 3234 5507 decct,et
3264 5441 3597 5523 importuna

1955 5520 2245 5594 conciliat.
2270 5536 2381 5591 Nec
2403 5540 2564 5592 vacat
2584 5550 2712 5606 quae
2744 5532 2799 5585 in
2836 5546 2951 5585 una
2975 5526 3476 5599 postulatione,ter
3493 5520 3597 5606 Do-

1959 5626 2183 5680 minum
2247 5624 2385 5679 dicit
2442 5605 2784 5695 praestitisse
2843 5616 2992 5687 quod
3045 5614 3212 5683 petiit
3245 5628 3258 5665 :
3290 5607 3505 5664 scilicet
3535 5605 3599 5654 ut
