3936 6416
300 408 372 476 63
1220 413 1286 474 S.
1332 409 1726 476 BRUNONIS
1771 407 2392 476 HEBBIPOLENSIS
2436 409 2818 477 EPISCOPI.
3648 413 3731 476 64

304 549 657 603 monstraret
689 549 954 602 sanctam
987 545 1331 602 Trinitatem
1366 546 1626 603 adfuisse
1661 564 1778 603 sua:
1810 547 1954 622 peti-
1985 549 2039 616 Α
2071 547 2299 622 net,qui
2322 546 2544 604 nullam
2567 547 2938 621 iniquitatem
2963 547 3401 622 perpetravit,et
3427 547 3501 606 ad
3521 548 3730 620 David,

304 635 472 692 tioni.

304 725 372 780 10
441 725 776 782 Erubescant
801 733 853 784 et
899 728 1292 783 conturbentur
1405 727 1743 785 vehementer
1781 732 1796 796 ζ
1842 745 1956 785 om-

512 831 610 872 nes
641 817 864 873 inimici
890 818 1019 873 mei.

449 904 852 963 Convertuntur
872 915 926 963 et
953 909 1271 964 erubescant
1301 908 1457 964 valde
1487 909 1757 965 velociter.

375 994 420 1051 C
448 995 595 1051 Cum
625 995 768 1051 dicit
810 997 1162 1053 erubescant
1193 1015 1206 1053 :
1239 997 1365 1054 vult
1410 1002 1743 1070 peccatores
1795 1003 1958 1054 tanta

303 1085 752 1157 compunctione
775 1084 1118 1155 illuminari,
1153 1091 1217 1144 ut
1246 1104 1350 1160 pro
1382 1086 1475 1142 his
1505 1104 1635 1160 quin
1667 1087 1829 1160 prius
1871 1088 1954 1144 fa-

302 1171 578 1231 ciebant:
610 1191 668 1230 se
714 1175 1031 1232 erubescant
1084 1184 1134 1233 et
1181 1177 1484 1232 cmendent.
1522 1177 1956 1232 Conturbentur

301 1261 520 1319 scilicet
550 1263 764 1321 timore.
789 1263 969 1321 futuri
1005 1265 1228 1337 iudicii.
1263 1270 1411 1322 Dum
1433 1266 1595 1332 dicit,
1630 1266 1741 1322 mei
1773 1265 1953 1322 :rela-

300 1352 454 1407 xavit
482 1352 707 1420 odium,
737 1353 833 1410 cui
863 1353 1178 1411 multitudo
1211 1360 1336 1411 erat
1365 1356 1582 1412 donata
1620 1354 1949 1428 culparum.

300 1441 730 1506 Avertanlur,id
757 1446 864 1507 est,
893 1447 954 1498 ut
982 1460 1096 1500 non
1128 1445 1543 1517 permittantur
1562 1444 1645 1501 ire
1666 1462 1781 1516 quo
1815 1451 1954 1502 tem-

298 1528 465 1597 dunt,
495 1529 603 1585 hoc
633 1537 724 1586 est
759 1549 1014 1602 peccare.
1048 1532 1093 1587 Η
1146 1533 1504 1588 Erubescant
1549 1550 1562 1590 :
1599 1551 1712 1590 non
1755 1534 1954 1590 leviter

298 1618 399 1676 sed
430 1618 824 1686 vehementer,
855 1636 970 1675 non
1001 1619 1259 1676 crastino
1299 1624 1560 1694 tempore
1608 1623 1707 1678 sed
1745 1623 1878 1679 cito.
1913 1625 1954 1680 C

297 1707 369 1762 Et
417 1707 552 1762 vide
583 1725 710 1780 quae
759 1707 868 1764 iste
921 1709 1209 1781 pmnitens
1257 1711 1455 1767 statim
1494 1712 1804 1769 exauditus
1835 1718 1890 1768 et
1917 1729 1953 1768 a

299 1794 554 1868 peccatis
585 1795 885 1864 liberatus,
909 1798 1255 1872 evangelicae
1285 1799 1496 1873 regulae
1519 1801 1948 1871 obsecundans,

299 1900 404 1956 pro
439 1883 697 1940 inimicis
724 1885 860 1942 suis
880 1890 944 1942 ut
973 1891 1388 1944 convertantur
1416 1893 1616 1945 exorat
1657 1907 1669 1945 :
1703 1894 1769 1946 ut
1799 1889 1952 1947 sicut

298 1970 423 2044 ipse
453 1973 674 2047 accepit
701 1975 955 2040 veniam,
981 1976 1064 2032 ita
1092 1976 1358 2034 carnales
1406 1977 1675 2036 inimicos
1721 1981 1846 2052 ejus
1873 1981 1944 2037 ad

297 2060 530 2118 Domini
565 2063 812 2136 gratiam
843 2065 1032 2122 redire
1055 2067 1377 2141 contingat.

809 2187 1013 2229 ORATIO
1047 2191 1119 2230 ex
1156 2179 1312 2231 esu;
1352 2191 1431 2234 v1.

365 2277 682 2344 Exauditor
710 2279 975 2336 omnium
1007 2281 1182 2348 Deus,
1213 2283 1422 2338 exaudi
1467 2288 1802 2341 nostrorum
1844 2285 1942 2340 ile-

293 2370 463 2422 tuum
507 2367 835 2442 supplicem
878 2385 1122 2426 vocem:
1157 2375 1215 2428 et
1261 2370 1454 2428 tribue
1497 2372 1944 2430 infirmitatibus

293 2455 510 2512 nostris
539 2462 880 2530 perpetuam
929 2460 1294 2534 sospitatem,
1328 2465 1394 2516 ut
1445 2461 1587 2516 dum
1636 2461 1947 2536 dignanter

293 2545 578 2616 gemitum
609 2547 792 2602 nostri
823 2547 1043 2606 laboris
1084 2550 1338 2622 suspicis
1373 2566 1386 2605 :
1421 2555 1526 2606 tua
1572 2567 1678 2606 nos
1715 2567 1946 2624 semper

294 2632 700 2691 misericordia
723 2636 1062 2693 consoleris.
1094 2638 1222 2697 Per.

882 2762 1212 2822 PSALMUS
1250 2764 1372 2821 VII.

745 2867 1143 2910 ARGUMENTUM
1181 2871 1339 2911 PSAL.
1381 2873 1478 2912 νιι.

361 2959 405 3011 C
431 2959 548 3012 Iste
577 2957 858 3016 Psalmus.
875 2959 947 3016 ad
973 2959 1187 3018 Christi
1218 2961 1645 3020 humanitatem
1667 2964 1939 3037 pertinet,

291 3044 395 3117 qui
439 3062 543 3120 per
593 3046 651 3103 id
711 3048 870 3120 quod
927 3047 1114 3107 factus
1164 3055 1254 3108 est
1291 3051 1582 3110 humilis:
1617 3055 1940 3111 secundum

289 3150 458 3191 suam
483 3135 783 3206 justitiam
813 3139 1234 3214 veritatemque
1263 3158 1326 3199 se
1356 3142 1572 3216 expetit
1589 3143 1866 3215 judicari.

431 3224 543 3281 TT.
577 3227 828 3284 Psalmus
873 3229 1048 3285 David
1073 3247 1236 3303 quem
1277 3234 1524 3289 cantavit
1568 3233 1796 3290 Domino
1839 3251 1940 3307 pro

503 3317 680 3374 verbis
707 3319 877 3375 Chusi
900 3317 1020 3392 filii
1044 3321 1266 3378 Jemini.

357 3403 404 3460 Η
437 3404 754 3463 Sciendum
779 3407 981 3480 itaque
1013 3397 1191 3466 Chusi
1217 3409 1587 3484 interpretari
1627 3414 1939 3485 Ethiopem,

285 3497 342 3549 et
373 3497 562 3550 totum
594 3495 775 3551 istum
807 3496 1106 3568 psalmum
1131 3503 1337 3556 contra
1367 3501 1506 3556 Saul
1533 3517 1662 3557 esse
1683 3501 1939 3557 conscri-

287 3585 458 3654 ptum
489 3599 503 3637 :
538 3599 712 3654 quem
743 3583 1073 3658 )Ethiopem
1104 3591 1287 3655 vocat,
1321 3593 1558 3660 propter
1601 3593 1783 3644 tetros
1811 3589 1940 3659 ejus

289 3671 729 3728 moresJemini
749 3689 883 3729 vero
912 3674 1127 3730 dicitur
1157 3676 1378 3733 familia
1400 3677 1942 3752 Benjamin,de-qua

286 3757 423 3816 Saul
451 3763 619 3816 ortus
666 3765 772 3818 est.
807 3765 848 3817 C
877 3762 978 3820 Vel
1008 3764 1207 3833 Chusi,
1241 3766 1412 3823 Patre
1453 3767 1784 3839 Augustino
1831 3768 1938 3824 do-

286 3852 474 3918 cente,
504 3849 920 3923 interpretatur
963 3853 1294 3924 silentium;
1328 3854 1432 3911 ﬁlii
1476 3859 1673 3912 autem
1701 3856 1936 3927 Jemini,

287 3935 392 3994 filii
422 3937 635 3995 dextras
661 3939 1102 4014 interpretatur;

326 4027 349 4082 1
426 4029 656 4084 Domine
685 4030 823 4087 Deus
849 4047 1019 4100 meus,
1052 4034 1122 4088 in’
1143 4041 1194 4089 te
1217 4037 1434 4107 speravi
1443 4055 1462 4102 ,°

425 4116 652 4174 Salvum
679 4135 768 4174 me
792 4121 884 4192 fac
910 4137 982 4177 ex
1009 4121 1262 4178 omnibus
1304 4124 1751 4198 persequentibus
1777 4143 1862 4183 me
1889 4135 1942 4184 et

498 4206 686 4264 libera'
699 4224 805 4266 me.

354 4299 394 4349 C
416 4294 680 4354 Postulat
700 4297 986 4372 propheta
1009 4299 1242 4356 liberari
1262 4299 1635 4358 deuniversis
1656 4301 1932 4375 inimicis,

285 4383 537 4441 maxime
561 4385 632 4442 de
662 4387 1026 4460 spiritalibus
1053 4389 1354 4462 nequitiis,
1378 4390 1517 4465 quia
1545 4391 1808 4450 carnales
1837 4393 1935 4451 ho-

287 4475 406 4528 stes
429 4489 642 4546 corpus
662 4474 974 4549 impetunt,
991 4477 1284 4550 spiritales
1309 4497 1441 4536 vero
1463 4481 1694 4539 animas
1725 4501 1934 4540 necare

284 4563 662 4620 contendunt.
679 4563 915 4621 Salvum
947 4565 1038 4622 fac
1068 4585 1104 4624 a
1130 4569 1584 4640 peccato,libera
1611 4588 1646 4627 a
1675 4573 1930 4641 diabolo,

2069 637 2169 712 qui
2203 637 2366 695 Sauli
2395 637 2484 693 bis
2517 637 2576 694 in
2608 653 2786 694 manu
2819 638 2947 709 ejus
2969 636 3220 706 cadenti,
3243 637 3406 696 nulla
3427 637 3585 696 mala
3604 639 3732 697 red-

2069 725 2237 783 didit.

2103 817 2136 871 Ιι
2209 817 2270 874 Si
2300 816 2514 873 reddidi
2543 815 2972 874 retribuentibus
2997 818 3140 874 mihi
3165 818 3353 886 mala,-

2205 905 2464 962 Decidam
2488 907 2683 962 merito
2704 906 2773 962 ab
2796 907 3044 962 inimicis
3073 908 3210 962 meis
3240 908 3444 963 inanis.

2137 998 2176 1050 C
2205 995 2386 1052 Nemo
2417 995 2575 1051 enim
2609 993 3026 1062 retribuit,nisi
3059 995 3161 1069 qui
3181 994 3404 1070 aliquid
3435 1001 3570 1052 ante
3595 1013 3726 1070 per-

2065 1084 2238 1158 cepit.
2267 1085 2376 1140 Sed
2409 1083 2518 1140 iste
2548 1083 2636 1139 vir
2666 1084 2782 1140 Deo
2813 1083 3025 1157 plenus
3084 1090 3142 1141 et
3183 1083 3474 1158 patientia
3513 1085 3730 1143 virtute

2065 1173 2443 1230 firmissimus
2460 1178 2518 1229 et
2538 1165 2862 1230 benevolus
2876 1174 3112 1247 petit,ut
3129 1173 3178 1229 si
3201 1173 3424 1231 malum
3444 1191 3547 1249 pro
3571 1174 3726 1234 malo

2064 1262 2651 1331 reddiderit,decidat
2680 1263 2753 1319 ab
2780 1261 3034 1320 inimicis
3066 1263 3356 1331 inanis,id
3389 1268 3724 1334 est,vacua-

2064 1356 2159 1409 tus
2189 1351 2267 1409 sit
2291 1353 2483 1409 fructu
2517 1369 2741 1426 magna:
2771 1351 3262 1410 mansuetudinis.
3280 1353 3349 1409 Et
3378 1370 3493 1409 non
3525 1353 3722 1412 solum

2062 1441 2400 1511 hoc,vcrum
2434 1443 2609 1498 etiam
2637 1441 2814 1516 (quod
2844 1441 3082 1515 gavisus
3112 1444 3225 1511 est)
3245 1439 3294 1497 si
3326 1441 3718 1510 reddidi,etc.,

2063 1535 2468 1606 persequatur.

2095 1623 2132 1677 5
2205 1627 2570 1694 Persequatur
2598 1623 2859 1678 inimicus
2889 1623 3138 1678 animum
3167 1637 3346 1678 meam
3373 1629 3424 1678 et
3473 1637 3722 1694 compre-

2273 1711 2476 1768 hendat
2503 1729 2522 1766 :
2547 1719 2600 1768 et
2627 1713 2901 1768 conculcet
2933 1714 2990 1767 in
3023 1719 3169 1768 terra
3198 1711 3369 1766 vitam
3396 1727 3595 1778 mam,

2203 1801 2268 1856 Et
2292 1802 2530 1873 gloriam
2560 1815 2738 1856 meam
2769 1802 2827 1856 in
2877 1800 3162 1873 pulverem
3189 1799 3437 1856 deducat.
3467 1801 3726 1874 Diapsal-v

2275 1907 2411 1947 ma..

2082 2047 2088 2054 ἡ
2125 1982 2166 2035 C
2195 1980 2528 2048 Inimicum,
2561 1979 2861 2037 diabolum
2915 1980 3077 2048 dicit,
3125 1978 3227 2053 qui
3285 1979 3514 2036 animas
3541 1976 3720 2053 quas

2055 2069 2500 2143 comprehendit
2529 2069 2951 2142 conterit,quia
2981 2069 3252 2125 homines
3283 2085 3494 2142 corpus
3519 2067 3718 2125 solum

2042 2158 2331 2232 prosequi
2364 2163 2630 2232 possunt,
2648 2159 2749 2214 sed
2771 2158 3042 2216 diabolus
3062 2157 3240 2214 etiam
3267 2157 3718 2230 animam,quod

2055 2247 2187 2322 plus
2216 2253 2325 2305 est.
2356 2250 2436 2306 Ac
2465 2248 2516 2305 si
2547 2249 2812 2315 dixisset,
2845 2249 2903 2304 Si
2951 2247 3210 2304 inimicis
3256 2246 3416 2304 mala-
3461 2247 3710 2316 reddidi,

2053 2337 2210 2410 quod
2241 2341 2305 2393 tu
2339 2337 2980 2411 prohibuisti,deducat
3009 2337 3289 2394 honorem
3321 2337 3580 2410 suscepti
3605 2336 3707 2393 ho-

2054 2426 2232 2487 minis
2255 2426 2376 2501 (qui
2403 2427 2474 2483 ad
2503 2427 2822 2502 imaginem
2844 2427 2944 2484 Dei
2967 2431 3198 2484 constat
3225 2426 3434 2499 factus)
3455 2425 3515 2482 in
3539 2426 3706 2483 illum

2053 2515 2372 2590 pulverem,
2405 2534 2580 2590 quem
2612 2517 2848 2591 projicit
2889 2521 3098 2574 ventus
3148 2534 3183 2573 a
3229 2515 3375 2573 facie
3426 2520 3610 2585 terre,
3643 2515 3704 2572 id

2053 2609 2160 2677 est,
2195 2605 2365 2679 quasi
2395 2605 2454 2661 in
2488 2605 2738 2663 nihilum
2770 2603 3016 2680 redigat.
3206 2669 3212 2675 ἡ

2086 2697 2122 2750 6
2210 2701 2266 2761 -ξ-
2295 2696 2376 2751 Ex
2445 2701 2458 2762 ζ
2501 2712 2683 2768 surge,
2709 2695 2957 2761 Domine,
2988 2697 3052 2752 in
3078 2696 3167 2751 ira
3193 2703 3307 2752 tua.

2197 2789 2263 2842 Et
2285 2786 2540 2842 exaltare
2567 2787 2628 2840 in
2647 2785 2851 2856 ﬁnibus
2881 2786 3235 2841 inimicorum
3261 2799 3524 2842 meorum.

2122 2879 2162 2930 C
2191 2877 2519 2948 Consurgat
2547 2874 2833 2931 Dominus
2856 2875 2915 2930 in
2943 2874 3155 2949 ira,qui
3189 2891 3305 2930 non
3337 2873 3702 2943 habetiram,

2052 2963 2110 3022 id
2141 2969 2232 3021 est
2262 2964 2322 3020 in
2369 2963 2707 3021 vindictam.
2742 2959 2789 3020 Η
2839 2967 3056 3021 Verum
3101 2963 3223 3020 hec
3270 2960 3536 3018 vindicta.
3574 2979 3720 3036 quas.

2051 3053 2268 3110 dicitur
2325 3053 2411 3110 ira
2459 3053 2518 3108 in
2567 3051 2869 3109 diabolum
2912 3051 3109 3125 potius
3158 3051 3334 3108 debet
3370 3048 3570 3116 averti,
3602 3049 3702 3123 qui

2049 3143 2217 3200 toties
2247 3143 2509 3218 punitur,
2539 3142 2770 3216 quoties
2799 3142 2910 3199 sibi
2943 3145 3213 3214 peccator
3241 3139 3506 3214 eripitur,
3535 3143 3600 3195 ut
3617 3139 3709 3196 sic

2050 3231 2277 3289 inimici
2306 3231 2476 3288 illum
2509 3229 2764 3287 sentiant
2792 3247 2897 3304 per
2924 3229 3262 3300 vindictam,
3285 3226 3700 3303 quem-nolue-

2051 3326 2190 3378 runt
2217 3338 2319 3395 per
2347 3320 2650 3377 beneficia.
2679 3320 2722 3376 C
2749 3319 3054 3377 Exaltatur
3089 3318 3264 3388 Deus,
3292 3318 3528 3393 quando
3570 3333 3703 3373 cnn-

2049 3410 2233 3468 versis
2263 3409 2666 3483 peccatoribus
2695 3409 2984 3467 confessio
3014 3407 3207 3465 laudis
3256 3407 3498 3464 otl‘ertur
3537 3405 3701 3462 Chri-

2050 3504 2170 3569 sto;
2204 3505 2262 3555 et
2291 3499 2399 3555 hoc
2432 3516 2445 3555 :
2475 3504 2541 3555 In
2574 3499 2813 3566 ﬁnibus,
2847 3499 2903 3555 id
2937 3503 3029 3555 est
3057 3495 3426 3572 possessione
3455 3495 3697 3562 diaboli,

2051 3588 2110 3644 in
2142 3605 2260 3662 qua
2291 3588 2492 3662 utique
2521 3587 2814 3645 exaltatur
2841 3587 3129 3658 Christus,
3161 3586 3303 3642 dum
3333 3603 3370 3642 a
3407 3583 3702 3642 conversis

2049 3676 2345 3734 laudatur.
3153 3741 3159 3748 ,

2081 3769 2118 3823 7
2189 3769 2210 3790 ¹
2237 3769 2352 3825 Et:
2381 3783 2588 3838 exurge
2631 3772 2706 3835 μέν,
2740 3767 2975 3824 Domine
3021 3767 3338 3824 Deusmeus
3378 3769 3391 3834 ζ
3439 3767 3497 3821 in
3543 3779 3698 3836 prx-

2259 3866 2406 3933 cepto
2435 3857 2580 3931 quod
2602 3857 2900 3924 mandasti,

2189 3939 2252 4004 Et
2279 3964 2559 4021 synagoga
2581 3948 2910 4020 populorum
2935 3945 3301 4002 circumdabit
3327 3954 3398 4003 te.

2117 4035 2158 4092 C
2188 4037 2485 4093 Mandavit
2537 4033 2820 4093 Dominus
2871 4034 2930 4090 in
2991 4039 3297 4108 praecepto,
3330 4034 3440 4091 hoc
3491 4036 3601 4098 est,
3633 4030 3706 4087 in.

2045 4124 2354 4198 Evangelia
2383 4124 2690 4198 discipulis
2722 4141 2735 4180 :
2769 4124 2941 4181 tertia
2982 4123 3092 4180 die.
3119 4139 3444 4197 resurgam,
3479 4137 3698 4196 prace-

2044 4215 2180 4271 dam
2210 4233 2313 4272 vos
2341 4215 2401 4271 in
2433 4213 2736 4282 Galileam,
2768 4213 2920 4270 dixit
2942 4230 3078 4270 vero
3104 4217 3345 4286 propter
3392 4208 3695 4269 certitudi-

2045 4321 2178 4360 nem
2209 4304 2526 4378 prophetis:
2557 4303 2915 4376 praeteritum
2948 4319 3052 4375 pro
3102 4301 3319 4358 futuro.
3363 4301 3693 4374 Synagoga,

2044 4393 2138 4450 hic
2166 4392 2563 4451 collectionem
2594 4392 2792 4466 signat
2819 4392 3375 4464 reproborum,qua3'
3393 4388 3691 4446 Christum

2041 4482 2466 4550 circumdabat,
2499 4499 2614 4538 non
2675 4480 2984 4548 credendo,
3020 4486 3256 4554 propter
3306 4476 3546 4536 rebelles
3590 4477 3694 4532 Ju-

2043 4573 2201 4629 daaos
2221 4571 2322 4644 qui
2335 4571 2631 4629 Christum
2655 4569 3230 4642 persequebantur.li
3253 4567 3354 4624 Vel
3367 4568 3698 4639 Synagoga,

283 4656 350 4741 ut
377 4651 451 4708 ab
479 4651 670 4735 ipsius
701 4657 982 4726 potestate
1010 4655 1316 4726 tollamur;
1344 4660 1579 4732 quando
1612 4661 1934 4719 misericor-
1961 4675 2008 4741 Ι)
2041 4662 2326 4737 populum
2358 4658 2621 4717 fidelium
2643 4658 3060 4732 signiﬁcat,qui
3083 4653 3697 4724 credendo,destum

282 4738 377 4796 dia
409 4741 638 4799 Domini
669 4760 703 4799 a
733 4741 1082 4802 delictorum
1111 4745 1387 4804 sordibus
1415 4749 1737 4823 expiamur.

314 4829 354 4884 2
421 4831 715 4904 Neguando
745 4834 931 4904 rapiat
959 4838 1020 4890 ut
1049 4835 1132 4892 leo
1161 4836 1410 4894 animam
1436 4855 1648 4910 meam;

425 4925 571 4978 Dum
624 4938 736 4978 non
787 4931 868 4979 est
915 4925 1015 4996 qui
1067 4925 1304 4982 redimat
1347 4944 1518 5002 neque
1575 4933 1674 5004 qui
1716 4931 1933 4988 salvum

493 5012 685 5081 faciat.

352 5103 392 5154 C
423 5099 598 5157 Leoni
630 5101 926 5158 confertur
954 5103 1244 5176 diabolus,
1276 5104 1428 5164 leoni
1459 5113 1517 5165 et
1558 5095 1934 5183 comparatur

281 5186 358 5242 Cb
369 5188 571 5245 ristus.
597 5188 700 5246 llle
717 5191 874 5260 quod
893 5193 966 5250 ad
983 5193 1285 5252 interitum
1303 5197 1752 5270 rapit,Christus
1775 5201 1931 5272 quod

281 5275 454 5349 eripit
484 5278 556 5333 ad
589 5278 860 5336 salutem.
893 5282 1017 5338 Non
1043 5288 1133 5340 est
1157 5285 1566 5358 qui-redimat,
1585 5287 1642 5343 id
1675 5293 1765 5344 est
1794 5305 1930 5345 eum

281 5363 548 5422 Christus
577 5367 885 5426 subvenire
935 5374 1264 5442 cessaverit,
1295 5375 1668 5434 obstantibus
1712 5377 1932 5434 nostris

283 5454 554 5547 peccatis,
573 5455 689 5547 illo
721 5461 1279 5547 tempore'praavalet
1306 5463 1582 5520 diabolus
1607 5481 1829 5538 rapere.

317 5541 352 5597 3
425 5544 815 5605 Domine'Deus-
842 5541 1014 5623 meus,
1044 5553 1098 5608 si
1121 5554 1237 5624 feci
1264 5552 1412 5608 istud
1439 5572 1458 5607 :

425 5632 488 5688 Si
506 5638 584 5689 est
612 5638 879 5710 iniquitas
908 5641 968 5696 in
988 5643 1247 5697 manibus
1274 5643 1430 5698 meis.

357 5719 401 5776 Η
432 5721 545 5778 iste
566 5727 885 5786 versiculus
915 5735 971 5785 et
1013 5746 1266 5801 sequens
1316 5730 1389 5786 ad
1429 5729 1725 5787 Christum
1757 5730 1932 5803 perti-

2045 4755 2178 4825 post
2205 4747 2690 4808 resurrectionem
2721 4747 3252 4804 circumdederunt.

2075 4844 2111 4896 8
2183 4843 2250 4896 Et
2271 4845 2493 4912 propter
2521 4827 2668 4894 hanc
2694 4838 2757 4893 in
2783 4838 2961 4894 altum
2986 4835 3303 4908 regredere;

2183 4930 2448 4986 Dominus
2465 4926 2686 5000 judicat
2707 4926 2955 5000 populos;

2112 5022 2153 5074 C
2183 5017 2422 5091 Propter
2449 5015 2620 5084 hanc,
2654 5014 2714 5071 id
2742 5018 2833 5072 est
2866 5018 3258 5090 Synagogam,
3291 5011 3500 5086 iniqua
3527 5010 3694 5066 habi-

2043 5113 2167 5166 tare
2195 5107 2606 5164 Christusvnon
2627 5104 2820 5179 potuit
2847 5108 3085 5179 propter
3133 5101 3561 5161 inﬁdelitatem.
3594 5100 3698 5156 Re-

2041 5197 2204 5272 gredi
2226 5197 2394 5254 enim
2409 5195 2682 5264 est,undo
2699 5194 2930 5259 veneris
2942 5194 3170 5252 iterata-
3184 5193 3279 5250 via
3291 5189 3536 5250 reverti.
3549 5191 3724 5248 ϐυωῆ

2041 5285 2204 5355 dicit,
2230 5285 2460 5359 judicat
2484 5282 2752 5358 populos,
2786 5281 3222 5356 omnipotentis
3255 5279 3461 5339 Patris,
3488 5280 3700 5352 majes-

2041 5382 2132 5436 tas
2163 5375 2509 5433 ostenditur.

2075 5467 2112 5520 9
2181 5465 2377 5521 Judica
2405 5480 2510 5531 me,
2537 5464 2780 5530 Domine,
2811 5461 3112 5520 secundum
3135 5461 3418 5534 iustitiam
3443 5475 3645 5523 meum,

2185 5555 2252 5610 Et
2279 5552 2575 5611 secundum
2589 5553 2974 5610 innocentiam
3000 5565 3370 5632 mcamsupor
3393 5563 3499 5606 mei

2113 5641 2156 5700 C
2185 5643 2332 5700 Cum
2363 5641 2620 5716 ponitur,
2643 5641 2849 5714 judice
2878 5638 3313 5708 me,humllitas
3341 5636 3557 5694 Christi
3589 5635 3700 5692 hu-

2046 5731 2347 5791 manitatis
2367 5729 2730 5808 exprimitur,
2746 5746 2872 5802 quae
2899 5731 2970 5786 de
2991 5729 3186 5788 Mariae
3208 5734 3372 5786 utero
3395 5729 3703 5798 assumpta
