3936 6486
237 476 309 537 69
1480 470 1895 536 EXPOSITIO
1940 468 2422 534 PSALMORUM
2432 517 2445 530 .
3172 535 3187 543 _
3560 478 3636 538 70

376 607 495 662 'I‘T.
533 608 590 661 In
619 608 787 676 ﬁnem
816 622 918 676 pro
945 604 1169 661 occultis
1196 605 1322 674 lilii.

375 697 636 751 Psalmus
663 693 860 749 David.

308 784 350 840 C
381 785 444 839 In
472 784 674 850 ﬁnem,
700 799 807 855 pro
828 780 1072 838 occultis
1095 782 1207 853 ﬁlii
1237 780 1407 837 David
1428 779 1712 852 psalmus.
1734 777 1893 834 Finis

1919 610 1969 675 Α
2036 606 2070 657 6
2143 603 2360 657 Inimici
2386 603 2693 674 deiecerunt
2716 606 2944 674 frangere
2976 606 3033 659 iu
3062 607 3223 676 ﬁnem
3254 625 3273 660 .-

2142 694 2205 746 Et
2232 693 2473 747 civitates
2500 698 2554 756 οξ·
2597 708 2782 746 eorum
2825 698 2838 758 ζ
2882 693 3218 749 destrucisti.

2071 779 2111 833 C
2140 777 2362 834 Inimici
2395 777 2685 851 genitivus
2707 796 2880 835 casus
2899 786 3005 848 est,
3030 782 3085 835 id
3117 788 3204 837 est
3225 782 3637 854 diaboli,cnjus

240 875 348 933 iste
379 871 581 945 signat
612 869 781 925 illum
810 888 823 925 :
850 887 966 924 non
1005 868 1064 923 in
1101 886 1216 941 quo
1247 869 1529 937 deﬁcitur,
1555 869 1651 923 sed
1685 867 1745 922 in
1777 882 1892 939 quo
2000 866 2281 922 frameam
2312 867 2590 922 defecisse
2637 871 2898 937 testatur,
2930 871 3163 941 quando
3193 870 3375 928 virtus
3420 874 3637 929 diaboli

242 960 549 1027 crescitur,
567 959 667 1032 qui
693 957 864 1014 nobis
894 956 1127 1013 initium
1158 962 1247 1013 est
1274 956 1432 1026 boni,
1453 957 1585 1012 ﬁnis
1616 960 1703 1012 est
1732 953 1890 1010 mali.

243 1050 349 1107 Pro
379 1047 631 1104 occultis
680 1046 787 1101 ﬁlii
820 1063 834 1101 :
870 1061 1178 1118 personam
1231 1043 1523 1117 signiﬁcat
1558 1041 1895 1110 Salvatoris,

244 1139 417 1210 cujus
448 1135 729 1209 mysteria
759 1140 818 1190 et
837 1133 1065 1206 judicia
1093 1132 1261 1189 nobis
1290 1138 1429 1189 sunt
1447 1132 1690 1188 occulta.
1716 1132 1899 1186 Totus

249 1227 336 1282 hic
387 1223 683 1297 psalmus,
716 1222 776 1277 in
796 1238 1050 1295 .persona
1100 1219 1365 1276 Ecclesiae
1411 1236 1512 1292 per
1557 1219 1897 1292 prophetam

248 1315 500 1371 canitur.

282 1404 305 1457 1
387 1400 698 1472 Conﬁtebor
730 1406 787 1465 ξ-
806 1398 912 1455 tibi
956 1404 970 1464 ζ
1007 1400 1261 1463 Domine,
1288 1400 1346 1453 in
1377 1405 1482 1454 toto
1510 1397 1664 1453 corde
1691 1413 1837 1465 meo;

313 1491 570 1547 Narrabo
601 1490 789 1545 omnia
819 1488 1111 1543 mirabilia
1142 1494 1252 1542 tua.

316 1579 380 1635 C.
418 1579 486 1633 In
517 1582 642 1633 toto
668 1577 838 1632 corde
858 1576 1170 1630 conﬁtetur
1194 1575 1397 1645 Deum,
1416 1575 1513 1647 qui
1547 1573 1724 1631 nullis
1754 1573 1903 1645 cogi-

254 1666 576 1722 tationibus
600 1664 920 1720 mundanis
942 1664 1364 1735 ﬁuctuat,quod
1386 1666 1479 1718 est
1494 1663 1901 1734 perfectorum.

256 1755 535 1821 Narrabo,
564 1758 674 1808 etc.
700 1753 745 1807 Η
767 1754 846 1807 Ac
876 1751 925 1807 si
948 1751 1189 1806 dixisset
1206 1756 1489 1822 quantum
1519 1768 1610 1804 me
1632 1749 1903 1815 docuisti,

258 1845 487 1898 tabtum
539 1841 810 1897 narrabo.
836 1841 942 1906 Qui
995 1844 1191 1893 narrat
1239 1845 1524 1910 quantum
1583 1838 1900 1909 intelligit:

258 1931 458 1987 omnia
488 1928 782 1985 mirabilia
832 1926 931 1982 Dei
960 1932 1177 1995 narrat,
1207 1927 1473 1998 quamvis
1520 1926 1576 1981 in
1628 1943 1687 1981 se
1738 1926 1906 1999 plura

258 2020 395 2075 sint.

290 2111 327 2162 2
398 2108 650 2164 Laetabor
675 2116 727 2162 et
753 2106 1009 2162 exultabo
1041 2108 1102 2160 in
1130 2115 1212 2173 te;

394 2195 643 2250 Psallam
670 2196 889 2250 nomini
915 2202 1025 2261 tuo,
1062 2194 1363 2249 Altissime.

320 2284 364 2339 C
395 2283 535 2339 Plus
563 2287 651 2338 est
680 2283 837 2338 enim
868 2280 1128 2337 exultare
1159 2298 1336 2353 quam
1378 2280 1578 2335 laetari.
1608 2281 1906 2336 Exsultare

249 2378 335 2427 est
382 2372 567 2427 animi
600 2376 658 2427 et
686 2370 949 2442 corporis
1008 2374 1171 2424 metu
1223 2370 1431 2441 majori
1476 2370 1908 2440 jocundissima

252 2460 522 2515 libertate
571 2459 848 2532 gaudere,
878 2457 1060 2513 laetari
1113 2473 1290 2513 vero:
1340 2456 1806 2529 animojdilatari
1848 2458 1906 2511 in

249 2548 494 2621 gaudio,
528 2546 727 2601 laetitia
757 2546 914 2602 enim
949 2545 1118 2617 quasi
1152 2543 1361 2613 latitia,
1392 2544 1447 2598 id
1479 2550 1568 2599 est
1593 2545 1802 2599 mentis
1832 2545 1910 2599 1a-

250 2636 464 2703 titudo,
499 2636 558 2690 in
604 2634 819 2708 gaudio
868 2634 1103 2688 dicitur.
1150 2632 1423 2700 Psallam,
1453 2633 1497 2688 H
1530 2648 1700 2703 opere
1746 2649 1909 2688 com-

2002 955 2060 1009 in
2083 954 2196 1009 ﬁne
2217 954 2641 1028 Omnipotentis
2653 955 2876 1027 judicio
2898 958 3247 1014 destruetur.
3278 961 3519 1017 Framea
3540 963 3641 1017 Ile-

2003 1042 2234 1097 braicus
2279 1059 2488 1110 sermo,
2538 1044 2738 1099 Latine
2785 1046 3020 1113 gladius.
3055 1047 3345 1116 Civitates,
3397 1049 3642 1121 populos

2005 1130 2288 1199 inﬁdeles,
2323 1148 2569 1202 quorum
2619 1138 2852 1205 pectora
2902 1134 3170 1191 diabolus
3200 1137 3257 1191 in
3293 1136 3401 1192 hoc
3433 1138 3640 1193 saeculo

2004 1220 2367 1292 possidebat;
2405 1219 2463 1275 in
2512 1220 2721 1276 ultima
2750 1221 2961 1278 Christi
2992 1223 3458 1281 manifestatione
3503 1225 3645 1281 dicit

2006 1308 2317 1363 convictos.

2040 1397 2075 1451 7
2146 1397 2319 1451 Periit
2346 1399 2607 1453 memoria
2635 1415 2823 1454 eorum
2850 1417 2972 1455 cum
2998 1403 3180 1457 sonitu
3210 1421 3229 1457 :

2148 1486 2214 1540 Et
2244 1488 2512 1541 Dominus
2542 1488 2600 1541 in
2625 1496 2891 1544 aeternum
2917 1500 3216 1561 permanet.

2080 1572 2120 1627 C
2150 1574 2292 1628 Cum
2320 1574 2510 1628 sonitu
2543 1575 2702 1645 dicit,
2724 1575 2779 1630 id
2815 1582 2901 1631 est
2926 1594 3058 1633 cum
3087 1578 3337 1635 clamore
3368 1581 3643 1648 maxime,

2011 1662 2161 1734 quod
2196 1663 2315 1717 ﬁeri
2366 1662 2529 1730 solet,
2563 1665 2795 1734 quando
2827 1683 2918 1720 res
2967 1683 3253 1739 prosperae
3301 1670 3647 1742 gravissimo

2012 1752 2125 1805 ﬁne
2155 1750 2526 1818 clauduntur,
2548 1757 2737 1807 utnec
2767 1759 3024 1825 potestas
3052 1773 3248 1812 eorum
3275 1759 3537 1813 videatur
3568 1774 3650 1812 re-

2013 1854 2266 1903 manere,
2296 1855 2399 1892 nec
2432 1856 2664 1894 nomen.
2689 1840 2757 1894 Et
2787 1858 2917 1897 ecce
2957 1843 3163 1899 decora
3195 1845 3484 1918 nimisque
3514 1850 3651 1918 apta

2013 1926 2338 1986 diversitas.
2364 1927 2501 1998 quia
2533 1927 2695 1999 prius
2721 1928 2862 1983 dixit
2894 1930 3106 2003 impios
3148 1933 3353 2003 perire,
3388 1951 3541 1989 nunc
3587 1935 3647 1990 in

2012 2020 2290 2069 aeternum
2321 2014 2633 2070 Dominum
2668 2033 3004 2087 permanere
3037 2019 3195 2075 dicit.

2047 2104 2080 2156 8
2152 2103 2377 2157 Paravit
2406 2105 2466 2157 in
2484 2102 2696 2175 judicio
2726 2104 2980 2160 thronum
3008 2122 3190 2173 suum,
3222 2117 3274 2164 et
3303 2111 3412 2181 ipse
3438 2111 3649 2182 iudica-

2226 2190 2304 2245 bit
2331 2190 2511 2245 orbem
2541 2198 2704 2247 terra:
2733 2193 2789 2246 in
2820 2194 3075 2262 aequitate
3103 2214 3122 2249 .-

2150 2278 2423 2334 Judicabit
2446 2279 2669 2348 populos
2698 2280 2758 2332 in
2775 2281 3013 2349 justitia.

2085 2365 2126 2420 C
2157 2366 2401 2432 Paravit,
2426 2365 2640 2419 scilicet
2663 2365 2815 2420 Deus
2836 2366 3111 2431 homo,ut
3128 2370 3225 2440 qui
3250 2370 3343 2426 hic
3373 2372 3430 2426 in
3460 2373 3653 2429 humi-

2015 2453 2490 2524 litatejudicatus
2511 2457 2618 2518 est,
2645 2454 2721 2508 ibi
2748 2454 2805 2508 in
2831 2455 3132 2523 majestate
3158 2458 3532 2528 judicaturus
3554 2462 3654 2516 ad-

2016 2542 2223 2597 veniat.
2259 2542 2328 2596 Et
2356 2539 2480 2613 ipse
2508 2540 2705 2613 utique
2744 2542 3026 2597 Dominus
3057 2544 3321 2603 Christus
3342 2548 3650 2619 judicabit.

2018 2631 2225 2687 Orbem
2261 2634 2423 2685 terra:
2474 2634 2704 2685 sanctos
2728 2632 2882 2686 viros
2932 2632 3211 2689 debemus
3241 2636 3519 2708 accipere.
3554 2637 3657 2693 Isti

202 2780 211 2788 ,
250 2724 469 2796 pleam.
498 2724 719 2779 Nomen
745 2721 933 2777 Patris
965 2722 1147 2777 Filius
1176 2726 1282 2776 est.
1309 2719 1643 2776 Altissimus
1672 2725 1798 2793 ipse
1823 2726 1912 2776 est
2009 2719 2310 2789 judicandi
2336 2722 2473 2773 sunt
2498 2719 2552 2772 in
2578 2719 2846 2790 aequitate
2873 2721 2969 2792 qui
2994 2722 3249 2777 audituri
3282 2728 3423 2779 sunt
3448 2742 3460 2779 :
3484 2725 3658 2780 Veni-

250 2814 432 2868 Deus.

281 2903 317 2955 3
393 2904 464 2955 In
496 2898 853 2955 convertendo
885 2899 1175 2953 inimicum
1200 2913 1382 2952 meum
1410 2904 1702 2952 retrorsum
1732 2916 1751 2952 :

318 2988 771 3059 Inﬁrmabuntur
795 2990 849 3041 ef
874 2986 1135 3057 peribunt
1164 3002 1197 3039 a
1223 2986 1364 3056 facie
1394 2992 1509 3040 tua.

312 3076 393 3131 Η.
428 3076 747 3131 Inimicum
780 3073 922 3129 dicit
949 3072 1268 3140 diabolum,
1292 3072 1384 3127 cui
1417 3073 1698 3128 Dominus
1726 3073 1872 3128 dixit
1897 3091 1910 3139 ;

242 3165 411 3220 Vade
464 3169 643 3227 retro,
671 3164 888 3218 Satana
926 3163 1145 3230 (Matth.
1169 3164 1307 3229 xvx).
1340 3161 1551 3216 Putant
1596 3163 1750 3217 enim
1784 3161 1913 3232 qui-

241 3254 407 3315 dam.
436 3269 562 3308 non
592 3252 759 3307 Petro
810 3250 910 3306 sed
952 3249 1206 3315 diabolo,
1232 3249 1397 3305 Petro
1441 3249 1771 3322 suggerenti
1808 3255 1916 3304 Do-

2019 2813 2096 2874 te,
2120 2807 2404 2863 benedicti
2436 2807 2620 2861 Patris
2652 2808 2761 2862 mei
2787 2809 3006 2870 (Matth.
3032 2815 3195 2879 xxv);
3229 2814 3469 2884 zequitas
3501 2814 3655 2870 enim

2020 2913 2122 2968 pro
2154 2894 2479 2967 placiditate
2523 2900 2579 2950 et
2631 2894 2745 2950 leni
2785 2897 3007 2967 judicio
3040 2899 3172 2970 poni
3196 2900 3360 2956 solet.
3387 2902 3656 2975 Populos,

2022 2989 2350 3057 peccatores
2387 2983 2545 3038 dicit.
2570 2983 2669 3038 Isti
2700 3001 2832 3039 cum
2873 2984 3106 3057 justitia
3143 2988 3447 3059 judicandi
3499 2996 3656 3059 sunt,

2022 3073 2237 3145 quibus
2267 3072 2491 3126 dicetur
2522 3087 2535 3124 :
2572 3072 2654 3126 Ite
2683 3073 2742 3127 in
2775 3072 2967 3145 ignem
3000 3079 3279 3141 internum
3311 3079 3499 3149 (Ibid.)

2055 3163 2091 3214 9
2164 3161 2226 3214 Et
2250 3162 2426 3231 factus
2452 3168 2529 3215 est
2550 3162 2808 3215 Dominus
2839 3164 3115 3233 refugium
3137 3168 3371 3237 pauperi
3393 3186 3412 3221 .-

2168 3248 2402 3318 Αιϋιιιον
2432 3249 2486 3302 in
2514 3250 3055 3318 opportunitatibus,,
3089 3253 3147 3305 in
3180 3254 3551 3311 tribulatione.

240 3341 483 3396 minum
523 3338 899 3411 respondisse
924 3355 937 3393 :
962 3337 1141 3404 Vade,
1166 3342 1336 3403 retro,
1361 3320 1597 3403 Satana,
1619 3336 1676 3391 id
1703 3341 1791 3391 est
1818 3339 1913 3392 ad-
1944 3320 1986 3385 C
2093 3334 2134 3390 C
2158 3336 2367 3408 Magna
2389 3334 2659 3407 cogitatio
2681 3333 3049 3407 gaudiorum,
3069 3338 3261 3409 ipsum
3280 3340 3492 3396 habere
3516 3342 3663 3396 rel‘u-

234 3429 531 3495 versarie,
551 3443 657 3484 seu
702 3426 961 3481 inimice.
986 3425 1465 3480 lnﬁrmabuntur.
1490 3425 1592 3480 llic
1614 3425 1916 3497 pluraliter

231 3534 454 3573 omnes
510 3514 797 3573 satellites
844 3513 1059 3569 diaboli
1113 3513 1575 3586 comprehendit,
1605 3513 1704 3585 qui
1753 3515 1915 3586 prius

230 3608 425 3662 fortes
460 3609 642 3661 erant
674 3608 910 3677 propter
940 3606 1177 3675 peccata
1216 3606 1434 3668 nostra,
1458 3602 1632 3656 modo
1661 3602 1913 3670 inﬁrmi;

229 3712 343 3749 nos
373 3699 597 3749 autem
626 3692 683 3747 in
711 3692 827 3747 Deo
853 3691 1050 3746 fortes.
1080 3690 1356 3745 Peribunt
1380 3694 1510 3744 aute
1533 3690 1757 3745 faciem.
1784 3689 1824 3744 C
1853 3691 1916 3746 Id

228 3789 323 3837 est
355 3786 511 3838 ante
545 3780 801 3854 gratiam
834 3778 932 3852 [aL
965 3777 1193 3851 faciem]
1221 3777 1455 3833 Christi.

262 3874 295 3926 4
377 3871 684 3943 Quoniam
706 3869 888 3939 fecisti
906 3866 1182 3938 judicium
1202 3882 1380 3921 meum
1403 3874 1453 3921 et
1472 3858 1695 3921 causam
1722 3884 1915 3923 meum.

377 3959 617 4015 Sedisti
662 3972 827 4027 super
875 3956 1132 4011 thronum
1174 3960 1229 4020 οξ·
1274 3956 1372 4025 qui
1430 3960 1444 4019 ζ
1489 3953 1709 4026 judicas
1749 3956 1919 4026 justi-

459 4050 640 4103 tiam.
882 4040 891 4057 ⁴

300 4140 370 4193 Il.
410 4132 654 4192 Fecisti
698 4131 994 4203 judicium
1046 4147 1264 4199 meum,
1296 4146 1403 4185 vox
1445 4130 1731 4187 Ecclesiae.
1763 4133 1840 4186 Ae
1869 4131 1919 4187 si

216 4226 387 4282 dicat
421 4242 434 4281 :
477 4226 711 4297 gentes
741 4219 990 4293 elegisti,
1021 4218 1254 4274 Judaaos
1296 4218 1640 4290 reprobasti.
1673 4218 1921 4275 Causam

218 4331 455 4380 meam,
491 4312 562 4366 id
610 4313 723 4377 est,
748 4307 1003 4364 causasti
1033 4324 1137 4378 pro
1169 4323 1260 4362 me
1292 4311 1491 4362 contra
1538 4307 1919 4375 adversarios,

212 4410 271 4459 et
302 4397 664 4458 vindicasti
697 4412 811 4463 me,
847 4401 904 4451 et
942 4396 1126 4451 fecisti
1162 4411 1399 4450 causam
1445 4410 1635 4450 meam
1686 4395 1921 4450 bonam.

213 4492 554 4547 Thronum
585 4486 863 4542 Graecum
889 4488 1001 4550 est,
1026 4482 1226 4538 Latine
1243 4482 1413 4549 sedes,
1438 4482 1577 4554 quia
1608 4482 1925 4554 unusquis-

211 4597 331 4654 que
365 4579 567 4637 sedes
604 4573 716 4630 Dei
744 4576 852 4627 est.
878 4571 920 4627 C
941 4571 1044 4626 Hic
1068 4587 1320 4643 presens
1350 4575 1584 4643 tempus
1605 4570 1924 4643 profuturo

210 4668 389 4735 dixit,
417 4665 720 4739 judicas,
744 4660 886 4732 quia
905 4658 1281 4730 judicaturus
1313 4659 1391 4714 sit
1414 4657 1766 4730 equitatem.

245 4758 284 4813 5
361 4751 711 4825 lncrepasti
737 4753 1017 4817 gentem—:-
1056 4755 1109 4802 et
1148 4752 1163 4810 ζ
1203 4749 1373 4819 periit
1403 4748 1624 4819 impius.

360 4850 609 4903 Nomen
640 4852 835 4895 eorum
864 4834 1051 4891 delesti
1081 4837 1137 4890 in
1175 4842 1464 4902 mter-1mm,
1496 4843 1548 4891 et
1577 4837 1636 4890 in
1663 4837 1926 4892 saeculum

460 4936 528 4996 ρξ-
563 4921 787 4983 seculi
830 4928 845 4988 ζ

280 5024 353 5078 Η.
390 5011 764 5089 Increpasti
791 5015 994 5083 gentes
1024 5025 1129 5082 per
1153 5008 1466 5082 apostolos,
1491 5008 1629 5081 quia
1658 5009 1812 5067 idola
1833 5010 1927 5065 ad-

207 5112 502 5166 orabunt.
535 5105 617 5161 Et
652 5098 837 5174 periit
862 5096 1104 5169 impius,
1128 5097 1266 5169 quia
1286 5097 1358 5152 ab
1383 5096 1563 5168 impio
1593 5113 1696 5169 per
1725 5098 1927 5168 praedi-

205 5201 527 5256 cationem
564 5192 784 5250 factus
813 5190 905 5241 est
932 5185 1088 5257 pius.
1118 5185 1339 5241 Nomen
1370 5200 1570 5239 eorum
1603 5183 1834 5251 delevit,
1868 5184 1925 5239 id

202 5292 293 5344 est
325 5300 575 5343 nomen
631 5272 990 5347 impietatis.
1015 5272 1057 5327 C
1100 5274 1165 5328 In
1209 5270 1489 5327 smeulum
1521 5271 1737 5339 saeculi,
1771 5273 1925 5328 lutu-

206 5393 339 5431 rum
377 5382 672 5446 regnum
714 5361 933 5434 signat,
968 5360 1123 5430 quod
1164 5358 1326 5415 nulla
1354 5363 1519 5414 aetate
1566 5359 1727 5415 nullo
1775 5364 1927 5416 tem-

204 5479 346 5536 pore
370 5445 678 5521 ﬁnietur,
709 5454 807 5505 est
826 5446 983 5503 enim
1007 5445 1284 5536 saeculum
1308 5449 1588 5536 aeternum
1612 5452 1742 5519 post
1770 5447 1926 5503 istud

207 5533 513 5609 mutabile
552 5536 908 5602 saeculum;
942 5534 1097 5607 quod
1146 5539 1236 5590 est
1275 5533 1575 5604 saeculum,
1604 5536 1661 5591 id
1706 5540 1794 5590 est
1839 5552 1928 5591 se-

206 5658 400 5715 quens
428 5631 781 5695 aeternitas
801 5623 979 5682 istius
999 5619 1215 5694 saeculi,
1235 5621 1294 5679 id
1322 5626 1431 5690 est,
1453 5621 1564 5680 isto
1586 5623 1749 5680 ﬁnito
1770 5622 1928 5680 aliud

208 5732 449 5811 incipit.

2022 3424 2183 3497 gium
2217 3440 2386 3495 quem
2419 3424 2776 3494 etjudicem.
2800 3424 3022 3496 Pauper
3053 3427 3146 3482 Dei
3171 3433 3258 3482 est
3290 3428 3405 3495 ille,
3429 3430 3527 3501 qui
3556 3436 3665 3485 ter-

2024 3530 2163 3568 rena
2182 3511 2527 3584 despiciens,
2542 3511 2795 3568 caelestia
2811 3513 3118 3570 desiderat.
3141 3515 3282 3570 Illud
3307 3517 3662 3588 adjutorium

2025 3600 2434 3656 dulcissimum
2455 3601 2723 3672 est,quod
2750 3601 2806 3656 in
2824 3603 3274 3674 opportunitate,
3289 3604 3345 3659 id
3368 3610 3455 3661 est
3471 3598 3664 3662 neces;

2025 3690 2196 3745 sitate
2226 3692 2551 3761 praestatur.
2580 3689 2641 3744 In
2675 3689 3066 3757 tribulatione,
3095 3708 3228 3748 cum
3255 3694 3488 3750 animus
3516 3695 3665 3750 ami-

2026 3782 2250 3832 ctorum
2282 3778 2350 3835 ad
2385 3776 2888 3849 compunctionem
2921 3780 3147 3835 avidius
3178 3781 3472 3839 incitatur.

2028 3867 2096 3919 10
2166 3866 2231 3920 Et
2258 3872 2473 3936 sperent
2500 3868 2556 3920 in
2590 3873 2638 3921 te
2667 3868 2763 3937 qui
2790 3876 3053 3923 noverunt
3080 3886 3274 3925 nomen
3302 3878 3453 3925 tuum
3484 3891 3502 3926 :

2172 3953 2439 4021 Quoniam
2494 3970 2602 4009 non
2671 3954 3014 4027 dereliquisti
3076 3968 3376 4029 quaerentes
3431 3967 3498 4028 te,
3558 3962 3668 4015 Do-

2237 4057 2404 4097 mine.

2099 4129 2139 4184 C
2171 4128 2415 4200 Sperent
2442 4127 2499 4182 in
2521 4132 2597 4196 te,
2622 4146 2737 4184 non
2766 4130 2822 4184 in
2847 4130 3038 4186 saeculi
3071 4131 3469 4189 blandimenta
3492 4136 3670 4207 respi-

2030 4216 2204 4280 ciant,
2226 4217 2324 4270 sed
2350 4217 2409 4270 in
2440 4221 2599 4271 tuam
2633 4218 3076 4289 promissionem
3109 4221 3420 4287 conﬁdant,
3446 4218 3545 4292 qui
3572 4238 3671 4278 no-

2028 4309 2236 4360 verunt
2262 4320 2493 4369 nomen,
2518 4304 2575 4359 id
2601 4309 2689 4359 est
2714 4305 2813 4376 qui
2843 4307 3205 4377 majestatem
3238 4313 3398 4363 tuam
3430 4309 3671 4365 sanctis-

2032 4392 2182 4448 sima
2211 4391 2509 4447 devotione
2528 4397 2895 4447 venerantur.
2915 4395 2959 4447 A
2981 4393 3199 4450 Nomen
3232 4396 3386 4451 enim
3410 4403 3497 4453 est
3518 4398 3615 4453 Dei
3653 4415 3666 4454 :

2033 4481 2334 4549 Dominus,
2353 4479 2439 4534 vel
2472 4480 2590 4534 Est.
2624 4480 2782 4543 Quod
2812 4480 2985 4549 novit,
3011 4481 3109 4553 qui
3141 4481 3386 4539 libenter
3416 4484 3465 4539 ei
3497 4486 3672 4541 servit

2034 4569 2130 4643 qui
2155 4584 2284 4623 vere
2310 4572 2415 4623 est.
2442 4567 2572 4622 Ideo
2594 4584 2764 4622 nemo
2785 4573 2977 4639 speret
2993 4569 3050 4623 in
3072 4570 3445 4636 transitoriis,
3468 4578 3672 4643 praeter

1955 4677 2001 4741 Ι)
2035 4658 2142 4713 fuit
2172 4662 2228 4712 et
2257 4656 2365 4712 erit
2392 4655 2536 4710 nihil
2579 4654 2948 4711 habentibus.
2978 4656 3122 4712 Nam
3157 4658 3310 4729 quod
3344 4658 3403 4713 in
3436 4657 3551 4715 illis
3583 4661 3668 4715 fu-

2035 4752 2230 4802 turum
2261 4749 2367 4812 est,
2405 4761 2538 4799 cum
2567 4744 2788 4801 venerit
2819 4745 2881 4799 ﬁt
2920 4747 3116 4801 statim
3164 4746 3541 4818 prmteritum,
3576 4765 3671 4804 ex-

2033 4839 2327 4908 spectatur
2344 4849 2475 4889 cum
2502 4833 2837 4900 cupiditate,
2862 4834 3148 4889 amittitur
3167 4851 3301 4890 cum
3324 4834 3537 4903 dolore,
3556 4853 3671 4892 non

2032 4927 2261 4978 tenetur
2284 4938 2417 4977 cum
2448 4921 2809 4978 certitudine.
2839 4922 2879 4977 C
2908 4922 3186 4994 Sequitur
3214 4940 3392 4979 causa
3417 4939 3521 4978 cur
3549 4940 3675 4997 spe-

2034 5016 2161 5066 rent
2188 5010 2246 5065 in
2293 5010 2497 5081 Deum,
2530 5010 2666 5082 quia
2696 5027 2810 5066 non
2844 5011 3063 5082 patitur
3087 5027 3186 5067 eos
3213 5012 3479 5067 deserere
3528 5029 3674 5085 quos

2031 5099 2191 5154 videt
2226 5099 2299 5154 ad
2332 5099 2730 5169 secontugere.

2036 5188 2095 5241 11
2175 5186 2400 5240 Psallite
2444 5186 2747 5251 Domino—j—
2791 5188 2889 5257 qui
2929 5191 2943 5250 ζ
2988 5187 3280 5254 habitat—3
3331 5207 3387 5245 in
3434 5195 3447 5254 ζ
3492 5189 3673 5243 Sion:

2176 5274 2508 5328 Annuntiate
2538 5281 2682 5328 inter
2709 5282 2889 5342 gentes
2917 5274 3099 5330 studia
3127 5275 3264 5347 ejus.

2107 5362 2150 5416 H
2180 5360 2410 5416 Psallite
2448 5360 2713 5427 Domino,
2747 5361 2803 5415 id
2847 5366 2935 5418 est
2983 5363 3290 5434 praedicata
3338 5362 3676 5425 Dominum,

2035 5454 2092 5504 et
2120 5465 2290 5521 opere
2331 5447 2567 5520 implete
2613 5450 2765 5520 quod
2814 5449 3161 5521 praedicatis.
3195 5450 3333 5505 Sion
3380 5448 3678 5521 speculatio

2036 5537 2269 5602 dicitur,
2303 5536 2360 5589 id
2401 5540 2490 5591 est
2532 5536 2804 5600 Ecclesia,
2840 5537 2899 5591 in
2949 5553 3065 5610 qua
3114 5536 3339 5592 habitat
3388 5533 3676 5591 Christus.

2036 5624 2408 5680 Annuntiate.
2440 5623 2563 5678 Vox
2616 5624 2908 5697 Propheta:
2956 5626 3232 5680 admonet
3275 5620 3681 5693 praedicatores

2038 5713 2348 5791 praedicare
2378 5712 2576 5772 studia
2602 5712 2755 5787 ejus,
2784 5711 2845 5771 id
2875 5716 2964 5774 est
2992 5708 3274 5770 mandata
3301 5704 3539 5767 Christi.
