3936 6426
317 399 389 460 τι

1225 397 1290 459 8.
1335 393 1733 460 BRUNONIS
1777 390 2402 455 HERBIPOLENSIS
2446 391 2819 458 EPISCSPI.

3654 405 3727 463 72

317 534 385 589 12
461 533 729 600 Quonimn
765 533 1046 602 requirens
1079 532 1401 600 sanguinem
1422 547 1626 584 rerum
1659 526 1962 583 recordatus
1996 528 2045 592 Α
2078 526 2196 581 sive
2227 545 2258 582 a
2292 527 2550 584 sinistris
2593 545 2695 583 seu
2728 545 2762 583 a
2787 528 3038 583 dexteris
3079 528 3305 599 judicio
3335 531 3432 586 Dei
3481 533 3592 588 erit
3636 550 3723 590 se-

529 630 605 676 ϐδί
635 639 654 676 .‘

457 711 576 767 Non
601 717 682 766 est
703 711 904 767 oblitus
932 711 1225 766 clamorem
1247 725 1570 782 pauperum

385 800 428 856 C
457 799 605 864 Quia
647 799 918 873 superius
970 797 1132 866 dixit,
1183 799 1490 872 praedicata
1537 797 1846 872 gentibus;
1893 811 1966 850 ne

315 889 450 962 quis
481 893 715 962 putaret
755 887 1011 946 inultum
1051 905 1179 945 esse
1223 887 1570 961 sanguinem
1616 891 1963 958 martyrum,

313 978 460 1034 dixit
509 977 814 1052 requirens
871 977 1239 1052 sanguinem,
1290 981 1358 1032 ut
1409 976 1666 1032 vindicta
1723 977 1966 1032 terreret

311 1072 735 1141 perseeutores,
757 1071 815 1124 et
845 1072 1129 1140 martyres
1157 1065 1468 1140 promissio
1500 1065 1801 1122 mulceret.
1837 1063 1962 1120 Non

311 1160 401 1212 est
421 1155 637 1213 oblitus
668 1156 826 1222 dicit,
851 1173 922 1212 ne
951 1159 1158 1229 putent
1197 1155 1452 1212 oblivisci
1484 1155 1671 1212 Deum
1705 1155 1964 1227 (propter

310 1245 795 1320 longinquitatem
818 1245 996 1302 futuri
1023 1244 1256 1317 judicii)
1279 1246 1599 1301 retribuere
1630 1244 1782 1300 bona
1813 1261 1960 1316 pau-

310 1335 548 1409 peribus
579 1333 816 1391 Christi.

309 1425 376 1480 13
446 1422 694 1480 Miserere
725 1425 852 1489 mei,
882 1425 1113 1480 Domine
1143 1442 1162 1480 :

449 1513 576 1570 Vide
604 1514 970 1569 humilitatem
1001 1529 1180 1568 eneoon
1209 1511 1275 1568 de
1304 1513 1548 1567 inimicis
1577 1513 1732 1566 meis.

375 1603 416 1658 C
434 1602 697 1659 Postulat
718 1602 828 1657 sibi
854 1601 1142 1673 Propheta
1162 1601 1247 1656 sic
1278 1601 1595 1667 subveniri,
1616 1605 1681 1656 ut
1695 1600 1962 1655 videatur

305 1710 340 1748 a
374 1709 505 1764 rege
531 1690 782 1750 Christo.
812 1691 950 1762 quia
980 1691 1108 1760 ejus
1157 1694 1504 1761 conSpectus
1534 1688 1815 1744 auxilium
1849 1692 1955 1744 est.

305 1780 604 1854 Supplicat
633 1780 844 1834 iterum
867 1778 1108 1851 intelligi
1142 1796 1176 1833 a
1201 1778 1448 1834 Domino
1470 1795 1640 1834 suam
1663 1776 1959 1833 humilita-

302 1876 422 1927 tem
440 1871 510 1925 de
529 1867 801 1942 superbia
817 1867 1424 1940 persecutorum,quia
1441 1871 1672 1922 tantum
1689 1865 1959 1944 videntpr
1989 1903 2036 1967 Β

302 1958 495 2015 extolli
515 1960 1229 2032 persecutores,quantum
1245 1955 1634 2010 humiliantur
1650 1959 1953 2027 martyres.

302 2049 371 2104 44
446 2050 563 2122 Qui
591 2047 803 2103 multas
833 2063 919 2102 me
947 2045 1012 2101 de
1036 2047 1208 2116 portis
1235 2047 1429 2102 mortis
1459 2064 1480 2100 :

449 2140 512 2195 Ut
540 2137 864 2192 annuntiem
903 2150 1086 2191 omnes
1116 2134 1456 2193 laudationes
1505 2141 1628 2190 tuas
1678 2136 1737 2189 in
1779 2135 1954 2206 portis

511 2228 652 2299 ﬁliae
679 2225 831 2281 Sion.

369 2317 411 2374 C
440 2317 613 2372 Porta
640 2332 772 2370 vero
805 2313 1008 2370 mortis
1037 2318 1125 2370 est
1167 2312 1436 2370 diabolus
1466 2312 1553 2370 vel
1583 2314 1722 2369 vitia
1756 2311 1952 2370 illece-

297 2408 492 2474 brosa,
511 2423 614 2480 per
639 2421 769 2478 quae
790 2403 1066 2459 introitur
1085 2404 1156 2458 ad
1184 2408 1462 2458 aeternam
1486 2407 1755 2459 mortem.
1781 2403 1954 2459 Exal-

297 2502 388 2553 tas
420 2513 532 2564 me,
564 2495 621 2550 id
655 2499 744 2550 est
787 2492 956 2566 longe
1009 2491 1150 2548 facis
1199 2509 1234 2548 a
1274 2492 1511 2548 talibus.
1548 2492 1856 2548 Liberatus
1885 2509 1954 2548 ex

297 2584 415 2640 illis
463 2583 648 2658 portis
706 2583 934 2647 mortis,
967 2580 1274 2654 pollicetur
1321 2597 1382 2636 se
1431 2581 1952 2652 pronuntiaturum

298 2673 501 2732 laudes
550 2670 781 2728 Domini
811 2671 869 2724 in
901 2669 1085 2742 portis
1131 2669 1292 2735 Sion,
1325 2669 1381 2724 id
1415 2673 1506 2724 est
1546 2668 1605 2724 in
1651 2673 1770 2725 toto
1815 2671 1953 2726 orbe

297 2766 512 2819 sancta:
544 2759 645 2816 Dei
693 2758 982 2816 Ecclesim.
1009 2761 1054 2813 A
1084 2757 1267 2814 Porta:
1298 2757 1455 2813 enim
1505 2757 1770 2814 Ecclesiae
1803 2759 1956 2814 sicut

297 2855 437 2907 sunt
483 2846 751 2922 apostoli,
784 2846 867 2902 ita
912 2846 1112 2902 omnia
1164 2845 1386 2918 optima
1434 2846 1648 2915 studia,
1677 2864 1781 2919 per
1827 2865 1952 2920 quae

293 2939 529 2998 venitur
565 2939 638 2994 ad
678 2935 962 2992 visionem
1023 2935 1184 3006 pacis
1242 2935 1301 2990 in
1357 2935 1636 2992 Ecclesia.
1668 2937 1735 2992 H.
1769 2941 1953 2992 Porta:

295 3029 471 3087 etiam
531 3025 739 3082 mortis
808 3022 1084 3090 haeretici,
1127 3027 1181 3078 et
1211 3023 1403 3080 omnis
1459 3023 1611 3080 mala
1667 3025 1953 3082 doctrina.

293 3121 481 3175 Portae
520 3117 679 3183 Sion,
711 3113 770 3170 id
819 3118 909 3170 est
962 3111 1228 3170 Ecclesiae
1280 3111 1416 3169 boni
1465 3113 1868 3186 praedicatores
1899 3118 1956 3170 et

295 3211 497 3266 sancta
527 3203 812 3262 doctrina.

294 3299 364 3353 15
437 3293 711 3353 Exultabo
739 3293 800 3348 in
828 3292 1070 3348 salutari
1098 3299 1236 3348 tuo:

431 3385 624 3455 Inﬁxae
648 3389 778 3438 sunt
801 3389 982 3454 gentes
1013 3382 1074 3436 in
1106 3382 1336 3436 interitu
1366 3397 1526 3454 quem
1552 3384 1818 3453 fecerunt.

360 3475 402 3530 C
433 3473 635 3530 Merito
664 3487 800 3544 ergo
833 3486 894 3526 se
925 3469 1069 3526 dicit
1111 3469 1397 3542 Propheta
1426 3469 1487 3526 in
1521 3471 1648 3542 ipso
1678 3472 1952 3548 gaudere,

290 3565 350 3621 id
384 3569 473 3620 est
503 3563 563 3618 in
589 3560 842 3627 Christo,
866 3558 966 3614 ubi
990 3559 1190 3630 gaudii
1226 3557 1424 3616 nullus
1443 3564 1531 3614 est
1559 3559 1714 3616 ﬁnis.
1741 3559 1980 3628 Inﬁxas,

287 3653 447 3712 enim
479 3655 686 3726 gentes
717 3638 877 3714 dicit,
903 3664 1030 3720 quae
1080 3647 1288 3704 timore
1336 3647 1569 3703 Domini
1602 3666 1718 3704 non
1751 3654 1951 3706 tenen-

293 3747 413 3815 tur,
435 3742 493 3798 id
527 3745 618 3797 est
637 3737 810 3812 quasi
832 3737 1186 3810 quibusdam
1209 3737 1388 3792 clavis
1409 3743 1783 3810 peccatorum
1813 3738 1954 3812 liga-

300 3837 412 3899 tas,
437 3836 504 3886 ut
533 3846 650 3884 non
679 3825 909 3883 valeant
939 3843 1000 3882 se
1042 3831 1329 3892 excutere,
1355 3827 1507 3899 quod
1543 3844 1656 3882 non
1691 3827 1953 3901 improbe

293 3922 365 3978 ad
397 3920 634 3976 Judacos
664 3915 954 3990 pertinere
978 3915 1259 3984 dicimus;
1294 3919 1360 3970 ut
1385 3917 1462 3972 ita
1479 3914 1597 3971 sint
1627 3915 1799 3974 malis
1827 3919 1954 3974 suis

297 4011 456 4067 afﬁxi
487 4007 670 4066 Judaei
704 4004 929 4080 perﬁdi,
954 4005 1106 4060 sicut
1135 4003 1192 4060 in
1227 4021 1398 4061 cruce
1430 4003 1608 4060 clavis
1639 4005 1950 4063 Dominum

287 4099 558 4172 inﬂigere
591 4098 968 4154 decreverunt
991 4081 1025 4149 τ’
1041 4111 1213 4166 pcena
1260 4094 1438 4150 etiam
1482 4094 1692 4166 cuique
1725 4111 1832 4150 sua
1863 4100 1951 4152 est

296 4187 602 4262 iniquitas.

287 4279 356 4334 16
429 4281 492 4335 In
524 4277 719 4350 laqueo
752 4277 854 4332 isto
882 4291 1040 4348 quem
1065 4272 1464 4330 absconderant
1491 4290 1511 4328 :

428 4367 860 4440 Comprehensus
889 4372 968 4420 est
989 4379 1086 4436 pes
1113 4379 1321 4420 eorum.

355 4455 398 4512 C
428 4456 731 4529 Laqueum
762 4471 798 4510 v
819 4471 898 4510 ero
928 4451 1365 4510 occultaverunt
1409 4455 1697 4524 quantum
1739 4457 1944 4525 potue-

285 4550 442 4614 runt,
466 4550 524 4601 et
551 4549 749 4604 tamen
774 4543 1071 4622 Christum
1099 4540 1181 4597 nil
1211 4541 1398 4597 celare
1429 4539 1756 4597 valuerunt.
1781 4541 1948 4598 Com-

2077 623 2382 689 grcgatum
2395 617 2881 690 .Compreliensus
2898 621 2987 672 est
3007 623 3276 690 peccator
3290 621 3565 692 operibus
3582 623 3720 692 suis,

2077 721 2210 760 cum
2245 707 2569 762 secundum
2613 704 2954 778 qualitatem
3000 706 3158 779 opris
3188 705 3280 762 sui
3311 707 3550 782 dignam
3583 711 3721 767 reci-

2075 793 2162 866 pit
2191 793 2498 850 ultionem.

2077 883 2144 938 18
2216 886 2616 941 Convertuntur
2639 893 2943 958 peecatores
2975 887 3036 941 in
3064 887 3347 958 infernum
3375 905 3394 944 :

2218 972 2413 1030 Omnes
2443 983 2626 1044 gentes
2656 990 2783 1047 quae
2811 976 3212 1032 obliviscuntur
3239 977 3427 1033 Deum.

2143 1063 2184 1120 C
2205 1064 2626 1120 Convertantur
2657 1069 3011 1138 peccatores,
3041 1064 3203 1132 dicit,
3226 1064 3284 1121 id
3329 1070 3417 1122 est
3445 1067 3517 1124 ab
3547 1067 3720 1142 hujus

2071 1153 2276 1208 mundi
2308 1153 2690 1210 delectatione
2723 1153 3022 1221 tollantur,
3047 1171 3118 1210 ne
3147 1155 3373 1212 diutius
3409 1157 3634 1229 possint
3663 1158 3718 1215 in

2069 1259 2178 1298 sua
2201 1240 2498 1315 voluptate
2526 1243 2802 1315 gaudere.
2829 1242 3096 1300 Infernus
3115 1249 3311 1300 autem
3332 1245 3524 1302 dictus
3543 1252 3630 1302 est
3651 1249 3718 1305 ab

2069 1347 2136 1387 eo
2159 1347 2284 1404 quas
2316 1331 2436 1388 illic
2468 1331 2914 1405 animiejugiter
2932 1331 3282 1402 inferantur,
3306 1335 3376 1390 ad
3400 1351 3576 1408 quem
3599 1337 3720 1394 sine

2069 1419 2250 1476 dubio
2282 1420 2615 1493 perventuri
2647 1425 2807 1487 sunt,
2834 1421 2935 1494 qui
2981 1422 3212 1478 Domini
3260 1429 3544 1496 praecepta
3586 1441 3718 1482 con-

2070 1513 2360 1565 temnunt.
2376 1509 2650 1566 Oblivisci
2700 1510 3011 1570 Dominum
3044 1515 3132 1568 est
3169 1511 3379 1568 involvi
3427 1514 3718 1572 erroribus

2068 1599 2556 1670 superstitionum
2589 1603 2644 1654 et
2666 1615 2829 1654 coeno
2850 1597 3185 1671 voluptatis,
3209 1617 3345 1656 nam
3371 1618 3402 1657 e
3431 1603 3717 1660 contrario

2068 1685 2227 1742 illius
2257 1704 2546 1743 memores
2577 1692 2718 1742 sunt
2749 1687 2849 1760 qui
2878 1687 3020 1744 talia
3051 1707 3166 1745 non
3197 1689 3522 1762 requirunt.

2070 1775 2138 1830 19
2215 1776 2483 1844 Quoniam
2514 1794 2623 1832 non
2657 1778 2712 1832 in
2743 1778 2907 1848 ﬁnem
2939 1777 3140 1832 oblivio
3168 1780 3275 1834 erit
3302 1782 3564 1852 pauperis
3597 1800 3609 1836 :

2209 1867 2490 1920 Patientia
2515 1881 2821 1938 pauperum
2851 1882 2961 1921 non
2985 1867 3188 1938 peribit
3219 1868 3279 1923 in
3307 1869 3490 1939 ﬁnern.

2136 1953 2178 2008 C
2201 1953 2322 2010 Non
2354 1955 2510 2009 enim
2542 1953 2756 2010 oblivio
2789 1954 2898 2010 erit
2928 1955 3472 2028 pauperis,quando
3500 1958 3716 2014 venerit

2065 2042 2346 2098 Dominus
2369 2043 2426 2098 in
2448 2044 2558 2099 fine
2575 2042 2767 2098 saeculi
2784 2044 3050 2116 judicare
3069 2045 3523 2112 mundum,dicit
3539 2048 3712 2104 etiam

2063 2149 2180 2188 non
2213 2131 2402 2205 perire
2431 2131 2773 2206 patientiam
2805 2149 2931 2206 quas
2977 2132 3176 2190 fideles
3207 2138 3466 2192 coronat.
3489 2135 3634 2197 Nam
3667 2136 3714 2193 si

2064 2222 2226 2277 deest
2245 2221 2470 2278 homini
2496 2221 2796 2294 patientia,
2821 2221 3022 2278 anima
3041 2223 3172 2294 ejus
3193 2241 3306 2279 non
3331 2228 3420 2280 est
3441 2225 3712 2297 perfecta.

2063 2311 2126 2366 In
2159 2311 2355 2366 finem.
2390 2311 2434 2366 Η
2468 2311 2614 2378 Quia
2651 2311 2700 2366 si
2744 2311 3014 2367 differtur
3059 2311 3340 2368 auxilium
3389 2331 3425 2368 a
3471 2313 3709 2380 sanctis,

2060 2403 2256 2455 tamen
2289 2416 2404 2454 non
2441 2401 2705 2455 aufertur
2735 2399 2847 2455 nisi
2877 2400 3055 2456 venit.

2058 2491 2131 2545 20
2201 2491 2469 2558 Exsurge,
2503 2491 2749 2556 Domine,
2781 2506 2891 2546 non
2921 2493 3255 2563 confortetur
3281 2491 3440 2549 homo
3470 2511 3490 2548 :

2199 2579 2522 2635 Judicentur
2549 2587 2731 2651 gentes
2761 2581 2822 2634 in
2850 2588 3135 2652 conspectu
3166 2589 3276 2638 tuo.

2133 2667 2503 2740 CProspexit
2554 2667 2840 2742 Propheta
2891 2669 3207 2726 adventum
3263 2670 3601 2727 Antichristi
3659 2678 3714 2728 et

2062 2757 2462 2829 proclamavit.
2511 2758 2788 2830 Exsurge,
2843 2757 3105 2824 Domine,
3161 2777 3275 2815 non
3335 2761 3711 2830 confortatur,

2062 2847 2120 2902 id
2151 2850 2242 2902 est
2271 2863 2386 2902 non
2420 2847 2728 2919 praevaleat
2759 2847 2932 2902 homo
2975 2847 3268 2920 pessimus
3299 2849 3522 2906 scilicet
3548 2851 3710 2906 Anti-

2061 2935 2340 3002 christus,
2370 2936 2542 3008 cujus
2593 2935 2913 3008 nequitiam
2946 2954 3062 2993 non
3093 2937 3244 2994 valet
3285 2940 3573 2996 sustinere
3603 2939 3711 2995 hu-

2063 3041 2239 3080 mana
2261 3024 2754 3082 conditio.Gentes
2774 3023 2949 3081 etiam
2972 3027 3117 3099 petit
3132 3027 3386 3098 judicari
3409 3027 3711 3085 celerrimo

2063 3115 2334 3183 adventu,
2368 3131 2493 3187 quae
2525 3130 2659 3172 cum
2701 3114 2829 3187 ipso
2865 3115 3222 3174 Antichristo
3253 3116 3474 3174 scelera
3502 3134 3717 3192 magna

2063 3205 2298 3260 facturae
2333 3207 2491 3259 sunt.

1980 3275 2024 3344 C
2062 3293 2128 3348 21
2207 3293 2502 3350 Constitue.
2533 3293 2782 3360 Domine,
2807 3294 3174 3363 legislatorem
3192 3312 3358 3368 super
3382 3313 3469 3353 eos
3499 3315 3517 3351 :

2211 3383 2272 3440 Ut
2289 3383 2466 3439 sciant
2483 3391 2666 3454 gentes
2686 3399 2850 3456 quam
2872 3383 3118 3440 homines
3137 3393 3284 3440 sunt.
3301 3386 3640 3458 Diapsalma.

2136 3471 2178 3527 C
2205 3469 2641 3544 Legislatorem,
2674 3471 2768 3527 hic
2809 3471 3236 3528 Antichristum
3276 3473 3439 3542 dicit,
3471 3478 3536 3530 ut
3580 3473 3718 3530 talis

2063 3559 2334 3635 princeps
2365 3559 2538 3616 detur
2566 3561 2990 3632 peccatoribus,
3016 3577 3131 3617 non
3162 3561 3263 3634 qui
3293 3579 3392 3620 eos
3423 3567 3584 3636 regat
3612 3563 3715 3620 sed

2064 3666 2198 3705 cum
2229 3649 2375 3721 ipsis
2405 3649 2583 3705 simul
2616 3649 2907 3722 depereat.
2942 3649 2988 3705 H
3021 3650 3236 3719 Sciant,
3261 3668 3397 3708 cum
3427 3652 3716 3708 damnata:

2064 3739 2280 3796 fuerint
2307 3743 2532 3812 gentes,
2557 3743 2692 3807 etc.,
2717 3740 2994 3812 quoniam
3026 3757 3190 3812 spem
3237 3758 3406 3797 suam
3438 3741 3493 3796 in
3526 3741 3715 3796 homi-

2063 3845 2195 3885 nem
2228 3833 2626 3902 posueruntet
2647 3846 2762 3884 non
2796 3829 2856 3884 in
2888 3833 3090 3885 Deum.
3115 3829 3156 3885 C
3178 3831 3399 3886 Tamen
3420 3829 3720 3902 legislator

2062 3919 2404 3974 verissimus
2435 3917 2594 3974 solus
2640 3917 3235 3986 Deus,Antichristus
3283 3936 3414 3975 vero
3449 3918 3613 3975 .male
3661 3923 3719 3974 et

2061 4007 2206 4065 false
2234 4007 2534 4082 legislator
2563 4008 2692 4064 erit.

2059 4100 2132 4152 22
2208 4099 2270 4154 Ut
2299 4097 2452 4169 quid,
2484 4098 2732 4166 Domine,
2762 4100 3032 4155 recessisti
3061 4099 3255 4173 longe!

2201 4187 2442 4259 Despicis
2472 4188 2530 4266 in
2557 4190 3073 4260 Opportunitatibus,
3109 4191 3169 4245 in
3199 4189 3596 4246 tribulatione?

2131 4277 2172 4332 C
2200 4276 2328 4332 Non
2359 4275 2534 4332 cessit
2581 4275 2752 4349 longe
2781 4276 3070 4345 Christus,
3105 4279 3245 4351 quia
3291 4279 3508 4352 ubique
3554 4283 3716 4334 totus

2057 4369 2166 4434 est,
2193 4366 2294 4422 sed
2317 4365 2486 4438 quasi
2507 4365 2820 4422 recessisse
2841 4367 3098 4423 creditur
3116 4385 3251 4425 cum
3273 4367 3580 4424 subvenire
3601 4372 3716 4423 tar-

2057 4455 2298 4512 daverit.
2331 4454 2561 4528 Despici
2591 4455 2748 4512 enim
2791 4473 2896 4512 nos
2941 4457 3239 4514 credimus
3269 4457 3319 4513 si
3351 4456 3436 4513 vel
3467 4457 3716 4513 minimo

2053 4548 2316 4618 tempore
2347 4545 2420 4600 ab
2453 4543 2669 4600 auxilio
2709 4543 2808 4600 Dei
2849 4544 3213 4616 ditferamur,
3235 4546 3346 4602 hoc
3389 4546 3535 4602 dixit
3577 4544 3714 4601 Pro-

286 4635 606 4708 prehensas
654 4634 789 4692 illos
833 4631 1087 4690 ‘dicimus
1117 4647 1266 4704 quos
1325 4628 1514 4702 captio
1557 4631 1779 4688 nodosa
1809 4647 1946 4688 con-
1977 4650 2024 4716 Ι)
2054 4633 2232 4705 pheta
2257 4650 2362 4706 pro
2385 4633 2673 4690 anxietate
2703 4634 3084 4706 gementium.
3111 4635 3222 4692 Sed
3245 4634 3342 4692 ille
3363 4640 3504 4692 tunc
3525 4634 3716 4708 magis

284 4724 540 4798 stringit,
565 4724 647 4780 sic
671 4721 780 4778 fuit
809 4737 912 4794 pes
935 4737 1158 4787 eorum,
1190 4719 1244 4776 id
1269 4724 1360 4774 est
1389 4734 1630 4792 gressus
1660 4720 1862 4790 animi,
1891 4729 1948 4777 et
2055 4726 2312 4796 praestat,
2347 4739 2482 4780 cum
2516 4738 2741 4796 magnae
2771 4723 3064 4796 patientiae
3094 4723 3504 4782 nobissolatia
3534 4723 3716 4780 mini-

283 4797 642 4870 desiderium
683 4827 951 4884 pravum,
984 4809 1138 4881 quod
1189 4797 1289 4864 eos
1339 4806 1641 4864 ambulare
1691 4808 1826 4865 fecit
1872 4811 1945 4866 a'd

283 4903 441 4960 vitia.
467 4906 510 4958 A
542 4907 812 4974 Laqueus
841 4898 1058 4971 quippe
1089 4895 1354 4953 occultus
1392 4895 1597 4953 dolosa
1639 4899 1943 4972 cogitatio;

283 5007 387 5065 pes
419 4991 632 5047 anima:
665 5005 850 5052 amor,
879 4987 1000 5058 qui,
1023 4987 1074 5043 si
1105 5002 1320 5058 pravus
1349 4989 1458 5053 est,
1482 4985 1699 5042 dicitur
1728 4989 1948 5062 cupidi-

283 5084 404 5148 tas;
436 5079 484 5136 si
519 5083 738 5147 rectus,
777 5075 1054 5132 charitas.
1093 5075 1172 5130 Eo
1222 5077 1488 5130 movetur
1534 5073 1731 5132 anima
1775 5094 1948 5151 quasi

284 5169 357 5224 ad
391 5167 586 5224 locum
619 5183 736 5239 quo
765 5163 976 5231 tendit,
1009 5163 1066 5218 id
1108 5166 1198 5219 est
1239 5163 1682 5220 delectationem
1729 5165 1946 5224 bonam

279 5255 368 5314 vel
412 5256 654 5312 malam.

279 5348 347 5403 17
421 5345 710 5415 Cognoseet
737 5342 999 5398 Dominus
1018 5340 1237 5414 judicia
1264 5342 1474 5413 faciem
1504 5362 1524 5398 :

415 5435 480 5493 In
512 5433 768 5506 operibus
810 5446 1080 5486 manuum
1121 5445 1350 5486 suarum
1403 5433 1818 5506 comprehensus
1854 5442 1938 5492 est

487 5525 764 5598 peccator.

422 5609 710 5686 Canticum
731 5605 1135 5681 diapsalmatis.

349 5695 392 5759 C
413 5693 1128 5776 Cognoscetur‘Dominus,
1143 5697 1380 5776 quando
1399 5697 1726 5758 humanum
1745 5718 1931 5777 genus

2057 4815 2225 4868 strat.

2053 4903 2125 4955 22
2196 4903 2338 4958 Dum
2365 4901 2613 4974 superbit
2643 4903 2866 4975 impius.
2901 4903 3218 4960 lncenditur
3240 4919 3453 4977 pauper
3481 4922 3500 4959 :

2200 4989 2744 5062 Ccmprehenduntur
2773 4993 2834 5046 in
2863 4993 3111 5048 consiliis
3138 4994 3337 5066 quibus
3363 4993 3622 5065 cogitant.

2127 5079 2169 5134 C
2199 5080 2474 5153 Superbit
2495 5079 2886 5154 impius.Cum
2910 5079 3062 5138 facta
3081 5099 3200 5138 sum
3223 5080 3493 5154 malignae
3512 5079 3720 5136 volun-

2056 5169 2195 5225 tatis
2239 5169 2529 5241 superbus
2577 5169 2908 5243 expleverit,
2951 5175 3091 5227 tunc
3140 5171 3329 5244 magis
3382 5169 3720 5226 incenditur

2051 5257 2622 5330 paupercatholicus
2644 5258 2716 5314 ad
2740 5257 3002 5316 studium
3026 5259 3279 5329 virtutis,
3294 5257 3454 5332 quia,
3474 5255 3613 5314 dum
3635 5255 3719 5312 vi-

2051 5345 2202 5402 derit
2222 5351 2583 5418 peccatorem
2610 5347 2789 5404 nimis
2811 5347 3152 5420 exaltatum,
3171 5347 3340 5405 facile
3359 5347 3520 5404 novit
3538 5362 3718 5406 casu-

2048 5437 2328 5505 rum,.sed
2357 5435 2455 5493 isti
2487 5436 2654 5510 impii
2679 5437 3259 5510 comprehenduntur
3277 5437 3490 5495 debitis
3509 5434 3717 5509 penis

2047 5525 2355 5599 puniendi.
2372 5526 2419 5580 A
2433 5525 2558 5595 Vel,
2575 5527 2636 5582 in
2658 5525 2924 5583 consiliis
2942 5527 3369 5601 cogitationum
3393 5524 3716 5591 malarum,

2043 5615 2262 5689 quibus
2285 5615 2545 5688 cogitant
2565 5615 3064 5688 comprehendere
3085 5620 3320 5674 sanctos
3348 5615 3422 5672 ad
3443 5613 3721 5688 affligen-

2040 5705 2204 5763 dum.
2231 5703 2298 5760 Et
2312 5719 2418 5762 cur
2432 5703 2734 5779 superbiat
2758 5705 2948 5780 ipsius
2964 5707 3186 5777 subdit,
3207 5705 3486 5782 quoniam
3503 5703 3716 5763 lauda-
