3936 6460
247 367 321 424 73
1474 360 1883 447 liXPOSI'l‘lO
1932 389 2431 453 rsswomm.
3578 415 3654 472 74

240 501 358 596 tur,
382 500 721 599 etc.Et.haac
751 506 1084 603 estmagna
1114 506 1200 603 ira
1230 508 1416 603 Deiin
1442 511 1710 603 impium,
1735 522 1799 571 ut
1819 518 1913 574 de-
2020 521 2091 574 30
2160 523 2315 580 Sedet
2345 528 2405 581 in
2435 528 2658 585 insidiis
2685 547 2809 587 cuni
2836 533 3097 592 divitibus
3125 539 3187 593 in
3212 542 3433 597 occultis
3464 562 3483 598 :

237 586 319 641 sit
349 589 634 643 correctio
663 593 721 644 et
752 591 898 645 assit
917 593 1195 663 adulatio,
1211 597 1576 656 adulantium
1609 602 1764 658 enim
1796 605 1907 661 lin-

237 692 370 747 guae
412 675 661 750 alligant
685 678 921 751 animas,
946 681 1004 735 in
1035 686 1314 753 peccatis.

2156 613 2221 668 Ut
2255 615 2544 684 interﬁciat
2572 621 2930 676 innocentem.

2081 701 2283 756 CCum
2314 703 2473 771 dicit,
2507 707 2669 762 sedet
2716 707 2773 789 in
2824 710 3086 778 insidiis,
3106 720 3271 797 actus
3308 718 3650 777 Antichristi

308 765 384 819 24
412 767 693 835 Quoniam
722 767 983 825 laudatur
1004 780 1255 841 peccator
1282 775 1341 829 in
1370 772 1655 834 desidcriis
1699 782 1907 855 anima:
2010 789 2366 859 comparavit
2415 778 2829 851 consuetudini
2870 798 3191 869 latronum,
3219 792 3319 874 qui
3350 820 3413 861 se
3444 808 3651 863 occul-

485 869 657 911 διὰ,Ἑέ

410 951 464 999 et
497 942 724 1015 iniquus
756 944 1096 1003 bcncdicitur

308 1026 378 1086 2‘5
412 1028 782 1088 Exacerbabit
817 1036 1115 1091 Dominum
1137 1048 1384 1109 peccator
1412 1059 1431 1096 :

411 1120 728 1177 Secundum
755 1123 1171 1181 multitudinem
1192 1128 1430 1205 irzesuse
1460 1147 1567 1186 non.
1596 1140 1820 1203 qumret.

304 1209 349 1264 Ο
384 1208 576 1264 Malus
606 1210 787 1275 enim,
816 1211 955 1266 dum
989 1212 1063 1267 ab
1095 1213 1208 1269 alio
1250 1221 1549 1288 peccatore
1596 1219 1888 1290 laudatur,

230 1296 535 1353 extollitur
563 1297 622 1352 in
655 1298 1300 1373 desideriolaudismee
1330 1306 1401 1361 de
1430 1308 1781 1365 correctione
1803 1327 1891 1365 co.

230 1386 399 1459 gitat,
433 1384 529 1441 cui
582 1384 856 1441 laudator
899 1387 1210 1446 blandiens
1257 1391 1575 1469 invenitur.
1616 1397 1891 1468 Sequitur

227 1476 649 1545 argumentum
675 1476 804 1546 ejus
823 1474 1252 1548 iniquitatis,ut
1271 1480 1367 1537 ille
1388 1484 1768 1541 benedicatur
1787 1487 1885 1558 qui

228 1561 384 1617 male
404 1562 603 1634 potius
624 1578 797 1635 agere
815 1566 1490 1641 cognoscitur,deceptus
1522 1572 1886 1631 adulantium

228 1650 509 1707 falsitate.
524 1651 591 1706 C.
606 1650 986 1729 Exacerbabit
1006 1653 1319 1711 Dominum
1341 1661 1691 1730 peccator,id
1713 1666 1797 1717 est
1812 1664 1883 1718 ad

224 1738 598 1794 iracundiam
631 1739 948 1796 concitabit
978 1758 1086 1797 sua
1112 1742 1394 1799 indicibili
1427 1748 1881 1820 superbia,quod

226 1827 462 1899 preprie
492 1828 565 1882 de
592 1827 951 1883 An’tichristo
1002 1830 1173 1885 datur
1224 1831 1491 1906 intelligi,
1544 1836 1642 1906 qui
1694 1837 1883 1894 irritat

224 1916 569 1981 Dominum,
628 1917 866 1988 quando
923 1934 986 1973 se
1059 1936 1168 1973 sua
1228 1920 1453 1977 fallacia
1508 1940 1623 1979 non
1684 1926 1875 1981 solum

225 2008 527 2059 terrenum
558 2020 753 2077 regem
785 2006 887 2060 sed
910 2006 1085 2062 etiam
1109 2025 1301 2065 rerum
1323 2011 1587 2067 omnium
1610 2014 1878 2084 praedica-

222 2092 311 2147 bit
341 2092 656 2160 Denm,sed
690 2092 798 2148 hoc
827 2094 877 2148 ei
909 2095 1020 2150 erit
1044 2096 1125 2173 ad
1147 2096 1401 2167 ruinam,
1433 2098 1662 2165 ideo,ut
1691 2102 1877 2159 falsus

224 2180 665 2248 Deus,ﬂammis
688 2180 886 2254 dignis
909 2183 1209 2254 punietur.
1250 2173 1374 2241 Non
1407 2187 1661 2259 requiret
1690 2190 1873 2246 Deum

216 2268 640 2337 Antichristus,
674 2275 739 2324 ut
766 2288 877 2326 sua
908 2266 1145 2343 peccata
1181 2273 1439 2330 crudelia
1483 2276 1874 2347 dimittantur,

216 2358 360 2429 quia
389 2358 448 2412 in
480 2363 795 2430 conspectu
827 2372 935 2414 suo
968 2374 1081 2415 non
1122 2360 1301 2417 habet
1335 2367 1546 2432 Deum;
1582 2364 1710 2421 ideo
1744 2367 1874 2422 sub-

213 2447 395 2513 ditur,
432 2463 550 2502 non
581 2451 691 2514 est,
727 2450 844 2503 etc.

281 2537 357 2590 26
384 2540 506 2592 Non
536 2540 617 2590 est
647 2536 784 2591 Deus
815 2537 875 2590 in
898 2542 1183 2609 conspectu
1207 2539 1326 2610 ejus
1354 2558 1376 2595 ,ο

380 2626 703 2695 [nquinatae
724 2633 851 2680 sunt
878 2627 988 2681 vim
1018 2627 1174 2681 illius
1204 2630 1265 2683 in
1293 2631 1446 2684 omni
1476 2634 1731 2701 tempore.

280 2715 324 2770 Ο
356 2713 404 2769 Ο
436 2730 617 2785 quam
645 2713 936 2785 profunda
982 2715 1229 2782 caecitas,
1276 2716 1457 2795 Deum
1509 2724 1640 2775 ante
1671 2719 1869 2776 oculos

209 2820 328 2858 non
352 2801 692 2857 habere.De
711 2802 1065 2857 Antichristo
1092 2803 1459 2872 dicit,omnes
1478 2807 1715 2863 semitas
1740 2810 1867 2878 ejus

208 2907 341 2947 esse
375 2890 654 2962 pollutas,
687 2889 744 2944 id
777 2894 866 2945 est
895 2890 1278 2964 cogitationes
1309 2897 1365 2948 et
1397 2895 1544 2949 facta
1592 2896 1863 2963 sordida;

207 2994 454 3035 necesse
482 2977 640 3033 enim
671 2982 760 3033 est
789 2982 854 3033 ut
884 2977 1003 3033 sint
1025 2981 1419 3038 contaminata
1447 2998 1572 3053 quae
1609 2985 1863 3055 pestiferi

204 3069 434 3123 ducatu
466 3065 685 3123 diaboli
708 3066 1112 3123 sordidantur.
1192 3144 1195 3149 Ι

208 3159 279 3210 27
312 3156 666 3225 Auferuntur
683 3154 900 3226 judicia
929 3162 1026 3210 tua
1053 3172 1085 3211 a
1113 3158 1258 3227 facie
1284 3157 1401 3229 ejus
1422 3176 1441 3214 :

310 3243 583 3299 Omnium
612 3244 965 3299 inimicorum
992 3260 1217 3301 suorum
1245 3246 1637 3303 dominabitur.

279 3334 323 3389 Ο
351 3332 722 3388 Auferuntur
743 3332 970 3403 judicia
1002 3333 1100 3389 Dei
1132 3351 1165 3389 a
1193 3335 1365 3413 corde
1411 3334 1599 3407 impii,
1632 3338 1867 3408 quando

204 3422 365 3477 videt
396 3420 629 3476 tardius
660 3420 855 3494 venire
885 3421 1035 3493 quod
1071 3416 1332 3478 celeriter
1370 3424 1647 3479 meruerit
1697 3426 1868 3480 susti-

207 3528 368 3566 nere.
404 3510 526 3565 Hoc
560 3508 641 3563 illi
675 3525 907 3581 quoque
937 3515 1112 3582 auget
1141 3510 1625 3583 interitum,quod
1654 3513 1868 3569 dicitur

203 3584 406 3654 tonare
441 3597 833 3670 principatum
858 3597 1230 3654 inimicorum
1254 3616 1639 3672 suorum,qua
1658 3600 1866 3674 gloria-

201 3688 366 3742 tione
400 3687 474 3741 ad
500 3684 720 3749 scelera
745 3685 985 3758 pronior
1012 3686 1121 3741 erit
1154 3702 1166 3741 :
1201 3704 1335 3742 cum
1367 3687 1594 3743 nullum
1621 3689 1730 3745 sibi
1762 3691 1861 3746 ob-

198 3775 443 3831 obviam
475 3774 561 3829 ire
590 3774 942 3847 cognoverit.

272 3867 344 3919 28
380 3865 542 3919 Dixit
570 3865 720 3918 enim
749 3865 807 3918 in
840 3862 995 3919 corde
1024 3880 1120 3919 suo
1152 3882 1170 3920 :

372 3953 498 4009 Non
528 3953 778 4008 movebar
805 3970 840 4008 a
869 3954 1220 4021 generatione
1240 3954 1299 4007 in
1321 3956 1725 4022 generationem
1745 3957 1865 4011 sine

446 4042 598 4097 malo
609 4082 622 4097 .

270 4137 311 4187 Ο
342 4129 503 4186 Dicit
532 4127 946 4199 Antichristus,
970 4128 1094 4185 Non
1128 4129 1484 4197 movebor,id
1517 4134 1607 4186 est
1639 4129 1860 4186 nullam

195 4226 439 4293 gentem
474 4219 755 4273 intactam
789 4216 1077 4297 relinquo,
1102 4218 1201 4274 sed
1236 4235 1471 4290 pergam
1503 4219 1573 4275 de
1603 4224 1772 4291 gente
1802 4221 1860 4275 in

195 4315 443 4383 gentem
465 4306 878 4362 vindicandas.
912 4310 1091 4361 Actus
1119 4321 1252 4361 vero
1284 4322 1422 4361 suos
1464 4307 1717 4363 ostendit
1746 4324 1861 4363 uno

193 4397 401 4464 verbo,
434 4395 676 4467 quando
708 4412 770 4450 se
800 4393 943 4450 dicit
972 4393 1099 4450 sine
1132 4393 1285 4450 malo
1317 4392 1460 4450 nihil
1510 4412 1637 4451 esse
1677 4396 1861 4452 factu-

195 4502 364 4541 rum.

261 4572 339 4628 29
372 4573 550 4645 Cujus
581 4572 963 4651 maledictione
983 4588 1038 4627 os
1056 4572 1280 4644 plenum
1306 4576 1383 4627 est
1412 4580 1463 4627 et
1488 4573 1859 4629 ammitudni-
1899 4601 1945 4665 Ι)

369 4679 446 4718 ne
475 4670 528 4717 et
559 4661 683 4717 dolo
712 4679 734 4715 :

362 4752 490 4809 Sub
526 4750 722 4819 lingua
749 4751 869 4821 ejus
899 4750 1055 4806 labor
1082 4757 1132 4805 et
1162 4749 1334 4805 dolor.

259 4845 301 4895 C
334 4837 623 4911 Nequitia
654 4838 785 4910 ejus
813 4832 1031 4909 duplici
1064 4836 1438 4909 perversitate
1488 4836 1859 4894 describitur.

191 4930 253 4985 ln
286 4948 395 4986 ore
434 4927 661 5001 quippe
684 4921 931 4981 habebit
948 4924 1354 4998 blasphemam
1381 4923 1865 4995 maledictioneni,

188 5035 325 5074 cum
361 5034 433 5073 se
466 5013 662 5071 ﬁlium
694 5013 795 5070 Dei
827 5012 1867 5086 meutitur.Amaritudinem,quando

187 5100 751 5163 contradicentibus
797 5101 911 5158 sibi
958 5118 1189 5174 pinnam
1242 5100 1449 5156 mortis
1476 5100 1682 5157 indicit
1710 5106 1766 5158 et
1795 5102 1866 5158 ad
1909 5153 1913 5159 .

186 5195 495 5271 supplicia
513 5192 693 5264 jubet
719 5188 1040 5264 pervenire.
1075 5189 1285 5259 Labor,
1305 5206 1438 5244 cum
1471 5190 1716 5246 diversis
1747 5190 1862 5247 cla-

185 5285 363 5341 dibus
397 5278 625 5354 afﬂigit
653 5278 949 5335 innoxios.
990 5277 1180 5345 Dolor,
1213 5293 1347 5332 cum
1378 5282 1659 5349 martyres
1695 5279 1854 5335 facit.

184 5362 310 5430 Haec
343 5372 538 5430 habet
567 5370 626 5426 in
652 5385 752 5424 ore
769 5385 897 5440 qua:
922 5362 1229 5423 locuturus
1250 5369 1338 5421 est
1360 5365 1614 5436 publice;
1640 5367 1759 5421 hzrc
1776 5384 1865 5423 ve—

183 5479 243 5520 ro
271 5463 468 5520 habet
503 5459 623 5515 sub
656 5452 860 5530 lingua
889 5454 1017 5527 quae
1050 5452 1512 5532 c6gitat.Cogitat
1540 5470 1671 5510 vero
1702 5454 1861 5510 labo-

181 5568 294 5610 rem
328 5557 387 5609 et
426 5546 731 5615 dolorem,
759 5543 901 5616 quia
930 5543 1055 5601 sine
1085 5542 1179 5599 his
1209 5542 1605 5598 consummari
1633 5559 1743 5598 non
1768 5560 1865 5616 po-

186 5646 285 5701 test
317 5655 551 5700 corona
585 5633 884 5709 martyrii.

506 5765 790 5830 ΡΑτῐιοι..
835 5757 1066 5823 CXLII.

2008 878 2134 931 tant
2162 882 2228 931 ut
2258 879 2608 937 interﬁciant
2634 883 2991 942 innocentes.
3024 889 3240 947 Divites
3271 892 3369 969 hic
3396 894 3455 948 in
3496 896 3649 952 malo

2005 963 2388 1036 accipiuntur,
2422 968 2575 1027 sicut
2606 974 2970 1045 pauperes‘in
2991 977 3219 1035 bono.A-
3243 963 3459 1037 Divites
3487 983 3645 1049 enim

2002 1053 2198 1107 seaculi
2230 1054 2387 1123 dicit,
2421 1074 2567 1128 quos
2596 1060 2806 1117 ditabit
2837 1068 2898 1118 ut
2927 1080 3126 1121 eorum
3155 1058 3341 1136 gloria
3364 1069 3509 1128 alios
3538 1072 3642 1128 de-
3679 1058 3683 1062 ’

2001 1139 2197 1211 cipiat.
2231 1140 2626 1201 C’Interficere
2658 1148 3021 1206 innocentem
3048 1158 3137 1209 est
3164 1154 3235 1211 de
3266 1155 3532 1230 religioso
3563 1150 3647 1214 fa-

2000 1244 2124 1284 cere
2156 1231 2522 1305 sacrilegum,
2549 1236 2793 1307 ejusque
2831 1240 3088 1297 animam
3131 1249 3419 1315 perpetua
3453 1237 3641 1305 morte

2000 1317 2303 1376 damnare.
3498 1353 3503 1359 ι
3546 1354 3556 1359 -

2000 1403 2062 1459 31
2141 1409 2306 1465 Oculi
2330 1410 2446 1481 ejus
2475 1413 2535 1466 in
2560 1429 2854 1484 pauperem
2889 1419 3187 1489 respiciunt
3213 1439 3235 1474 .·

2137 1495 2444 1552 Insiiiatur
2492 1501 2552 1554 in
2616 1503 2924 1559 abscondito
2971 1509 3135 1577 quasi
3158 1508 3238 1563 leo
3269 1511 3329 1564 in
3356 1513 3639 1583 speclunra

2204 1600 2322 1639 sua.
3404 1616 3409 1619 ’

2066 1669 2106 1724 C
2134 1676 2274 1727 Cum
2326 1674 2469 1729 dicit
2511 1676 2710 1749 oculos
2760 1679 2887 1750 ejus
2936 1681 2993 1736 in
3038 1699 3389 1755 pauperem,"
3417 1686 3638 1743 scilicet

1994 1757 2202 1828 spiritu
2243 1762 2548 1833 respicere,
2581 1766 2883 1822 sciendum
2939 1771 3092 1842 quod
3146 1789 3268 1826 non'
3308 1775 3542 1847 respicit
3572 1780 3635 1830 ut

1991 1848 2251 1915 proficiat
2283 1850 2362 1903 illi
2394 1853 2656 1924 pauperi,
2686 1856 2788 1910 sed
2840 1856 2967 1912 ideo
3010 1858 3263 1915 intendit
3291 1866 3355 1916 ut
3385 1863 3627 1918 occidat.

1990 1936 2026 1987 Η
2063 1936 2309 1992 Leonem
2343 1940 2761 1997 Antichristum
2797 1945 3076 2011 nominat,
3111 1949 3375 2005 diabolus
3398 1967 3637 2023 quoque

1983 2027 2040 2077 et
2061 2022 2148 2078 leo
2172 2030 2227 2081 et
2254 2028 2426 2082 draco
2459 2028 2813 2086 dicitur.Leo
2844 2036 3078 2104 quando
3108 2041 3302 2107 aperte
3334 2022 3630 2111 persequi-

1983 2115 2096 2176 tur,
2146 2112 2318 2189 draco
2366 2118 2597 2187 quando
2643 2120 2862 2175 occulte
2910 2129 3100 2178 nocet.
3141 2125 3182 2179 (1
3233 2125 3393 2188 Quod
3426 2126 3528 2195 ait,
3563 2134 3629 2183 ut

1981 2197 2169 2265 leo,ad
2200 2201 2317 2256 vim
2349 2205 2628 2274 pertinet;
2665 2204 2766 2263 sed
2798 2209 2953 2279 quod
2987 2211 3171 2277 addit,
3204 2212 3262 2267 in
3296 2214 3470 2269 cubili
3495 2232 3625 2281 suo,

1981 2287 2052 2341 ad
2083 2286 2247 2344 dolos
2277 2292 2535 2360 pertinet
2556 2296 2935 2366 suos,quibus
2965 2297 3324 2359 laceraturus
3356 2306 3444 2358 est
3464 2301 3625 2357 Chri-

1981 2374 2224 2431 stianos.

1979 2464 2050 2516 32
2121 2464 2420 2521 lnsidiatur
2446 2475 2506 2522 ut
2534 2471 2718 2539 rapiat
2744 2462 3038 2543 pauperem
3072 2492 3092 2529 .·

2120 2553 2323 2624 Rapere
2350 2571 2645 2627 pauperem
2672 2558 2801 2614 dum
2832 2561 3057 2617 attraln’t
3087 2566 3229 2617 cuni.

2048 2642 2086 2693 C
2118 2640 2346 2697 lter'atio
2380 2643 2727 2700 insidiarum
2753 2648 2993 2703 nimiam
3027 2648 3399 2706 calliditatem
3432 2652 3631 2709 hostis

1977 2730 2472 2801 ostendit.Rapere
2506 2750 2815 2804 pauperem
2849 2735 3463 2810 subitum'periculum
3488 2741 3613 2795 ani-

1977 2832 2082 2870 ma:
2114 2816 2423 2888 significat.
2456 2819 2601 2874 Dum
2635 2810 2878 2878 attrahit
2907 2824 3124 2896 euri1,id
3156 2826 3409 2895 est,dum
3443 2826 3609 2884 illum

1976 2903 2213 2958 molitur
2241 2912 2283 2960 a'
2303 2907 2540 2962 veritate
2572 2910 2934 2977 reducere,et
2961 2913 3032 2967 ad
3063 2915 3487 2972 venerationem
3514 2912 3629 2972 sui'

1975 2992 2227 3048 nominis
2257 2992 2495 3051 molitur
2522 2996 2829 3055 adducere.

1972 3080 2041 3134 33
2114 3082 2171 3135 In
2205 3082 2397 3153 laqueo
2423 3100 2519 3138 suo
2549 3086 2865 3142 humiliabit
2891 3106 3016 3145 eum
3040 3094 3061 3146 Δε

2112 3169 2406 3226 lnclinabit
2434 3188 2491 3228 se
2517 3178 2568 3228 et
2597 3173 2746 3230 cadet
2768 3190 2893 3231 cum
2936 3177 3257 3236 dominatus
3273 3184 3443 3252 fuerit
3456 3184 3609 3254 Ῥακ-

2183 3260 2394 3328 perum.
3313 3288 3319 3293 ο

2046 3343 2086 3399 C
2116 3344 2380 3417 Laqueus
2406 3346 2695 3420 signiﬁcat
2723 3350 2942 3419 dolum,
2978 3353 3130 3425 quod
3161 3354 3341 3410 corda
3383 3344 3613 3428 silnpli-

1975 3431 2130 3487 cium
2160 3434 2847 3505 capiuntur.Humiliabit
2876 3445 3090 3508 autem,
3125 3444 3358 3513 quando
3390 3444 3461 3499 de
3478 3440 3616 3500 vera

1975 3519 2249 3593 religione
2271 3523 2487 3579 cadunt
2506 3540 2574 3579 ex
2595 3525 2867 3582 suasione
2883 3528 3225 3601 diaboli,qui
3247 3531 3319 3586 ad
3343 3531 3633 3587 insanam“

1973 3608 2298 3665 doctrinam
2328 3612 3061 3683 perducuntur.lnclinabit
3087 3635 3148 3673 se
3168 3616 3629 3691 tyrannuswum‘

1973 3697 2233 3753 animum
2265 3716 2437 3755 suam
2470 3702 2756 3757 remiserit
2776 3702 2835 3758 in
2858 3704 3301 3776 aliquod'otium
3329 3706 3613 3765 cessando

1974 3790 2192 3842 atanta
2235 3790 2654 3859 persecutione,
2707 3791 2889 3847 nimia
2935 3794 3317 3865 acquisitione
3361 3797 3612 3868 perdito-

1973 3890 2101 3929 rum
2135 3875 2399 3932 satiatus.
2417 3878 2549 3932 Post
2578 3879 2776 3952 pmnas
2807 3880 3273 3954 afﬂictionesque
3288 3886 3607 3955 juswrur‘n‘,

1972 3962 2137 4017 cadet
2154 3964 2556 4034 nequissimus
2579 3983 2714 4022 cum
2741 3967 2865 4023 suis
2888 3970 3236 4041 sequacibus
3255 3972 3324 4027 de
3345 3972 3612 4045 sualprtei

1972 4052 2325 4124 sumption'e,
2348 4055 2580 4125 quando
2612 4055 2695 4111 illi
2727 4058 3124 4128 supervenerit
3152 4054 3610 4130 repentinus'id-

1970 4140 2206 4207 teritus;
2244 4141 2416 4196 finem
2446 4141 2601 4197 enim
2624 4140 2828 4198 saeculi
2859 4144 3058 4200 infelix
3096 4147 3301 4212 nescit,
3334 4141 3627 4218 quoniam‘

1972 4243 2103 4282 eum
2153 4227 2211 4282 in
2258 4244 2367 4284 sua
2414 4234 2699 4300 potestate
2726 4232 3008 4287 Dominus
3037 4234 3362 4288 constituit.
3398 4235 3443 4289 Η
3478 4232 3611 4289 Ideo

1969 4330 2102 4371 cum
2135 4332 2195 4372 se
2224 4318 2479 4386 sperabit
2508 4319 2698 4374 adhuc
2726 4318 2896 4391 longe
2924 4320 3237 4387 victurum,
3273 4314 3611 4392 repentinus

1971 4403 2020 4458 ei
2047 4405 2420 4476 superveniet
2441 4405 2729 4462 interitus.
3298 4454 3305 4461 .

1978 4494 2047 4546 34
2119 4492 2275 4548 Dixit
2303 4494 2448 4548 enim
2478 4496 2537 4548 in
2566 4494 2723 4550 corde
2747 4511 2846 4551 suo
2876 4514 2895 4550 :
2927 4494 3136 4552 Oblitus
3163 4505 3242 4553 est
3269 4498 3408 4553 Deus
3436 4516 3458 4551 .·

2116 4581 2334 4636 Avertit
2358 4583 2557 4652 faciem
2584 4598 2744 4637 suam
2770 4599 2840 4639 ne
2868 4583 3049 4640 videat
3076 4585 3134 4639 in
3164 4586 3348 4655 ﬁnem.

2046 4668 2088 4723 C
2117 4669 2300 4724 Nimis
2332 4669 2510 4725 stulta
2538 4671 2829 4743 cogitatio,
2862 4670 3079 4744 putans
3110 4672 3423 4730 Dominum
3475 4673 3612 4729 fide-

1977 4756 2063 4814 les
2093 4762 2231 4814 suo’s
2262 4758 2413 4814 no‘lle
2445 4760 2750 4831 respicere,
2768 4777 2871 4833 pro
2894 4760 3107 4834 quibus
3136 4764 3467 4834 passionem
3488 4761 3617 4818 sits-

1977 4845 2171 4913 tinuit,
2190 4863 2322 4901 cum
2355 4851 2587 4920 prbpter
2611 4848 2807 4920 ipsum
2838 4850 3114 4905 doceatur
3139 4849 3337 4906 omnia
3366 4848 3633 4921 pbaibalia'

1978 4937 2034 4988 et
2061 4935 2304 4990 adversa
2332 4936 2640 4992 sustinere.

1975 5023 2047 5077 35
2133 5028 2188 5087 v-j—
2216 5025 2300 5078 Ea:
2341 5028 2354 5087 ζ
2399 5040 2561 5094 surge
2590 5026 2822 5080 Domine
2850 5031 3012 5081 Deus.

2116 5111 2399 5167 Exaltetur
2441 5128 2639 5167 manus
2697 5116 2792 5167 tua
2839 5131 2858 5167 :
2908 5130 2979 5169 ne
3031 5113 3369 5169 obliviscaris
3411 5116 3619 5185 pauch

2186 5216 2334 5254 rum.

2044 5287 2084 5341 C
2119 5287 2396 5359 Exsurge,
2426 5291 2599 5353 Deus,
2634 5285 2743 5341 hoc
2791 5291 2898 5356 est,
2935 5287 3201 5343 celeriter
3230 5289 3385 5357 veni;
3417 5284 3627 5344 exalteA

1974 5378 2069 5429 tur
2099 5390 2307 5428 manus
2336 5374 2862 5446 tua,operationem
2885 5373 3097 5448 judicii
3128 5374 3443 5446 signiﬁcat.
3477 5368 3627 5428 Illud

1973 5463 2128 5517 enim
2164 5461 2449 5531 Propheta
2480 5461 2849 5517 desiderabat
2876 5462 3095 5528 venire,
3129 5461 3285 5516 unde
3331 5454 3628 5516 Antichri-

1973 5554 2101 5606 stus
2149 5553 2347 5623 posset
2392 5550 2753 5606 occumbere.
2805 5551 2887 5606 Ne
2933 5546 3319 5617 obliviscaris,
3353 5561 3507 5602 nunc
3535 5556 3633 5595 ro-

1973 5642 2070 5711 gat
2099 5654 2170 5697 ne
2201 5638 2524 5698 secundum
2554 5642 2756 5695 votum
2790 5637 3018 5724 tyranni
3060 5633 3442 5693 obliviscatur
3488 5642 3629 5703 pau-

3241 5757 3278 5827 3
