3936 6468
199 547 270 603 ’ῖῖ
1436 549 1857 611 EXPUSl'l‘IO
1902 547 2405 612 PSALMORUM.
2980 626 3005 635 _
3540 556 3618 616 78

207 677 452 750 periculi
487 676 750 734 carnalis
783 677 1049 734 homines
1071 677 1386 733 creduntur
1405 677 1635 735 facilius
1658 680 1866 735 immu-
1892 681 1948 748 Α
2469 697 2671 736 oamo
2708 698 2776 737 ax
2817 697 3015 737 essm.
3057 697 3113 738 χ.

211 766 341 821 tari.
2042 768 2234 840 Dirige
2265 768 2462 825 oculos
2485 768 2716 841 pietatis
2736 774 2847 824 tuae
2867 778 3044 840 super
3064 767 3348 824 humilem
3371 787 3612 841 pauper-

208 856 242 910 3
318 855 593 924 Quoniam
625 870 755 927 quae
777 857 1057 927 per/scisti
1081 855 1502 912 destruxerunt:
1972 855 2110 911 tatis
2142 861 2351 912 nostra:
2385 873 2713 929 personam,
2746 856 3116 929 omnipotens
3148 857 3470 925 Domine,et
3497 857 3607 914 cir-

317 946 506 1002 Justus
552 950 610 1009 ιέ-
638 952 823 1000 autem
868 951 883 1009 ζ
946 945 1087 1015 quid
1110 946 1282 1015 fecit?
1380 1010 1395 1020 ο
1971 945 2182 1000 cumda
2211 961 2316 999 nos
2348 944 2477 999 fidei
2507 944 2708 1012 armis,
2743 948 2806 999 ut
2835 944 2905 1000 ab
2950 943 3326 1015 iniquitatum
3377 944 3605 1019 sagittis
3670 992 3675 997 .

278 1032 662 1089 CDicitidem
686 1031 975 1103 Propheta
991 1031 1347 1089 destruxisse
1364 1031 1861 1104 haereticoslegem
1968 1032 2140 1099 eruti,
2171 1032 2466 1088 valeamus
2494 1032 2826 1104 aequitatem
2857 1037 2913 1088 et
2951 1032 3245 1102 justitiam
3291 1032 3601 1089 custodire.

202 1121 312 1177 Dei
344 1138 483 1177 cum
531 1118 1111 1192 interpretationibus
1159 1120 1342 1189 falsis,
1372 1126 1771 1176 convertentes
1800 1120 1860 1175 in
1969 1120 2074 1176 Per
2103 1121 2434 1177 Dominum.

202 1226 412 1266 necem
447 1226 564 1281 qua
594 1226 628 1264 a
661 1207 903 1263 Domino
934 1207 1274 1281 prophetata
1321 1214 1460 1264 sunt
1487 1210 1556 1263 ad
1586 1207 1857 1264 salutem.
2557 1209 2872 1265 PSALMUS
2911 1209 3006 1264 XI.

203 1296 604 1369 Subjungitur
629 1295 889 1352 defensio
920 1296 1149 1351 Domini
1180 1295 1394 1351 Christi
1426 1314 1439 1352 :
1473 1297 1680 1353 Justus
1718 1296 1857 1369 quid
2422 1315 2820 1354 mammarum
2868 1314 3023 1354 PSAL.
3063 1315 3142 1354 x1.

205 1386 389 1441 fecit?
421 1386 467 1440 Η
499 1384 609 1440 hoc
638 1389 745 1450 est,
779 1383 1047 1439 Christus
1076 1386 1363 1440 mundum
1396 1386 1662 1440 redemit.
1687 1383 1855 1453 Cyel,
1979 1394 1985 1399 '
2036 1386 2077 1445 Ο
2107 1385 2341 1443 Salvum
2372 1403 2433 1442 se
2467 1386 3020 1458 Prophetaamundi
3040 1386 3209 1443 istius
3226 1389 3602 1459 perversitate

203 1475 246 1530 si
284 1474 624 1545 Scripturas
654 1473 988 1529 subvertere
1018 1471 1238 1541 volunt,
1274 1474 1413 1545 quid
1457 1473 1588 1529 fecit
1617 1473 1700 1528 eis
1722 1473 1856 1543 jus-
1965 1473 2088 1529 ﬁeri
2121 1473 2565 1546 petit,quoniam
2601 1473 2785 1531 dolosi
2815 1478 2990 1547 atque
3019 1475 3601 1547 superbi,potentiam

202 1567 319 1628 tus,
357 1563 515 1634 quod
548 1562 725 1617 etiam
758 1560 924 1616 illum
960 1562 1436 1633 persequuntur?
1965 1562 2063 1617 Dei
2094 1560 2389 1618 sceleratis
2420 1560 2886 1619 oblocutionibus
2924 1563 3321 1635 abnegabant;
3354 1565 3601 1636 promis-

202 1651 233 1705 4
306 1653 581 1706 Dominus
608 1652 670 1703 in
699 1649 897 1721 templo
923 1657 1109 1704 sancto
1136 1666 1234 1705 suo
1264 1668 1283 1705 :
1963 1650 2303 1722 sionemque
2334 1651 2518 1706 Patris
2549 1668 2651 1723 per
2680 1651 2889 1706 Filium
2913 1650 3110 1706 dicens
3139 1651 3603 1720 faciendam,clo-

306 1740 582 1794 Dominus
613 1740 672 1794 in
700 1738 831 1792 calo
859 1738 1009 1794 sedes
1037 1738 1173 1808 ejus.
1962 1738 2102 1810 quia
2130 1738 2359 1794 Domini
2386 1740 2496 1795 sub
2522 1740 2796 1795 brevitate
2819 1738 3130 1795 collaudat.

268 1828 306 1882 C
339 1825 658 1898 Templum
683 1826 841 1881 enim
872 1824 973 1881 Dei
1006 1831 1274 1881 sanctum
1305 1826 1569 1898 est,quod
1594 1827 1735 1882 estis
1755 1843 1854 1882 vos
2168 1831 2230 1882 In
2259 1828 2423 1898 ﬁnem
2451 1844 2548 1898 pro
2574 1836 2761 1883 octava
2788 1827 2895 1883 die.
2928 1828 3183 1883 Psalmus
3213 1828 3402 1883 David.

201 1917 245 1983 (1
273 1916 411 1970 Cor.
444 1914 551 1983 In),
587 1918 653 1968 ut
694 1915 842 1969 sciat
888 1913 1193 1969 hereticus
1223 1932 1284 1969 se
1314 1930 1483 1985 posse
1513 1932 1547 1967 a
1573 1914 1686 1970 Deo
1733 1916 1853 1970 dis-
2030 1914 2071 1969 C
2104 1915 2166 1971 In
2197 1916 2370 1970 tinem
2403 1931 2506 1987 pro
2536 1922 2735 1971 octava
2765 1916 2947 1983 die,ut
2970 1915 3030 1970 in
3053 1921 3213 1972 sexto
3233 1916 3459 1988 psalmo
3474 1918 3598 1989 jam

199 2003 390 2075 perdi,
425 2019 460 2057 a
489 2019 605 2069 quo
637 2005 962 2058 noscuntur
985 2002 1157 2056 corda
1177 2007 1327 2058 recte
1348 2003 1705 2058 credentium
1728 2021 1850 2075 pos-
1882 2041 1927 2077 η
1962 2003 2179 2059 dictum
2210 2003 2396 2069 ρει,οά
2428 2008 2698 2059 aeternam
2730 2004 2979 2076 pertinet
3008 2003 3289 2075 requiem,
3324 2004 3464 2077 petit
3487 2006 3599 2060 ita-

200 2090 402 2146 sideri.
437 2090 658 2146 Caelum
691 2090 848 2145 enim
880 2094 1117 2145 sanctos
1159 2091 1312 2146 viros
1360 2091 1671 2163 signiﬁcat,
1705 2108 1853 2163 quos
1884 2090 1929 2107 υ
1961 2108 2071 2163 que
2089 2091 2756 2163 Prophetainiquitatem
2783 2093 2984 2146 mundi
3009 2093 3322 2161 instruunt
3345 2092 3414 2147 ad
3438 2092 3597 2149 illam

194 2179 478 2235 divinitas
509 2178 763 2234 insidere
793 2178 1334 2251 dignatur.'l‘errere
1348 2178 1535 2249 igitur
1556 2178 1852 2234 haereticos
1959 2180 2256 2235 veritatem
2286 2181 2492 2235 futura:
2526 2180 2929 2251 promissionis
2960 2181 3166 2235 debeat
3207 2180 3523 2251 pervenire.

195 2258 228 2323 a
257 2267 609 2323 seductione
635 2267 923 2323 bonorum
952 2283 1055 2339 per
1082 2265 1311 2322 Domini
1335 2266 1625 2337 judicium
1649 2267 1855 2323 nititur
1960 2268 1983 2324 l
2065 2268 2287 2323 Sal-vum
2332 2274 2386 2332 ἦ
2423 2284 2507 2323 me
2567 2276 2581 2332 ζ
2647 2270 2755 2338 fac,
2804 2269 3049 2335 Domine,
3098 2270 3360 2339 quoniam
3404 2270 3599 2340 defecit

190 2356 508 2428 Propheta,
542 2360 612 2411 ut
640 2356 689 2410 si
714 2355 912 2425 justos
943 2356 1221 2410 seducere
1252 2371 1367 2409 non
1401 2355 1627 2421 timent,
1644 2354 1851 2411 saltem
2135 2364 2357 2411 sanctus
2387 2374 2404 2409 :

189 2461 321 2500 eum
356 2444 468 2517 qui
499 2444 558 2499 in
584 2442 770 2514 justis
800 2447 890 2498 est
917 2447 975 2498 et
1003 2442 1227 2499 habitat
1256 2442 1522 2498 timeant.
2067 2445 2335 2511 Quoniam
2386 2443 2677 2501 diminuta:
2730 2447 2857 2499 sunt
2916 2445 3164 2499 veritates
3191 2460 3225 2498 η
3252 2443 3387 2512 ﬁliis
3422 2445 3597 2500 homi-

184 2536 220 2589 5
291 2533 462 2589 Oculi
489 2534 608 2605 ejus
654 2537 709 2597 ’ἑ-
738 2534 795 2587 in
821 2547 1117 2603 pauperem
1185 2537 1199 2595 ζ
1243 2533 1557 2603 respiciunt.
2132 2533 2366 2587 minum.

211 2634 216 2638 '
288 2622 595 2693 Palpebrae
620 2622 738 2691 ejus
770 2622 1112 2689 interrogant
1135 2616 1286 2689 ﬁlios
1316 2621 1616 2675 hominum.
2029 2619 2069 2674 C
2096 2619 2330 2675 Salvum
2370 2637 2462 2675 me
2512 2621 2617 2689 fac,
2651 2619 2933 2675 exclamat
2980 2621 3051 2675 ad
3101 2620 3412 2676 Dominum
3458 2622 3595 2678 Pro-

253 2711 301 2766 ΙΙ
334 2708 515 2767 Oculi
551 2708 801 2775 Domini,
835 2708 891 2763 id
925 2712 1013 2763 est
1043 2712 1315 2779 aspectus
1343 2712 1400 2763 et
1431 2707 1738 2763 clementia
1759 2708 1850 2762 Di-
1959 2707 2153 2781 pheta,
2189 2709 2329 2780 petit
2359 2725 2421 2763 se
2472 2707 2696 2763 salvum
2748 2709 2871 2763 ﬁeri
2920 2710 2992 2764 ab
3042 2708 3140 2765 illo
3172 2726 3206 2765 a
3234 2726 3350 2781 quo
3402 2726 3595 2765 veram

179 2798 448 2853 vinitatis
486 2813 805 2869 pauperem
848 2794 1128 2869 papulum
1175 2795 1566 2851 Christianum
1616 2796 1852 2868 respicit
1957 2796 2307 2851 medicinam
2325 2797 3059 2863 noveratinvenire,dicens
3078 2803 3347 2853 sanctum
3365 2799 3593 2867 deesse;

182 2886 249 2941 ad
285 2884 728 2957 adiuvandum.
760 2885 801 2940 C
833 2882 1141 2954 Palpebrae,
1177 2883 1342 2937 dictae
1374 2901 1406 2937 a
1434 2884 1847 2955 pazpitando,si-
1958 2883 2127 2938 aliter
2156 2884 2309 2939 enim
2340 2890 2577 2940 sanctus
2601 2885 2843 2940 deﬁcere
2866 2902 2980 2940 non
3003 2889 3229 2958 poterat
3250 2885 3363 2942 nisi
3389 2886 3595 2941 fuisset

180 2981 366 3046 gnant
394 2971 796 3029 subtilitatem
825 2971 1003 3027 divini
1026 2971 1234 3043 judicii
1269 2988 1332 3026 ac
1356 2972 1579 3042 judicia
1622 2971 1722 3027 Dei
1755 2989 1847 3027 oc-
1957 2972 2109 3027 inter
2139 2972 2404 3028 homines
2434 2973 2646 3027 veritas
2676 2972 3005 3029 imminuta.
3038 2973 3252 3029 Verum
3286 2991 3422 3029 cum
3453 2973 3595 3029 dicit

182 3066 361 3127 culta,
398 3063 461 3117 in
517 3061 740 3132 quibus
790 3077 897 3115 nos
943 3060 1280 3131 interrogat,
1312 3059 1368 3113 id
1417 3064 1507 3114 est
1554 3060 1850 3131 cognoscit
1958 3060 2609 3126 diminutas,evidenter
2628 3062 2886 3116 ostendit
2906 3061 3217 3132 depravata
3235 3061 3332 3117 Dei
3351 3077 3595 3117 munera

177 3152 317 3223 quid
353 3150 588 3205 habeat
618 3148 1048 3220 unusquisque.
1957 3164 2026 3203 ex
2083 3147 2271 3220 culpis
2320 3147 2646 3215 hominum,
2678 3154 2734 3204 et
2780 3148 2989 3203 collata
3034 3144 3315 3206 beneﬁcia
3361 3150 3595 3222 propria

172 3241 206 3293 ϐ
280 3240 580 3295 Dominus
610 3239 916 3307 interrogat
932 3237 1144 3307 justum
1172 3243 1223 3292 et
1252 3237 1483 3308 impium
1511 3254 1533 3290 .·
1958 3235 2330 3307 perversitate
2362 3235 2672 3291 maculata.
2706 3236 2853 3291 Dicit
2881 3253 3013 3291 vero
3043 3236 3416 3304 veritates,de
3444 3236 3591 3291 veri-

271 3330 393 3398 Qui
424 3330 635 3383 autem
662 3324 854 3394 diligit
879 3326 1229 3397 iniquitatem
1257 3323 1369 3380 odit
1397 3326 1642 3381 animum
1669 3340 1846 3379 suam.
1959 3323 2174 3379 tatibus
2206 3323 2509 3380 hominum
2539 3322 2804 3396 loquens,
2839 3341 2956 3379 una
2982 3327 3068 3379 est
3099 3324 3197 3381 Dei
3228 3323 3455 3392 veritas,
3476 3341 3594 3395 qua

238 3415 283 3470 ll
317 3414 639 3471 Dominus
665 3413 1003 3484 interrogat,
1029 3411 1086 3467 id
1118 3416 1207 3467 est
1236 3411 1533 3483 cognoscit
1559 3415 1615 3467 et
1646 3411 1850 3484 probat
1878 3398 1921 3466 C
1958 3412 2328 3468 illustrantur
2354 3413 2560 3467 anima
2592 3417 2824 3468 sanctae.

157 3503 396 3575 justum
431 3508 497 3559 et
533 3500 816 3573 impium.
849 3499 892 3556 C
922 3501 1038 3556 Hoc
1088 3501 1218 3555 ideo
1274 3500 1505 3565 dicitur,
1556 3503 1621 3555 ut
1666 3517 1850 3555 unus-
1956 3504 1991 3556 2
2067 3502 2214 3557 Vana
2246 3502 2414 3556 locuti
2438 3505 2566 3556 sunt
2591 3501 3378 3573 unusquisqueadproximum
3396 3518 3592 3557 suum:

164 3592 422 3665 quisque
456 3588 924 3661 circumspiciat
953 3588 1372 3644 conscientiam
1417 3605 1605 3655 suam,
1634 3590 1705 3645 de
1733 3605 1852 3660 qua
2065 3590 2233 3644 Labia
2258 3588 2439 3645 dolosa
2468 3591 2529 3645 in
2559 3589 2714 3646 corde
2741 3597 2792 3645 et
2820 3590 2976 3646 corde
3002 3597 3055 3657 ἐκ
3102 3591 3269 3647 locuti
3295 3598 3424 3646 sunt
3465 3595 3478 3655 ζ
3510 3630 3522 3645 .

162 3681 315 3737 novit
347 3680 569 3738 solum
616 3677 799 3733 Deum
831 3676 981 3731 ferre
999 3677 1445 3747 judicium.Non
1472 3677 1626 3733 enim
1650 3679 1851 3747 justus
2030 3681 2070 3732 C
2098 3676 2261 3732 Vana
2290 3676 2435 3733 falsa
2467 3677 3023 3750 significat,quando
3054 3682 3253 3734 contra
3284 3676 3597 3734 Dominum

160 3776 245 3825 est
275 3785 467 3842 quem
507 3765 802 3823 homines
832 3764 1058 3832 dicunt,
1090 3765 1191 3820 sed
1222 3781 1395 3835 quem
1444 3765 1598 3821 Deus
1646 3766 1855 3837 probat
1960 3766 2297 3821 testimonia
2326 3765 2473 3821 falsa
2515 3766 2873 3838 quaerebant,
2900 3771 3039 3821 tunc
3088 3766 3412 3822 imminuta:
3459 3769 3600 3823 sunt

148 3856 589 3929 jnstum.Quid
629 3859 721 3909 est
739 3853 982 3926 diligere
1002 3852 1391 3925 iniquitatem,
1416 3853 1527 3909 nisi
1556 3854 1852 3910 diabolum
1960 3855 2253 3910 veritates.
2282 3853 2578 3909 Proximos
2609 3854 2892 3921 dicit,non
2914 3858 3033 3910 tam
3061 3856 3405 3926 cognatione
3434 3868 3601 3925 gene-
3658 3912 3661 3915 _

156 3948 315 4019 sequi
335 3943 820 4014 isemetipsum
847 3941 1219 4013 persequitur
1233 3941 1645 4012 quidiabolum
1667 3943 1859 4013 sequi.
1963 3943 2044 3998 ris
2076 3959 2252 4014 quam
2284 3943 2717 4014 participatione
2758 3941 2993 3997 sceleris
3042 3943 3309 3999 sociatos.
3341 3943 3403 3998 In
3430 3942 3600 3997 corde

157 4040 262 4101 tur,
295 4036 455 4091 dum
494 4031 663 4089 illas
702 4028 947 4085 semitas
996 4028 1119 4084 vult
1167 4028 1270 4114 ire,
1303 4045 1429 4100 quae
1479 4030 1549 4085 ad
1594 4031 1858 4101 fugienda
1964 4033 2021 4087 et
2049 4030 2240 4097 corde,
2273 4030 2502 4102 quoties
2540 4029 2810 4086 volumus
2853 4030 3085 4087 dolosos
3136 4031 3460 4098 ostendere,
3491 4030 3598 4084 du-

154 4123 269 4179 loca
301 4135 663 4196 poenarum
692 4118 1046 4190 perducunt.
1960 4117 2138 4191 plicia
2161 4133 2363 4174 eorum
2395 4118 2567 4172 corda
2594 4117 2977 4187 declaramus,
3010 4121 3245 4191 quando
3283 4116 3599 4188 simplices,

155 4212 185 4265 7
255 4214 425 4269 Fluit
450 4225 655 4282 super
682 4214 991 4280 peceatores
1021 4206 1237 4278 laqueos
1265 4224 1287 4260 .-
1484 4222 1495 4231 '
1968 4222 2149 4261 unum
2181 4222 2280 4261 cor
2309 4205 2367 4260 in
2393 4204 2476 4260 eis
2505 4221 2632 4261 esse
2662 4208 2965 4261 testamur.
2992 4207 3190 4262 Loculi
3213 4209 3440 4272 sunt,ut
3470 4203 3605 4256 sub-

248 4304 409 4373 lgnis
441 4301 531 4375 x
564 4305 627 4354 et
709 4301 724 4360 ζ
770 4294 1006 4367 sulphur
1160 4298 1213 4349 et
1283 4300 1296 4358 ζ
1341 4296 1567 4365 spiritus
1591 4296 1857 4366 procella-
1968 4294 2174 4350 audias
2200 4292 2375 4348 mala.

321 4407 486 4457 rum,
517 4401 687 4461 pars
715 4383 912 4439 colicis
942 4399 1150 4439 eorum.
1968 4382 2003 4437 3
2074 4379 2361 4452 Disperdat
2388 4382 2646 4435 Dominus
2676 4384 2931 4436 universa
2961 4382 3111 4436 labia
3138 4378 3320 4437 dolosa
3350 4399 3369 4436 :

214 4480 254 4534 C
280 4480 475 4545 Pluit,
514 4474 787 4535 scilicet
814 4472 991 4529 verba
1020 4471 1602 4544 praedicationis,qua2
1624 4471 1737 4543 piis
1757 4470 1863 4526 im-
2078 4470 2345 4538 Linguam
2371 4470 2800 4540 magniloquam.

155 4567 275 4623 bres
302 4573 481 4637 sunt,
523 4561 809 4642 perﬁdis
838 4564 1037 4617 autem
1065 4558 1258 4633 laquei
1292 4560 1477 4631 igniti.
1509 4560 1665 4631 Ignis
1685 4559 1860 4615 etiam
2040 4558 2081 4613 C
2111 4557 2418 4630 Disperdat
2474 4556 2688 4612 dicitur
2739 4561 2940 4613 contra
2992 4557 3246 4625 Judaeo‘s,
3279 4560 3344 4612 ut
3383 4556 3605 4629 passim

152 4664 247 4723 est,
278 4675 424 4715 cum
460 4672 582 4714 eos
622 4654 926 4708 ﬂammea
955 4665 1095 4704 cura
1120 4648 1413 4706 consumit
1442 4647 1861 4720 cupiditatis.ll
1970 4645 2330 4720 pereant,qui
2366 4660 2426 4701 se
2462 4646 2516 4700 in
2552 4662 2666 4700 una
2698 4646 2977 4716 pravitate
3007 4644 3610 4717 collegerant.Lingua

152 4744 428 4819 Sulphur,
466 4739 774 4821 putredo
802 4741 1192 4811 peccatorum.
1226 4737 1267 4792 C
1298 4736 1538 4808 spiritus
1582 4724 1864 4808 procella-
1899 4758 1945 4823 Β
1978 4734 2352 4807 magniloqua
2380 4738 2467 4789 est
2490 4751 2622 4823 quae
2656 4733 2766 4823 sibi
2800 4732 3020 4823 aliquid
3052 4749 3276 4806 magna;
3306 4732 3610 4823 potestatis

154 4850 291 4901 rum,
323 4837 483 4893 dum
522 4850 600 4891 se
637 4826 1040 4886 confundunt
1079 4829 1273 4881 mente
1320 4823 1702 4888 tumultuosa,
1736 4840 1871 4895 pars
1900 4821 1928 4823 ’⁷
1977 4824 2246 4890 assumit,
2281 4827 2357 4888 et,
2383 4840 2454 4878 ne
2485 4822 2580 4877 hic
2611 4823 2672 4877 in
2694 4822 2845 4878 bono
2875 4821 3136 4894 linguam
3176 4821 3611 4893 magniloquam

157 4923 338 4980 calicig
366 4939 635 4987 eorum,
682 4917 757 4972 id
792 4919 879 4970 est
910 4930 1343 4985 mensura,qua:
1375 4912 1611 4985 pollutis
1641 4912 1869 4967 actibus
1979 4912 2322 4983 accepisses,
2356 4910 2620 4983 praedixit
2667 4909 2821 4966 labia
2867 4910 3086 4967 dolosa.
3121 4909 3437 4965 Considera
3481 4924 3614 4964 vero

156 5010 472 5070 εἰη-ἰδυῖαν,
509 5011 565 5067 Η
606 5004 766 5068 Vel,
796 5000 1302 5074 ignis,cupiditas,
1335 4999 1868 5073 sulphur,peccato-
1978 5000 2250 5072 pietatem
2280 4999 2711 5069 dicentis,quod
2744 5015 2859 5053 non
2891 4998 3228 5053 hominibus
3250 4998 3411 5069 (quia
3434 4993 3617 5068 aliqui

156 5116 268 5156 rum
302 5102 609 5175 putredo,
652 5090 936 5167 spiritus
966 5089 1377 5162 procellarum,
1409 5104 1578 5160 poena
1621 5093 1867 5155 aeterna;
1979 5088 2348 5143 convertendi
2381 5093 2566 5154 erant)
2598 5087 2696 5142 sed
2731 5086 2875 5157 ipsis
2903 5086 3060 5141 vitiis
3089 5084 3402 5141 maledicit.

160 5194 203 5243 et
225 5172 369 5263 quos
404 5189 585 5265 ignis
624 5178 879 5245 exurit,
912 5182 1234 5249 tempestas
1262 5176 1574 5233 exanimat.
1978 5177 2013 5232 4
2086 5176 2189 5265 Qui
2258 5175 2517 5230 dixerunt
2549 5191 2565 5226 :
2597 5175 2867 5242 Linguam
2931 5181 3171 5229 nostram
3240 5172 3618 5245 magniﬁeabi-

160 5280 185 5328 8
245 5264 545 5352 Quoniam
565 5278 803 5350 justus
835 5267 1099 5323 Dominus
1125 5274 1177 5322 et
1194 5267 1444 5338 justitias
1483 5264 1679 5319 dilexit
1706 5282 1728 5317 :
2158 5264 2334 5318 bimus
2368 5281 2386 5315 :

248 5349 613 5443 ﬁnitam
650 5358 832 5417 vidit
860 5354 1043 5443 vultus
1070 5356 1206 5427 ejus.
1404 5441 1413 5443 Α
1527 5440 1536 5443 Δ
1573 5439 1581 5443 Δ
1824 5438 1835 5443 Δ
2089 5351 2267 5443 Labia
2284 5358 2467 5408 nostra
2496 5367 2528 5405 τι
2557 5351 2710 5405 nobis
2750 5358 2926 5406 sunt:
2956 5353 3096 5423 Quis
3139 5358 3322 5407 noster
3364 5349 3623 5404 Dominus

216 5438 525 5516 Ciustum
563 5448 741 5510 dicit
779 5441 1113 5500 Dominum
1155 5457 1349 5497 amare
1390 5439 1710 5513 justitiam,
1738 5438 1877 5510 quia
2157 5442 2279 5495 est?
3316 5452 3325 5455 —

168 5547 322 5603 nescit
372 5547 545 5604 alios.
596 5535 966 5610 respicere,
1016 5529 1126 5585 nisi
1176 5528 1274 5601 qui
1323 5532 1541 5584 norunt
1585 5526 1876 5583 custodire
2052 5530 2093 5582 C
2126 5526 2259 5582 Illos
2291 5525 2651 5597 exponit,qui
2682 5526 2741 5580 in
2775 5525 3069 5600 prosperis
3103 5526 3278 5581 rebus
3307 5523 3623 5610 segjac-tan-

166 5600 933 5706 justit'im—zrequitatem
964 5615 1173 5706 illam,
1194 5600 1211 5601 ί
1236 5617 1481 5706 scilicet
1514 5632 1689 5706 quam
1751 5615 1875 5706 ipse
1982 5614 2340 5706 tes,gloriam
2373 5631 2556 5706 suam‘
2573 5613 2823 5670 exaltare
2854 5614 3309 5706 prtesu_munt,et
3331 5606 3447 5705 sibi
3481 5600 3627 5706 ipsis

174 5692 814 5798 limpitius’coccodit-
860 5704 1082 5763 Vtilius
1123 5706 1219 5764 Dei
1273 5704 1743 5782 prOpitiationem
1796 5702 1872 5757 si-
1983 5702 2264 5798 deputant
2319 5719 2432 5798 non
2465 5720 2499 5759 a
2528 5702 2643 5798 Deo
2689 5701 3001 5798 accepisse.
3034 5699 3200 5798 Istud.
3245 5692 3630 5798 quis-noster

465 5774 695 5785 ,ν’-Π*
1275 5774 1293 5782 -
1382 5774 1399 5780 “
1983 5774 2264 5850 Dominus
2294 5795 2401 5866 est,
2425 5790 2839 5864 sacrilegorum
2870 5788 3043 5844 verba
3071 5788 3210 5843 sunt
3238 5774 3630 5835 contradicen-
