  <div class='ocr_page' id='page_1' title='image "/cluster/home/n/w/nwhite01/storage/ocr_20150623/142-143/uc1.31175018423130/047.png"; bbox 0 0 3936 6466; ppageno 0'>
   <div class='ocr_carea' id='block_1_1' title="bbox 317 495 3728 562">
    <p class='ocr_par' dir='ltr' id='par_1_1' title="bbox 317 495 3728 562">
     <span class='ocr_line' id='line_1_1' title="bbox 317 495 3728 562; baseline -0 -2"><span class='ocrx_word' id='word_1_1' title='bbox 317 504 396 560; x_wconf 80' lang='lat'><strong>7‘.)</strong></span> <span class='ocrx_word' id='word_1_2' title='bbox 1214 502 1279 562; x_wconf 92' lang='lat' dir='ltr'><strong>S.</strong></span> <span class='ocrx_word' id='word_1_3' title='bbox 1326 498 1720 560; x_wconf 83' lang='lat' dir='ltr'><strong>BRUNONIS</strong></span> <span class='ocrx_word' id='word_1_4' title='bbox 1765 495 2385 558; x_wconf 80' lang='lat' dir='ltr'><strong>HERBIPOLENSIS</strong></span> <span class='ocrx_word' id='word_1_5' title='bbox 2432 496 2812 558; x_wconf 84' lang='lat' dir='ltr'><strong>EPISGOPI.</strong></span> <span class='ocrx_word' id='word_1_6' title='bbox 3653 499 3728 560; x_wconf 88' lang='lat'><strong>80</strong></span> 
     </span>
    </p>
   </div>
   <div class='ocr_carea' id='block_1_2' title="bbox 319 631 2051 705">
    <p class='ocr_par' dir='ltr' id='par_1_2' title="bbox 319 631 2051 705">
     <span class='ocr_line' id='line_1_2' title="bbox 319 631 2051 705; baseline -0.004 -12"><span class='ocrx_word' id='word_1_7' title='bbox 319 637 470 694; x_wconf 91' lang='lat' dir='ltr'><strong>tium</strong></span> <span class='ocrx_word' id='word_1_8' title='bbox 500 650 632 692; x_wconf 89' lang='lat' dir='ltr'><strong>vero</strong></span> <span class='ocrx_word' id='word_1_9' title='bbox 661 633 798 701; x_wconf 93' lang='lat' dir='ltr'><strong>Deo,</strong></span> <span class='ocrx_word' id='word_1_10' title='bbox 831 636 889 690; x_wconf 89' lang='lat' dir='ltr'><strong>et</strong></span> <span class='ocrx_word' id='word_1_11' title='bbox 919 633 1328 704; x_wconf 89' lang='lat' dir='ltr'><strong>superborum.</strong></span> <span class='ocrx_word' id='word_1_12' title='bbox 1359 635 1406 688; x_wconf 88' lang='lat' dir='ltr'><strong>A</strong></span> <span class='ocrx_word' id='word_1_13' title='bbox 1433 631 1880 705; x_wconf 84' lang='lat' dir='ltr'><strong>Hypocritarum</strong></span> <span class='ocrx_word' id='word_1_14' title='bbox 1909 636 1967 687; x_wconf 92' lang='lat' dir='ltr'><strong>et</strong></span> <span class='ocrx_word' id='word_1_15' title='bbox 1994 634 2051 700; x_wconf 69' lang='grc' dir='ltr'><strong>Α</strong></span> 
     </span>
    </p>
   </div>
   <div class='ocr_carea' id='block_1_3' title="bbox 318 720 1972 800">
    <p class='ocr_par' dir='ltr' id='par_1_3' title="bbox 318 720 1972 800">
     <span class='ocr_line' id='line_1_3' title="bbox 318 720 1972 800; baseline -0.005 -15"><span class='ocrx_word' id='word_1_16' title='bbox 318 723 826 800; x_wconf 88' lang='lat' dir='ltr'><strong>philosophorum,</strong></span> <span class='ocrx_word' id='word_1_17' title='bbox 859 723 962 795; x_wconf 91' lang='lat' dir='ltr'><strong>qui</strong></span> <span class='ocrx_word' id='word_1_18' title='bbox 993 721 1226 797; x_wconf 87' lang='lat' dir='ltr'><strong>ingenio</strong></span> <span class='ocrx_word' id='word_1_19' title='bbox 1256 726 1312 778; x_wconf 91' lang='lat' dir='ltr'><strong>et</strong></span> <span class='ocrx_word' id='word_1_20' title='bbox 1358 721 1556 778; x_wconf 91' lang='lat' dir='ltr'><strong>studio</strong></span> <span class='ocrx_word' id='word_1_21' title='bbox 1607 720 1884 778; x_wconf 82' lang='lat' dir='ltr'><strong>scientias</strong></span> <span class='ocrx_word' id='word_1_22' title='bbox 1915 724 1972 777; x_wconf 90' lang='lat' dir='ltr'><strong>et</strong></span> 
     </span>
    </p>
   </div>
   <div class='ocr_carea' id='block_1_4' title="bbox 321 811 1969 889">
    <p class='ocr_par' dir='ltr' id='par_1_4' title="bbox 321 811 1969 889">
     <span class='ocr_line' id='line_1_4' title="bbox 321 811 1969 889; baseline -0.004 -17"><span class='ocrx_word' id='word_1_23' title='bbox 321 813 720 889; x_wconf 74' lang='lat' dir='ltr'><strong>eloquentiam</strong></span> <span class='ocrx_word' id='word_1_24' title='bbox 750 811 1072 886; x_wconf 88' lang='lat' dir='ltr'><strong>acquisitas</strong></span> <span class='ocrx_word' id='word_1_25' title='bbox 1103 829 1172 868; x_wconf 82' lang='lat' dir='ltr'><strong>ex</strong></span> <span class='ocrx_word' id='word_1_26' title='bbox 1218 811 1430 886; x_wconf 89' lang='lat' dir='ltr'><strong>seipsis</strong></span> <span class='ocrx_word' id='word_1_27' title='bbox 1477 811 1693 868; x_wconf 88' lang='lat' dir='ltr'><strong>habere</strong></span> <span class='ocrx_word' id='word_1_28' title='bbox 1738 813 1969 884; x_wconf 88' lang='lat' dir='ltr'><strong>putant,</strong></span> 
     </span>
    </p>
   </div>
   <div class='ocr_carea' id='block_1_5' title="bbox 321 900 1812 972">
    <p class='ocr_par' dir='ltr' id='par_1_5' title="bbox 321 900 1812 972">
     <span class='ocr_line' id='line_1_5' title="bbox 321 900 1812 972; baseline -0.003 -11"><span class='ocrx_word' id='word_1_29' title='bbox 321 907 765 962; x_wconf 77' lang='lat' dir='ltr'><strong>contemnentes</strong></span> <span class='ocrx_word' id='word_1_30' title='bbox 794 919 912 958; x_wconf 90' lang='lat' dir='ltr'><strong>non</strong></span> <span class='ocrx_word' id='word_1_31' title='bbox 939 901 1222 959; x_wconf 84' lang='lat' dir='ltr'><strong>habentes</strong></span> <span class='ocrx_word' id='word_1_32' title='bbox 1252 918 1371 972; x_wconf 89' lang='lat' dir='ltr'><strong>eas,</strong></span> <span class='ocrx_word' id='word_1_33' title='bbox 1405 900 1535 958; x_wconf 91' lang='lat' dir='ltr'><strong>ideo</strong></span> <span class='ocrx_word' id='word_1_34' title='bbox 1565 901 1768 958; x_wconf 80' lang='lat' dir='ltr'><strong>subdit</strong></span> <span class='ocrx_word' id='word_1_35' title='bbox 1797 918 1812 955; x_wconf 87' lang='lat'><strong>:</strong></span> 
     </span>
    </p>
   </div>
   <div class='ocr_carea' id='block_1_6' title="bbox 319 992 1972 1066">
    <p class='ocr_par' dir='ltr' id='par_1_6' title="bbox 319 992 1972 1066">
     <span class='ocr_line' id='line_1_6' title="bbox 319 992 1972 1066; baseline -0.001 -17"><span class='ocrx_word' id='word_1_36' title='bbox 319 995 356 1049; x_wconf 88' lang='grc'>5</span> <span class='ocrx_word' id='word_1_37' title='bbox 425 995 656 1066; x_wconf 76' lang='lat' dir='ltr'><strong>Propter</strong></span> <span class='ocrx_word' id='word_1_38' title='bbox 703 992 988 1049; x_wconf 73' lang='lat' dir='ltr'><strong>miseriam</strong></span> <span class='ocrx_word' id='word_1_39' title='bbox 1042 992 1268 1064; x_wconf 76' lang='lat' dir='ltr'><strong>inopum</strong></span> <span class='ocrx_word' id='word_1_40' title='bbox 1326 999 1380 1048; x_wconf 91' lang='lat' dir='ltr'><strong>et</strong></span> <span class='ocrx_word' id='word_1_41' title='bbox 1437 993 1706 1063; x_wconf 81' lang='lat' dir='ltr'><strong>gemitum</strong></span> <span class='ocrx_word' id='word_1_42' title='bbox 1762 1006 1972 1064; x_wconf 81' lang='lat' dir='ltr'><strong>paupe-</strong></span> 
     </span>
    </p>
   </div>
   <div class='ocr_carea' id='block_1_7' title="bbox 497 1099 678 1138">
    <p class='ocr_par' dir='ltr' id='par_1_7' title="bbox 497 1099 678 1138">
     <span class='ocr_line' id='line_1_7' title="bbox 497 1099 678 1138; baseline -0.006 0"><span class='ocrx_word' id='word_1_43' title='bbox 497 1099 678 1138; x_wconf 82' lang='lat' dir='ltr'><strong>rum:</strong></span> 
     </span>
    </p>
   </div>
   <div class='ocr_carea' id='block_1_8' title="bbox 428 1170 1366 1244">
    <p class='ocr_par' dir='ltr' id='par_1_8' title="bbox 428 1170 1366 1244">
     <span class='ocr_line' id='line_1_8' title="bbox 428 1170 1366 1244; baseline -0.003 -15"><span class='ocrx_word' id='word_1_44' title='bbox 428 1175 584 1230; x_wconf 85' lang='lat' dir='ltr'><strong>Nunc</strong></span> <span class='ocrx_word' id='word_1_45' title='bbox 608 1187 917 1244; x_wconf 64' lang='lat' dir='ltr'><strong>amurgam,</strong></span> <span class='ocrx_word' id='word_1_46' title='bbox 945 1170 1059 1227; x_wconf 85' lang='lat' dir='ltr'><strong>dici</strong></span> <span class='ocrx_word' id='word_1_47' title='bbox 1084 1172 1366 1228; x_wconf 76' lang='lat' dir='ltr'><strong>Dominus.</strong></span> 
     </span>
    </p>
   </div>
   <div class='ocr_carea' id='block_1_9' title="bbox 393 1259 1976 1336">
    <p class='ocr_par' dir='ltr' id='par_1_9' title="bbox 393 1259 1976 1336">
     <span class='ocr_line' id='line_1_9' title="bbox 393 1259 1976 1336; baseline -0.002 -16"><span class='ocrx_word' id='word_1_48' title='bbox 393 1263 434 1320; x_wconf 90' lang='lat' dir='ltr'><strong>C</strong></span> <span class='ocrx_word' id='word_1_49' title='bbox 463 1263 805 1336; x_wconf 84' lang='lat' dir='ltr'><strong>Exsurgam,</strong></span> <span class='ocrx_word' id='word_1_50' title='bbox 838 1259 979 1318; x_wconf 88' lang='lat' dir='ltr'>dicit</span> <span class='ocrx_word' id='word_1_51' title='bbox 1017 1259 1304 1334; x_wconf 86' lang='lat' dir='ltr'><strong>Propheta</strong></span> <span class='ocrx_word' id='word_1_52' title='bbox 1335 1261 1395 1316; x_wconf 93' lang='lat' dir='ltr'><strong>iu</strong></span> <span class='ocrx_word' id='word_1_53' title='bbox 1426 1276 1738 1334; x_wconf 85' lang='lat' dir='ltr'><strong>personam</strong></span> <span class='ocrx_word' id='word_1_54' title='bbox 1787 1259 1976 1317; x_wconf 87' lang='lat' dir='ltr'><strong>Patris</strong></span> 
     </span>
    </p>
   </div>
   <div class='ocr_carea' id='block_1_10' title="bbox 324 1349 1975 1425">
    <p class='ocr_par' dir='ltr' id='par_1_10' title="bbox 324 1349 1975 1425">
     <span class='ocr_line' id='line_1_10' title="bbox 324 1349 1975 1425; baseline -0.002 -15"><span class='ocrx_word' id='word_1_55' title='bbox 324 1353 394 1410; x_wconf 91' lang='lat' dir='ltr'><strong>de</strong></span> <span class='ocrx_word' id='word_1_56' title='bbox 425 1351 602 1422; x_wconf 87' lang='lat' dir='ltr'><strong>Filio;</strong></span> <span class='ocrx_word' id='word_1_57' title='bbox 631 1366 966 1425; x_wconf 81' lang='lat' dir='ltr'><strong>exsurgam,</strong></span> <span class='ocrx_word' id='word_1_58' title='bbox 996 1349 1056 1406; x_wconf 88' lang='lat' dir='ltr'><strong>id</strong></span> <span class='ocrx_word' id='word_1_59' title='bbox 1087 1353 1196 1416; x_wconf 87' lang='lat' dir='ltr'><strong>est,</strong></span> <span class='ocrx_word' id='word_1_60' title='bbox 1228 1350 1520 1424; x_wconf 87' lang='lat' dir='ltr'><strong>apparebo</strong></span> <span class='ocrx_word' id='word_1_61' title='bbox 1550 1354 1608 1408; x_wconf 88' lang='lat' dir='ltr'><strong>et</strong></span> <span class='ocrx_word' id='word_1_62' title='bbox 1636 1349 1975 1406; x_wconf 84' lang='lat' dir='ltr'><strong>manifesta-</strong></span> 
     </span>
    </p>
   </div>
   <div class='ocr_carea' id='block_1_11' title="bbox 323 1439 1978 1513">
    <p class='ocr_par' dir='ltr' id='par_1_11' title="bbox 323 1439 1978 1513">
     <span class='ocr_line' id='line_1_11' title="bbox 323 1439 1978 1513; baseline -0.002 -13"><span class='ocrx_word' id='word_1_63' title='bbox 323 1442 430 1500; x_wconf 91' lang='lat' dir='ltr'><strong>bor</strong></span> <span class='ocrx_word' id='word_1_64' title='bbox 458 1441 520 1497; x_wconf 91' lang='lat' dir='ltr'><strong>in</strong></span> <span class='ocrx_word' id='word_1_65' title='bbox 553 1439 720 1513; x_wconf 88' lang='lat' dir='ltr'><strong>Filio,</strong></span> <span class='ocrx_word' id='word_1_66' title='bbox 741 1444 792 1496; x_wconf 88' lang='grc' dir='ltr'><em>Η</em></span> <span class='ocrx_word' id='word_1_67' title='bbox 816 1444 880 1497; x_wconf 91' lang='lat' dir='ltr'><strong>ut</strong></span> <span class='ocrx_word' id='word_1_68' title='bbox 898 1457 998 1497; x_wconf 91' lang='lat' dir='ltr'><strong>eos</strong></span> <span class='ocrx_word' id='word_1_69' title='bbox 1028 1439 1130 1513; x_wconf 88' lang='lat' dir='ltr'><strong>qui</strong></span> <span class='ocrx_word' id='word_1_70' title='bbox 1159 1439 1219 1496; x_wconf 92' lang='lat' dir='ltr'><strong>in</strong></span> <span class='ocrx_word' id='word_1_71' title='bbox 1251 1439 1490 1498; x_wconf 85' lang='lat' dir='ltr'><strong>miseria</strong></span> <span class='ocrx_word' id='word_1_72' title='bbox 1511 1439 1733 1497; x_wconf 90' lang='lat' dir='ltr'><strong>suntin</strong></span> <span class='ocrx_word' id='word_1_73' title='bbox 1756 1439 1978 1496; x_wconf 90' lang='lat' dir='ltr'><strong>mundo</strong></span> 
     </span>
    </p>
   </div>
   <div class='ocr_carea' id='block_1_12' title="bbox 324 1531 610 1592">
    <p class='ocr_par' dir='ltr' id='par_1_12' title="bbox 324 1531 610 1592">
     <span class='ocr_line' id='line_1_12' title="bbox 324 1531 610 1592; baseline 0.014 -4"><span class='ocrx_word' id='word_1_74' title='bbox 324 1531 610 1592; x_wconf 87' lang='lat' dir='ltr'><strong>redimat..</strong></span> 
     </span>
    </p>
   </div>
   <div class='ocr_carea' id='block_1_13' title="bbox 325 1619 1156 1684">
    <p class='ocr_par' dir='ltr' id='par_1_13' title="bbox 325 1619 1156 1684">
     <span class='ocr_line' id='line_1_13' title="bbox 325 1619 1156 1684; baseline -0.004 -8"><span class='ocrx_word' id='word_1_75' title='bbox 325 1622 360 1676; x_wconf 85' lang='lat'><strong>6</strong></span> <span class='ocrx_word' id='word_1_76' title='bbox 431 1623 646 1678; x_wconf 87' lang='lat' dir='ltr'><strong>Ponam</strong></span> <span class='ocrx_word' id='word_1_77' title='bbox 672 1621 734 1676; x_wconf 86' lang='lat' dir='ltr'><strong>in</strong></span> <span class='ocrx_word' id='word_1_78' title='bbox 760 1619 1002 1676; x_wconf 83' lang='lat' dir='ltr'><strong>salutari</strong></span> <span class='ocrx_word' id='word_1_79' title='bbox 1029 1636 1050 1674; x_wconf 90' lang='lat'><strong><em>:</em></strong></span> <span class='ocrx_word' id='word_1_80' title='bbox 1149 1678 1156 1684; x_wconf 58' lang='grc'><em>,</em></span> 
     </span>
    </p>
   </div>
   <div class='ocr_carea' id='block_1_14' title="bbox 433 1708 1408 1778">
    <p class='ocr_par' dir='ltr' id='par_1_14' title="bbox 433 1708 1408 1778">
     <span class='ocr_line' id='line_1_14' title="bbox 433 1708 1408 1778; baseline -0.003 -13"><span class='ocrx_word' id='word_1_81' title='bbox 433 1708 796 1765; x_wconf 85' lang='lat' dir='ltr'><strong>Fiducialiter</strong></span> <span class='ocrx_word' id='word_1_82' title='bbox 818 1715 873 1774; x_wconf 56' lang='grc' dir='ltr'><strong>ἐς</strong></span> <span class='ocrx_word' id='word_1_83' title='bbox 920 1725 1086 1778; x_wconf 88' lang='lat' dir='ltr'><strong>agam</strong></span> <span class='ocrx_word' id='word_1_84' title='bbox 1154 1712 1168 1774; x_wconf 75' lang='grc' dir='ltr'>ξ</span> <span class='ocrx_word' id='word_1_85' title='bbox 1211 1709 1272 1764; x_wconf 89' lang='lat' dir='ltr'><strong>in</strong></span> <span class='ocrx_word' id='word_1_86' title='bbox 1301 1723 1360 1765; x_wconf 91' lang='lat' dir='ltr'><strong>eo</strong></span> <span class='ocrx_word' id='word_1_87' title='bbox 1389 1725 1408 1762; x_wconf 92' lang='lat'><strong><em>:</em></strong></span> 
     </span>
    </p>
   </div>
   <div class='ocr_carea' id='block_1_15' title="bbox 398 1793 1979 1868">
    <p class='ocr_par' dir='ltr' id='par_1_15' title="bbox 398 1793 1979 1868">
     <span class='ocr_line' id='line_1_15' title="bbox 398 1793 1979 1868; baseline -0.001 -16"><span class='ocrx_word' id='word_1_88' title='bbox 398 1797 445 1852; x_wconf 87' lang='lat' dir='ltr'><strong>H</strong></span> <span class='ocrx_word' id='word_1_89' title='bbox 479 1796 700 1852; x_wconf 88' lang='lat' dir='ltr'><strong>Ponam</strong></span> <span class='ocrx_word' id='word_1_90' title='bbox 733 1795 792 1851; x_wconf 89' lang='lat' dir='ltr'><strong>in</strong></span> <span class='ocrx_word' id='word_1_91' title='bbox 817 1793 1060 1852; x_wconf 85' lang='lat' dir='ltr'><strong>salutari</strong></span> <span class='ocrx_word' id='word_1_92' title='bbox 1091 1796 1221 1868; x_wconf 83' lang='lat' dir='ltr'><strong>(vox</strong></span> <span class='ocrx_word' id='word_1_93' title='bbox 1251 1795 1480 1868; x_wconf 87' lang='lat' dir='ltr'><strong>Patris),</strong></span> <span class='ocrx_word' id='word_1_94' title='bbox 1514 1795 1569 1854; x_wconf 96' lang='lat' dir='ltr'><strong>id</strong></span> <span class='ocrx_word' id='word_1_95' title='bbox 1603 1799 1692 1852; x_wconf 90' lang='lat' dir='ltr'><strong>est</strong></span> <span class='ocrx_word' id='word_1_96' title='bbox 1729 1794 1979 1852; x_wconf 84' lang='lat' dir='ltr'><strong>salutem</strong></span> 
     </span>
    </p>
   </div>
   <div class='ocr_carea' id='block_1_16' title="bbox 327 1885 1978 1958">
    <p class='ocr_par' dir='ltr' id='par_1_16' title="bbox 327 1885 1978 1958">
     <span class='ocr_line' id='line_1_16' title="bbox 327 1885 1978 1958; baseline 0 -16"><span class='ocrx_word' id='word_1_97' title='bbox 327 1889 386 1942; x_wconf 86' lang='lat' dir='ltr'><strong>et</strong></span> <span class='ocrx_word' id='word_1_98' title='bbox 413 1885 869 1942; x_wconf 87' lang='lat' dir='ltr'><strong>consolationem</strong></span> <span class='ocrx_word' id='word_1_99' title='bbox 899 1885 1397 1958; x_wconf 82' lang='lat' dir='ltr'><strong>pauper&#39;um,t‘orte</strong></span> <span class='ocrx_word' id='word_1_100' title='bbox 1425 1885 1691 1958; x_wconf 87' lang='lat' dir='ltr'><strong>gentium</strong></span> <span class='ocrx_word' id='word_1_101' title='bbox 1722 1885 1781 1940; x_wconf 92' lang='lat' dir='ltr'><strong>in</strong></span> <span class='ocrx_word' id='word_1_102' title='bbox 1805 1885 1978 1953; x_wconf 88' lang='lat' dir='ltr'><strong>Filio;</strong></span> 
     </span>
    </p>
   </div>
   <div class='ocr_carea' id='block_1_17' title="bbox 329 1973 1979 2048">
    <p class='ocr_par' dir='ltr' id='par_1_17' title="bbox 329 1973 1979 2048">
     <span class='ocr_line' id='line_1_17' title="bbox 329 1973 1979 2048; baseline 0 -17"><span class='ocrx_word' id='word_1_103' title='bbox 329 1975 433 2048; x_wconf 88' lang='lat' dir='ltr'><strong>qui</strong></span> <span class='ocrx_word' id='word_1_104' title='bbox 463 1979 555 2030; x_wconf 88' lang='lat' dir='ltr'><strong>est</strong></span> <span class='ocrx_word' id='word_1_105' title='bbox 583 1973 790 2030; x_wconf 67' lang='lat' dir='ltr'><strong>laetitia</strong></span> <span class='ocrx_word' id='word_1_106' title='bbox 815 1978 1020 2031; x_wconf 88' lang='lat' dir='ltr'><strong>contra</strong></span> <span class='ocrx_word' id='word_1_107' title='bbox 1048 1974 1356 2048; x_wconf 86' lang='lat' dir='ltr'><strong>gemitum.</strong></span> <span class='ocrx_word' id='word_1_108' title='bbox 1391 1974 1764 2032; x_wconf 84' lang='lat' dir='ltr'><strong>Fiducialiter</strong></span> <span class='ocrx_word' id='word_1_109' title='bbox 1811 1990 1979 2048; x_wconf 79' lang='lat' dir='ltr'><strong>agam</strong></span> 
     </span>
    </p>
   </div>
   <div class='ocr_carea' id='block_1_18' title="bbox 330 2063 1984 2138">
    <p class='ocr_par' dir='ltr' id='par_1_18' title="bbox 330 2063 1984 2138">
     <span class='ocr_line' id='line_1_18' title="bbox 330 2063 1984 2138; baseline 0.002 -20"><span class='ocrx_word' id='word_1_110' title='bbox 330 2064 391 2122; x_wconf 90' lang='lat' dir='ltr'><strong>in</strong></span> <span class='ocrx_word' id='word_1_111' title='bbox 424 2081 512 2133; x_wconf 89' lang='lat' dir='ltr'><strong>eo,</strong></span> <span class='ocrx_word' id='word_1_112' title='bbox 537 2068 577 2120; x_wconf 90' lang='lat' dir='ltr'><strong>C</strong></span> <span class='ocrx_word' id='word_1_113' title='bbox 596 2063 655 2120; x_wconf 87' lang='lat' dir='ltr'>id</span> <span class='ocrx_word' id='word_1_114' title='bbox 678 2069 767 2120; x_wconf 89' lang='lat' dir='ltr'><strong>est</strong></span> <span class='ocrx_word' id='word_1_115' title='bbox 795 2063 856 2120; x_wconf 90' lang='lat' dir='ltr'><strong>in</strong></span> <span class='ocrx_word' id='word_1_116' title='bbox 885 2063 1200 2137; x_wconf 84' lang='lat' dir='ltr'><strong>Filio,quia</strong></span> <span class='ocrx_word' id='word_1_117' title='bbox 1223 2069 1484 2138; x_wconf 87' lang='lat' dir='ltr'><strong>potestas</strong></span> <span class='ocrx_word' id='word_1_118' title='bbox 1515 2065 1736 2135; x_wconf 85' lang='lat' dir='ltr'><strong>Patris;</strong></span> <span class='ocrx_word' id='word_1_119' title='bbox 1768 2064 1984 2122; x_wconf 76' lang='lat' dir='ltr'><strong>fiducia</strong></span> 
     </span>
    </p>
   </div>
   <div class='ocr_carea' id='block_1_19' title="bbox 329 2152 1986 2227">
    <p class='ocr_par' dir='ltr' id='par_1_19' title="bbox 329 2152 1986 2227">
     <span class='ocr_line' id='line_1_19' title="bbox 329 2152 1986 2227; baseline 0.001 -17"><span class='ocrx_word' id='word_1_120' title='bbox 329 2158 420 2210; x_wconf 90' lang='lat' dir='ltr'><strong>est</strong></span> <span class='ocrx_word' id='word_1_121' title='bbox 450 2153 602 2222; x_wconf 87' lang='lat' dir='ltr'><strong>Filii,</strong></span> <span class='ocrx_word' id='word_1_122' title='bbox 633 2154 806 2227; x_wconf 69' lang='lat' dir='ltr'><strong>cuius</strong></span> <span class='ocrx_word' id='word_1_123' title='bbox 832 2153 1118 2210; x_wconf 79' lang='lat' dir='ltr'><strong>voluntati</strong></span> <span class='ocrx_word' id='word_1_124' title='bbox 1149 2152 1350 2212; x_wconf 90' lang='lat' dir='ltr'><strong>nullus</strong></span> <span class='ocrx_word' id='word_1_125' title='bbox 1379 2153 1533 2212; x_wconf 89' lang='lat' dir='ltr'><strong>valet</strong></span> <span class='ocrx_word' id='word_1_126' title='bbox 1563 2155 1814 2224; x_wconf 86' lang='lat' dir='ltr'><strong>obviare,</strong></span> <span class='ocrx_word' id='word_1_127' title='bbox 1844 2153 1986 2227; x_wconf 85' lang='lat' dir='ltr'><strong>quia</strong></span> 
     </span>
    </p>
   </div>
   <div class='ocr_carea' id='block_1_20' title="bbox 329 2241 717 2315">
    <p class='ocr_par' dir='ltr' id='par_1_20' title="bbox 329 2241 717 2315">
     <span class='ocr_line' id='line_1_20' title="bbox 329 2241 717 2315; baseline -0.005 -15"><span class='ocrx_word' id='word_1_128' title='bbox 329 2241 580 2315; x_wconf 88' lang='lat' dir='ltr'><strong>eloquia,</strong></span> <span class='ocrx_word' id='word_1_129' title='bbox 608 2247 717 2300; x_wconf 89' lang='lat' dir='ltr'><strong>etc.</strong></span> 
     </span>
    </p>
   </div>
   <div class='ocr_carea' id='block_1_21' title="bbox 327 2334 1983 2407">
    <p class='ocr_par' dir='ltr' id='par_1_21' title="bbox 327 2334 1983 2407">
     <span class='ocr_line' id='line_1_21' title="bbox 327 2334 1983 2407; baseline 0.001 -19"><span class='ocrx_word' id='word_1_130' title='bbox 327 2335 361 2388; x_wconf 91' lang='lat'><strong>7</strong></span> <span class='ocrx_word' id='word_1_131' title='bbox 434 2334 665 2407; x_wconf 85' lang='lat' dir='ltr'><strong>Eloquia</strong></span> <span class='ocrx_word' id='word_1_132' title='bbox 717 2335 957 2406; x_wconf 79' lang='lat' dir='ltr'><strong>Domini,</strong></span> <span class='ocrx_word' id='word_1_133' title='bbox 1010 2334 1226 2406; x_wconf 83' lang='lat' dir='ltr'><strong>eloquia</strong></span> <span class='ocrx_word' id='word_1_134' title='bbox 1273 2341 1423 2390; x_wconf 77' lang='lat' dir='ltr'><strong>casta</strong></span> <span class='ocrx_word' id='word_1_135' title='bbox 1449 2352 1471 2389; x_wconf 84' lang='lat'><em>:</em></span> <span class='ocrx_word' id='word_1_136' title='bbox 1509 2341 1798 2404; x_wconf 78' lang='lat' dir='ltr'><strong>argentum</strong></span> <span class='ocrx_word' id='word_1_137' title='bbox 1853 2335 1983 2404; x_wconf 84' lang='lat' dir='ltr'><strong>igne</strong></span> 
     </span>
    </p>
   </div>
   <div class='ocr_carea' id='block_1_22' title="bbox 540 2423 967 2480">
    <p class='ocr_par' dir='ltr' id='par_1_22' title="bbox 540 2423 967 2480">
     <span class='ocr_line' id='line_1_22' title="bbox 540 2423 967 2480; baseline -0.007 0"><span class='ocrx_word' id='word_1_138' title='bbox 540 2423 918 2480; x_wconf 74' lang='lat' dir='ltr'><strong>examinatum</strong></span> <span class='ocrx_word' id='word_1_139' title='bbox 945 2441 967 2477; x_wconf 84' lang='grc'><strong>.-</strong></span> 
     </span>
    </p>
   </div>
   <div class='ocr_carea' id='block_1_23' title="bbox 434 2511 1668 2584">
    <p class='ocr_par' dir='ltr' id='par_1_23' title="bbox 434 2511 1668 2584">
     <span class='ocr_line' id='line_1_23' title="bbox 434 2511 1668 2584; baseline 0.001 -16"><span class='ocrx_word' id='word_1_140' title='bbox 434 2511 736 2568; x_wconf 85' lang='lat' dir='ltr'><strong>Probatum</strong></span> <span class='ocrx_word' id='word_1_141' title='bbox 763 2519 928 2569; x_wconf 72' lang='lat' dir='ltr'><strong>terrae</strong></span> <span class='ocrx_word' id='word_1_142' title='bbox 956 2530 978 2566; x_wconf 87' lang='lat'><em>:</em></span> <span class='ocrx_word' id='word_1_143' title='bbox 1000 2516 1304 2584; x_wconf 81' lang='lat' dir='ltr'><strong>purgatum</strong></span> <span class='ocrx_word' id='word_1_144' title='bbox 1339 2513 1668 2584; x_wconf 79' lang='lat' dir='ltr'><strong>septuplum.</strong></span> 
     </span>
    </p>
   </div>
   <div class='ocr_carea' id='block_1_24' title="bbox 400 2599 1981 2674">
    <p class='ocr_par' dir='ltr' id='par_1_24' title="bbox 400 2599 1981 2674">
     <span class='ocr_line' id='line_1_24' title="bbox 400 2599 1981 2674; baseline 0.003 -18"><span class='ocrx_word' id='word_1_145' title='bbox 400 2601 504 2656; x_wconf 83' lang='lat' dir='ltr'><strong>Hic</strong></span> <span class='ocrx_word' id='word_1_146' title='bbox 533 2600 765 2674; x_wconf 89' lang='lat' dir='ltr'><strong>eloquia</strong></span> <span class='ocrx_word' id='word_1_147' title='bbox 787 2600 1020 2657; x_wconf 90' lang='lat' dir='ltr'><strong>Domini</strong></span> <span class='ocrx_word' id='word_1_148' title='bbox 1057 2599 1378 2658; x_wconf 88' lang='lat' dir='ltr'><strong>laudantur</strong></span> <span class='ocrx_word' id='word_1_149' title='bbox 1409 2602 1558 2674; x_wconf 64' lang='lat' dir='ltr'><strong>(quae</strong></span> <span class='ocrx_word' id='word_1_150' title='bbox 1607 2601 1767 2658; x_wconf 90' lang='lat' dir='ltr'><strong>nullo</strong></span> <span class='ocrx_word' id='word_1_151' title='bbox 1817 2619 1981 2660; x_wconf 85' lang='lat' dir='ltr'><strong>men-</strong></span> 
     </span>
    </p>
   </div>
   <div class='ocr_carea' id='block_1_25' title="bbox 331 2689 1980 2761">
    <p class='ocr_par' dir='ltr' id='par_1_25' title="bbox 331 2689 1980 2761">
     <span class='ocr_line' id='line_1_25' title="bbox 331 2689 1980 2761; baseline 0.001 -15"><span class='ocrx_word' id='word_1_152' title='bbox 331 2690 518 2758; x_wconf 90' lang='lat' dir='ltr'><strong>dacio,</strong></span> <span class='ocrx_word' id='word_1_153' title='bbox 550 2689 716 2746; x_wconf 85' lang='lat' dir='ltr'><strong>nulla</strong></span> <span class='ocrx_word' id='word_1_154' title='bbox 741 2689 1072 2746; x_wconf 87' lang='lat' dir='ltr'><strong>adulterina</strong></span> <span class='ocrx_word' id='word_1_155' title='bbox 1099 2689 1353 2748; x_wconf 77' lang='lat' dir='ltr'><strong>falsitate</strong></span> <span class='ocrx_word' id='word_1_156' title='bbox 1380 2689 1704 2761; x_wconf 84' lang='lat' dir='ltr'><strong>fuscautur)</strong></span> <span class='ocrx_word' id='word_1_157' title='bbox 1727 2709 1860 2748; x_wconf 90' lang='lat' dir='ltr'><strong>cum</strong></span> <span class='ocrx_word' id='word_1_158' title='bbox 1893 2692 1980 2748; x_wconf 89' lang='lat' dir='ltr'><strong>di-</strong></span> 
     </span>
    </p>
   </div>
   <div class='ocr_carea' id='block_1_26' title="bbox 333 2779 1986 2852">
    <p class='ocr_par' dir='ltr' id='par_1_26' title="bbox 333 2779 1986 2852">
     <span class='ocr_line' id='line_1_26' title="bbox 333 2779 1986 2852; baseline 0.002 -18"><span class='ocrx_word' id='word_1_159' title='bbox 333 2779 430 2847; x_wconf 91' lang='lat' dir='ltr'><strong>cit,</strong></span> <span class='ocrx_word' id='word_1_160' title='bbox 463 2779 698 2852; x_wconf 90' lang='lat' dir='ltr'><strong>eloquia</strong></span> <span class='ocrx_word' id='word_1_161' title='bbox 727 2783 908 2836; x_wconf 86' lang='lat' dir='ltr'><strong>casta.</strong></span> <span class='ocrx_word' id='word_1_162' title='bbox 939 2779 1222 2852; x_wconf 87' lang='lat' dir='ltr'><strong>Superius</strong></span> <span class='ocrx_word' id='word_1_163' title='bbox 1260 2797 1393 2836; x_wconf 88' lang='lat' dir='ltr'><strong>vero</strong></span> <span class='ocrx_word' id='word_1_164' title='bbox 1443 2797 1635 2837; x_wconf 88' lang='lat' dir='ltr'><strong>sermo</strong></span> <span class='ocrx_word' id='word_1_165' title='bbox 1683 2781 1986 2838; x_wconf 86' lang='lat' dir='ltr'><strong>humanus</strong></span> 
     </span>
    </p>
   </div>
   <div class='ocr_carea' id='block_1_27' title="bbox 332 2867 1982 2943">
    <p class='ocr_par' dir='ltr' id='par_1_27' title="bbox 332 2867 1982 2943">
     <span class='ocr_line' id='line_1_27' title="bbox 332 2867 1982 2943; baseline 0.002 -19"><span class='ocrx_word' id='word_1_166' title='bbox 332 2869 619 2942; x_wconf 85' lang='lat' dir='ltr'><strong>arguitur,</strong></span> <span class='ocrx_word' id='word_1_167' title='bbox 641 2885 780 2925; x_wconf 89' lang='lat' dir='ltr'><strong>cum</strong></span> <span class='ocrx_word' id='word_1_168' title='bbox 811 2868 970 2937; x_wconf 90' lang='lat' dir='ltr'><strong>dicit,</strong></span> <span class='ocrx_word' id='word_1_169' title='bbox 983 2885 1135 2925; x_wconf 88' lang='lat' dir='ltr'><strong>vana</strong></span> <span class='ocrx_word' id='word_1_170' title='bbox 1163 2867 1342 2925; x_wconf 90' lang='lat' dir='ltr'><strong>locuti</strong></span> <span class='ocrx_word' id='word_1_171' title='bbox 1372 2874 1530 2926; x_wconf 87' lang='lat' dir='ltr'><strong>sunt.</strong></span> <span class='ocrx_word' id='word_1_172' title='bbox 1555 2872 1982 2943; x_wconf 84' lang='lat' dir='ltr'><strong>Argumentum</strong></span> 
     </span>
    </p>
   </div>
   <div class='ocr_carea' id='block_1_28' title="bbox 331 2956 1979 3030">
    <p class='ocr_par' dir='ltr' id='par_1_28' title="bbox 331 2956 1979 3030">
     <span class='ocr_line' id='line_1_28' title="bbox 331 2956 1979 3030; baseline 0.001 -16"><span class='ocrx_word' id='word_1_173' title='bbox 331 2961 517 3023; x_wconf 76' lang='lat' dir='ltr'><strong>terrae,</strong></span> <span class='ocrx_word' id='word_1_174' title='bbox 550 2956 686 3030; x_wconf 86' lang='lat' dir='ltr'><strong>igne</strong></span> <span class='ocrx_word' id='word_1_175' title='bbox 745 2957 1144 3016; x_wconf 85' lang='lat' dir='ltr'><strong>examinatum</strong></span> <span class='ocrx_word' id='word_1_176' title='bbox 1198 2957 1346 3014; x_wconf 89' lang='lat' dir='ltr'><strong>solet</strong></span> <span class='ocrx_word' id='word_1_177' title='bbox 1391 2974 1521 3016; x_wconf 89' lang='lat' dir='ltr'><strong>esse</strong></span> <span class='ocrx_word' id='word_1_178' title='bbox 1569 2959 1979 3030; x_wconf 85' lang='lat' dir='ltr'><strong>purissimum,</strong></span> 
     </span>
    </p>
   </div>
   <div class='ocr_carea' id='block_1_29' title="bbox 333 3046 1983 3120">
    <p class='ocr_par' dir='ltr' id='par_1_29' title="bbox 333 3046 1983 3120">
     <span class='ocr_line' id='line_1_29' title="bbox 333 3046 1983 3120; baseline 0.004 -18"><span class='ocrx_word' id='word_1_179' title='bbox 333 3047 568 3120; x_wconf 89' lang='lat' dir='ltr'><strong>quando</strong></span> <span class='ocrx_word' id='word_1_180' title='bbox 597 3046 888 3120; x_wconf 83' lang='lat' dir='ltr'><strong>frequenti</strong></span> <span class='ocrx_word' id='word_1_181' title='bbox 923 3047 1096 3103; x_wconf 86' lang='lat' dir='ltr'><strong>fuerit</strong></span> <span class='ocrx_word' id='word_1_182' title='bbox 1122 3046 1458 3104; x_wconf 87' lang='lat' dir='ltr'><strong>decoctione</strong></span> <span class='ocrx_word' id='word_1_183' title='bbox 1478 3047 1866 3118; x_wconf 83' lang='lat' dir='ltr'><strong>mundatum;</strong></span> <span class='ocrx_word' id='word_1_184' title='bbox 1896 3049 1983 3108; x_wconf 85' lang='lat' dir='ltr'><strong>sic</strong></span> 
     </span>
    </p>
   </div>
   <div class='ocr_carea' id='block_1_30' title="bbox 329 3133 1980 3212">
    <p class='ocr_par' dir='ltr' id='par_1_30' title="bbox 329 3133 1980 3212">
     <span class='ocr_line' id='line_1_30' title="bbox 329 3133 1980 3212; baseline 0.001 -21"><span class='ocrx_word' id='word_1_185' title='bbox 329 3133 562 3208; x_wconf 88' lang='lat' dir='ltr'><strong>eloquia</strong></span> <span class='ocrx_word' id='word_1_186' title='bbox 593 3134 818 3212; x_wconf 88' lang='lat' dir='ltr'><strong>Domini</strong></span> <span class='ocrx_word' id='word_1_187' title='bbox 847 3134 1269 3208; x_wconf 88' lang='lat' dir='ltr'><strong>pura,pulchra</strong></span> <span class='ocrx_word' id='word_1_188' title='bbox 1293 3139 1351 3192; x_wconf 90' lang='lat' dir='ltr'><strong>et</strong></span> <span class='ocrx_word' id='word_1_189' title='bbox 1379 3152 1527 3192; x_wconf 88' lang='lat' dir='ltr'><strong>rara.</strong></span> <span class='ocrx_word' id='word_1_190' title='bbox 1543 3137 1862 3211; x_wconf 87' lang='lat' dir='ltr'><strong>Purgatum</strong></span> <span class='ocrx_word' id='word_1_191' title='bbox 1893 3136 1980 3195; x_wconf 87' lang='lat' dir='ltr'><strong>vel</strong></span> 
     </span>
    </p>
   </div>
   <div class='ocr_carea' id='block_1_31' title="bbox 329 3224 1980 3300">
    <p class='ocr_par' dir='ltr' id='par_1_31' title="bbox 329 3224 1980 3300">
     <span class='ocr_line' id='line_1_31' title="bbox 329 3224 1980 3300; baseline 0.001 -18"><span class='ocrx_word' id='word_1_192' title='bbox 329 3224 959 3294; x_wconf 83' lang='lat' dir='ltr'><strong>examinatum,contra</strong></span> <span class='ocrx_word' id='word_1_193' title='bbox 985 3225 1130 3280; x_wconf 91' lang='lat' dir='ltr'><strong>illud</strong></span> <span class='ocrx_word' id='word_1_194' title='bbox 1161 3225 1581 3298; x_wconf 89' lang='lat' dir='ltr'><strong>ponitur,quod</strong></span> <span class='ocrx_word' id='word_1_195' title='bbox 1613 3227 1683 3282; x_wconf 92' lang='lat' dir='ltr'><strong>de</strong></span> <span class='ocrx_word' id='word_1_196' title='bbox 1715 3233 1980 3300; x_wconf 87' lang='lat' dir='ltr'><strong>peccato-</strong></span> 
     </span>
    </p>
   </div>
   <div class='ocr_carea' id='block_1_32' title="bbox 327 3312 1980 3391">
    <p class='ocr_par' dir='ltr' id='par_1_32' title="bbox 327 3312 1980 3391">
     <span class='ocr_line' id='line_1_32' title="bbox 327 3312 1980 3391; baseline 0.003 -22"><span class='ocrx_word' id='word_1_197' title='bbox 327 3312 490 3372; x_wconf 86' lang='lat' dir='ltr'><strong>ribus</strong></span> <span class='ocrx_word' id='word_1_198' title='bbox 521 3313 787 3385; x_wconf 88' lang='lat' dir='ltr'><strong>ait,labia</strong></span> <span class='ocrx_word' id='word_1_199' title='bbox 813 3312 1016 3372; x_wconf 89' lang='lat' dir='ltr'><strong>dolosa</strong></span> <span class='ocrx_word' id='word_1_200' title='bbox 1041 3313 1102 3370; x_wconf 92' lang='lat' dir='ltr'><strong>in</strong></span> <span class='ocrx_word' id='word_1_201' title='bbox 1134 3315 1328 3384; x_wconf 89' lang='lat' dir='ltr'><strong>corde,</strong></span> <span class='ocrx_word' id='word_1_202' title='bbox 1356 3315 1980 3391; x_wconf 88' lang='lat' dir='ltr'><strong>etc.Septuplum,sep-</strong></span> 
     </span>
    </p>
   </div>
   <div class='ocr_carea' id='block_1_33' title="bbox 326 3391 2054 3478">
    <p class='ocr_par' dir='ltr' id='par_1_33' title="bbox 326 3391 2054 3478">
     <span class='ocr_line' id='line_1_33' title="bbox 326 3391 2054 3478; baseline -0.001 -18"><span class='ocrx_word' id='word_1_203' title='bbox 326 3403 619 3461; x_wconf 86' lang='lat' dir='ltr'><strong>tiformem</strong></span> <span class='ocrx_word' id='word_1_204' title='bbox 633 3403 919 3477; x_wconf 89' lang='lat' dir='ltr'><strong>Spiritum</strong></span> <span class='ocrx_word' id='word_1_205' title='bbox 936 3402 1311 3478; x_wconf 81' lang='lat' dir='ltr'><strong>significat,id</strong></span> <span class='ocrx_word' id='word_1_206' title='bbox 1327 3403 1710 3474; x_wconf 89' lang='lat' dir='ltr'><strong>est,timorem</strong></span> <span class='ocrx_word' id='word_1_207' title='bbox 1724 3405 1979 3474; x_wconf 87' lang='lat' dir='ltr'><strong>Domini,</strong></span> <span class='ocrx_word' id='word_1_208' title='bbox 2011 3391 2054 3459; x_wconf 86' lang='lat' dir='ltr'><strong>C</strong></span> 
     </span>
    </p>
   </div>
   <div class='ocr_carea' id='block_1_34' title="bbox 327 3491 1981 3565">
    <p class='ocr_par' dir='ltr' id='par_1_34' title="bbox 327 3491 1981 3565">
     <span class='ocr_line' id='line_1_34' title="bbox 327 3491 1981 3565; baseline 0.001 -18"><span class='ocrx_word' id='word_1_209' title='bbox 327 3492 626 3565; x_wconf 87' lang='lat' dir='ltr'><strong>pietatem,</strong></span> <span class='ocrx_word' id='word_1_210' title='bbox 649 3493 976 3562; x_wconf 87' lang='lat' dir='ltr'><strong>scientiam,</strong></span> <span class='ocrx_word' id='word_1_211' title='bbox 1000 3492 1420 3559; x_wconf 83' lang='lat' dir='ltr'><strong>fortitudinem,</strong></span> <span class='ocrx_word' id='word_1_212' title='bbox 1444 3491 1776 3565; x_wconf 88' lang='lat' dir='ltr'><strong>consilium,</strong></span> <span class='ocrx_word' id='word_1_213' title='bbox 1809 3493 1981 3550; x_wconf 88' lang='lat' dir='ltr'><strong>intel-</strong></span> 
     </span>
    </p>
   </div>
   <div class='ocr_carea' id='block_1_35' title="bbox 331 3580 1982 3656">
    <p class='ocr_par' dir='ltr' id='par_1_35' title="bbox 331 3580 1982 3656">
     <span class='ocr_line' id='line_1_35' title="bbox 331 3580 1982 3656; baseline 0.003 -21"><span class='ocrx_word' id='word_1_214' title='bbox 331 3580 1036 3656; x_wconf 82' lang='lat' dir='ltr'><strong>ligentiam,sapientiam.</strong></span> <span class='ocrx_word' id='word_1_215' title='bbox 1059 3583 1105 3636; x_wconf 91' lang='lat' dir='ltr'><strong>A</strong></span> <span class='ocrx_word' id='word_1_216' title='bbox 1123 3599 1227 3654; x_wconf 90' lang='lat' dir='ltr'><strong>per</strong></span> <span class='ocrx_word' id='word_1_217' title='bbox 1246 3598 1375 3654; x_wconf 75' lang='lat' dir='ltr'><strong>qum</strong></span> <span class='ocrx_word' id='word_1_218' title='bbox 1397 3581 1658 3638; x_wconf 87' lang='lat' dir='ltr'><strong>divinum</strong></span> <span class='ocrx_word' id='word_1_219' title='bbox 1679 3580 1982 3656; x_wconf 89' lang='lat' dir='ltr'><strong>eloquium</strong></span> 
     </span>
    </p>
   </div>
   <div class='ocr_carea' id='block_1_36' title="bbox 331 3669 1980 3744">
    <p class='ocr_par' dir='ltr' id='par_1_36' title="bbox 331 3669 1980 3744">
     <span class='ocr_line' id='line_1_36' title="bbox 331 3669 1980 3744; baseline 0.001 -17"><span class='ocrx_word' id='word_1_220' title='bbox 331 3670 620 3743; x_wconf 86' lang='lat' dir='ltr'><strong>splendet,</strong></span> <span class='ocrx_word' id='word_1_221' title='bbox 651 3671 794 3728; x_wconf 89' lang='lat' dir='ltr'><strong>dum</strong></span> <span class='ocrx_word' id='word_1_222' title='bbox 824 3669 982 3728; x_wconf 89' lang='lat' dir='ltr'><strong>verbi</strong></span> <span class='ocrx_word' id='word_1_223' title='bbox 1003 3669 1104 3727; x_wconf 92' lang='lat' dir='ltr'><strong>Dei</strong></span> <span class='ocrx_word' id='word_1_224' title='bbox 1135 3671 1543 3744; x_wconf 82' lang='lat' dir='ltr'><strong>praedicatores</strong></span> <span class='ocrx_word' id='word_1_225' title='bbox 1567 3675 1624 3728; x_wconf 91' lang='lat' dir='ltr'><strong>et</strong></span> <span class='ocrx_word' id='word_1_226' title='bbox 1653 3672 1980 3730; x_wconf 86' lang='lat' dir='ltr'><strong>secundum</strong></span> 
     </span>
    </p>
   </div>
   <div class='ocr_carea' id='block_1_37' title="bbox 331 3759 1976 3834">
    <p class='ocr_par' dir='ltr' id='par_1_37' title="bbox 331 3759 1976 3834">
     <span class='ocr_line' id='line_1_37' title="bbox 331 3759 1976 3834; baseline 0.002 -18"><span class='ocrx_word' id='word_1_227' title='bbox 331 3759 565 3834; x_wconf 89' lang='lat' dir='ltr'><strong>eloquia</strong></span> <span class='ocrx_word' id='word_1_228' title='bbox 591 3761 720 3833; x_wconf 88' lang='lat' dir='ltr'><strong>ejus</strong></span> <span class='ocrx_word' id='word_1_229' title='bbox 749 3760 1006 3816; x_wconf 87' lang='lat' dir='ltr'><strong>viventes</strong></span> <span class='ocrx_word' id='word_1_230' title='bbox 1036 3759 1130 3816; x_wconf 92' lang='lat' dir='ltr'><strong>his</strong></span> <span class='ocrx_word' id='word_1_231' title='bbox 1161 3759 1620 3818; x_wconf 88' lang='lat' dir='ltr'><strong>charismatibus</strong></span> <span class='ocrx_word' id='word_1_232' title='bbox 1667 3760 1976 3834; x_wconf 83' lang='lat' dir='ltr'><strong>refulgent.</strong></span> 
     </span>
    </p>
   </div>
   <div class='ocr_carea' id='block_1_38' title="bbox 329 3849 1258 3922">
    <p class='ocr_par' dir='ltr' id='par_1_38' title="bbox 329 3849 1258 3922">
     <span class='ocr_line' id='line_1_38' title="bbox 329 3849 1258 3922; baseline 0.004 -19"><span class='ocrx_word' id='word_1_233' title='bbox 329 3849 364 3903; x_wconf 92' lang='lat'>8</span> <span class='ocrx_word' id='word_1_234' title='bbox 442 3851 537 3920; x_wconf 84' lang='lat' dir='ltr'><strong>Tu,</strong></span> <span class='ocrx_word' id='word_1_235' title='bbox 569 3851 817 3922; x_wconf 82' lang='lat' dir='ltr'><strong>Domine,</strong></span> <span class='ocrx_word' id='word_1_236' title='bbox 847 3850 1086 3907; x_wconf 78' lang='lat' dir='ltr'><strong>servabis</strong></span> <span class='ocrx_word' id='word_1_237' title='bbox 1113 3866 1210 3906; x_wconf 84' lang='lat' dir='ltr'><strong>nos</strong></span> <span class='ocrx_word' id='word_1_238' title='bbox 1239 3867 1258 3907; x_wconf 91' lang='lat'><em>:</em></span> 
     </span>
    </p>
   </div>
   <div class='ocr_carea' id='block_1_39' title="bbox 432 3939 1904 4010">
    <p class='ocr_par' dir='ltr' id='par_1_39' title="bbox 432 3939 1904 4010">
     <span class='ocr_line' id='line_1_39' title="bbox 432 3939 1904 4010; baseline 0.002 -16"><span class='ocrx_word' id='word_1_239' title='bbox 432 3941 500 3996; x_wconf 87' lang='lat' dir='ltr'><strong>Et</strong></span> <span class='ocrx_word' id='word_1_240' title='bbox 527 3939 796 3998; x_wconf 73' lang='lat' dir='ltr'><strong>custodis:</strong></span> <span class='ocrx_word' id='word_1_241' title='bbox 823 3956 920 3996; x_wconf 80' lang='lat' dir='ltr'><strong>nos</strong></span> <span class='ocrx_word' id='word_1_242' title='bbox 947 3957 982 3996; x_wconf 89' lang='lat' dir='ltr'><strong>a</strong></span> <span class='ocrx_word' id='word_1_243' title='bbox 1009 3939 1358 4010; x_wconf 75' lang='lat' dir='ltr'><strong>generatione</strong></span> <span class='ocrx_word' id='word_1_244' title='bbox 1393 3939 1496 3994; x_wconf 86' lang='lat' dir='ltr'><strong>hac</strong></span> <span class='ocrx_word' id='word_1_245' title='bbox 1524 3941 1584 3994; x_wconf 88' lang='lat' dir='ltr'><strong>in</strong></span> <span class='ocrx_word' id='word_1_246' title='bbox 1612 3947 1904 4000; x_wconf 63' lang='lat' dir='ltr'><strong>mternum.</strong></span> 
     </span>
    </p>
   </div>
   <div class='ocr_carea' id='block_1_40' title="bbox 395 4028 1978 4100">
    <p class='ocr_par' dir='ltr' id='par_1_40' title="bbox 395 4028 1978 4100">
     <span class='ocr_line' id='line_1_40' title="bbox 395 4028 1978 4100; baseline 0.002 -13"><span class='ocrx_word' id='word_1_247' title='bbox 395 4029 444 4087; x_wconf 92' lang='lat' dir='ltr'><strong>H</strong></span> <span class='ocrx_word' id='word_1_248' title='bbox 473 4030 582 4098; x_wconf 92' lang='lat' dir='ltr'><strong>Tu,</strong></span> <span class='ocrx_word' id='word_1_249' title='bbox 609 4029 875 4100; x_wconf 89' lang='lat' dir='ltr'><strong>Domine,</strong></span> <span class='ocrx_word' id='word_1_250' title='bbox 907 4028 1166 4086; x_wconf 87' lang='lat' dir='ltr'><strong>servabis</strong></span> <span class='ocrx_word' id='word_1_251' title='bbox 1213 4045 1322 4085; x_wconf 89' lang='lat' dir='ltr'><strong>nos</strong></span> <span class='ocrx_word' id='word_1_252' title='bbox 1361 4029 1422 4084; x_wconf 92' lang='lat' dir='ltr'><strong>iu</strong></span> <span class='ocrx_word' id='word_1_253' title='bbox 1453 4031 1734 4084; x_wconf 72' lang='lat' dir='ltr'><strong>aeternum</strong></span> <span class='ocrx_word' id='word_1_254' title='bbox 1762 4029 1978 4100; x_wconf 86' lang='lat' dir='ltr'><strong>(Eccle-</strong></span> 
     </span>
    </p>
   </div>
   <div class='ocr_carea' id='block_1_41' title="bbox 322 4115 1976 4193">
    <p class='ocr_par' dir='ltr' id='par_1_41' title="bbox 322 4115 1976 4193">
     <span class='ocr_line' id='line_1_41' title="bbox 322 4115 1976 4193; baseline 0.002 -17"><span class='ocrx_word' id='word_1_255' title='bbox 322 4117 412 4187; x_wconf 87' lang='lat' dir='ltr'><strong>sia</strong></span> <span class='ocrx_word' id='word_1_256' title='bbox 441 4119 650 4193; x_wconf 86' lang='lat' dir='ltr'><strong>rogat),</strong></span> <span class='ocrx_word' id='word_1_257' title='bbox 679 4117 738 4174; x_wconf 94' lang='lat' dir='ltr'>id</span> <span class='ocrx_word' id='word_1_258' title='bbox 771 4121 860 4175; x_wconf 90' lang='lat' dir='ltr'><strong>est</strong></span> <span class='ocrx_word' id='word_1_259' title='bbox 888 4118 949 4174; x_wconf 90' lang='lat' dir='ltr'><strong>in</strong></span> <span class='ocrx_word' id='word_1_260' title='bbox 987 4117 1104 4175; x_wconf 80' lang='lat' dir='ltr'><strong>fide</strong></span> <span class='ocrx_word' id='word_1_261' title='bbox 1148 4115 1430 4173; x_wconf 87' lang='lat' dir='ltr'><strong>servabis.</strong></span> <span class='ocrx_word' id='word_1_262' title='bbox 1463 4117 1534 4172; x_wconf 88' lang='lat' dir='ltr'><strong>Et</strong></span> <span class='ocrx_word' id='word_1_263' title='bbox 1581 4119 1877 4178; x_wconf 85' lang='lat' dir='ltr'><strong>custodies</strong></span> <span class='ocrx_word' id='word_1_264' title='bbox 1902 4121 1976 4180; x_wconf 85' lang='lat' dir='ltr'><strong>ab</strong></span> 
     </span>
    </p>
   </div>
   <div class='ocr_carea' id='block_1_42' title="bbox 318 4206 1974 4280">
    <p class='ocr_par' dir='ltr' id='par_1_42' title="bbox 318 4206 1974 4280">
     <span class='ocr_line' id='line_1_42' title="bbox 318 4206 1974 4280; baseline 0.001 -14"><span class='ocrx_word' id='word_1_265' title='bbox 318 4207 609 4266; x_wconf 67' lang='lat' dir='ltr'><strong>haereticis</strong></span> <span class='ocrx_word' id='word_1_266' title='bbox 636 4207 726 4265; x_wconf 91' lang='lat' dir='ltr'><strong>vel</strong></span> <span class='ocrx_word' id='word_1_267' title='bbox 755 4206 1122 4276; x_wconf 79' lang='lat' dir='ltr'><strong>Judaeis,sive</strong></span> <span class='ocrx_word' id='word_1_268' title='bbox 1151 4223 1188 4262; x_wconf 86' lang='lat' dir='ltr'><strong>a</strong></span> <span class='ocrx_word' id='word_1_269' title='bbox 1214 4206 1766 4280; x_wconf 88' lang='lat' dir='ltr'><strong>peccatoribus,sive</strong></span> <span class='ocrx_word' id='word_1_270' title='bbox 1787 4225 1820 4266; x_wconf 86' lang='lat' dir='ltr'><strong>a</strong></span> <span class='ocrx_word' id='word_1_271' title='bbox 1850 4209 1974 4268; x_wconf 84' lang='lat' dir='ltr'><strong>dia-</strong></span> 
     </span>
    </p>
   </div>
   <div class='ocr_carea' id='block_1_43' title="bbox 316 4294 1977 4372">
    <p class='ocr_par' dir='ltr' id='par_1_43' title="bbox 316 4294 1977 4372">
     <span class='ocr_line' id='line_1_43' title="bbox 316 4294 1977 4372; baseline 0.002 -18"><span class='ocrx_word' id='word_1_272' title='bbox 316 4297 536 4355; x_wconf 89' lang='lat' dir='ltr'><strong>lecticis</strong></span> <span class='ocrx_word' id='word_1_273' title='bbox 567 4302 624 4354; x_wconf 89' lang='lat' dir='ltr'><strong>et</strong></span> <span class='ocrx_word' id='word_1_274' title='bbox 653 4295 1019 4372; x_wconf 85' lang='lat' dir='ltr'><strong>philosophis</strong></span> <span class='ocrx_word' id='word_1_275' title='bbox 1051 4295 1224 4351; x_wconf 88' lang='lat' dir='ltr'><strong>istius</strong></span> <span class='ocrx_word' id='word_1_276' title='bbox 1270 4294 1478 4350; x_wconf 91' lang='lat' dir='ltr'><strong>mundi</strong></span> <span class='ocrx_word' id='word_1_277' title='bbox 1507 4294 1568 4350; x_wconf 90' lang='lat' dir='ltr'><strong>in</strong></span> <span class='ocrx_word' id='word_1_278' title='bbox 1593 4300 1898 4356; x_wconf 73' lang='lat' dir='ltr'><strong>internum.</strong></span> <span class='ocrx_word' id='word_1_279' title='bbox 1932 4299 1977 4357; x_wconf 80' lang='lat' dir='ltr'><strong>C.</strong></span> 
     </span>
    </p>
   </div>
   <div class='ocr_carea' id='block_1_44' title="bbox 316 4382 1982 4460">
    <p class='ocr_par' dir='ltr' id='par_1_44' title="bbox 316 4382 1982 4460">
     <span class='ocr_line' id='line_1_44' title="bbox 316 4382 1982 4460; baseline 0.002 -16"><span class='ocrx_word' id='word_1_280' title='bbox 316 4387 422 4444; x_wconf 90' lang='lat' dir='ltr'><strong>Hic</strong></span> <span class='ocrx_word' id='word_1_281' title='bbox 451 4391 756 4446; x_wconf 87' lang='lat' dir='ltr'><strong>conservat</strong></span> <span class='ocrx_word' id='word_1_282' title='bbox 784 4404 857 4444; x_wconf 90' lang='lat' dir='ltr'><strong>ne</strong></span> <span class='ocrx_word' id='word_1_283' title='bbox 887 4383 1306 4460; x_wconf 86' lang='lat' dir='ltr'><strong>percamus,ibi</strong></span> <span class='ocrx_word' id='word_1_284' title='bbox 1331 4382 1585 4444; x_wconf 69' lang='lat' dir='ltr'><strong>laetificat</strong></span> <span class='ocrx_word' id='word_1_285' title='bbox 1607 4385 1667 4442; x_wconf 91' lang='lat' dir='ltr'><strong>in</strong></span> <span class='ocrx_word' id='word_1_286' title='bbox 1688 4392 1982 4454; x_wconf 65' lang='lat' dir='ltr'><strong>aeternum,</strong></span> 
     </span>
    </p>
   </div>
   <div class='ocr_carea' id='block_1_45' title="bbox 315 4481 660 4534">
    <p class='ocr_par' dir='ltr' id='par_1_45' title="bbox 315 4481 660 4534">
     <span class='ocr_line' id='line_1_45' title="bbox 315 4481 660 4534; baseline 0 0"><span class='ocrx_word' id='word_1_287' title='bbox 315 4482 375 4534; x_wconf 86' lang='lat' dir='ltr'><strong>et</strong></span> <span class='ocrx_word' id='word_1_288' title='bbox 403 4481 660 4534; x_wconf 87' lang='lat' dir='ltr'><strong>coronat.</strong></span> 
     </span>
    </p>
   </div>
   <div class='ocr_carea' id='block_1_46' title="bbox 315 4563 1307 4638">
    <p class='ocr_par' dir='ltr' id='par_1_46' title="bbox 315 4563 1307 4638">
     <span class='ocr_line' id='line_1_46' title="bbox 315 4563 1307 4638; baseline -0.004 -16"><span class='ocrx_word' id='word_1_289' title='bbox 315 4567 350 4622; x_wconf 88' lang='lat'>9</span> <span class='ocrx_word' id='word_1_290' title='bbox 421 4569 485 4625; x_wconf 85' lang='lat' dir='ltr'><strong>In</strong></span> <span class='ocrx_word' id='word_1_291' title='bbox 504 4567 744 4625; x_wconf 87' lang='lat' dir='ltr'><strong>circuitu</strong></span> <span class='ocrx_word' id='word_1_292' title='bbox 778 4566 940 4638; x_wconf 84' lang='lat' dir='ltr'><strong>impii</strong></span> <span class='ocrx_word' id='word_1_293' title='bbox 969 4563 1258 4620; x_wconf 79' lang='lat' dir='ltr'><strong>ambulant</strong></span> <span class='ocrx_word' id='word_1_294' title='bbox 1289 4582 1307 4618; x_wconf 91' lang='lat'><em>:</em></span> 
     </span>
    </p>
   </div>
   <div class='ocr_carea' id='block_1_47' title="bbox 419 4654 1970 4730">
    <p class='ocr_par' dir='ltr' id='par_1_47' title="bbox 419 4654 1970 4730">
     <span class='ocr_line' id='line_1_47' title="bbox 419 4654 1970 4730; baseline 0.001 -16"><span class='ocrx_word' id='word_1_295' title='bbox 419 4657 732 4714; x_wconf 87' lang='lat' dir='ltr'><strong>Secundum</strong></span> <span class='ocrx_word' id='word_1_296' title='bbox 787 4654 1140 4713; x_wconf 78' lang='lat' dir='ltr'><strong>altitudinem</strong></span> <span class='ocrx_word' id='word_1_297' title='bbox 1191 4661 1342 4709; x_wconf 89' lang='lat' dir='ltr'><strong>tuam</strong></span> <span class='ocrx_word' id='word_1_298' title='bbox 1397 4654 1781 4728; x_wconf 82' lang='lat' dir='ltr'><strong>multiplicasti</strong></span> <span class='ocrx_word' id='word_1_299' title='bbox 1822 4659 1970 4730; x_wconf 77' lang='lat' dir='ltr'><strong>ﬁlios</strong></span> 
     </span>
    </p>
   </div>
   <div class='ocr_carea' id='block_1_48' title="bbox 493 4746 800 4802">
    <p class='ocr_par' dir='ltr' id='par_1_48' title="bbox 493 4746 800 4802">
     <span class='ocr_line' id='line_1_48' title="bbox 493 4746 800 4802; baseline -0.003 -1"><span class='ocrx_word' id='word_1_300' title='bbox 493 4746 800 4802; x_wconf 86' lang='lat' dir='ltr'><strong>hominum.</strong></span> 
     </span>
    </p>
   </div>
   <div class='ocr_carea' id='block_1_49' title="bbox 383 4831 1968 4906">
    <p class='ocr_par' dir='ltr' id='par_1_49' title="bbox 383 4831 1968 4906">
     <span class='ocr_line' id='line_1_49' title="bbox 383 4831 1968 4906; baseline 0.002 -13"><span class='ocrx_word' id='word_1_301' title='bbox 383 4837 427 4893; x_wconf 92' lang='lat' dir='ltr'><strong>C</strong></span> <span class='ocrx_word' id='word_1_302' title='bbox 457 4836 522 4893; x_wconf 92' lang='lat' dir='ltr'><strong>In</strong></span> <span class='ocrx_word' id='word_1_303' title='bbox 551 4835 796 4892; x_wconf 88' lang='lat' dir='ltr'><strong>circuitu</strong></span> <span class='ocrx_word' id='word_1_304' title='bbox 827 4833 1044 4906; x_wconf 89' lang='lat' dir='ltr'><strong>impios</strong></span> <span class='ocrx_word' id='word_1_305' title='bbox 1073 4831 1488 4902; x_wconf 87' lang='lat' dir='ltr'><strong>ambulare,est</strong></span> <span class='ocrx_word' id='word_1_306' title='bbox 1518 4836 1798 4894; x_wconf 90' lang='lat' dir='ltr'><strong>tortuosis</strong></span> <span class='ocrx_word' id='word_1_307' title='bbox 1844 4855 1968 4896; x_wconf 85' lang='lat' dir='ltr'><strong>mo-</strong></span> 
     </span>
    </p>
   </div>
   <div class='ocr_carea' id='block_1_50' title="bbox 313 4923 1961 4998">
    <p class='ocr_par' dir='ltr' id='par_1_50' title="bbox 313 4923 1961 4998">
     <span class='ocr_line' id='line_1_50' title="bbox 313 4923 1961 4998; baseline 0.004 -17"><span class='ocrx_word' id='word_1_308' title='bbox 313 4925 478 4982; x_wconf 89' lang='lat' dir='ltr'><strong>ribus</strong></span> <span class='ocrx_word' id='word_1_309' title='bbox 506 4925 717 4991; x_wconf 88' lang='lat' dir='ltr'><strong>vivere,</strong></span> <span class='ocrx_word' id='word_1_310' title='bbox 745 4923 844 4996; x_wconf 91' lang='lat' dir='ltr'><strong>qui</strong></span> <span class='ocrx_word' id='word_1_311' title='bbox 868 4939 1174 4996; x_wconf 89' lang='lat' dir='ltr'><strong>nunquam</strong></span> <span class='ocrx_word' id='word_1_312' title='bbox 1203 4926 1421 4980; x_wconf 89' lang='lat' dir='ltr'><strong>rectam</strong></span> <span class='ocrx_word' id='word_1_313' title='bbox 1451 4923 1606 4980; x_wconf 90' lang='lat' dir='ltr'><strong>viam</strong></span> <span class='ocrx_word' id='word_1_314' title='bbox 1637 4927 1961 4998; x_wconf 87' lang='lat' dir='ltr'><strong>ambulant,</strong></span> 
     </span>
    </p>
   </div>
   <div class='ocr_carea' id='block_1_51' title="bbox 312 5011 1962 5084">
    <p class='ocr_par' dir='ltr' id='par_1_51' title="bbox 312 5011 1962 5084">
     <span class='ocr_line' id='line_1_51' title="bbox 312 5011 1962 5084; baseline 0.003 -14"><span class='ocrx_word' id='word_1_315' title='bbox 312 5015 544 5070; x_wconf 85' lang='lat' dir='ltr'><strong>Christo</strong></span> <span class='ocrx_word' id='word_1_316' title='bbox 573 5011 872 5081; x_wconf 89' lang='lat' dir='ltr'><strong>derelicto,</strong></span> <span class='ocrx_word' id='word_1_317' title='bbox 905 5011 1007 5084; x_wconf 93' lang='lat' dir='ltr'><strong>qui</strong></span> <span class='ocrx_word' id='word_1_318' title='bbox 1037 5016 1128 5068; x_wconf 91' lang='lat' dir='ltr'><strong>est</strong></span> <span class='ocrx_word' id='word_1_319' title='bbox 1150 5029 1284 5068; x_wconf 87' lang='lat' dir='ltr'><strong>vera</strong></span> <span class='ocrx_word' id='word_1_320' title='bbox 1324 5013 1436 5070; x_wconf 86' lang='lat' dir='ltr'><strong>via.</strong></span> <span class='ocrx_word' id='word_1_321' title='bbox 1469 5014 1802 5075; x_wconf 88' lang='lat' dir='ltr'><strong>Secundum</strong></span> <span class='ocrx_word' id='word_1_322' title='bbox 1833 5019 1962 5078; x_wconf 88' lang='lat' dir='ltr'><strong>alti-</strong></span> 
     </span>
    </p>
   </div>
   <div class='ocr_carea' id='block_1_52' title="bbox 311 5102 1960 5170">
    <p class='ocr_par' dir='ltr' id='par_1_52' title="bbox 311 5102 1960 5170">
     <span class='ocr_line' id='line_1_52' title="bbox 311 5102 1960 5170; baseline 0.007 -15"><span class='ocrx_word' id='word_1_323' title='bbox 311 5102 577 5156; x_wconf 87' lang='lat' dir='ltr'><strong>tudinem</strong></span> <span class='ocrx_word' id='word_1_324' title='bbox 625 5106 807 5170; x_wconf 85' lang='lat' dir='ltr'><strong>tuam,</strong></span> <span class='ocrx_word' id='word_1_325' title='bbox 842 5117 957 5156; x_wconf 92' lang='lat' dir='ltr'><strong>non</strong></span> <span class='ocrx_word' id='word_1_326' title='bbox 1003 5102 1328 5158; x_wconf 90' lang='lat' dir='ltr'><strong>secundum</strong></span> <span class='ocrx_word' id='word_1_327' title='bbox 1377 5102 1652 5162; x_wconf 90' lang='lat' dir='ltr'><strong>meritum</strong></span> <span class='ocrx_word' id='word_1_328' title='bbox 1699 5106 1960 5166; x_wconf 89' lang='lat' dir='ltr'><strong>hominis</strong></span> 
     </span>
    </p>
   </div>
   <div class='ocr_carea' id='block_1_53' title="bbox 309 5189 1962 5270">
    <p class='ocr_par' dir='ltr' id='par_1_53' title="bbox 309 5189 1962 5270">
     <span class='ocr_line' id='line_1_53' title="bbox 309 5189 1962 5270; baseline 0.005 -24"><span class='ocrx_word' id='word_1_329' title='bbox 309 5191 412 5246; x_wconf 89' lang='lat' dir='ltr'><strong>sed</strong></span> <span class='ocrx_word' id='word_1_330' title='bbox 431 5189 757 5245; x_wconf 88' lang='lat' dir='ltr'><strong>secundum</strong></span> <span class='ocrx_word' id='word_1_331' title='bbox 776 5190 1096 5262; x_wconf 83' lang='lat' dir='ltr'><strong>potentiam</strong></span> <span class='ocrx_word' id='word_1_332' title='bbox 1114 5191 1322 5248; x_wconf 76' lang='lat' dir='ltr'><strong>divinae</strong></span> <span class='ocrx_word' id='word_1_333' title='bbox 1341 5191 1658 5250; x_wconf 86' lang='lat' dir='ltr'><strong>voluntatis</strong></span> <span class='ocrx_word' id='word_1_334' title='bbox 1679 5195 1962 5270; x_wconf 87' lang='lat' dir='ltr'><strong>multipli-</strong></span> 
     </span>
    </p>
   </div>
   <div class='ocr_carea' id='block_1_54' title="bbox 309 5277 1960 5355">
    <p class='ocr_par' dir='ltr' id='par_1_54' title="bbox 309 5277 1960 5355">
     <span class='ocr_line' id='line_1_54' title="bbox 309 5277 1960 5355; baseline 0.006 -21"><span class='ocrx_word' id='word_1_335' title='bbox 309 5283 478 5334; x_wconf 90' lang='lat' dir='ltr'><strong>catur</strong></span> <span class='ocrx_word' id='word_1_336' title='bbox 505 5277 781 5348; x_wconf 88' lang='lat' dir='ltr'><strong>Ecclesia,</strong></span> <span class='ocrx_word' id='word_1_337' title='bbox 814 5279 922 5336; x_wconf 90' lang='lat' dir='ltr'><strong>hoc</strong></span> <span class='ocrx_word' id='word_1_338' title='bbox 951 5285 1040 5337; x_wconf 89' lang='lat' dir='ltr'><strong>est</strong></span> <span class='ocrx_word' id='word_1_339' title='bbox 1079 5282 1150 5336; x_wconf 87' lang='lat' dir='ltr'><strong>de</strong></span> <span class='ocrx_word' id='word_1_340' title='bbox 1192 5283 1403 5355; x_wconf 89' lang='lat' dir='ltr'><strong>pietate</strong></span> <span class='ocrx_word' id='word_1_341' title='bbox 1450 5289 1509 5338; x_wconf 91' lang='lat' dir='ltr'><strong>et</strong></span> <span class='ocrx_word' id='word_1_342' title='bbox 1555 5284 1960 5344; x_wconf 87' lang='lat' dir='ltr'><strong>misericordia</strong></span> 
     </span>
    </p>
   </div>
   <div class='ocr_carea' id='block_1_55' title="bbox 307 5367 1917 5448">
    <p class='ocr_par' dir='ltr' id='par_1_55' title="bbox 307 5367 1917 5448">
     <span class='ocr_line' id='line_1_55' title="bbox 307 5367 1917 5448; baseline 0.005 -24"><span class='ocrx_word' id='word_1_343' title='bbox 307 5370 457 5440; x_wconf 87' lang='lat' dir='ltr'><strong>ejus,</strong></span> <span class='ocrx_word' id='word_1_344' title='bbox 485 5367 811 5441; x_wconf 87' lang='lat' dir='ltr'><strong>percipiens</strong></span> <span class='ocrx_word' id='word_1_345' title='bbox 841 5369 901 5424; x_wconf 89' lang='lat' dir='ltr'><strong>in</strong></span> <span class='ocrx_word' id='word_1_346' title='bbox 933 5371 1312 5436; x_wconf 88' lang='lat' dir='ltr'><strong>retributione</strong></span> <span class='ocrx_word' id='word_1_347' title='bbox 1342 5371 1556 5430; x_wconf 87' lang='lat' dir='ltr'><strong>Christi</strong></span> <span class='ocrx_word' id='word_1_348' title='bbox 1601 5377 1917 5448; x_wconf 74' lang='lat' dir='ltr'><strong>promissa.</strong></span> 
     </span>
    </p>
   </div>
   <div class='ocr_carea' id='block_1_56' title="bbox 823 5475 1435 5518">
    <p class='ocr_par' dir='ltr' id='par_1_56' title="bbox 823 5475 1435 5518">
     <span class='ocr_line' id='line_1_56' title="bbox 823 5475 1435 5518; baseline 0.008 -6"><span class='ocrx_word' id='word_1_349' title='bbox 823 5475 1024 5516; x_wconf 76' lang='lat' dir='ltr'><strong>ORATIO</strong></span> <span class='ocrx_word' id='word_1_350' title='bbox 1061 5478 1134 5516; x_wconf 79' lang='lat' dir='ltr'><strong>EX</strong></span> <span class='ocrx_word' id='word_1_351' title='bbox 1171 5478 1327 5518; x_wconf 82' lang='lat' dir='ltr'><strong>PSAL.</strong></span> <span class='ocrx_word' id='word_1_352' title='bbox 1360 5479 1435 5517; x_wconf 69' lang='lat' dir='ltr'><strong>XI.</strong></span> 
     </span>
    </p>
   </div>
   <div class='ocr_carea' id='block_1_57' title="bbox 375 5545 1952 5622">
    <p class='ocr_par' dir='ltr' id='par_1_57' title="bbox 375 5545 1952 5622">
     <span class='ocr_line' id='line_1_57' title="bbox 375 5545 1952 5622; baseline 0.005 -20"><span class='ocrx_word' id='word_1_353' title='bbox 375 5545 650 5602; x_wconf 86' lang='lat' dir='ltr'><strong>Miserere</strong></span> <span class='ocrx_word' id='word_1_354' title='bbox 698 5546 1030 5621; x_wconf 84' lang='lat' dir='ltr'><strong>fragilitatis</strong></span> <span class='ocrx_word' id='word_1_355' title='bbox 1079 5557 1312 5622; x_wconf 70' lang='lat' dir='ltr'><strong>nostrae,</strong></span> <span class='ocrx_word' id='word_1_356' title='bbox 1344 5549 1716 5608; x_wconf 89' lang='lat' dir='ltr'><strong>sanctissime</strong></span> <span class='ocrx_word' id='word_1_357' title='bbox 1765 5553 1952 5622; x_wconf 87' lang='lat' dir='ltr'><strong>Pater,</strong></span> 
     </span>
    </p>
   </div>
   <div class='ocr_carea' id='block_1_58' title="bbox 305 5635 1956 5712">
    <p class='ocr_par' dir='ltr' id='par_1_58' title="bbox 305 5635 1956 5712">
     <span class='ocr_line' id='line_1_58' title="bbox 305 5635 1956 5712; baseline 0.005 -21"><span class='ocrx_word' id='word_1_358' title='bbox 305 5640 364 5691; x_wconf 78' lang='lat' dir='ltr'><strong>et</strong></span> <span class='ocrx_word' id='word_1_359' title='bbox 391 5635 642 5692; x_wconf 87' lang='lat' dir='ltr'><strong>concede</strong></span> <span class='ocrx_word' id='word_1_360' title='bbox 672 5637 838 5694; x_wconf 90' lang='lat' dir='ltr'><strong>nobis</strong></span> <span class='ocrx_word' id='word_1_361' title='bbox 868 5637 1096 5712; x_wconf 84' lang='lat' dir='ltr'><strong>eloquia</strong></span> <span class='ocrx_word' id='word_1_362' title='bbox 1135 5646 1256 5708; x_wconf 87' lang='lat' dir='ltr'><strong>tua,</strong></span> <span class='ocrx_word' id='word_1_363' title='bbox 1287 5639 1500 5712; x_wconf 90' lang='lat' dir='ltr'><strong>pudico</strong></span> <span class='ocrx_word' id='word_1_364' title='bbox 1551 5640 1724 5696; x_wconf 89' lang='lat' dir='ltr'><strong>corde</strong></span> <span class='ocrx_word' id='word_1_365' title='bbox 1765 5643 1956 5699; x_wconf 91' lang='lat' dir='ltr'><strong>couti-</strong></span> 
     </span>
    </p>
   </div>
   <div class='ocr_carea' id='block_1_59' title="bbox 305 5725 1956 5801">
    <p class='ocr_par' dir='ltr' id='par_1_59' title="bbox 305 5725 1956 5801">
     <span class='ocr_line' id='line_1_59' title="bbox 305 5725 1956 5801; baseline 0.005 -21"><span class='ocrx_word' id='word_1_366' title='bbox 305 5739 461 5792; x_wconf 91' lang='lat' dir='ltr'><strong>nere,</strong></span> <span class='ocrx_word' id='word_1_367' title='bbox 497 5728 560 5781; x_wconf 89' lang='lat' dir='ltr'><strong>ut</strong></span> <span class='ocrx_word' id='word_1_368' title='bbox 581 5725 878 5799; x_wconf 85' lang='lat' dir='ltr'><strong>possimus</strong></span> <span class='ocrx_word' id='word_1_369' title='bbox 919 5729 1335 5801; x_wconf 88' lang='lat' dir='ltr'><strong>multiloquam</strong></span> <span class='ocrx_word' id='word_1_370' title='bbox 1385 5726 1754 5788; x_wconf 88' lang='lat' dir='ltr'><strong>dolositatem</strong></span> <span class='ocrx_word' id='word_1_371' title='bbox 1799 5729 1956 5789; x_wconf 89' lang='lat' dir='ltr'><strong>insa-</strong></span> 
     </span>
    </p>
   </div>
   <div class='ocr_carea' id='block_1_60' title="bbox 304 5812 1728 5879">
    <p class='ocr_par' dir='ltr' id='par_1_60' title="bbox 304 5812 1728 5879">
     <span class='ocr_line' id='line_1_60' title="bbox 304 5812 1728 5879; baseline 0.003 -8"><span class='ocrx_word' id='word_1_372' title='bbox 304 5812 590 5874; x_wconf 88' lang='lat' dir='ltr'><strong>nientium</strong></span> <span class='ocrx_word' id='word_1_373' title='bbox 613 5815 922 5879; x_wconf 86' lang='lat' dir='ltr'><strong>declinare.</strong></span> <span class='ocrx_word' id='word_1_374' title='bbox 957 5819 1064 5878; x_wconf 89' lang='lat' dir='ltr'><strong>Per</strong></span> <span class='ocrx_word' id='word_1_375' title='bbox 1086 5817 1405 5877; x_wconf 87' lang='lat' dir='ltr'><strong>Dominum</strong></span> <span class='ocrx_word' id='word_1_376' title='bbox 1436 5819 1728 5875; x_wconf 87' lang='lat' dir='ltr'><strong>nostrum.</strong></span> 
     </span>
    </p>
   </div>
   <div class='ocr_carea' id='block_1_61' title="bbox 2665 629 3152 688">
    <p class='ocr_par' dir='ltr' id='par_1_61' title="bbox 2665 629 3152 688">
     <span class='ocr_line' id='line_1_61' title="bbox 2665 629 3152 688; baseline -0.002 -2"><span class='ocrx_word' id='word_1_377' title='bbox 2665 629 2992 688; x_wconf 81' lang='lat' dir='ltr'><strong>PSALMUS</strong></span> <span class='ocrx_word' id='word_1_378' title='bbox 3032 629 3152 687; x_wconf 81' lang='lat' dir='ltr'><strong>XII.</strong></span> 
     </span>
    </p>
   </div>
   <div class='ocr_carea' id='block_1_62' title="bbox 2533 735 3281 778">
    <p class='ocr_par' dir='ltr' id='par_1_62' title="bbox 2533 735 3281 778">
     <span class='ocr_line' id='line_1_62' title="bbox 2533 735 3281 778; baseline -0.001 -2"><span class='ocrx_word' id='word_1_379' title='bbox 2533 736 2940 778; x_wconf 74' lang='lat' dir='ltr'><strong>ARGUMENTUM</strong></span> <span class='ocrx_word' id='word_1_380' title='bbox 2979 735 3137 776; x_wconf 76' lang='lat' dir='ltr'><strong>PSAL.</strong></span> <span class='ocrx_word' id='word_1_381' title='bbox 3180 736 3281 776; x_wconf 79' lang='lat' dir='ltr'><strong>XII.</strong></span> 
     </span>
    </p>
   </div>
   <div class='ocr_carea' id='block_1_63' title="bbox 2151 807 3732 884">
    <p class='ocr_par' dir='ltr' id='par_1_63' title="bbox 2151 807 3732 884">
     <span class='ocr_line' id='line_1_63' title="bbox 2151 807 3732 884; baseline 0.001 -19"><span class='ocrx_word' id='word_1_382' title='bbox 2151 808 2192 865; x_wconf 93' lang='lat' dir='ltr'><strong>C</strong></span> <span class='ocrx_word' id='word_1_383' title='bbox 2213 809 2551 884; x_wconf 80' lang='lat' dir='ltr'><strong>Respiciens</strong></span> <span class='ocrx_word' id='word_1_384' title='bbox 2573 809 2862 884; x_wconf 88' lang='lat' dir='ltr'><strong>Propheta</strong></span> <span class='ocrx_word' id='word_1_385' title='bbox 2885 810 3178 868; x_wconf 86' lang='lat' dir='ltr'><strong>mundum</strong></span> <span class='ocrx_word' id='word_1_386' title='bbox 3206 807 3546 872; x_wconf 59' lang='lat' dir='ltr'><strong>idololatria“.</strong></span> <span class='ocrx_word' id='word_1_387' title='bbox 3578 826 3732 884; x_wconf 62' lang='lat' dir='ltr'><strong>man,-</strong></span> 
     </span>
    </p>
   </div>
   <div class='ocr_carea' id='block_1_64' title="bbox 2081 898 3730 973">
    <p class='ocr_par' dir='ltr' id='par_1_64' title="bbox 2081 898 3730 973">
     <span class='ocr_line' id='line_1_64' title="bbox 2081 898 3730 973; baseline 0.001 -17"><span class='ocrx_word' id='word_1_388' title='bbox 2081 898 2365 973; x_wconf 88' lang='lat' dir='ltr'><strong>cipatum,</strong></span> <span class='ocrx_word' id='word_1_389' title='bbox 2397 899 2805 956; x_wconf 86' lang='lat' dir='ltr'><strong>credulitatem</strong></span> <span class='ocrx_word' id='word_1_390' title='bbox 2837 916 3008 958; x_wconf 86' lang='lat' dir='ltr'><strong>suam</strong></span> <span class='ocrx_word' id='word_1_391' title='bbox 3038 899 3292 968; x_wconf 84' lang='lat' dir='ltr'><strong>adventu</strong></span> <span class='ocrx_word' id='word_1_392' title='bbox 3317 903 3534 960; x_wconf 66' lang='lat' dir='ltr'><strong>sancta</strong></span> <span class='ocrx_word' id='word_1_393' title='bbox 3553 900 3730 964; x_wconf 81' lang='lat' dir='ltr'><strong>lucar-</strong></span> 
     </span>
    </p>
   </div>
   <div class='ocr_carea' id='block_1_65' title="bbox 2082 988 3728 1064">
    <p class='ocr_par' dir='ltr' id='par_1_65' title="bbox 2082 988 3728 1064">
     <span class='ocr_line' id='line_1_65' title="bbox 2082 988 3728 1064; baseline 0 -18"><span class='ocrx_word' id='word_1_394' title='bbox 2082 989 2338 1046; x_wconf 88' lang='lat' dir='ltr'><strong>nationis</strong></span> <span class='ocrx_word' id='word_1_395' title='bbox 2367 989 2820 1063; x_wconf 82' lang='lat' dir='ltr'><strong>poscit&#39;explcri,</strong></span> <span class='ocrx_word' id='word_1_396' title='bbox 2845 993 2910 1048; x_wconf 89' lang='lat' dir='ltr'><strong>ut</strong></span> <span class='ocrx_word' id='word_1_397' title='bbox 2937 989 3026 1046; x_wconf 88' lang='lat' dir='ltr'><strong>vel</strong></span> <span class='ocrx_word' id='word_1_398' title='bbox 3058 988 3141 1048; x_wconf 89' lang='lat' dir='ltr'><strong>sic</strong></span> <span class='ocrx_word' id='word_1_399' title='bbox 3171 990 3418 1060; x_wconf 81' lang='lat' dir='ltr'><strong>confusa</strong></span> <span class='ocrx_word' id='word_1_400' title='bbox 3441 989 3728 1064; x_wconf 68' lang='lat' dir='ltr'><strong>gentilitas</strong></span> 
     </span>
    </p>
   </div>
   <div class='ocr_carea' id='block_1_66' title="bbox 2083 1077 3704 1152">
    <p class='ocr_par' dir='ltr' id='par_1_66' title="bbox 2083 1077 3704 1152">
     <span class='ocr_line' id='line_1_66' title="bbox 2083 1077 3704 1152; baseline -0.001 -15"><span class='ocrx_word' id='word_1_401' title='bbox 2083 1096 2260 1138; x_wconf 90' lang='lat' dir='ltr'><strong>suum</strong></span> <span class='ocrx_word' id='word_1_402' title='bbox 2285 1083 2485 1152; x_wconf 89' lang='lat' dir='ltr'><strong>posset</strong></span> <span class='ocrx_word' id='word_1_403' title='bbox 2516 1094 2832 1152; x_wconf 85' lang='lat' dir='ltr'><strong>agnoscere</strong></span> <span class='ocrx_word' id='word_1_404' title='bbox 2863 1077 3214 1144; x_wconf 81' lang='lat' dir='ltr'><strong>Creatorem,</strong></span> <span class='ocrx_word' id='word_1_405' title='bbox 3699 1105 3704 1110; x_wconf 92' lang='lat'><strong><em>-</em></strong></span> 
     </span>
    </p>
   </div>
   <div class='ocr_carea' id='block_1_67' title="bbox 2459 1167 3360 1242">
    <p class='ocr_par' dir='ltr' id='par_1_67' title="bbox 2459 1167 3360 1242">
     <span class='ocr_line' id='line_1_67' title="bbox 2459 1167 3360 1242; baseline 0 -18"><span class='ocrx_word' id='word_1_406' title='bbox 2459 1169 2575 1224; x_wconf 91' lang='lat' dir='ltr'><strong>TT.</strong></span> <span class='ocrx_word' id='word_1_407' title='bbox 2609 1167 2673 1224; x_wconf 84' lang='lat' dir='ltr'><strong>In</strong></span> <span class='ocrx_word' id='word_1_408' title='bbox 2700 1169 2866 1240; x_wconf 81' lang='lat' dir='ltr'><strong>ﬁnem</strong></span> <span class='ocrx_word' id='word_1_409' title='bbox 2887 1167 3138 1242; x_wconf 73' lang='lat' dir='ltr'><strong>psalmus</strong></span> <span class='ocrx_word' id='word_1_410' title='bbox 3167 1169 3360 1226; x_wconf 77' lang='lat' dir='ltr'><strong>David.</strong></span> 
     </span>
    </p>
   </div>
   <div class='ocr_carea' id='block_1_68' title="bbox 2155 1255 3736 1332">
    <p class='ocr_par' dir='ltr' id='par_1_68' title="bbox 2155 1255 3736 1332">
     <span class='ocr_line' id='line_1_68' title="bbox 2155 1255 3736 1332; baseline 0.001 -18"><span class='ocrx_word' id='word_1_411' title='bbox 2155 1257 2197 1314; x_wconf 89' lang='lat' dir='ltr'><strong>C</strong></span> <span class='ocrx_word' id='word_1_412' title='bbox 2227 1259 2294 1314; x_wconf 87' lang='lat' dir='ltr'><strong>In</strong></span> <span class='ocrx_word' id='word_1_413' title='bbox 2327 1257 2502 1314; x_wconf 79' lang='lat' dir='ltr'><strong>tinem</strong></span> <span class='ocrx_word' id='word_1_414' title='bbox 2536 1273 2549 1313; x_wconf 89' lang='lat'><strong>:</strong></span> <span class='ocrx_word' id='word_1_415' title='bbox 2582 1256 2678 1314; x_wconf 91' lang='lat' dir='ltr'><strong>hic</strong></span> <span class='ocrx_word' id='word_1_416' title='bbox 2706 1261 2942 1332; x_wconf 83' lang='lat' dir='ltr'><strong>tempus</strong></span> <span class='ocrx_word' id='word_1_417' title='bbox 2979 1255 3272 1331; x_wconf 79' lang='lat' dir='ltr'><strong>signiﬁcat</strong></span> <span class='ocrx_word' id='word_1_418' title='bbox 3320 1257 3736 1323; x_wconf 70' lang='lat' dir='ltr'><strong>incarnationis</strong></span> 
     </span>
    </p>
   </div>
   <div class='ocr_carea' id='block_1_69' title="bbox 2085 1345 3734 1424">
    <p class='ocr_par' dir='ltr' id='par_1_69' title="bbox 2085 1345 3734 1424">
     <span class='ocr_line' id='line_1_69' title="bbox 2085 1345 3734 1424; baseline 0.001 -20"><span class='ocrx_word' id='word_1_419' title='bbox 2085 1346 2320 1404; x_wconf 87' lang='lat' dir='ltr'><strong>Christi.</strong></span> <span class='ocrx_word' id='word_1_420' title='bbox 2351 1347 2394 1406; x_wconf 93' lang='lat' dir='ltr'><strong>C</strong></span> <span class='ocrx_word' id='word_1_421' title='bbox 2424 1348 2608 1406; x_wconf 89' lang='lat' dir='ltr'><strong>Totus</strong></span> <span class='ocrx_word' id='word_1_422' title='bbox 2633 1345 2728 1403; x_wconf 88' lang='lat' dir='ltr'><strong>hic</strong></span> <span class='ocrx_word' id='word_1_423' title='bbox 2758 1345 3022 1420; x_wconf 86' lang='lat' dir='ltr'><strong>psalmus</strong></span> <span class='ocrx_word' id='word_1_424' title='bbox 3053 1347 3124 1406; x_wconf 90' lang='lat' dir='ltr'><strong>de</strong></span> <span class='ocrx_word' id='word_1_425' title='bbox 3153 1346 3438 1407; x_wconf 85' lang='lat' dir='ltr'><strong>charitate</strong></span> <span class='ocrx_word' id='word_1_426' title='bbox 3478 1346 3734 1424; x_wconf 79' lang='lat' dir='ltr'><strong>loquitur</strong></span> 
     </span>
    </p>
   </div>
   <div class='ocr_carea' id='block_1_70' title="bbox 2085 1433 3731 1512">
    <p class='ocr_par' dir='ltr' id='par_1_70' title="bbox 2085 1433 3731 1512">
     <span class='ocr_line' id='line_1_70' title="bbox 2085 1433 3731 1512; baseline 0.001 -18"><span class='ocrx_word' id='word_1_427' title='bbox 2085 1433 2334 1506; x_wconf 88' lang='lat' dir='ltr'><strong>Christi;</strong></span> <span class='ocrx_word' id='word_1_428' title='bbox 2367 1436 2576 1510; x_wconf 88' lang='lat' dir='ltr'><strong>plenus</strong></span> <span class='ocrx_word' id='word_1_429' title='bbox 2607 1436 2897 1512; x_wconf 75' lang='lat' dir='ltr'><strong>Prdphetu</strong></span> <span class='ocrx_word' id='word_1_430' title='bbox 2936 1437 3171 1494; x_wconf 90' lang='lat' dir='ltr'><strong>Domini</strong></span> <span class='ocrx_word' id='word_1_431' title='bbox 3217 1436 3521 1510; x_wconf 85' lang='lat' dir='ltr'><strong>charilate,</strong></span> <span class='ocrx_word' id='word_1_432' title='bbox 3555 1437 3731 1498; x_wconf 78' lang='lat' dir='ltr'><strong>conii-</strong></span> 
     </span>
    </p>
   </div>
   <div class='ocr_carea' id='block_1_71' title="bbox 2087 1525 3738 1602">
    <p class='ocr_par' dir='ltr' id='par_1_71' title="bbox 2087 1525 3738 1602">
     <span class='ocr_line' id='line_1_71' title="bbox 2087 1525 3738 1602; baseline 0.001 -18"><span class='ocrx_word' id='word_1_433' title='bbox 2087 1526 2292 1584; x_wconf 90' lang='lat' dir='ltr'><strong>denter</strong></span> <span class='ocrx_word' id='word_1_434' title='bbox 2319 1525 2462 1583; x_wconf 90' lang='lat' dir='ltr'><strong>dicit</strong></span> <span class='ocrx_word' id='word_1_435' title='bbox 2490 1525 2711 1583; x_wconf 84' lang='lat' dir='ltr'><strong>ditI&#39;erri</strong></span> <span class='ocrx_word' id='word_1_436' title='bbox 2740 1544 2803 1584; x_wconf 92' lang='lat' dir='ltr'><strong>se</strong></span> <span class='ocrx_word' id='word_1_437' title='bbox 2829 1525 3056 1584; x_wconf 88' lang='lat' dir='ltr'><strong>diutius</strong></span> <span class='ocrx_word' id='word_1_438' title='bbox 3085 1527 3158 1586; x_wconf 90' lang='lat' dir='ltr'><strong>ab</strong></span> <span class='ocrx_word' id='word_1_439' title='bbox 3179 1527 3609 1602; x_wconf 75' lang='lat' dir='ltr'><strong>exspectatione</strong></span> <span class='ocrx_word' id='word_1_440' title='bbox 3629 1543 3738 1596; x_wconf 76' lang='lat' dir='ltr'><strong>sua.</strong></span> 
     </span>
    </p>
   </div>
   <div class='ocr_carea' id='block_1_72' title="bbox 2089 1614 3737 1689">
    <p class='ocr_par' dir='ltr' id='par_1_72' title="bbox 2089 1614 3737 1689">
     <span class='ocr_line' id='line_1_72' title="bbox 2089 1614 3737 1689; baseline 0.001 -18"><span class='ocrx_word' id='word_1_441' title='bbox 2089 1620 2144 1672; x_wconf 91' lang='lat' dir='ltr'><strong>et</strong></span> <span class='ocrx_word' id='word_1_442' title='bbox 2173 1616 2425 1672; x_wconf 90' lang='lat' dir='ltr'><strong>adventu</strong></span> <span class='ocrx_word' id='word_1_443' title='bbox 2457 1614 2820 1689; x_wconf 88' lang='lat' dir='ltr'><strong>illius,quem</strong></span> <span class='ocrx_word' id='word_1_444' title='bbox 2840 1615 2977 1674; x_wconf 89' lang='lat' dir='ltr'><strong>licet</strong></span> <span class='ocrx_word' id='word_1_445' title='bbox 2997 1615 3169 1676; x_wconf 81' lang='lat' dir='ltr'><strong>ﬁrma</strong></span> <span class='ocrx_word' id='word_1_446' title='bbox 3186 1617 3302 1678; x_wconf 77' lang='lat' dir='ltr'><strong>fide</strong></span> <span class='ocrx_word' id='word_1_447' title='bbox 3331 1616 3593 1678; x_wconf 83' lang='lat' dir='ltr'><strong>crederet</strong></span> <span class='ocrx_word' id='word_1_448' title='bbox 3606 1631 3737 1688; x_wconf 66' lang='lat' dir='ltr'><strong>esse</strong></span> 
     </span>
    </p>
   </div>
   <div class='ocr_carea' id='block_1_73' title="bbox 2089 1705 3728 1782">
    <p class='ocr_par' dir='ltr' id='par_1_73' title="bbox 2089 1705 3728 1782">
     <span class='ocr_line' id='line_1_73' title="bbox 2089 1705 3728 1782; baseline 0.001 -22"><span class='ocrx_word' id='word_1_449' title='bbox 2089 1709 2424 1772; x_wconf 86' lang='lat' dir='ltr'><strong>venturum,</strong></span> <span class='ocrx_word' id='word_1_450' title='bbox 2454 1707 2652 1762; x_wconf 86' lang='lat' dir='ltr'><strong>tamen</strong></span> <span class='ocrx_word' id='word_1_451' title='bbox 2713 1705 2784 1762; x_wconf 90' lang='lat' dir='ltr'><strong>de</strong></span> <span class='ocrx_word' id='word_1_452' title='bbox 2831 1707 2964 1779; x_wconf 81' lang='lat' dir='ltr'><strong>ejus</strong></span> <span class='ocrx_word' id='word_1_453' title='bbox 3011 1705 3284 1772; x_wconf 80' lang='lat' dir='ltr'><strong>tarditate</strong></span> <span class='ocrx_word' id='word_1_454' title='bbox 3339 1705 3728 1782; x_wconf 80' lang='lat' dir='ltr'><strong>conqueritur.</strong></span> 
     </span>
    </p>
   </div>
   <div class='ocr_carea' id='block_1_74' title="bbox 2089 1794 3730 1868">
    <p class='ocr_par' dir='ltr' id='par_1_74' title="bbox 2089 1794 3730 1868">
     <span class='ocr_line' id='line_1_74' title="bbox 2089 1794 3730 1868; baseline 0 -17"><span class='ocrx_word' id='word_1_455' title='bbox 2089 1795 2268 1868; x_wconf 80' lang='lat' dir='ltr'><strong>Cujus</strong></span> <span class='ocrx_word' id='word_1_456' title='bbox 2299 1794 2491 1852; x_wconf 85' lang='lat' dir='ltr'><strong>adhuc</strong></span> <span class='ocrx_word' id='word_1_457' title='bbox 2522 1799 2821 1868; x_wconf 86' lang='lat' dir='ltr'><strong>speratum</strong></span> <span class='ocrx_word' id='word_1_458' title='bbox 2853 1795 3174 1860; x_wconf 82' lang='lat' dir='ltr'><strong>adventum</strong></span> <span class='ocrx_word' id='word_1_459' title='bbox 3199 1794 3378 1856; x_wconf 84' lang='lat' dir='ltr'><strong>citius.</strong></span> <span class='ocrx_word' id='word_1_460' title='bbox 3401 1812 3520 1853; x_wconf 90' lang='lat' dir='ltr'><strong>nou</strong></span> <span class='ocrx_word' id='word_1_461' title='bbox 3554 1811 3730 1856; x_wconf 78' lang='lat' dir='ltr'><strong>mere-</strong></span> 
     </span>
    </p>
   </div>
   <div class='ocr_carea' id='block_1_75' title="bbox 2089 1883 3738 1958">
    <p class='ocr_par' dir='ltr' id='par_1_75' title="bbox 2089 1883 3738 1958">
     <span class='ocr_line' id='line_1_75' title="bbox 2089 1883 3738 1958; baseline 0.001 -18"><span class='ocrx_word' id='word_1_462' title='bbox 2089 1885 2264 1942; x_wconf 89' lang='lat' dir='ltr'><strong>batur</strong></span> <span class='ocrx_word' id='word_1_463' title='bbox 2292 1884 2836 1958; x_wconf 88' lang='lat' dir='ltr'><strong>ceruere,quoniam</strong></span> <span class='ocrx_word' id='word_1_464' title='bbox 2867 1885 3026 1950; x_wconf 77' lang='lat' dir='ltr'><strong>omni</strong></span> <span class='ocrx_word' id='word_1_465' title='bbox 3055 1883 3411 1942; x_wconf 85' lang='lat' dir='ltr'><strong>desideranti</strong></span> <span class='ocrx_word' id='word_1_466' title='bbox 3433 1883 3598 1943; x_wconf 83' lang='lat' dir='ltr'><strong>valde</strong></span> <span class='ocrx_word' id='word_1_467' title='bbox 3619 1899 3738 1942; x_wconf 85' lang='lat' dir='ltr'><strong>mo-</strong></span> 
     </span>
    </p>
   </div>
   <div class='ocr_carea' id='block_1_76' title="bbox 2089 1973 2602 2031">
    <p class='ocr_par' dir='ltr' id='par_1_76' title="bbox 2089 1973 2602 2031">
     <span class='ocr_line' id='line_1_76' title="bbox 2089 1973 2602 2031; baseline 0.004 -3"><span class='ocrx_word' id='word_1_468' title='bbox 2089 1973 2236 2031; x_wconf 87' lang='lat' dir='ltr'><strong>lesta</strong></span> <span class='ocrx_word' id='word_1_469' title='bbox 2265 1973 2465 2030; x_wconf 87' lang='lat' dir='ltr'><strong>dilatio</strong></span> <span class='ocrx_word' id='word_1_470' title='bbox 2495 1979 2602 2030; x_wconf 91' lang='lat' dir='ltr'><strong>est.</strong></span> 
     </span>
    </p>
   </div>
   <div class='ocr_carea' id='block_1_77' title="bbox 2091 2062 3602 2137">
    <p class='ocr_par' dir='ltr' id='par_1_77' title="bbox 2091 2062 3602 2137">
     <span class='ocr_line' id='line_1_77' title="bbox 2091 2062 3602 2137; baseline -0.001 -16"><span class='ocrx_word' id='word_1_471' title='bbox 2091 2067 2116 2121; x_wconf 87' lang='lat'><strong>1</strong></span> <span class='ocrx_word' id='word_1_472' title='bbox 2199 2066 2495 2137; x_wconf 78' lang='lat' dir='ltr'><strong>Usquequo,</strong></span> <span class='ocrx_word' id='word_1_473' title='bbox 2526 2065 2779 2133; x_wconf 87' lang='lat' dir='ltr'><strong>Domine,</strong></span> <span class='ocrx_word' id='word_1_474' title='bbox 2813 2063 3150 2124; x_wconf 68' lang='lat' dir='ltr'><strong>Oblivisceris</strong></span> <span class='ocrx_word' id='word_1_475' title='bbox 3185 2079 3272 2125; x_wconf 82' lang='lat' dir='ltr'><strong>me</strong></span> <span class='ocrx_word' id='word_1_476' title='bbox 3301 2064 3362 2132; x_wconf 79' lang='lat' dir='ltr'><strong>in</strong></span> <span class='ocrx_word' id='word_1_477' title='bbox 3388 2062 3602 2137; x_wconf 78' lang='lat' dir='ltr'><strong>ﬁnem?</strong></span> 
     </span>
    </p>
   </div>
   <div class='ocr_carea' id='block_1_78' title="bbox 2200 2155 3334 2227">
    <p class='ocr_par' dir='ltr' id='par_1_78' title="bbox 2200 2155 3334 2227">
     <span class='ocr_line' id='line_1_78' title="bbox 2200 2155 3334 2227; baseline -0.003 -15"><span class='ocrx_word' id='word_1_478' title='bbox 2200 2155 2477 2227; x_wconf 75' lang='lat' dir='ltr'><strong>Usquequo</strong></span> <span class='ocrx_word' id='word_1_479' title='bbox 2507 2155 2708 2212; x_wconf 71' lang='lat' dir='ltr'><strong>avertis</strong></span> <span class='ocrx_word' id='word_1_480' title='bbox 2733 2155 2936 2226; x_wconf 82' lang='lat' dir='ltr'><strong>faciem</strong></span> <span class='ocrx_word' id='word_1_481' title='bbox 2961 2161 3118 2213; x_wconf 86' lang='lat' dir='ltr'><strong>tuam</strong></span> <span class='ocrx_word' id='word_1_482' title='bbox 3144 2171 3176 2212; x_wconf 90' lang='lat' dir='ltr'><strong>a</strong></span> <span class='ocrx_word' id='word_1_483' title='bbox 3207 2156 3334 2212; x_wconf 75' lang='lat' dir='ltr'><strong>me?</strong></span> 
     </span>
    </p>
   </div>
   <div class='ocr_carea' id='block_1_79' title="bbox 2161 2241 3748 2318">
    <p class='ocr_par' dir='ltr' id='par_1_79' title="bbox 2161 2241 3748 2318">
     <span class='ocr_line' id='line_1_79' title="bbox 2161 2241 3748 2318; baseline 0.001 -18"><span class='ocrx_word' id='word_1_484' title='bbox 2161 2243 2202 2300; x_wconf 90' lang='lat' dir='ltr'><strong>C</strong></span> <span class='ocrx_word' id='word_1_485' title='bbox 2233 2242 2548 2317; x_wconf 91' lang='lat' dir='ltr'><strong>Usqueqno</strong></span> <span class='ocrx_word' id='word_1_486' title='bbox 2597 2261 2734 2300; x_wconf 91' lang='lat' dir='ltr'><strong>eum</strong></span> <span class='ocrx_word' id='word_1_487' title='bbox 2790 2243 2951 2313; x_wconf 91' lang='lat' dir='ltr'><strong>dicit,</strong></span> <span class='ocrx_word' id='word_1_488' title='bbox 3002 2241 3436 2318; x_wconf 83' lang='lat' dir='ltr'><strong>apparitionem.</strong></span> <span class='ocrx_word' id='word_1_489' title='bbox 3484 2241 3748 2316; x_wconf 70' lang='lat' dir='ltr'><strong>postulat.</strong></span> 
     </span>
    </p>
   </div>
   <div class='ocr_carea' id='block_1_80' title="bbox 2090 2332 3747 2407">
    <p class='ocr_par' dir='ltr' id='par_1_80' title="bbox 2090 2332 3747 2407">
     <span class='ocr_line' id='line_1_80' title="bbox 2090 2332 3747 2407; baseline -0.001 -17"><span class='ocrx_word' id='word_1_490' title='bbox 2090 2332 2520 2406; x_wconf 89' lang='lat' dir='ltr'><strong>Christi,quam</strong></span> <span class='ocrx_word' id='word_1_491' title='bbox 2553 2332 2614 2390; x_wconf 90' lang='lat' dir='ltr'><strong>in</strong></span> <span class='ocrx_word' id='word_1_492' title='bbox 2645 2332 2856 2407; x_wconf 86' lang='lat' dir='ltr'><strong>spiritu</strong></span> <span class='ocrx_word' id='word_1_493' title='bbox 2886 2333 3154 2402; x_wconf 86' lang='lat' dir='ltr'><strong>videbat;</strong></span> <span class='ocrx_word' id='word_1_494' title='bbox 3186 2348 3515 2407; x_wconf 81' lang='lat' dir='ltr'><strong>usquequo,</strong></span> <span class='ocrx_word' id='word_1_495' title='bbox 3548 2332 3606 2394; x_wconf 82' lang='lat' dir='ltr'><strong>id</strong></span> <span class='ocrx_word' id='word_1_496' title='bbox 3631 2335 3747 2406; x_wconf 59' lang='lat' dir='ltr'><strong>est.</strong></span> 
     </span>
    </p>
   </div>
   <div class='ocr_carea' id='block_1_81' title="bbox 2091 2421 3752 2496">
    <p class='ocr_par' dir='ltr' id='par_1_81' title="bbox 2091 2421 3752 2496">
     <span class='ocr_line' id='line_1_81' title="bbox 2091 2421 3752 2496; baseline 0.002 -18"><span class='ocrx_word' id='word_1_497' title='bbox 2091 2421 2687 2496; x_wconf 89' lang='lat' dir='ltr'><strong>quousque,quandiu</strong></span> <span class='ocrx_word' id='word_1_498' title='bbox 2718 2439 2835 2480; x_wconf 90' lang='lat' dir='ltr'><strong>non</strong></span> <span class='ocrx_word' id='word_1_499' title='bbox 2863 2421 3098 2480; x_wconf 82' lang='lat' dir='ltr'><strong>liberas.</strong></span> <span class='ocrx_word' id='word_1_500' title='bbox 3133 2421 3202 2481; x_wconf 90' lang='lat' dir='ltr'><strong>H.</strong></span> <span class='ocrx_word' id='word_1_501' title='bbox 3234 2425 3433 2488; x_wconf 68' lang='lat' dir='ltr'><strong>Potest.</strong></span> <span class='ocrx_word' id='word_1_502' title='bbox 3453 2437 3588 2488; x_wconf 73' lang='lat' dir='ltr'><strong>vero</strong></span> <span class='ocrx_word' id='word_1_503' title='bbox 3607 2437 3752 2490; x_wconf 62' lang='lat' dir='ltr'><strong>cum</strong></span> 
     </span>
    </p>
   </div>
   <div class='ocr_carea' id='block_1_82' title="bbox 2090 2510 3755 2586">
    <p class='ocr_par' dir='ltr' id='par_1_82' title="bbox 2090 2510 3755 2586">
     <span class='ocr_line' id='line_1_82' title="bbox 2090 2510 3755 2586; baseline -0.001 -18"><span class='ocrx_word' id='word_1_504' title='bbox 2090 2512 2380 2585; x_wconf 82' lang='lat' dir='ltr'><strong>Propheta</strong></span> <span class='ocrx_word' id='word_1_505' title='bbox 2417 2511 2666 2584; x_wconf 89' lang='lat' dir='ltr'><strong>quilibet</strong></span> <span class='ocrx_word' id='word_1_506' title='bbox 2710 2511 3000 2585; x_wconf 62' lang='lat' dir='ltr'><strong>pauitans</strong></span> <span class='ocrx_word' id='word_1_507' title='bbox 3044 2511 3155 2570; x_wconf 89' lang='lat' dir='ltr'><strong>sub</strong></span> <span class='ocrx_word' id='word_1_508' title='bbox 3202 2510 3460 2584; x_wconf 81' lang='lat' dir='ltr'><strong>peccatis</strong></span> <span class='ocrx_word' id='word_1_509' title='bbox 3502 2527 3755 2586; x_wconf 59' lang='lat' dir='ltr'><strong>gemens;</strong></span> 
     </span>
    </p>
   </div>
   <div class='ocr_carea' id='block_1_83' title="bbox 2089 2599 3745 2674">
    <p class='ocr_par' dir='ltr' id='par_1_83' title="bbox 2089 2599 3745 2674">
     <span class='ocr_line' id='line_1_83' title="bbox 2089 2599 3745 2674; baseline 0 -18"><span class='ocrx_word' id='word_1_510' title='bbox 2089 2601 2320 2658; x_wconf 88' lang='lat' dir='ltr'><strong>dicere:</strong></span> <span class='ocrx_word' id='word_1_511' title='bbox 2346 2600 2682 2674; x_wconf 89' lang='lat' dir='ltr'><strong>Usquequo,</strong></span> <span class='ocrx_word' id='word_1_512' title='bbox 2717 2603 2853 2669; x_wconf 86' lang='lat' dir='ltr'><strong>etc.,</strong></span> <span class='ocrx_word' id='word_1_513' title='bbox 2883 2604 3320 2674; x_wconf 82' lang='lat' dir='ltr'><strong>persequuntur</strong></span> <span class='ocrx_word' id='word_1_514' title='bbox 3347 2600 3506 2660; x_wconf 84' lang='lat' dir='ltr'><strong>enim</strong></span> <span class='ocrx_word' id='word_1_515' title='bbox 3535 2599 3745 2664; x_wconf 53' lang='lat' dir='ltr'><strong>deamo.</strong></span> 
     </span>
    </p>
   </div>
   <div class='ocr_carea' id='block_1_84' title="bbox 2091 2688 3744 2763">
    <p class='ocr_par' dir='ltr' id='par_1_84' title="bbox 2091 2688 3744 2763">
     <span class='ocr_line' id='line_1_84' title="bbox 2091 2688 3744 2763; baseline -0.001 -17"><span class='ocrx_word' id='word_1_516' title='bbox 2091 2706 2197 2746; x_wconf 90' lang='lat' dir='ltr'><strong>nes</strong></span> <span class='ocrx_word' id='word_1_517' title='bbox 2225 2693 2282 2746; x_wconf 91' lang='lat' dir='ltr'><strong>et</strong></span> <span class='ocrx_word' id='word_1_518' title='bbox 2309 2688 2451 2746; x_wconf 89' lang='lat' dir='ltr'><strong>mali</strong></span> <span class='ocrx_word' id='word_1_519' title='bbox 2476 2688 2747 2746; x_wconf 87' lang='lat' dir='ltr'><strong>homines</strong></span> <span class='ocrx_word' id='word_1_520' title='bbox 2773 2689 3123 2763; x_wconf 86' lang='lat' dir='ltr'><strong>gravissime</strong></span> <span class='ocrx_word' id='word_1_521' title='bbox 3151 2706 3284 2746; x_wconf 80' lang='lat' dir='ltr'><strong>vere</strong></span> <span class='ocrx_word' id='word_1_522' title='bbox 3309 2689 3655 2762; x_wconf 52' lang='lat' dir='ltr'><strong>poenitentia:</strong></span> <span class='ocrx_word' id='word_1_523' title='bbox 3683 2692 3744 2745; x_wconf 83' lang='lat' dir='ltr'><strong>et</strong></span> 
     </span>
    </p>
   </div>
   <div class='ocr_carea' id='block_1_85' title="bbox 2090 2775 3758 2852">
    <p class='ocr_par' dir='ltr' id='par_1_85' title="bbox 2090 2775 3758 2852">
     <span class='ocr_line' id='line_1_85' title="bbox 2090 2775 3758 2852; baseline -0.002 -16"><span class='ocrx_word' id='word_1_524' title='bbox 2090 2779 2309 2836; x_wconf 88' lang='lat' dir='ltr'><strong>Christi</strong></span> <span class='ocrx_word' id='word_1_525' title='bbox 2339 2779 2617 2835; x_wconf 88' lang='lat' dir='ltr'><strong>mandata</strong></span> <span class='ocrx_word' id='word_1_526' title='bbox 2647 2795 2878 2837; x_wconf 82' lang='lat' dir='ltr'><strong>servare</strong></span> <span class='ocrx_word' id='word_1_527' title='bbox 2923 2777 3248 2852; x_wconf 86' lang='lat' dir='ltr'><strong>cupientes.</strong></span> <span class='ocrx_word' id='word_1_528' title='bbox 3277 2781 3320 2834; x_wconf 90' lang='lat' dir='ltr'><strong>C</strong></span> <span class='ocrx_word' id='word_1_529' title='bbox 3349 2777 3414 2836; x_wconf 87' lang='lat' dir='ltr'><strong>In</strong></span> <span class='ocrx_word' id='word_1_530' title='bbox 3452 2777 3650 2848; x_wconf 79' lang='lat' dir='ltr'><strong>finem,</strong></span> <span class='ocrx_word' id='word_1_531' title='bbox 3681 2775 3758 2848; x_wconf 56' lang='lat' dir='ltr'><strong>i4</strong></span> 
     </span>
    </p>
   </div>
   <div class='ocr_carea' id='block_1_86' title="bbox 2090 2868 3120 2942">
    <p class='ocr_par' dir='ltr' id='par_1_86' title="bbox 2090 2868 3120 2942">
     <span class='ocr_line' id='line_1_86' title="bbox 2090 2868 3120 2942; baseline -0.002 -16"><span class='ocrx_word' id='word_1_532' title='bbox 2090 2874 2180 2926; x_wconf 89' lang='lat' dir='ltr'><strong>est</strong></span> <span class='ocrx_word' id='word_1_533' title='bbox 2209 2886 2396 2942; x_wconf 89' lang='lat' dir='ltr'><strong>usque</strong></span> <span class='ocrx_word' id='word_1_534' title='bbox 2427 2869 2500 2926; x_wconf 85' lang='lat' dir='ltr'><strong>ad</strong></span> <span class='ocrx_word' id='word_1_535' title='bbox 2531 2868 2746 2926; x_wconf 86' lang='lat' dir='ltr'><strong>Christi</strong></span> <span class='ocrx_word' id='word_1_536' title='bbox 2778 2869 3120 2926; x_wconf 81' lang='lat' dir='ltr'><strong>adventum.</strong></span> 
     </span>
    </p>
   </div>
   <div class='ocr_carea' id='block_1_87' title="bbox 2090 2957 3418 3031">
    <p class='ocr_par' dir='ltr' id='par_1_87' title="bbox 2090 2957 3418 3031">
     <span class='ocr_line' id='line_1_87' title="bbox 2090 2957 3418 3031; baseline -0.001 -16"><span class='ocrx_word' id='word_1_537' title='bbox 2090 2961 2126 3015; x_wconf 89' lang='lat'><strong><em>2</em></strong></span> <span class='ocrx_word' id='word_1_538' title='bbox 2200 2957 2455 3027; x_wconf 83' lang='lat' dir='ltr'><strong>Quandiu</strong></span> <span class='ocrx_word' id='word_1_539' title='bbox 2475 2975 2682 3031; x_wconf 86' lang='lat' dir='ltr'><strong>ponam</strong></span> <span class='ocrx_word' id='word_1_540' title='bbox 2707 2958 2936 3017; x_wconf 71' lang='lat' dir='ltr'><strong>consilia</strong></span> <span class='ocrx_word' id='word_1_541' title='bbox 2966 2959 3030 3014; x_wconf 78' lang='lat' dir='ltr'><strong>iu</strong></span> <span class='ocrx_word' id='word_1_542' title='bbox 3057 2958 3250 3016; x_wconf 81' lang='lat' dir='ltr'><strong>anima</strong></span> <span class='ocrx_word' id='word_1_543' title='bbox 3276 2973 3418 3025; x_wconf 84' lang='lat' dir='ltr'><strong>mea,</strong></span> 
     </span>
    </p>
   </div>
   <div class='ocr_carea' id='block_1_88' title="bbox 2232 3047 3230 3120">
    <p class='ocr_par' dir='ltr' id='par_1_88' title="bbox 2232 3047 3230 3120">
     <span class='ocr_line' id='line_1_88' title="bbox 2232 3047 3230 3120; baseline -0.002 -16"><span class='ocrx_word' id='word_1_544' title='bbox 2232 3047 2471 3105; x_wconf 81' lang='lat' dir='ltr'><strong>dolorem</strong></span> <span class='ocrx_word' id='word_1_545' title='bbox 2496 3049 2557 3104; x_wconf 82' lang='lat' dir='ltr'><strong>in</strong></span> <span class='ocrx_word' id='word_1_546' title='bbox 2585 3047 2744 3104; x_wconf 88' lang='lat' dir='ltr'><strong>corde</strong></span> <span class='ocrx_word' id='word_1_547' title='bbox 2772 3063 2888 3104; x_wconf 87' lang='lat' dir='ltr'><strong>meo</strong></span> <span class='ocrx_word' id='word_1_548' title='bbox 2913 3064 3015 3120; x_wconf 83' lang='lat' dir='ltr'><strong>per</strong></span> <span class='ocrx_word' id='word_1_549' title='bbox 3041 3047 3187 3104; x_wconf 84' lang='lat' dir='ltr'><strong>diem</strong></span> <span class='ocrx_word' id='word_1_550' title='bbox 3201 3049 3230 3102; x_wconf 85' lang='lat'><strong><em>?</em></strong></span> 
     </span>
    </p>
   </div>
   <div class='ocr_carea' id='block_1_89' title="bbox 2161 3133 3754 3211">
    <p class='ocr_par' dir='ltr' id='par_1_89' title="bbox 2161 3133 3754 3211">
     <span class='ocr_line' id='line_1_89' title="bbox 2161 3133 3754 3211; baseline 0 -17"><span class='ocrx_word' id='word_1_551' title='bbox 2161 3136 2202 3193; x_wconf 94' lang='lat' dir='ltr'><strong>C</strong></span> <span class='ocrx_word' id='word_1_552' title='bbox 2235 3137 2380 3194; x_wconf 91' lang='lat' dir='ltr'><strong>Cum</strong></span> <span class='ocrx_word' id='word_1_553' title='bbox 2413 3135 2555 3194; x_wconf 87' lang='lat' dir='ltr'><strong>dicit</strong></span> <span class='ocrx_word' id='word_1_554' title='bbox 2602 3137 2886 3211; x_wconf 84' lang='lat' dir='ltr'><strong>quandiu,</strong></span> <span class='ocrx_word' id='word_1_555' title='bbox 2917 3135 3267 3210; x_wconf 83' lang='lat' dir='ltr'><strong>exprimitur</strong></span> <span class='ocrx_word' id='word_1_556' title='bbox 3311 3133 3410 3194; x_wconf 88' lang='lat' dir='ltr'><strong>hic</strong></span> <span class='ocrx_word' id='word_1_557' title='bbox 3451 3135 3754 3203; x_wconf 58' lang='lat' dir='ltr'><strong>maximus</strong></span> 
     </span>
    </p>
   </div>
   <div class='ocr_carea' id='block_1_90' title="bbox 2089 3222 3760 3300">
    <p class='ocr_par' dir='ltr' id='par_1_90' title="bbox 2089 3222 3760 3300">
     <span class='ocr_line' id='line_1_90' title="bbox 2089 3222 3760 3300; baseline -0.003 -17"><span class='ocrx_word' id='word_1_558' title='bbox 2089 3227 2264 3283; x_wconf 90' lang='lat' dir='ltr'><strong>ardor</strong></span> <span class='ocrx_word' id='word_1_559' title='bbox 2289 3227 2679 3300; x_wconf 78' lang='lat' dir='ltr'><strong>exspectantis</strong></span> <span class='ocrx_word' id='word_1_560' title='bbox 2710 3227 3025 3284; x_wconf 87' lang='lat' dir='ltr'><strong>adventum</strong></span> <span class='ocrx_word' id='word_1_561' title='bbox 3055 3223 3238 3282; x_wconf 86' lang='lat' dir='ltr'><strong>Dei.II</strong></span> <span class='ocrx_word' id='word_1_562' title='bbox 3255 3225 3336 3280; x_wconf 80' lang='lat' dir='ltr'><strong>Ac</strong></span> <span class='ocrx_word' id='word_1_563' title='bbox 3357 3223 3406 3282; x_wconf 90' lang='lat' dir='ltr'><strong>si</strong></span> <span class='ocrx_word' id='word_1_564' title='bbox 3427 3222 3584 3290; x_wconf 77' lang='lat' dir='ltr'><strong>dicat</strong></span> <span class='ocrx_word' id='word_1_565' title='bbox 3606 3241 3618 3281; x_wconf 90' lang='lat'><strong>:</strong></span> <span class='ocrx_word' id='word_1_566' title='bbox 3644 3223 3760 3284; x_wconf 66' lang='lat' dir='ltr'><strong>Pa...</strong></span> 
     </span>
    </p>
   </div>
   <div class='ocr_carea' id='block_1_91' title="bbox 2089 3313 3747 3392">
    <p class='ocr_par' dir='ltr' id='par_1_91' title="bbox 2089 3313 3747 3392">
     <span class='ocr_line' id='line_1_91' title="bbox 2089 3313 3747 3392; baseline -0.001 -20"><span class='ocrx_word' id='word_1_567' title='bbox 2089 3313 2204 3372; x_wconf 70' lang='lat' dir='ltr'><strong>tio‘r</strong></span> <span class='ocrx_word' id='word_1_568' title='bbox 2224 3316 2397 3373; x_wconf 87' lang='lat' dir='ltr'><strong>istam</strong></span> <span class='ocrx_word' id='word_1_569' title='bbox 2420 3313 2755 3389; x_wconf 83' lang='lat' dir='ltr'><strong>angustiam</strong></span> <span class='ocrx_word' id='word_1_570' title='bbox 2777 3331 3084 3389; x_wconf 77' lang='lat' dir='ltr'><strong>quousque</strong></span> <span class='ocrx_word' id='word_1_571' title='bbox 3106 3319 3166 3376; x_wconf 87' lang='lat' dir='ltr'><strong>te</strong></span> <span class='ocrx_word' id='word_1_572' title='bbox 3181 3313 3747 3392; x_wconf 77' lang='lat' dir='ltr'><strong>videam,sicutpro-</strong></span> 
     </span>
    </p>
   </div>
   <div class='ocr_carea' id='block_1_92' title="bbox 2093 3403 3750 3477">
    <p class='ocr_par' dir='ltr' id='par_1_92' title="bbox 2093 3403 3750 3477">
     <span class='ocr_line' id='line_1_92' title="bbox 2093 3403 3750 3477; baseline 0.002 -15"><span class='ocrx_word' id='word_1_573' title='bbox 2093 3404 2310 3462; x_wconf 86' lang='lat' dir='ltr'><strong>misisti</strong></span> <span class='ocrx_word' id='word_1_574' title='bbox 2340 3405 2556 3464; x_wconf 87' lang='lat' dir='ltr'><strong>venire.</strong></span> <span class='ocrx_word' id='word_1_575' title='bbox 2584 3408 2632 3462; x_wconf 89' lang='lat' dir='ltr'><strong>A</strong></span> <span class='ocrx_word' id='word_1_576' title='bbox 2661 3404 2803 3463; x_wconf 90' lang='lat' dir='ltr'><strong>dicit</strong></span> <span class='ocrx_word' id='word_1_577' title='bbox 2829 3421 2964 3462; x_wconf 88' lang='lat' dir='ltr'><strong>vero</strong></span> <span class='ocrx_word' id='word_1_578' title='bbox 2995 3403 3260 3473; x_wconf 83' lang='lat' dir='ltr'><strong>consilia,</strong></span> <span class='ocrx_word' id='word_1_579' title='bbox 3290 3403 3351 3462; x_wconf 89' lang='lat' dir='ltr'><strong>id</strong></span> <span class='ocrx_word' id='word_1_580' title='bbox 3388 3407 3478 3462; x_wconf 85' lang='lat' dir='ltr'><strong>est</strong></span> <span class='ocrx_word' id='word_1_581' title='bbox 3525 3403 3750 3477; x_wconf 70' lang='lat' dir='ltr'><strong>cogita-</strong></span> 
     </span>
    </p>
   </div>
   <div class='ocr_carea' id='block_1_93' title="bbox 2092 3491 3762 3568">
    <p class='ocr_par' dir='ltr' id='par_1_93' title="bbox 2092 3491 3762 3568">
     <span class='ocr_line' id='line_1_93' title="bbox 2092 3491 3762 3568; baseline 0.001 -18"><span class='ocrx_word' id='word_1_582' title='bbox 2092 3494 2282 3552; x_wconf 90' lang='lat' dir='ltr'><strong>tiones</strong></span> <span class='ocrx_word' id='word_1_583' title='bbox 2311 3499 2368 3552; x_wconf 87' lang='lat' dir='ltr'><strong>et</strong></span> <span class='ocrx_word' id='word_1_584' title='bbox 2395 3499 2700 3562; x_wconf 86' lang='lat' dir='ltr'><strong>tractatus,</strong></span> <span class='ocrx_word' id='word_1_585' title='bbox 2733 3493 3031 3568; x_wconf 87' lang='lat' dir='ltr'><strong>quomodo</strong></span> <span class='ocrx_word' id='word_1_586' title='bbox 3053 3497 3113 3560; x_wconf 79' lang='lat' dir='ltr'><strong>et</strong></span> <span class='ocrx_word' id='word_1_587' title='bbox 3141 3493 3374 3568; x_wconf 81' lang='lat' dir='ltr'><strong>quando</strong></span> <span class='ocrx_word' id='word_1_588' title='bbox 3403 3510 3440 3549; x_wconf 89' lang='lat' dir='ltr'><strong>a</strong></span> <span class='ocrx_word' id='word_1_589' title='bbox 3468 3491 3762 3563; x_wconf 62' lang='lat' dir='ltr'><strong>servitute</strong></span> 
     </span>
    </p>
   </div>
   <div class='ocr_carea' id='block_1_94' title="bbox 2091 3579 3756 3658">
    <p class='ocr_par' dir='ltr' id='par_1_94' title="bbox 2091 3579 3756 3658">
     <span class='ocr_line' id='line_1_94' title="bbox 2091 3579 3756 3658; baseline -0.002 -18"><span class='ocrx_word' id='word_1_590' title='bbox 2091 3583 2314 3658; x_wconf 83' lang='lat' dir='ltr'><strong>peccati</strong></span> <span class='ocrx_word' id='word_1_591' title='bbox 2343 3589 2402 3641; x_wconf 88' lang='lat' dir='ltr'><strong>et</strong></span> <span class='ocrx_word' id='word_1_592' title='bbox 2427 3583 2645 3642; x_wconf 85' lang='lat' dir='ltr'><strong>diaboli</strong></span> <span class='ocrx_word' id='word_1_593' title='bbox 2673 3583 2908 3642; x_wconf 89' lang='lat' dir='ltr'><strong>liberari</strong></span> <span class='ocrx_word' id='word_1_594' title='bbox 2937 3582 3124 3657; x_wconf 84' lang='lat' dir='ltr'><strong>possit</strong></span> <span class='ocrx_word' id='word_1_595' title='bbox 3154 3599 3257 3656; x_wconf 88' lang='lat' dir='ltr'><strong>per</strong></span> <span class='ocrx_word' id='word_1_596' title='bbox 3276 3581 3590 3644; x_wconf 77' lang='lat' dir='ltr'><strong>adventum</strong></span> <span class='ocrx_word' id='word_1_597' title='bbox 3619 3579 3756 3644; x_wconf 78' lang='lat' dir='ltr'><strong>Sal-</strong></span> 
     </span>
    </p>
   </div>
   <div class='ocr_carea' id='block_1_95' title="bbox 2089 3668 3758 3747">
    <p class='ocr_par' dir='ltr' id='par_1_95' title="bbox 2089 3668 3758 3747">
     <span class='ocr_line' id='line_1_95' title="bbox 2089 3668 3758 3747; baseline -0.001 -17"><span class='ocrx_word' id='word_1_598' title='bbox 2089 3673 2326 3745; x_wconf 88' lang='lat' dir='ltr'><strong>vatoris,</strong></span> <span class='ocrx_word' id='word_1_599' title='bbox 2358 3678 2415 3731; x_wconf 93' lang='lat' dir='ltr'><strong>et</strong></span> <span class='ocrx_word' id='word_1_600' title='bbox 2444 3673 2584 3747; x_wconf 90' lang='lat' dir='ltr'><strong>quia</strong></span> <span class='ocrx_word' id='word_1_601' title='bbox 2613 3688 2748 3746; x_wconf 85' lang='lat' dir='ltr'><strong>spes</strong></span> <span class='ocrx_word' id='word_1_602' title='bbox 2779 3671 2990 3733; x_wconf 84' lang='lat' dir='ltr'><strong>salutis</strong></span> <span class='ocrx_word' id='word_1_603' title='bbox 3018 3671 3398 3746; x_wconf 85' lang='lat' dir='ltr'><strong>protrahitur,</strong></span> <span class='ocrx_word' id='word_1_604' title='bbox 3411 3668 3622 3732; x_wconf 75' lang='lat' dir='ltr'><strong>crescit</strong></span> <span class='ocrx_word' id='word_1_605' title='bbox 3641 3669 3758 3732; x_wconf 73' lang='lat' dir='ltr'><strong>de:-</strong></span> 
     </span>
    </p>
   </div>
   <div class='ocr_carea' id='block_1_96' title="bbox 2089 3757 3754 3832">
    <p class='ocr_par' dir='ltr' id='par_1_96' title="bbox 2089 3757 3754 3832">
     <span class='ocr_line' id='line_1_96' title="bbox 2089 3757 3754 3832; baseline -0.005 -13"><span class='ocrx_word' id='word_1_606' title='bbox 2089 3762 2375 3820; x_wconf 89' lang='lat' dir='ltr'><strong>siderium</strong></span> <span class='ocrx_word' id='word_1_607' title='bbox 2406 3763 2468 3820; x_wconf 91' lang='lat' dir='ltr'><strong>in</strong></span> <span class='ocrx_word' id='word_1_608' title='bbox 2496 3761 2781 3826; x_wconf 77' lang='lat' dir='ltr'><strong>dolorem.</strong></span> <span class='ocrx_word' id='word_1_609' title='bbox 2813 3766 2862 3822; x_wconf 87' lang='lat' dir='ltr'><strong>C.</strong></span> <span class='ocrx_word' id='word_1_610' title='bbox 2875 3763 2984 3825; x_wconf 85' lang='lat' dir='ltr'><strong>Per</strong></span> <span class='ocrx_word' id='word_1_611' title='bbox 3011 3760 3258 3830; x_wconf 87' lang='lat' dir='ltr'><strong>diem,id</strong></span> <span class='ocrx_word' id='word_1_612' title='bbox 3288 3764 3381 3817; x_wconf 90' lang='lat' dir='ltr'><strong>est</strong></span> <span class='ocrx_word' id='word_1_613' title='bbox 3403 3775 3508 3832; x_wconf 84' lang='lat' dir='ltr'><strong>per</strong></span> <span class='ocrx_word' id='word_1_614' title='bbox 3535 3757 3754 3832; x_wconf 63' lang='lat' dir='ltr'><strong>siugu.</strong></span> 
     </span>
    </p>
   </div>
   <div class='ocr_carea' id='block_1_97' title="bbox 2087 3846 3754 3928">
    <p class='ocr_par' dir='ltr' id='par_1_97' title="bbox 2087 3846 3754 3928">
     <span class='ocr_line' id='line_1_97' title="bbox 2087 3846 3754 3928; baseline -0.001 -20"><span class='ocrx_word' id='word_1_615' title='bbox 2087 3852 2176 3910; x_wconf 89' lang='lat' dir='ltr'><strong>los</strong></span> <span class='ocrx_word' id='word_1_616' title='bbox 2205 3853 2330 3910; x_wconf 89' lang='lat' dir='ltr'><strong>dies</strong></span> <span class='ocrx_word' id='word_1_617' title='bbox 2362 3851 2458 3910; x_wconf 89' lang='lat' dir='ltr'><strong>ille</strong></span> <span class='ocrx_word' id='word_1_618' title='bbox 2489 3869 2656 3910; x_wconf 89' lang='lat' dir='ltr'><strong>amor</strong></span> <span class='ocrx_word' id='word_1_619' title='bbox 2679 3853 2769 3928; x_wconf 74' lang='lat' dir='ltr'><strong>tui</strong></span> <span class='ocrx_word' id='word_1_620' title='bbox 2801 3852 3106 3920; x_wconf 88' lang='lat' dir='ltr'><strong>adventus,</strong></span> <span class='ocrx_word' id='word_1_621' title='bbox 3136 3866 3342 3908; x_wconf 87' lang='lat' dir='ltr'><strong>versus</strong></span> <span class='ocrx_word' id='word_1_622' title='bbox 3379 3854 3467 3906; x_wconf 87' lang='lat' dir='ltr'><strong>est</strong></span> <span class='ocrx_word' id='word_1_623' title='bbox 3495 3847 3558 3906; x_wconf 90' lang='lat' dir='ltr'><strong>in</strong></span> <span class='ocrx_word' id='word_1_624' title='bbox 3579 3846 3754 3912; x_wconf 82' lang='lat' dir='ltr'><strong>dolo-</strong></span> 
     </span>
    </p>
   </div>
   <div class='ocr_carea' id='block_1_98' title="bbox 2085 3940 2974 4016">
    <p class='ocr_par' dir='ltr' id='par_1_98' title="bbox 2085 3940 2974 4016">
     <span class='ocr_line' id='line_1_98' title="bbox 2085 3940 2974 4016; baseline -0.003 -15"><span class='ocrx_word' id='word_1_625' title='bbox 2085 3959 2210 4001; x_wconf 88' lang='lat' dir='ltr'><strong>rem</strong></span> <span class='ocrx_word' id='word_1_626' title='bbox 2241 3943 2458 4000; x_wconf 90' lang='lat' dir='ltr'><strong>meutis</strong></span> <span class='ocrx_word' id='word_1_627' title='bbox 2487 3960 2604 4016; x_wconf 91' lang='lat' dir='ltr'><strong>quo</strong></span> <span class='ocrx_word' id='word_1_628' title='bbox 2633 3940 2974 4000; x_wconf 87' lang='lat' dir='ltr'><strong>tardaveris.</strong></span> 
     </span>
    </p>
   </div>
   <div class='ocr_carea' id='block_1_99' title="bbox 2083 4029 3656 4105">
    <p class='ocr_par' dir='ltr' id='par_1_99' title="bbox 2083 4029 3656 4105">
     <span class='ocr_line' id='line_1_99' title="bbox 2083 4029 3656 4105; baseline -0.001 -20"><span class='ocrx_word' id='word_1_629' title='bbox 2083 4032 2118 4085; x_wconf 91' lang='lat'><strong>3</strong></span> <span class='ocrx_word' id='word_1_630' title='bbox 2197 4033 2472 4105; x_wconf 81' lang='lat' dir='ltr'><strong>Usquequo</strong></span> <span class='ocrx_word' id='word_1_631' title='bbox 2500 4033 2842 4089; x_wconf 71' lang='lat' dir='ltr'><strong>exattabitur</strong></span> <span class='ocrx_word' id='word_1_632' title='bbox 2868 4029 3130 4087; x_wconf 75' lang='lat' dir='ltr'><strong>inimicus</strong></span> <span class='ocrx_word' id='word_1_633' title='bbox 3158 4043 3310 4086; x_wconf 81' lang='lat' dir='ltr'><strong>meus</strong></span> <span class='ocrx_word' id='word_1_634' title='bbox 3335 4043 3502 4100; x_wconf 78' lang='lat' dir='ltr'><strong>super</strong></span> <span class='ocrx_word' id='word_1_635' title='bbox 3527 4030 3656 4086; x_wconf 82' lang='lat' dir='ltr'><strong>me?</strong></span> 
     </span>
    </p>
   </div>
   <div class='ocr_carea' id='block_1_100' title="bbox 2190 4120 3485 4193">
    <p class='ocr_par' dir='ltr' id='par_1_100' title="bbox 2190 4120 3485 4193">
     <span class='ocr_line' id='line_1_100' title="bbox 2190 4120 3485 4193; baseline -0.004 -15"><span class='ocrx_word' id='word_1_636' title='bbox 2190 4121 2413 4193; x_wconf 79' lang='lat' dir='ltr'><strong>Respice</strong></span> <span class='ocrx_word' id='word_1_637' title='bbox 2440 4129 2491 4178; x_wconf 88' lang='lat' dir='ltr'><strong>et</strong></span> <span class='ocrx_word' id='word_1_638' title='bbox 2517 4120 2724 4178; x_wconf 73' lang='lat' dir='ltr'><strong>exaudi</strong></span> <span class='ocrx_word' id='word_1_639' title='bbox 2748 4137 2854 4188; x_wconf 89' lang='lat' dir='ltr'><strong>me,</strong></span> <span class='ocrx_word' id='word_1_640' title='bbox 2888 4120 3114 4181; x_wconf 78' lang='lat' dir='ltr'><strong>Domine</strong></span> <span class='ocrx_word' id='word_1_641' title='bbox 3147 4122 3291 4175; x_wconf 71' lang='lat' dir='ltr'><strong>Deus</strong></span> <span class='ocrx_word' id='word_1_642' title='bbox 3313 4133 3485 4174; x_wconf 70' lang='lat' dir='ltr'><strong>meus.</strong></span> 
     </span>
    </p>
   </div>
   <div class='ocr_carea' id='block_1_101' title="bbox 2153 4201 3770 4280">
    <p class='ocr_par' dir='ltr' id='par_1_101' title="bbox 2153 4201 3770 4280">
     <span class='ocr_line' id='line_1_101' title="bbox 2153 4201 3770 4280; baseline -0.004 -14"><span class='ocrx_word' id='word_1_643' title='bbox 2153 4210 2195 4265; x_wconf 88' lang='lat' dir='ltr'><strong>C</strong></span> <span class='ocrx_word' id='word_1_644' title='bbox 2225 4209 2558 4280; x_wconf 87' lang='lat' dir='ltr'><strong>Inimicum,</strong></span> <span class='ocrx_word' id='word_1_645' title='bbox 2587 4208 2888 4266; x_wconf 86' lang='lat' dir='ltr'><strong>diabolum</strong></span> <span class='ocrx_word' id='word_1_646' title='bbox 2917 4206 3185 4280; x_wconf 78' lang='lat' dir='ltr'><strong>dicit,qui</strong></span> <span class='ocrx_word' id='word_1_647' title='bbox 3207 4203 3420 4264; x_wconf 88' lang='lat' dir='ltr'><strong>dicitur</strong></span> <span class='ocrx_word' id='word_1_648' title='bbox 3449 4201 3770 4278; x_wconf 57' lang='lat' dir='ltr'><strong>exaltatuq~</strong></span> 
     </span>
    </p>
   </div>
   <div class='ocr_carea' id='block_1_102' title="bbox 2082 4291 3757 4370">
    <p class='ocr_par' dir='ltr' id='par_1_102' title="bbox 2082 4291 3757 4370">
     <span class='ocr_line' id='line_1_102' title="bbox 2082 4291 3757 4370; baseline -0.004 -14"><span class='ocrx_word' id='word_1_649' title='bbox 2082 4303 2217 4356; x_wconf 91' lang='lat' dir='ltr'><strong>ante</strong></span> <span class='ocrx_word' id='word_1_650' title='bbox 2246 4297 2561 4357; x_wconf 88' lang='lat' dir='ltr'><strong>adventum</strong></span> <span class='ocrx_word' id='word_1_651' title='bbox 2591 4297 2846 4366; x_wconf 89' lang='lat' dir='ltr'><strong>Domini,</strong></span> <span class='ocrx_word' id='word_1_652' title='bbox 2879 4313 3016 4354; x_wconf 87' lang='lat' dir='ltr'><strong>cum</strong></span> <span class='ocrx_word' id='word_1_653' title='bbox 3053 4294 3352 4370; x_wconf 72' lang='lat' dir='ltr'><strong>gaudebat</strong></span> <span class='ocrx_word' id='word_1_654' title='bbox 3378 4293 3450 4350; x_wconf 91' lang='lat' dir='ltr'><strong>de</strong></span> <span class='ocrx_word' id='word_1_655' title='bbox 3476 4291 3757 4353; x_wconf 82' lang='lat' dir='ltr'><strong>humana.</strong></span> 
     </span>
    </p>
   </div>
   <div class='ocr_carea' id='block_1_103' title="bbox 2081 4379 3754 4462">
    <p class='ocr_par' dir='ltr' id='par_1_103' title="bbox 2081 4379 3754 4462">
     <span class='ocr_line' id='line_1_103' title="bbox 2081 4379 3754 4462; baseline -0.004 -17"><span class='ocrx_word' id='word_1_656' title='bbox 2081 4387 2432 4462; x_wconf 87' lang='lat' dir='ltr'><strong>captivitate.</strong></span> <span class='ocrx_word' id='word_1_657' title='bbox 2478 4392 2664 4460; x_wconf 88' lang='lat' dir='ltr'><strong>Super</strong></span> <span class='ocrx_word' id='word_1_658' title='bbox 2719 4403 2832 4458; x_wconf 81' lang='lat' dir='ltr'><strong>me,</strong></span> <span class='ocrx_word' id='word_1_659' title='bbox 2859 4385 2920 4442; x_wconf 86' lang='lat' dir='ltr'><strong>id</strong></span> <span class='ocrx_word' id='word_1_660' title='bbox 2967 4390 3060 4442; x_wconf 90' lang='lat' dir='ltr'><strong>est</strong></span> <span class='ocrx_word' id='word_1_661' title='bbox 3107 4399 3286 4458; x_wconf 84' lang='lat' dir='ltr'><strong>super</strong></span> <span class='ocrx_word' id='word_1_662' title='bbox 3331 4379 3754 4440; x_wconf 83' lang='lat' dir='ltr'><strong>credulitatem</strong></span> 
     </span>
    </p>
   </div>
   <div class='ocr_carea' id='block_1_104' title="bbox 2081 4469 3758 4547">
    <p class='ocr_par' dir='ltr' id='par_1_104' title="bbox 2081 4469 3758 4547">
     <span class='ocr_line' id='line_1_104' title="bbox 2081 4469 3758 4547; baseline -0.005 -11"><span class='ocrx_word' id='word_1_663' title='bbox 2081 4477 2530 4536; x_wconf 82' lang='lat' dir='ltr'><strong>meam.Exaudi</strong></span> <span class='ocrx_word' id='word_1_664' title='bbox 2561 4494 2675 4547; x_wconf 90' lang='lat' dir='ltr'><strong>me,</strong></span> <span class='ocrx_word' id='word_1_665' title='bbox 2699 4493 2816 4534; x_wconf 89' lang='lat' dir='ltr'><strong>nou</strong></span> <span class='ocrx_word' id='word_1_666' title='bbox 2847 4475 2960 4532; x_wconf 90' lang='lat' dir='ltr'><strong>sibi</strong></span> <span class='ocrx_word' id='word_1_667' title='bbox 2993 4478 3228 4537; x_wconf 85' lang='lat' dir='ltr'><strong>tautum</strong></span> <span class='ocrx_word' id='word_1_668' title='bbox 3254 4469 3758 4545; x_wconf 74' lang='lat' dir='ltr'><strong>subvenirapetit</strong></span> 
     </span>
    </p>
   </div>
   <div class='ocr_carea' id='block_1_105' title="bbox 2079 4558 3762 4638">
    <p class='ocr_par' dir='ltr' id='par_1_105' title="bbox 2079 4558 3762 4638">
     <span class='ocr_line' id='line_1_105' title="bbox 2079 4558 3762 4638; baseline -0.006 -12"><span class='ocrx_word' id='word_1_669' title='bbox 2079 4569 2180 4626; x_wconf 88' lang='lat' dir='ltr'><strong>sed</strong></span> <span class='ocrx_word' id='word_1_670' title='bbox 2213 4567 2500 4624; x_wconf 80' lang='lat' dir='ltr'><strong>universis</strong></span> <span class='ocrx_word' id='word_1_671' title='bbox 2531 4565 2828 4623; x_wconf 78' lang='lat' dir='ltr'><strong>fidelibus.</strong></span> <span class='ocrx_word' id='word_1_672' title='bbox 2861 4565 3126 4638; x_wconf 77' lang='lat' dir='ltr'><strong>Respice,</strong></span> <span class='ocrx_word' id='word_1_673' title='bbox 3159 4563 3232 4626; x_wconf 84' lang='lat' dir='ltr'><strong>ad</strong></span> <span class='ocrx_word' id='word_1_674' title='bbox 3282 4561 3428 4619; x_wconf 88' lang='lat' dir='ltr'><strong>illud</strong></span> <span class='ocrx_word' id='word_1_675' title='bbox 3477 4558 3762 4624; x_wconf 73' lang='lat' dir='ltr'><strong>referen-</strong></span> 
     </span>
    </p>
   </div>
   <div class='ocr_carea' id='block_1_106' title="bbox 2078 4650 3768 4730">
    <p class='ocr_par' dir='ltr' id='par_1_106' title="bbox 2078 4650 3768 4730">
     <span class='ocr_line' id='line_1_106' title="bbox 2078 4650 3768 4730; baseline -0.001 -16"><span class='ocrx_word' id='word_1_676' title='bbox 2078 4659 2254 4728; x_wconf 88' lang='lat' dir='ltr'><strong>dum;</strong></span> <span class='ocrx_word' id='word_1_677' title='bbox 2289 4673 2596 4730; x_wconf 90' lang='lat' dir='ltr'><strong>usquequo</strong></span> <span class='ocrx_word' id='word_1_678' title='bbox 2627 4653 2842 4716; x_wconf 83' lang='lat' dir='ltr'><strong>avertis</strong></span> <span class='ocrx_word' id='word_1_679' title='bbox 2873 4653 3082 4712; x_wconf 84' lang='lat' dir='ltr'><strong>faciem</strong></span> <span class='ocrx_word' id='word_1_680' title='bbox 3113 4657 3280 4710; x_wconf 88' lang='lat' dir='ltr'><strong>tuam</strong></span> <span class='ocrx_word' id='word_1_681' title='bbox 3309 4669 3348 4712; x_wconf 77' lang='lat' dir='ltr'><strong>a.</strong></span> <span class='ocrx_word' id='word_1_682' title='bbox 3374 4667 3487 4712; x_wconf 84' lang='lat' dir='ltr'><strong>me.</strong></span> <span class='ocrx_word' id='word_1_683' title='bbox 3515 4650 3768 4714; x_wconf 73' lang='lat' dir='ltr'><strong>Exaudi.</strong></span> 
     </span>
    </p>
   </div>
   <div class='ocr_carea' id='block_1_107' title="bbox 1995 4739 3754 4826">
    <p class='ocr_par' dir='ltr' id='par_1_107' title="bbox 1995 4739 3754 4826">
     <span class='ocr_line' id='line_1_107' title="bbox 1995 4739 3754 4826; baseline -0.003 -22"><span class='ocrx_word' id='word_1_684' title='bbox 1995 4760 2044 4826; x_wconf 77' lang='lat'><strong>1)</strong></span> <span class='ocrx_word' id='word_1_685' title='bbox 2075 4763 2228 4816; x_wconf 86' lang='lat' dir='ltr'><strong>vero,</strong></span> <span class='ocrx_word' id='word_1_686' title='bbox 2262 4748 2334 4804; x_wconf 86' lang='lat' dir='ltr'><strong>ad</strong></span> <span class='ocrx_word' id='word_1_687' title='bbox 2365 4747 2510 4803; x_wconf 91' lang='lat' dir='ltr'><strong>illud</strong></span> <span class='ocrx_word' id='word_1_688' title='bbox 2542 4745 2701 4819; x_wconf 92' lang='lat' dir='ltr'><strong>quod</strong></span> <span class='ocrx_word' id='word_1_689' title='bbox 2729 4744 2873 4801; x_wconf 89' lang='lat' dir='ltr'><strong>dicit</strong></span> <span class='ocrx_word' id='word_1_690' title='bbox 2901 4743 2962 4801; x_wconf 92' lang='lat' dir='ltr'><strong>in</strong></span> <span class='ocrx_word' id='word_1_691' title='bbox 2987 4741 3176 4817; x_wconf 83' lang='lat' dir='ltr'><strong>capite</strong></span> <span class='ocrx_word' id='word_1_692' title='bbox 3215 4739 3432 4816; x_wconf 90' lang='lat' dir='ltr'><strong>psalmi</strong></span> <span class='ocrx_word' id='word_1_693' title='bbox 3467 4755 3482 4796; x_wconf 89' lang='lat'><strong>:</strong></span> <span class='ocrx_word' id='word_1_694' title='bbox 3514 4754 3754 4812; x_wconf 39' lang='lat' dir='ltr'><strong>usque?</strong></span> 
     </span>
    </p>
   </div>
   <div class='ocr_carea' id='block_1_108' title="bbox 2079 4833 3026 4910">
    <p class='ocr_par' dir='ltr' id='par_1_108' title="bbox 2079 4833 3026 4910">
     <span class='ocr_line' id='line_1_108' title="bbox 2079 4833 3026 4910; baseline -0.004 -16"><span class='ocrx_word' id='word_1_695' title='bbox 2079 4853 2196 4910; x_wconf 90' lang='lat' dir='ltr'><strong>quo</strong></span> <span class='ocrx_word' id='word_1_696' title='bbox 2225 4835 2584 4892; x_wconf 83' lang='lat' dir='ltr'><strong>Oblivisceris</strong></span> <span class='ocrx_word' id='word_1_697' title='bbox 2613 4850 2707 4891; x_wconf 92' lang='lat' dir='ltr'><strong>me</strong></span> <span class='ocrx_word' id='word_1_698' title='bbox 2734 4833 2796 4890; x_wconf 92' lang='lat' dir='ltr'><strong>iu</strong></span> <span class='ocrx_word' id='word_1_699' title='bbox 2825 4833 3026 4890; x_wconf 84' lang='lat' dir='ltr'><strong>ﬁnem.</strong></span> 
     </span>
    </p>
   </div>
   <div class='ocr_carea' id='block_1_109' title="bbox 2071 4918 3770 4996">
    <p class='ocr_par' dir='ltr' id='par_1_109' title="bbox 2071 4918 3770 4996">
     <span class='ocr_line' id='line_1_109' title="bbox 2071 4918 3770 4996; baseline -0.006 -13"><span class='ocrx_word' id='word_1_700' title='bbox 2071 4928 2105 4982; x_wconf 83' lang='grc'>4</span> <span class='ocrx_word' id='word_1_701' title='bbox 2177 4927 2444 4982; x_wconf 73' lang='lat' dir='ltr'><strong>&quot;lumina</strong></span> <span class='ocrx_word' id='word_1_702' title='bbox 2471 4925 2652 4982; x_wconf 81' lang='lat' dir='ltr'><strong>oculos</strong></span> <span class='ocrx_word' id='word_1_703' title='bbox 2697 4939 2844 4980; x_wconf 78' lang='lat' dir='ltr'><strong>meos</strong></span> <span class='ocrx_word' id='word_1_704' title='bbox 2891 4939 2960 4980; x_wconf 86' lang='lat' dir='ltr'><strong>ne</strong></span> <span class='ocrx_word' id='word_1_705' title='bbox 3003 4937 3254 4996; x_wconf 77' lang='lat' dir='ltr'><strong>unquam</strong></span> <span class='ocrx_word' id='word_1_706' title='bbox 3301 4918 3642 4980; x_wconf 68' lang='lat' dir='ltr'><strong>obdormiunt</strong></span> <span class='ocrx_word' id='word_1_707' title='bbox 3673 4918 3770 4985; x_wconf 57' lang='lat' dir='ltr'><strong>in.</strong></span> 
     </span>
    </p>
   </div>
   <div class='ocr_carea' id='block_1_110' title="bbox 2246 5020 2471 5073">
    <p class='ocr_par' dir='ltr' id='par_1_110' title="bbox 2246 5020 2471 5073">
     <span class='ocr_line' id='line_1_110' title="bbox 2246 5020 2471 5073; baseline -0.004 0"><span class='ocrx_word' id='word_1_708' title='bbox 2246 5020 2421 5073; x_wconf 82' lang='lat' dir='ltr'><strong>morte</strong></span> <span class='ocrx_word' id='word_1_709' title='bbox 2452 5033 2471 5072; x_wconf 90' lang='lat'><strong><em>:</em></strong></span> 
     </span>
    </p>
   </div>
   <div class='ocr_carea' id='block_1_111' title="bbox 2175 5095 3748 5187">
    <p class='ocr_par' dir='ltr' id='par_1_111' title="bbox 2175 5095 3748 5187">
     <span class='ocr_line' id='line_1_111' title="bbox 2175 5095 3748 5187; baseline -0.006 -25"><span class='ocrx_word' id='word_1_710' title='bbox 2175 5105 2469 5179; x_wconf 85' lang='lat' dir='ltr'><strong>Nequando</strong></span> <span class='ocrx_word' id='word_1_711' title='bbox 2497 5103 2647 5162; x_wconf 89' lang='lat' dir='ltr'><strong>dicat</strong></span> <span class='ocrx_word' id='word_1_712' title='bbox 2671 5103 2930 5162; x_wconf 80' lang='lat' dir='ltr'><strong>inimicus</strong></span> <span class='ocrx_word' id='word_1_713' title='bbox 2967 5117 3122 5160; x_wconf 82' lang='lat' dir='ltr'><strong>meus</strong></span> <span class='ocrx_word' id='word_1_714' title='bbox 3151 5121 3170 5158; x_wconf 87' lang='lat'><strong><em>:</em></strong></span> <span class='ocrx_word' id='word_1_715' title='bbox 3201 5099 3490 5187; x_wconf 61' lang='lat' dir='ltr'><strong>Piwualui</strong></span> <span class='ocrx_word' id='word_1_716' title='bbox 3533 5095 3748 5166; x_wconf 50' lang='lat' dir='ltr'><strong>advers</strong></span> 
     </span>
    </p>
   </div>
   <div class='ocr_carea' id='block_1_112' title="bbox 2247 5210 2509 5252">
    <p class='ocr_par' dir='ltr' id='par_1_112' title="bbox 2247 5210 2509 5252">
     <span class='ocr_line' id='line_1_112' title="bbox 2247 5210 2509 5252; baseline -0.004 -2"><span class='ocrx_word' id='word_1_717' title='bbox 2247 5211 2338 5252; x_wconf 75' lang='lat' dir='ltr'><strong>sus</strong></span> <span class='ocrx_word' id='word_1_718' title='bbox 2364 5210 2509 5251; x_wconf 88' lang='lat' dir='ltr'><strong>eum.</strong></span> 
     </span>
    </p>
   </div>
   <div class='ocr_carea' id='block_1_113' title="bbox 2137 5273 3746 5356">
    <p class='ocr_par' dir='ltr' id='par_1_113' title="bbox 2137 5273 3746 5356">
     <span class='ocr_line' id='line_1_113' title="bbox 2137 5273 3746 5356; baseline -0.007 -16"><span class='ocrx_word' id='word_1_719' title='bbox 2137 5284 2180 5340; x_wconf 92' lang='lat' dir='ltr'><strong>C</strong></span> <span class='ocrx_word' id='word_1_720' title='bbox 2208 5283 2359 5340; x_wconf 91' lang='lat' dir='ltr'><strong>Dum</strong></span> <span class='ocrx_word' id='word_1_721' title='bbox 2391 5282 2536 5356; x_wconf 89' lang='lat' dir='ltr'><strong>petit</strong></span> <span class='ocrx_word' id='word_1_722' title='bbox 2564 5280 2889 5340; x_wconf 87' lang='lat' dir='ltr'><strong>illuminari</strong></span> <span class='ocrx_word' id='word_1_723' title='bbox 2918 5279 3140 5349; x_wconf 78' lang='lat' dir='ltr'><strong>oculos,</strong></span> <span class='ocrx_word' id='word_1_724' title='bbox 3165 5279 3360 5337; x_wconf 87' lang='lat' dir='ltr'><strong>cordis</strong></span> <span class='ocrx_word' id='word_1_725' title='bbox 3399 5275 3601 5338; x_wconf 82' lang='lat' dir='ltr'><strong>oculos</strong></span> <span class='ocrx_word' id='word_1_726' title='bbox 3633 5273 3746 5331; x_wconf 83' lang='lat' dir='ltr'><strong>di-</strong></span> 
     </span>
    </p>
   </div>
   <div class='ocr_carea' id='block_1_114' title="bbox 2068 5364 3749 5444">
    <p class='ocr_par' dir='ltr' id='par_1_114' title="bbox 2068 5364 3749 5444">
     <span class='ocr_line' id='line_1_114' title="bbox 2068 5364 3749 5444; baseline -0.005 -13"><span class='ocrx_word' id='word_1_727' title='bbox 2068 5374 2168 5442; x_wconf 92' lang='lat' dir='ltr'><strong>cit,</strong></span> <span class='ocrx_word' id='word_1_728' title='bbox 2201 5373 2303 5444; x_wconf 91' lang='lat' dir='ltr'><strong>qui</strong></span> <span class='ocrx_word' id='word_1_729' title='bbox 2333 5370 2714 5428; x_wconf 90' lang='lat' dir='ltr'><strong>obdormiuut</strong></span> <span class='ocrx_word' id='word_1_730' title='bbox 2743 5371 2806 5427; x_wconf 92' lang='lat' dir='ltr'><strong>in</strong></span> <span class='ocrx_word' id='word_1_731' title='bbox 2835 5375 3045 5442; x_wconf 82' lang='lat' dir='ltr'><strong>morte,</strong></span> <span class='ocrx_word' id='word_1_732' title='bbox 3067 5367 3467 5444; x_wconf 80' lang='lat' dir='ltr'><strong>quando,ﬁdei</strong></span> <span class='ocrx_word' id='word_1_733' title='bbox 3499 5364 3749 5428; x_wconf 79' lang='lat' dir='ltr'><strong>lumine</strong></span> 
     </span>
    </p>
   </div>
   <div class='ocr_carea' id='block_1_115' title="bbox 2065 5457 3752 5536">
    <p class='ocr_par' dir='ltr' id='par_1_115' title="bbox 2065 5457 3752 5536">
     <span class='ocr_line' id='line_1_115' title="bbox 2065 5457 3752 5536; baseline -0.005 -16"><span class='ocrx_word' id='word_1_734' title='bbox 2065 5460 2320 5536; x_wconf 88' lang='lat' dir='ltr'><strong>sepulto,</strong></span> <span class='ocrx_word' id='word_1_735' title='bbox 2355 5460 2574 5518; x_wconf 84' lang='lat' dir='ltr'><strong>carnali</strong></span> <span class='ocrx_word' id='word_1_736' title='bbox 2615 5458 2998 5518; x_wconf 85' lang='lat' dir='ltr'><strong>delectatione</strong></span> <span class='ocrx_word' id='word_1_737' title='bbox 3045 5459 3437 5526; x_wconf 78' lang='lat' dir='ltr'><strong>clauduntur;</strong></span> <span class='ocrx_word' id='word_1_738' title='bbox 3468 5457 3603 5529; x_wconf 33' lang='lat' dir='ltr'><strong>ipse.</strong></span> <span class='ocrx_word' id='word_1_739' title='bbox 3639 5457 3752 5516; x_wconf 74' lang='lat' dir='ltr'><strong>est</strong></span> 
     </span>
    </p>
   </div>
   <div class='ocr_carea' id='block_1_116' title="bbox 2065 5543 3770 5623">
    <p class='ocr_par' dir='ltr' id='par_1_116' title="bbox 2065 5543 3770 5623">
     <span class='ocr_line' id='line_1_116' title="bbox 2065 5543 3770 5623; baseline -0.005 -13"><span class='ocrx_word' id='word_1_740' title='bbox 2065 5552 2223 5610; x_wconf 90' lang='lat' dir='ltr'><strong>enim</strong></span> <span class='ocrx_word' id='word_1_741' title='bbox 2255 5567 2524 5618; x_wconf 88' lang='lat' dir='ltr'><strong>somnus,</strong></span> <span class='ocrx_word' id='word_1_742' title='bbox 2555 5551 2628 5607; x_wconf 87' lang='lat' dir='ltr'><strong>de</strong></span> <span class='ocrx_word' id='word_1_743' title='bbox 2657 5567 2770 5623; x_wconf 89' lang='lat' dir='ltr'><strong>quo</strong></span> <span class='ocrx_word' id='word_1_744' title='bbox 2797 5549 3032 5614; x_wconf 65' lang='lat' dir='ltr'><strong>laetatur</strong></span> <span class='ocrx_word' id='word_1_745' title='bbox 3057 5548 3357 5612; x_wconf 86' lang='lat' dir='ltr'><strong>inimicus.</strong></span> <span class='ocrx_word' id='word_1_746' title='bbox 3385 5543 3770 5618; x_wconf 35' lang='lat' dir='ltr'><strong>Inimicum”</strong></span> 
     </span>
    </p>
   </div>
   <div class='ocr_carea' id='block_1_117' title="bbox 2064 5633 3774 5714">
    <p class='ocr_par' dir='ltr' id='par_1_117' title="bbox 2064 5633 3774 5714">
     <span class='ocr_line' id='line_1_117' title="bbox 2064 5633 3774 5714; baseline -0.004 -16"><span class='ocrx_word' id='word_1_747' title='bbox 2064 5639 2366 5698; x_wconf 86' lang='lat' dir='ltr'><strong>diabolum</strong></span> <span class='ocrx_word' id='word_1_748' title='bbox 2397 5639 2538 5696; x_wconf 90' lang='lat' dir='ltr'><strong>dicit</strong></span> <span class='ocrx_word' id='word_1_749' title='bbox 2565 5643 2623 5696; x_wconf 89' lang='lat' dir='ltr'><strong>et</strong></span> <span class='ocrx_word' id='word_1_750' title='bbox 2649 5639 2890 5714; x_wconf 84' lang='lat' dir='ltr'><strong>angelos</strong></span> <span class='ocrx_word' id='word_1_751' title='bbox 2919 5641 3332 5712; x_wconf 80' lang='lat' dir='ltr'><strong>ejus,quorum</strong></span> <span class='ocrx_word' id='word_1_752' title='bbox 3358 5633 3774 5700; x_wconf 58' lang='lat' dir='ltr'><strong>consuetudo,</strong></span> 
     </span>
    </p>
   </div>
   <div class='ocr_carea' id='block_1_118' title="bbox 2063 5724 3772 5802">
    <p class='ocr_par' dir='ltr' id='par_1_118' title="bbox 2063 5724 3772 5802">
     <span class='ocr_line' id='line_1_118' title="bbox 2063 5724 3772 5802; baseline -0.004 -14"><span class='ocrx_word' id='word_1_753' title='bbox 2063 5735 2156 5789; x_wconf 89' lang='lat' dir='ltr'><strong>est</strong></span> <span class='ocrx_word' id='word_1_754' title='bbox 2181 5729 2468 5788; x_wconf 84' lang='lat' dir='ltr'><strong>insultare</strong></span> <span class='ocrx_word' id='word_1_755' title='bbox 2497 5727 2640 5786; x_wconf 87' lang='lat' dir='ltr'><strong>dum</strong></span> <span class='ocrx_word' id='word_1_756' title='bbox 2669 5729 2934 5802; x_wconf 84' lang='lat' dir='ltr'><strong>capiunt,</strong></span> <span class='ocrx_word' id='word_1_757' title='bbox 2953 5732 3012 5787; x_wconf 85' lang='lat' dir='ltr'><strong>et</strong></span> <span class='ocrx_word' id='word_1_758' title='bbox 3035 5727 3297 5802; x_wconf 74' lang='lat' dir='ltr'><strong>gaudere</strong></span> <span class='ocrx_word' id='word_1_759' title='bbox 3336 5725 3480 5786; x_wconf 85' lang='lat' dir='ltr'><strong>dum</strong></span> <span class='ocrx_word' id='word_1_760' title='bbox 3510 5724 3772 5799; x_wconf 62' lang='grc' dir='ltr'><strong>ἀθωρα-</strong></span> 
     </span>
    </p>
   </div>
   <div class='ocr_carea' id='block_1_119' title="bbox 2062 5817 3056 5896">
    <p class='ocr_par' dir='ltr' id='par_1_119' title="bbox 2062 5817 3056 5896">
     <span class='ocr_line' id='line_1_119' title="bbox 2062 5817 3056 5896; baseline 0 -18"><span class='ocrx_word' id='word_1_761' title='bbox 2062 5825 2154 5879; x_wconf 88' lang='lat' dir='ltr'><strong>tos</strong></span> <span class='ocrx_word' id='word_1_762' title='bbox 2184 5837 2216 5878; x_wconf 86' lang='lat' dir='ltr'><strong>a</strong></span> <span class='ocrx_word' id='word_1_763' title='bbox 2249 5836 2310 5878; x_wconf 83' lang='lat' dir='ltr'><strong>se</strong></span> <span class='ocrx_word' id='word_1_764' title='bbox 2342 5817 2718 5892; x_wconf 83' lang='lat' dir='ltr'><strong>cognoverint</strong></span> <span class='ocrx_word' id='word_1_765' title='bbox 2748 5817 3056 5896; x_wconf 87' lang='lat' dir='ltr'><strong>possideri.</strong></span> 
     </span>
    </p>
   </div>
  </div>
