3936 6482
277 461 353 524 ﬁt
1494 464 1913 529 EXPOSITIO
1956 464 2468 530 PSALMORUM.
3603 467 3682 529 8:3

281 592 317 653 Β
426 592 535 665 Qui
562 592 833 654 tribulant
854 612 940 654 me
969 594 1320 656 easultabunt
1345 595 1399 654 si
1422 606 1600 656 motus
1627 599 1782 671 fuero
1810 617 1829 654 :

423 700 520 757 ego
549 694 733 743 autem
759 687 822 743 in
850 686 1226 744 misericordia
1254 695 1353 744 tua
1379 690 1609 761 speravi.
1682 692 1689 697 “

350 774 398 830 C
428 774 814 832 Exsultabunt
845 776 896 831 si
928 779 1127 833 motus
1150 775 1338 845 fuero,
1361 777 1417 832 id
1446 780 1535 833 est
1553 776 1601 833 si
1628 781 1737 834 ate
1769 778 1929 834 fuero

284 862 510 919 divisus
558 878 661 935 per
713 862 1181 920 incredulitatem
1228 864 1317 920 vel
1365 869 1675 938 pecatum;
1708 865 1928 923 inimici

281 951 621 1009 efﬁciuntur
648 950 784 1009 laeti.
810 956 875 1009 In
910 956 1013 1008 tua
1042 951 1441 1010 misericordia
1469 954 1629 1025 dicit,
1662 954 1801 1029 quia
1829 954 1928 1028 qui

276 1036 521 1097 aliunde
550 1057 718 1097 suam
750 1057 913 1114 spem
952 1040 1120 1114 ponit
1163 1040 1278 1098 nisi
1321 1041 1381 1097 in
1413 1042 1618 1111 Deum,
1652 1059 1759 1098 sua
1786 1042 1929 1099 ﬁdes

278 1142 466 1185 vacua
484 1132 592 1186 est.
616 1129 660 1186 Ο
681 1128 865 1185 virtus
886 1129 1020 1185 ﬁdei
1042 1133 1099 1185 et
1121 1129 1367 1186 ﬁrmitas
1397 1147 1613 1204 magna
1642 1131 1929 1187 credentis

279 1217 338 1274 in
378 1234 519 1275 eum
550 1218 781 1276 credere
810 1232 845 1275 a
870 1235 985 1292 quo
1014 1236 1118 1292 pro
1148 1223 1304 1276 certo
1335 1220 1447 1277 scit
1476 1237 1647 1293 posse
1678 1220 1886 1277 salvari
1911 1220 1924 1276 !

276 1306 312 1363 ϐ
421 1306 734 1365 Exsultabit
759 1324 851 1364 cor
870 1325 1053 1364 meum
1082 1310 1138 1364 in
1167 1310 1407 1364 salutari
1437 1317 1529 1365 tuo
1557 1326 1576 1364 :
1686 1360 1687 1367 η

422 1395 666 1454 Cantabo
692 1393 920 1453 Domino
948 1397 1108 1470 qui—5
1137 1395 1275 1453 bona
1316 1404 1329 1462 ζ
1376 1399 1575 1454 tribuit
1601 1398 1740 1453 mihi
1762 1404 1843 1464 :-—§
1880 1406 1932 1455 et

494 1482 739 1542 Psallam
766 1486 985 1542 nomini
1016 1486 1241 1542 Domini
1269 1487 1528 1541 altissimi
1567 1492 1583 1552 ζ

345 1574 389 1629 C
419 1573 674 1630 Interior
705 1574 885 1630 homo
915 1573 1173 1629 salutare
1200 1573 1301 1629 Dei
1332 1578 1726 1647 conspexerat,
1756 1591 1930 1647 quem

273 1672 517 1719 cernere
538 1662 812 1735 cupiebat
832 1661 1165 1719 carnalibus
1187 1661 1390 1719 oculis.
1414 1662 1692 1729 Cantabb,
1712 1663 1932 1720 scilicet

270 1751 453 1808 corde
473 1750 574 1807 ubi
597 1751 782 1807 nimia
799 1748 998 1806 laetitia
1017 1750 1437 1824 complebatur.
1467 1751 1718 1807 Psallam
1741 1751 1928 1824 operi-

268 1837 388 1897 bus
420 1834 617 1908 bonis,
647 1834 803 1912 quod
830 1838 1079 1896 maxime
1107 1838 1386 1895 Divinitas
1411 1839 1635 1915 qumrit.

780 1944 983 1984 ORATIO
1019 1946 1088 1983 EX
1136 1942 1291 1984 PSAL.
1332 1946 1428 1983 XII.

340 2016 434 2072 Ne
456 2018 684 2072 avertas
705 2016 910 2072 faciem
930 2020 1089 2071 tuam
1106 2032 1141 2071 a
1155 2016 1343 2084 nobis,
1358 2017 1726 2090 omnipotens
1746 2016 1921 2084 Deus,

259 2120 344 2161 ne
380 2103 616 2160 inimici
646 2104 827 2161 nostri
858 2104 1186 2160 exaltentur
1227 2106 1504 2162 adversus
1536 2122 1679 2174 nos;
1711 2108 1809 2162 sed
1842 2107 1924 2163 ita

254 2206 367 2249 cor
399 2196 677 2248 nostrum
726 2192 1003 2249 salutaris
1048 2193 1135 2248 tui
1184 2193 1571 2250 exsultatione
1618 2195 1917 2267 perfunde,

253 2284 325 2337 ut
355 2278 551 2337 facias
581 2294 854 2337 somnum
887 2274 1154 2337 secundae
1178 2281 1382 2338 mortis
1404 2284 1660 2339 evadere.
1686 2283 1789 2340 Per
1810 2285 1918 2340 Do-

251 2368 503 2426 minum
538 2372 824 2425 nostrum.

842 2454 1166 2516 PSALMUS
1204 2458 1349 2516 XIII.

722 2561 1123 2603 ARGUMENTUM
1160 2562 1312 2603 PSAL.
1351 2564 1474 2604 XIII.

321 2634 367 2692 C
397 2634 671 2691 Ecclesia
712 2635 942 2691 Judaaos
998 2635 1305 2709 increpans
1353 2637 1453 2709 qui
1504 2635 1626 2693 viso
1678 2636 1918 2693 Domino

247 2722 517 2780 minime
546 2722 940 2791 crediderunt,
974 2722 1133 2780 inani
1191 2740 1288 2780 eos
1337 2725 1723 2797 trepidatione
1780 2725 1920 2781 dicit

247 2811 551 2868 confundi
587 2811 688 2884 qui
719 2811 1085 2868 fructuosum
1134 2810 1403 2868 timorem
1452 2813 1682 2869 Domini
1714 2830 1921 2887 cogno-

243 2904 418 2957 scere
442 2899 789 2969 noluerunt,
818 2906 1019 2957 eorum
1042 2899 1100 2956 in
1121 2901 1236 2957 ﬁne
1257 2899 1452 2958 saeculi
1481 2902 1917 2959 conversionem

244 2988 621 3061 praedicens.

397 3077 526 3133 TT.
561 3075 627 3132 In
653 3078 819 3149 ﬁnem
842 3081 899 3144 -Ξ
946 3079 1195 3134 Psalmus
1236 3083 1251 3143 ζ
1293 3078 1481 3133 David.

312 3164 363 3222 ‘C
395 3163 574 3221 Finis
621 3165 917 3222 Christum
969 3165 1282 3241 signiﬁcat,
1316 3165 1442 3222 ideo
1473 3166 1802 3238 frequenter
1833 3185 1921 3222 re-

237 3255 503 3327 petitur,
530 3258 601 3310 ut
622 3268 853 3327 semper
875 3255 947 3311 ad
969 3254 1436 3331 Omnipotentem
1474 3254 1765 3311 audientis
1794 3256 1918 3310 ani-

1952 1964 2000 2029 B

2016 2634 2061 2695 ~5
2129 2645 2185 2704 -Ξ
2228 2639 2547 2711 Sepulcrum
2567 2643 2757 2709 patens
2785 2642 2861 2691 est
2888 2642 3079 2704 guttur
3105 2650 3293 2690 eorum
3335 2637 3381 2697 ζ.

1960 598 2017 667 Α
2046 600 2343 673 maculati,
2362 600 2424 658 in
2441 616 2670 676 poenam
2691 598 2909 674 peccati
2930 598 3106 659 etiam
3122 598 3238 657 Deo
3256 598 3681 658 abominabiles

2038 693 2173 749 facti
2206 695 2363 748 sunt.

2036 783 2071 838 3
2179 783 2444 839 Dominus
2472 779 2536 837 de
2556 781 2688 837 calo
2712 780 2989 852 prospexit
3012 794 3173 850 super
3200 777 3340 850 ﬁlios
3369 778 3679 859 hominum:

2182 873 2245 929 Ut
2274 870 2452 926 videat
2479 872 2532 925 si
2558 876 2636 926 est
2664 870 2991 938 intelligens,
3025 874 3120 922 aut
3162 869 3443 938 requirens
3484 869 3673 924 Deum.

2107 958 2148 1014 C
2169 958 2464 1031 Prospexit
2485 955 3012 1023 Dominus,scilicet
3028 959 3091 1011 ut
3107 955 3275 1011 nobis
3287 954 3540 1011 mitteret
3554 957 3678 1013 uni-

2035 1046 2298 1120 genitum
2321 1046 2532 1102 Filium
2565 1061 2757 1102 suum.
2772 1046 2957 1117 Super
2978 1044 3148 1113 ﬁlios,
3163 1042 3221 1098 id
3242 1046 3329 1099 est
3350 1043 3673 1100 humanum

2034 1152 2240 1208 genus.
2272 1135 2319 1191 Η
2349 1134 2423 1190 Ut
2457 1135 2652 1189 videre
2706 1136 2939 1189 sanctos
2987 1148 3125 1188 suos
3174 1130 3364 1198 faciat,
3398 1148 3499 1204 per
3529 1149 3675 1204 quos

2037 1224 2292 1295 respicit,
2322 1227 2380 1278 et
2408 1224 2467 1277 in
2498 1221 2713 1293 quibus
2753 1220 3000 1286 habitat,
3029 1220 3076 1276 si
3107 1219 3182 1276 sit
3211 1219 3464 1292 sapiens.
3497 1221 3537 1277 C
3566 1221 3672 1288 Qui

2035 1311 2220 1369 Deum
2251 1316 2443 1368 mente
2476 1309 2762 1383 intelligat
2786 1326 2914 1366 esse
2942 1324 3142 1365 verum
3175 1308 3358 1364 Deum
3402 1313 3459 1364 et
3486 1308 3675 1365 homi—

2038 1417 2192 1472 nem,
2223 1404 2281 1456 et
2307 1399 2565 1473 requirat
2595 1398 2928 1471 operatione
2958 1398 3163 1466 Deum,
3198 1397 3492 1469 sequendo
3515 1413 3676 1453 man-

2037 1491 2172 1546 data
2201 1491 2348 1561 ejus,
2385 1493 2446 1544 ut
2475 1488 2546 1543 ab
2575 1488 2702 1559 ejus
2730 1485 3023 1542 voluntate
3065 1502 3180 1541 non
3224 1484 3529 1557 discrepet.
3561 1484 3671 1541 Sed

2036 1578 2175 1650 quid
2198 1577 2445 1633 viderint
2466 1576 2651 1632 sancti
2674 1575 2795 1646 Dei,
2821 1591 2923 1647 per
2952 1591 3098 1646 quos
3128 1573 3282 1630 Deus
3311 1572 3501 1629 videre
3532 1573 3670 1628 dici-

2033 1669 2149 1734 tur,
2183 1665 2401 1732 subdit,
2431 1681 2634 1720 omnes
2664 1662 3117 1728 declinaverunt,
3149 1666 3256 1718 etc.

2034 1754 2066 1809 4
2179 1754 2368 1809 Omnes
2395 1753 2819 1817 declinaverunt,
2852 1752 3019 1806 simul
3063 1750 3287 1805 inutiles
3330 1750 3465 1820 facti
3495 1756 3623 1804 sunt
3652 1767 3670 1802 :

2174 1845 2294 1898 Non
2340 1850 2419 1897 est
2465 1843 2563 1913 qui
2604 1843 2776 1914 faciat
2825 1840 3039 1896 bonum.
3066 1839 3191 1895 Non
3245 1846 3324 1893 est
3379 1853 3555 1915 usque
3601 1837 3671 1891 ad

2242 1948 2434 1986 unum.

2100 2019 2141 2076 C
2170 2020 2274 2075 Hic
2331 2019 2471 2076 dicit
2527 2006 2751 2084 omnes,
2781 2016 2840 2074 id
2888 2020 2976 2073 est
3022 2020 3230 2084 totum,
3276 2018 3333 2070 et
3380 2014 3674 2087 signiﬁcat

2029 2112 2275 2181 partem.
2310 2107 2770 2173 Declinaverunt,
2795 2104 3017 2162 scilicet
3037 2121 3070 2160 a
3089 2102 3274 2177 gratia
3295 2102 3416 2170 Dei,
3449 2106 3508 2159 et
3537 2103 3669 2158 facti

2029 2200 2168 2253 sunt
2184 2196 2421 2253 inutiles
2443 2197 2553 2252 sibi
2579 2199 2636 2251 et
2660 2192 2987 2250 aliis.Tanti
3010 2192 3165 2248 enim
3189 2195 3244 2247 et
3262 2193 3346 2246 tot
3368 2191 3437 2247 de
3456 2189 3673 2245 Judaeis

2028 2285 2194 2358 impii
2228 2286 2485 2351 fuerunt,
2508 2287 2572 2339 ut
2592 2299 2739 2355 pene
2761 2297 2963 2338 omnes
2985 2280 3189 2352 perﬁdi
3219 2296 3345 2334 esse
3369 2294 3433 2333 ac
3453 2278 3672 2350 perisse

2028 2376 2393 2446 putarentur.
2425 2372 2471 2428 A
2501 2369 2776 2427 Similiter
2818 2370 2889 2424 de
2936 2367 3227 2441 gentibus,
3263 2382 3465 2421 omnes
3495 2365 3673 2438 igitur

2027 2478 2146 2517 non
2192 2460 2526 2534 intelligunt
2581 2475 2685 2515 nec
2728 2455 3052 2530 requirunt,
3086 2455 3186 2510 sed
3235 2452 3669 2510 declinaverunt

2028 2553 2149 2607 tam
2178 2550 2364 2606 Judaei
2395 2566 2569 2622 quam
2600 2546 2864 2622 gentiles.
3488 2622 3492 2626 '

3425 2637 3480 2697 σ-Ξ
3524 2633 3661 2687 Lin-

2235 2730 2358 2797 guis
2385 2728 2503 2783 suis
2529 2725 2708 2783 dolose
2737 2726 2970 2794 agebant
3010 2729 3058 2789 ζ.

2072 2878 2081 2883 _
2129 2823 2184 2881 -ξ
2233 2819 2499 2873 Venenum
2525 2815 2777 2888 aspiciam
2803 2813 2902 2868 sub
2931 2811 3094 2867 labiis
3121 2826 3324 2867 eorum.

2097 2906 2137 2962 C
2155 2906 2355 2961 Merito
2367 2920 2501 2977 ergo
2518 2900 2852 2975 sepulcrum
2871 2901 3090 2956 dictum
3107 2902 3194 2955 est
3209 2901 3412 2971 guttur
3426 2913 3625 2954 eorum
3648 2914 3661 2953 :

2027 2995 2127 3066 qui
2159 2992 2462 3066 pestiferos
2514 3006 2814 3048 sermones
2861 2988 3251 3061 proferebant,
3285 2987 3438 3042 sicut
3466 2983 3665 3059 sepul-

2029 3099 2191 3137 crum
2240 3080 2446 3136 fetidos
2492 3080 2697 3136 odores
2748 3077 2997 3134 exhalat.
3031 3074 3273 3149 Linguis
3316 3075 3440 3130 suis
3471 3072 3668 3129 dolose
3779 3078 3783 3082 ’

2030 3170 2298 3242 agebant,
2325 3167 2538 3240 quibus
2569 3165 2865 3221 mortifera
2891 3165 3067 3220 verba
3096 3162 3668 3235 loquebantur.Aspi-

2028 3258 2158 3315 dum
2190 3256 2445 3311 immane
2475 3271 2660 3328 genus
2702 3256 2791 3308 est
2827 3251 3205 3323 serpentium,
3230 3249 3384 3321 quod
3417 3248 3666 3303 naturali

236 3324 383 3399 inus
415 3343 720 3415 erigatur.
748 3324 790 3399 C
820 3342 1087 3421 Psalmus
1116 3324 1244 3409 iste,
1271 3343 1603 3399 Iudaeorum
1623 3344 1917 3400 vesaniam
1950 3324 1992 3391 (ἶ
2029 3345 2418 3402 obstinatione
2439 3324 3056 3400 verbaincantantium
3075 3335 3416 3410 perhibetur
3435 3352 3549 3391 non
3573 3337 3667 3391 ad-

229 3431 599 3488 vehementi
624 3430 1015 3504 increpatione
1027 3431 1918 3505 castigat,asperinvectionibus,

230 3518 546 3576 terribilis
596 3519 880 3592 profanis,
927 3532 1165 3576 amarus
1212 3519 1544 3587 incredulis,
1579 3523 1642 3575 ut
1681 3519 1802 3576 haec
1830 3519 1918 3575 in-

227 3608 518 3681 crepatio
553 3606 768 3663 merito
807 3607 980 3663 detur
1008 3606 1296 3665 Ecclesiae.

229 3694 256 3752 1
380 3696 568 3752 Dixit
597 3696 867 3768 insipiens
897 3698 956 3751 in
985 3696 1141 3752 corde
1167 3711 1265 3753 suo
1293 3716 1311 3751 :

380 3782 521 3840 Non
549 3790 637 3839 est
664 3780 827 3839 Deus.

298 3872 345 3928 C
377 3871 631 3929 Videns
661 3870 895 3946 populis
923 3871 1258 3929 Judaeorum
1296 3873 1589 3931 Christum
1622 3872 1922 3930 humiliter

222 3959 480 4017 venisse
517 3959 682 4015 dixit
713 3975 726 4013 :
760 3959 886 4015 Non
933 3962 1023 4016 est
1068 3960 1244 4027 Deus,
1278 3978 1383 4017 nec
1409 3960 1689 4017 intellexit
1727 3961 1919 4034 ipsum

220 4062 362 4105 esse
405 4049 525 4121 qui
565 4064 608 4103 a
627 4047 929 4120 prophetis
959 4049 1267 4120 praedictus
1293 4054 1401 4105 est.
1424 4050 1494 4105 Et
1523 4048 1652 4105 ideo
1682 4048 1922 4122 insuper

217 4138 489 4211 gravius
522 4140 649 4200 est,
674 4135 813 4208 quia
842 4135 1117 4192 dixerunt
1147 4136 1256 4193 hoc
1286 4153 1400 4192 non
1423 4138 1481 4193 in
1503 4137 1694 4209 labiis,
1728 4139 1829 4195 sed
1862 4139 1921 4194 in

217 4227 432 4295 corde,
475 4229 555 4282 ut
594 4223 754 4280 male
784 4228 915 4281 voto
948 4227 1112 4298 pejor
1139 4226 1515 4283 incredulitas
1553 4229 1919 4301 jungcretur.

216 4318 265 4372 Α
295 4315 410 4372 Vel
457 4312 777 4387 insipiens
823 4314 1002 4372 etiam
1049 4314 1282 4389 gentilis
1332 4315 1561 4382 dicitur,
1594 4316 1775 4373 Deum
1808 4334 1923 4373 non

214 4422 354 4462 esse
388 4408 673 4479 putans,
704 4401 807 4474 qui
837 4406 1150 4475 corruptus
1184 4408 1272 4459 est
1301 4407 1515 4471 mente,
1556 4403 1778 4477 lignum
1811 4406 1925 4462 sibi

216 4483 421 4549 Deum
459 4490 736 4547 faciens.

208 4578 244 4636 2
363 4580 675 4652 Corrupti
713 4586 845 4635 sunt
870 4586 923 4635 et
953 4578 1351 4636 abominabiles
1397 4581 1537 4651 [acti
1570 4589 1699 4637 sunt
1729 4583 1790 4636 in
1818 4589 1927 4638 stu-

449 4669 583 4725 diis
616 4671 681 4733 -ξ
723 4667 841 4723 suis
882 4672 896 4731 ζ

363 4759 505 4815 Νοη
561 4762 662 4812 est
705 4756 803 4827 qui
848 4756 1019 4826 faciat
1065 4757 1342 4822 bonum—3
1389 4774 1497 4815 non
1541 4766 1617 4814 est
1666 4776 1834 4832 usque
1861 4758 1931 4815 ad

449 4861 667 4901 tinum
709 4849 723 4907 ζ
746 4884 761 4898 .

284 4935 338 4993 Η
371 4934 443 4991 Si
484 4932 682 4990 enim
714 4929 984 4986 notitiam
1014 4930 1361 4989 habuissent
1389 4934 1513 5005 Dei,
1537 4935 1792 5009 corrupti
1832 4953 1933 5009 per

214 5022 689 5079 inﬁdelitatem
722 5025 776 5075 et
808 5018 1252 5088 abominabiles,
1285 5021 1342 5076 id
1391 5026 1480 5078 est
1525 5023 1769 5081 odibiles
1818 5042 1931 5081 non

212 5113 523 5170 fuissent.
564 5104 716 5164 Non
748 5110 837 5161 est
884 5122 1070 5180 usque
1117 5108 1187 5163 ad
1220 5125 1425 5166 unum.
1457 5111 1498 5167 C
1527 5112 1742 5168 Revera
1771 5111 1933 5169 solus

211 5202 512 5258 Christus
550 5199 690 5262 est,
725 5193 851 5250 sine
883 5211 999 5266 quo
1029 5194 1265 5267 aliquod
1311 5197 1529 5253 bonum
1560 5198 1646 5255 vel
1678 5198 1933 5273 incipere

212 5289 301 5349 vel
346 5285 644 5363 implere
705 5279 905 5337 nullus
954 5281 1125 5339 valet.
1157 5283 1283 5340 Alia
1311 5283 1502 5342 littera
1540 5286 1715 5343 habet
1748 5306 1761 5343 :
1794 5288 1927 5343 Cor-

214 5379 379 5453 rupti
438 5377 613 5433 sunt
672 5369 742 5424 in
788 5368 1187 5427 voluntatibus
1238 5372 1382 5429 suis.
1416 5373 1695 5430 Voluntas
1738 5379 1933 5432 autem

2028 3432 2276 3499 mittere,
2308 3449 2411 3488 nec
2442 3450 2476 3486 a
2511 3435 2641 3487 voto
2690 3446 2796 3484 suo
2840 3430 3028 3500 potest
3074 3423 3375 3489 removeri,
3408 3427 3466 3479 et
3510 3423 3664 3494 quod

2029 3540 2143 3579 non
2172 3520 2321 3577 valet
2348 3520 2464 3576 ullo
2496 3518 2751 3575 carmine
2782 3514 3057 3588 mitigari,
3109 3511 3260 3568 sicut
3312 3510 3426 3567 alia
3454 3528 3667 3585 genere

2028 3610 2362 3683 serpentina
2385 3627 2397 3676 ;
2422 3608 2575 3680 quod
2611 3605 2902 3680 signiﬁcat
2930 3601 3276 3659 surditatem
3308 3599 3662 3656 mortiferam

2025 3694 2379 3754 Judteorum.
2398 3696 2698 3751 Venenum
2716 3692 2936 3748 dictum
2954 3694 3043 3747 est
3059 3690 3210 3763 quod
3231 3704 3333 3762 per
3343 3705 3519 3745 venas
3541 3704 3666 3742 cur—

2028 3790 2154 3855 rat;
2187 3786 2272 3842 sic
2318 3789 2376 3840 et
2420 3788 2553 3839 vota
2598 3781 2989 3856 malignorum
3048 3777 3275 3834 occulta
3317 3775 3665 3850 cogitatione

2027 3879 2389 3950 grassantur.

2026 3965 2062 4018 6
2130 3968 2186 4029 -ξ
2232 3964 2470 4031 Quorum
2494 3976 2550 4015 os
2568 3957 2948 4015 maledictione
2973 3963 3024 4011 et
3050 3952 3418 4010 amaritudine
3442 3953 3669 4024 plenum

2237 4059 2315 4106 est
2357 4055 2408 4114 ξε

2132 4145 2187 4203 -Ξ
2235 4138 2437 4193 Veloces
2503 4135 2661 4207 pedes
2736 4148 2923 4190 eorum
2972 4131 3044 4186 ad
3097 4128 3481 4202 effundendum
3539 4142 3669 4181 san-

2240 4228 2458 4297 guinem
2499 4229 2547 4288 ζ.

2101 4316 2161 4371 C.
2186 4316 2443 4379 Quorum
2465 4326 2549 4378 os,
2574 4309 2632 4364 id
2655 4312 2743 4365 est
2762 4302 3357 4375 Judmorumquando
3379 4318 3481 4373 pro
3504 4300 3671 4356 bonis

2032 4398 2530 4460 admonitionibus
2577 4394 3063 4466 blasphemabant
3099 4389 3416 4445 Christum.
3447 4387 3670 4445 Amari-

2036 4490 2255 4556 tudine,
2288 4503 2424 4543 cum
2456 4485 2525 4541 de
2555 4500 2693 4540 nece
2748 4482 2875 4551 ejus
2926 4478 3271 4537 tractabant.
3307 4477 3503 4543 Pedes,
3536 4493 3670 4532 con-

2035 4578 2150 4635 silii
2181 4584 2525 4650 progressus
2556 4569 2830 4645 appellat,
2862 4568 3080 4640 quibus
3121 4566 3191 4621 de
3219 4566 3449 4636 incepto
3480 4578 3670 4650 move-

1957 4685 2006 4744 ο
2036 4649 2270 4723 πιυιιίθά
2300 4664 2489 4720 exitus
2518 4677 2733 4716 rerum.
2768 4658 2910 4714 Cum
2949 4654 3109 4721 dicit,
3142 4653 3387 4720 veloces,
3421 4649 3676 4708 defuisse

2040 4754 2153 4811 illis
2175 4752 2431 4810 ostendit
2450 4748 2693 4806 consilia
2714 4740 3675 4802 moderationis.Adeffundendum

2036 4843 2403 4917 sanguinem,
2434 4839 2490 4894 id
2521 4842 2610 4894 est
2637 4834 2867 4893 Domini
2897 4831 3207 4889 Salvatoris
3237 4834 3293 4886 et
3321 4845 3581 4899 suorum,
3613 4831 3681 4917 ut

2039 4913 2326 4988 scelerata
2348 4928 2429 4985 rei
2452 4930 2674 4984 crescat
2704 4922 3044 4979 immanitas
3072 4918 3337 4985 actionis,
3361 4917 3501 4973 dum
3533 4919 3590 4972 et
3620 4913 3677 4969 in

2039 5018 2352 5077 Dominum
2382 5016 2734 5071 Salvatorem
2766 5026 2976 5067 manus
3007 5006 3206 5065 noxias
3237 5002 3524 5078 injiciunt.

2038 5110 2073 5162 7
2143 5114 2198 5172 -Ξ
2245 5106 2508 5163 Contritio
2553 5110 2604 5159 et
2651 5101 2947 5173 infelicitas
2994 5100 3052 5153 in
3098 5097 3203 5152 viis
3247 5111 3434 5153 eorum
3472 5098 3489 5163 ζ
3529 5098 3585 5157 -Ξ
3629 5096 3683 5146 et

2250 5196 2397 5250 viam
2415 5194 2570 5264 pacis
2596 5200 2705 5245 non
2733 5193 3097 5258 cognoverunt
3137 5190 3188 5250 j:

2143 5289 2200 5349 -Ξ
2243 5287 2361 5340 Νοη
2392 5288 2471 5337 est
2499 5281 2662 5335 timor
2686 5278 2785 5334 Dei
2811 5285 2932 5332 ante
2961 5274 3140 5330 oculos
3172 5289 3357 5329 eorum
3397 5279 3445 5335 ζ.

2112 5372 2158 5426 Η
2190 5369 2487 5436 Contritio,
2517 5366 2736 5423 scilicet
2793 5363 3051 5436 corporis
3109 5361 3463 5426 Judecorum,
3493 5351 3682 5410 infeli-

214 5438 378 5526 didta
409 5469 517 5524 est
550 5480 595 5521 a
630 5458 856 5527 volatu,
892 5458 1166 5530 quoniam
1200 5459 1433 5517 animus
1462 5479 1576 5535 quo
1601 5462 1725 5519 vult
1756 5463 1937 5519 nimia
2043 5460 2191 5515 citas
2223 5458 2448 5512 animae.
2474 5460 2537 5510 In
2567 5455 2696 5521 viis,
2732 5455 2790 5508 in
2819 5451 3091 5525 Operibus
3121 5464 3345 5503 eorum.
3371 5443 3529 5535 Cur‘l
3551 5438 3688 5510 quia

214 5557 553 5614 velocitate
585 5545 987 5605 transfertur.
1019 5547 1282 5620 Corrupti
1330 5548 1508 5621 igitur
1552 5554 1691 5605 sunt
1726 5549 1937 5618 Judaei,

2043 5547 2196 5603 viam
2228 5546 2406 5618 pacis,
2434 5544 2491 5599 id
2521 5548 2610 5599 est
2656 5542 2950 5597 Christum
2984 5553 3100 5591 non
3134 5532 3551 5618 cognoverunt,
3582 5537 3685 5577 n80

216 5641 363 5703 dum
389 5661 429 5702 a
452 5638 947 5711 Scrip‘turarum
970 5611 1219 5690 sanitate
1248 5611 1599 5701 recedentes,
1620 5638 1677 5691 in
1699 5636 1939 5693 vitiosos
2050 5653 2149 5708 per
2174 5634 2346 5689 ﬁdem
2381 5649 2486 5689 nec
2519 5647 2618 5703 per
2648 5645 2839 5701 opera.
2868 5623 3092 5711 Quare?
3104 5621 3241 5711 quia
3269 5635 3380 5711 non
3405 5611 3688 5711 οξῑ-ῐίσξίξξ

218 5701 443 5793 sensus
480 5701 893 5794 inciderunt,
923 5724 982 5778 et
1012 5722 1091 5780 ita
1118 5722 1539 5781 nefandissima
1567 5724 1945 5780 incredulitate
2050 5701 2147 5779 Dei
2176 5723 2234 5777 in
2266 5737 2441 5777 sensu
2498 5701 2555 5775 ec
2571 5733 2721 5781 rum,
2756 5731 2868 5771 non
2911 5710 3067 5767 cnim
3117 5707 3384 5759 metuunt
3425 5701 3685 5755 futurum
