3936 6420
265 426 342 490 83
1181 427 1247 489 S.
1293 427 1686 490 BHUNONIS
1733 427 2350 518 llEltBII‘tlLEN-SIS
2393 426 2768 490 EPISCOPI.
3606 423 3688 488 84
3729 481 3738 488 .

254 560 570 636 judicium.
613 561 799 618 C.Via
830 561 1144 635 impiorum
1177 561 1444 618 contritio
1473 565 1582 627 est,
1617 561 1755 634 quia
1785 562 1918 618 terit
1945 565 2000 632 Α
2032 562 2380 636 prophetica:
2431 558 2869 634 interrogationi
2919 557 3232 632 respondet
3284 558 3590 627 Dominus,
3623 559 3682 633 in

261 656 318 708 et
345 650 592 720 teritur;
624 649 1053 724 infelicitasque
1081 651 1137 706 in
1171 667 1238 706 ea
1281 655 1390 717 est,
1423 650 1560 723 quia
1609 667 1914 724 nunquam
2026 651 2291 725 Decalogi
2327 650 2658 724 exemplum
2686 668 2702 720 ;
2735 651 2936 705 decem
2984 646 3298 704 virtutibus
3329 647 3401 704 ad
3432 647 3683 705 beatitu-

261 757 366 814 per
394 740 582 813 ipsam
617 739 730 796 nisi
766 740 838 795 ad
870 739 1129 795 infausta
1159 739 1448 812 supplicia
1476 741 1828 812 pervenitur.
2026 740 2181 797 dinis
2213 759 2331 797 suae
2364 740 2513 796 atria
2542 738 2851 815 perveniri.

258 831 293 888 8
401 835 594 888 Nonne
622 837 937 904 (agnoscent
990 845 1175 886 omnes
1199 831 1296 904 qui
1321 837 1620 903 operantur
1649 831 1915 903 iniquita-
2026 833 2051 886 1
2167 833 2412 898 Domine,
2445 832 2568 904 quis
2598 829 2880 910 habitabit.
2893 829 2954 883 in
2986 827 3333 884 tabernaculo
3362 835 3454 883 tuo
3485 846 3502 882 :

474 928 580 977 tem
605 938 622 974 :
2167 921 2272 978 Aut
2299 922 2423 992 quis
2453 921 2748 992 requiescet
2778 920 2835 973 in
2866 925 3044 974 monte
3070 925 3255 973 sancto
3286 917 3422 974 tuo?

405 1009 512 1078 Qui
537 1009 799 1066 devorant
823 1010 1033 1082 plebem
1059 1026 1235 1066 meam
1263 1011 1408 1066 sicut
1433 1025 1608 1065 escam
1633 1009 1797 1081 panis
1819 1007 1846 1062 ?
2096 1008 2138 1064 C
2165 1007 2634 1066 Tabernaculum
2658 1007 2880 1062 dictum
2904 1024 2972 1062 ex
2993 1006 3224 1062 duobus
3255 1005 3683 1073 nominibus,id

332 1099 378 1155 Η
411 1103 616 1154 Nonne
663 1103 1036 1171 cognoscent,
1068 1116 1134 1154 ac
1186 1100 1234 1154 si
1267 1099 1423 1155 dicat
1455 1116 1469 1155 :
1502 1098 1560 1154 Si
1595 1097 1766 1153 modo
1798 1114 1914 1153 non
2024 1103 2113 1153 est
2142 1116 2175 1154 a
2204 1098 2448 1154 taberna
2477 1103 2625 1170 (qua:
2657 1101 2745 1153 est
2773 1097 2984 1152 domus
3017 1111 3362 1169 pauperum,
3395 1095 3535 1168 quia
3565 1111 3681 1166 non

259 1191 614 1261 cognoscent
657 1193 964 1244 venturam
1013 1187 1318 1257 ultionem,
1353 1190 1708 1260 cognoscent
1735 1185 1792 1241 in
1819 1186 1916 1256 ju-
2025 1187 2217 1262 adhuc
2250 1186 2464 1260 tegulis
2485 1187 2582 1242 sed
2603 1190 2832 1241 tantum
2865 1184 3134 1241 trabibus
3165 1184 3485 1258 tegebatur)
3505 1189 3560 1240 et
3576 1201 3685 1240 cce-

259 1275 413 1334 dicio
442 1276 540 1350 qui
575 1277 748 1332 modo
776 1276 932 1333 mala
960 1281 1294 1348 operantur.
1330 1276 1560 1332 Plebem
1594 1293 1784 1332 meam
1817 1277 1914 1331 de-
2025 1276 2233 1334 nabulo
2265 1276 2424 1349 (quia
2454 1275 2532 1334 ibi
2563 1275 2890 1342 cmnabant,
2931 1275 3082 1330 sicut
3109 1273 3370 1346 antiquis
3401 1289 3529 1330 mos
3559 1279 3684 1330 erat

257 1369 484 1432 vorant,
507 1365 560 1420 id
595 1370 684 1422 est
716 1364 969 1420 haeretici
1002 1364 1281 1438 populum
1316 1365 1715 1421 Christianum
1747 1365 1917 1422 sedu-
2026 1365 2201 1421 semel
2236 1365 2292 1422 in
2327 1366 2421 1422 die
2447 1367 2644 1421 cibum
2687 1367 2943 1434 sumere)
2992 1361 3285 1436 signiﬁcat
3333 1361 3681 1419 catholicam

258 1459 419 1522 cunt,
452 1453 539 1511 vel
569 1453 707 1510 mali
754 1453 1030 1510 occidunt
1077 1455 1278 1524 bonos,
1308 1453 1392 1508 vel
1427 1453 1743 1509 idololatrae
1786 1471 1915 1509 rre-
2025 1455 2198 1513 ﬁdem
2233 1455 2289 1510 in
2325 1473 2440 1528 qua
2471 1454 2698 1511 habitat
2730 1459 2936 1512 sancta
2965 1452 3064 1509 Dei
3099 1451 3374 1508 Ecclesia.
3410 1452 3576 1507 Mons
3608 1451 3685 1506 si-

259 1543 662 1605 dentes.Sicut
684 1543 885 1599 nullus
914 1543 1182 1600 esuriens
1213 1543 1338 1600 sine
1370 1561 1518 1617 pane
1549 1545 1694 1600 bene
1726 1549 1916 1617 potest
2024 1549 2165 1617 gnat
2197 1545 2454 1600 futuram
2480 1543 2828 1600 Jerusalem.
2853 1545 2897 1598 A
2920 1541 3045 1598 Non
3085 1547 3281 1598 autem
3312 1541 3518 1613 quaerit
3546 1539 3684 1612 quis

259 1633 534 1696 saturari',
551 1633 634 1689 sic
661 1631 918 1688 haeretici
951 1650 1250 1706 nunquam
1283 1634 1576 1690 satiantur
1597 1633 1916 1708 iniquitati-
2025 1634 2084 1688 in
2118 1633 2374 1690 Ecclesia
2403 1633 2670 1689 absolute
2700 1633 2945 1697 habitet,
2974 1631 3034 1688 in
3065 1647 3181 1704 qua
3209 1633 3268 1686 ct
3295 1629 3430 1685 boni
3463 1633 3520 1685 et
3544 1627 3681 1685 mali

258 1722 371 1779 bus
401 1722 556 1791 suis,
583 1721 694 1778 nisi
727 1727 1156 1795 persequantur
1197 1722 1578 1778 Christianos.
1613 1724 1658 1778 A
1687 1723 1788 1778 Vel
1822 1740 1914 1778 sa-
2027 1728 2184 1789 sunt,
2219 1724 2318 1778 sed
2347 1723 2822 1778 subaudiendum
2855 1719 3324 1794 reliquit,digne.
3345 1718 3485 1785 Quis
3512 1718 3679 1785 inea,

257 1809 484 1866 tiantur
499 1809 900 1882 persecutione
915 1809 1574 1878 Christianorum,sicut
1593 1826 1726 1866 esca
1747 1809 1916 1882 panis
2026 1811 2245 1869 scilicet
2273 1812 2468 1886 digne,
2502 1811 2742 1868 habitet.
2775 1811 2938 1876 Quod
2993 1826 3062 1866 ex
3110 1825 3178 1866 eo
3209 1809 3492 1883 probatur
3523 1807 3681 1881 quod

258 1899 510 1956 satiatur
534 1891 824 1956 esuriens.
1677 1905 1686 1920 '
1944 1941 1992 2006 Β
2025 1901 2245 1971 subdit,
2278 1905 2380 1957 aut
2409 1900 2562 1974 quis,
2592 1905 2701 1957 etc.
2813 1955 2819 1962 .

255 1988 292 2043 9
403 1992 701 2046 Dominum
731 2007 842 2046 non
873 1992 1261 2048 invocaverunt
1291 2009 1310 2046 :
1948 1988 1992 2006 "
2024 1993 2058 2046 2
2166 1992 2280 2061 Qui
2309 1991 2619 2063 ingreditur
2645 1991 2766 2046 sine
2788 1989 3030 2055 macula,

403 2079 523 2136 Illic
541 2081 949 2153 trepidaverunt
969 2083 1234 2145 timore—3
1269 2081 1368 2136 ubi
1384 2097 1496 2136 non
1525 2087 1641 2136 erat
1661 2081 1822 2135 timor
1863 2085 1912 2145 ζ.
2170 2082 2233 2136 Et
2262 2089 2521 2152 operatur
2537 2081 2844 2153 justitiam.

331 2168 377 2224 II
403 2168 718 2226 Dominum
751 2188 867 2228 non
910 2171 1343 2236 invocaverunt,
1380 2169 1426 2225 si
1460 2169 1617 2225 enim
1649 2169 1916 2224 invocas-
2095 2169 2137 2225 C
2169 2170 2398 2242 lngredi
2431 2168 2874 2226 tabernaculum
2899 2167 3026 2223 sine
3057 2166 3216 2224 omni
3249 2165 3479 2223 macula
3499 2164 3683 2222 solius
3725 2221 3730 2224 .

259 2259 410 2322 sent,
444 2255 587 2313 salvi
617 2263 834 2314 essent.
869 2257 995 2314 Illic
1045 2258 1486 2330 trepidaverunt
1526 2257 1583 2311 in
1637 2255 1808 2312 idolis
1860 2261 1919 2313 et
2026 2257 2252 2314 Domini
2285 2258 2410 2314 fuit.
2438 2259 2804 2331 Operabatur
2843 2255 3143 2330 justitiam
3180 2272 3194 2310 :
3229 2273 3360 2310 cum
3410 2255 3580 2327 ejecit
3611 2255 3684 2312 de

257 2346 460 2400 ritibus
509 2345 676 2402 vanis
725 2347 1202 2414 simulacrorum,
1234 2345 1334 2420 qui
1369 2351 1550 2402 Deum
1581 2346 1786 2402 timere
1817 2347 1914 2402 de-
2023 2346 2244 2420 templo
2274 2349 2592 2404 vendentes
2622 2351 2679 2404 et
2709 2351 2992 2402 ementes.
3027 2345 3074 2401 Il
3115 2345 3515 2400 Membrorum
3547 2361 3682 2402 vero

258 2433 494 2491 hebant.
528 2435 570 2490 C
600 2436 667 2492 Et
709 2437 944 2508 quando
986 2437 1258 2493 dicebant
1308 2437 1378 2492 de
1427 2435 1657 2492 Christo
1692 2453 1705 2492 :
1735 2435 1792 2491 Si
1827 2435 1915 2490 di-
2025 2454 2266 2494 suorum
2289 2441 2399 2503 est,
2422 2436 2549 2494 sine
2571 2434 2804 2492 macula
2834 2433 3055 2508 peccati
3093 2432 3361 2490 mortalis
3392 2433 3681 2504 incedere,

257 2522 552 2579 mittimus
583 2540 718 2579 eum
746 2525 850 2593 sic,
879 2529 989 2580 etc.
2024 2530 2082 2581 et
2110 2543 2211 2598 per
2237 2525 2601 2599 baptismum
2635 2524 2761 2582 sine
2790 2524 2950 2580 omni
2985 2521 3217 2579 macula
3259 2522 3508 2596 ingredi,
3541 2522 3684 2595 quia

259 2611 330 2666 10
406 2611 678 2679 Quoniam
707 2615 849 2670 Deus
891 2615 951 2670 in
994 2617 1347 2686 generatione
1383 2615 1534 2686 justa
1581 2623 1659 2671 est
1689 2633 1708 2670 :
1737 2616 1914 2672 consi-
2025 2615 2152 2674 sine
2183 2615 2446 2671 minimis
2477 2632 2605 2670 esse
2637 2631 2751 2670 non
2785 2629 3124 2687 possumus.

478 2700 621 2755 lium
651 2701 828 2774 inopis
857 2703 1182 2775 conf-adistis
1210 2722 1228 2758 :
2023 2705 2058 2760 3
2165 2706 2279 2776 Qui
2307 2705 2548 2777 loquitur
2576 2704 2856 2759 veritatem
2882 2705 2938 2758 in
2969 2701 3128 2758 corde
3155 2717 3290 2770 suo;

408 2788 679 2857 Quoniam
706 2793 970 2848 Dominus
998 2809 1118 2865 spes
1145 2795 1262 2867 ejus
1291 2801 1387 2850 est.
2169 2795 2277 2864 Qui
2303 2812 2413 2850 non
2433 2796 2546 2864 egit
2572 2794 2758 2850 dolum
2784 2794 2841 2848 in
2873 2793 3066 2864 lingua
3094 2807 3218 2848 sua.
3676 2864 3683 2871 _

336 2879 388 2932 Η
418 2877 703 2945 Quoniam
746 2885 899 2940 Deus
929 2886 1018 2939 est
1047 2882 1104 2939 in
1130 2883 1502 2957 generatione
1521 2885 1704 2956 justa,
1740 2884 1796 2940 id
1827 2889 1918 2941 est
2094 2883 2141 2938 Η
2175 2882 2340 2939 Multi
2385 2883 2711 2956 loquuntur
2763 2881 3071 2936 veritatem
3118 2877 3308 2946 labiis,
3343 2878 3444 2935 sed
3476 2895 3591 2934 non
3619 2878 3684 2946 in,

262 2967 322 3022 in
350 2966 566 3040 populo
609 2967 956 3027 Christiano.
987 2973 1028 3028 C
1077 2971 1288 3030 Christi
1339 2973 1650 3031 consilium
1711 2973 1913 3030 confu-
2023 2973 2216 3039 corde,
2250 2973 2349 3045 qui
2375 2971 2648 3028 videntur
2675 2987 2812 3027 vera
2840 2970 3052 3035 dicere,
3085 2969 3185 3024 sed
3217 2985 3317 3024 cor
3345 2985 3478 3023 cum
3509 2965 3680 3022 labiis

264 3055 456 3124 distis,
481 3055 548 3135 id
589 3063 678 3114 est
697 3059 994 3133 suscipere
1020 3061 1290 3119 noluistis
1321 3063 1367 3119 Η
1399 3062 1644 3119 dicentis
1677 3081 1691 3120 :
1726 3063 1913 3118 Pceni-
2023 3078 2138 3117 non
2171 3066 2474 3132 consonat,
2507 3061 2661 3134 quod
2695 3059 2994 3116 Christum
3028 3074 3142 3114 non
3176 3057 3326 3113 fecit.
3351 3056 3474 3112 Non
3507 3055 3680 3130 elegit

259 3142 503 3198 tentiam
535 3143 706 3219 agite.
721 3149 898 3220 Inops
927 3145 1143 3206 dicitur
1169 3149 1459 3218 Christus,
1479 3151 1575 3224 qui
1609 3169 1712 3226 pro
1746 3151 1914 3208 nobis
2024 3151 2223 3206 dolum
2245 3151 2532 3216 Christus,
2558 3149 2696 3222 quia
2716 3165 2843 3221 qua:
2866 3147 3099 3203 locutus
3122 3151 3210 3202 est
3229 3163 3347 3216 ore,
3371 3143 3680 3218 complevit

261 3245 486 3304 pauper
514 3232 704 3292 factus
745 3241 852 3293 est.
889 3238 1174 3296 Dominus
1226 3257 1359 3314 spes
1417 3241 1548 3313 ejus
1603 3246 1710 3297 est.
1745 3241 1915 3297 Pater
1955 3311 1980 3314 ι
2023 3257 2215 3312 Opere.
2251 3240 2354 3296 Ille
2399 3239 2598 3296 dolose
2647 3237 2787 3312 agit,
2819 3237 2917 3310 qui
2953 3235 3129 3294 .aliud
3174 3235 3293 3310 agit
3319 3238 3376 3290 et
3405 3231 3563 3290 aliud
3590 3233 3678 3297 dig

257 3319 458 3392 utique
482 3320 632 3390 Filii,
655 3325 794 3397 quia
827 3325 1167 3385 humanitas
1197 3311 1522 3398 conferta—ta
1553 3336 1641 3386 est
1663 3331 1734 3386 de
1764 3329 1912 3386 Divi-
1943 3311 1986 3378 C
2023 3311 2123 3386 cit.

255 3407 927 3503 nitateAVelquodlibet
940 3417 1272 3474 membrum
1285 3418 1496 3474 Christi
1513 3418 1913 3503 existens,qua
2022 3419 2052 3472 4
2163 3418 2269 3474 Nec
2294 3419 2424 3490 fecit
2447 3419 2704 3490 proximo
2732 3432 2830 3473 suo
2858 3415 3088 3483 malum,

252 3498 538 3554 Dominus
570 3517 705 3572 spes
735 3505 1000 3574 ejusdem
1035 3523 1050 3562 ι
1083 3507 1222 3563 inde
1276 3507 1672 3564 contemnitur
1721 3498 1912 3582 magis
2163 3509 2227 3562 Et
2271 3508 2623 3579 opprobrium
2672 3522 2786 3562 non
2839 3507 3047 3577 accepit
3095 3501 3353 3559 adversus
3395 3501 3676 3574 proximos

253 3587 408 3641 unde
440 3588 631 3661 magis
661 3593 1013 3648 reverendus
1039 3599 1212 3651 esset.
2231 3613 2378 3652 suos.

253 3675 313 3730 11
393 3677 534 3745 Quis
589 3677 740 3735 dabit
786 3697 857 3736 ea:
901 3681 1034 3738 Sion
1080 3685 1329 3740 salutare
1365 3686 1728 3742 IsraeIPcum
1752 3703 1909 3743 aver-
2090 3687 2135 3742 Η
2173 3684 2419 3742 Proximi
2470 3689 2610 3742 sunt
2668 3683 2836 3740 nobis
2885 3699 3090 3739 omnes
3121 3680 3408 3746 homines,
3443 3683 3500 3734 et
3530 3677 3675 3734 nulli

467 3767 598 3821 terit
625 3768 888 3825 Dominus
917 3774 1286 3844 captivitatem
1309 3775 1490 3847 plebis
1517 3791 1656 3844 suae,
2018 3776 2301 3831 debemus
2332 3774 2553 3830 malum
2590 3775 2798 3830 facere.
2831 3772 2934 3828 Ille
2963 3769 3364 3844 opprobrium,
3388 3769 3446 3824 id
3479 3762 3567 3823 est
3581 3767 3677 3824 de-

395 3853 894 3915 Exsultabitlacob
922 3868 974 3917 et
1005 3861 1288 3919 laetabitur
1313 3865 1504 3920 Israel.
2017 3863 2360 3920 tractionem
2413 3881 2530 3919 non
2587 3863 2801 3936 accipit
2843 3863 2914 3918 de
2965 3862 3160 3925 fratre,
3189 3857 3291 3932 qui
3341 3857 3506 3931 prius
3557 3873 3674 3912 non

325 3941 366 3995 C
396 3941 541 3997 Cum
576 3943 736 4017 dicit,
770 3948 903 4020 quis
943 3949 1126 4019 dabit,
1159 3951 1284 4008 vult
1313 3953 1560 4026 intelligi
1591 3953 1907 4010 Dominum
2017 3954 2201 4010 credit
2231 3952 2387 4010 mala
2415 3953 2486 4010 de
2517 3953 2614 4009 illo
2645 3957 2961 4025 antequam
2989 3946 3338 4022 probat.Qui
3362 3946 3475 4002 ista
3503 3961 3678 4018 supe-

253 4029 504 4097 Patrem,
539 4033 636 4104 qui
681 4037 992 4094 Dominum
1025 4039 1321 4097 Christum
1356 4041 1414 4096 in
1445 4041 1605 4108 Sion,
1641 4042 1699 4098 id
1729 4047 1818 4098 est
1847 4043 1907 4099 in
2018 4043 2142 4098 rius
2201 4041 2626 4116 comprehensa
2680 4039 2951 4114 complet,
3010 4037 3106 4094 ille
3160 4032 3385 4092 habitat
3443 4035 3502 4091 in
3559 4034 3678 4091 vita

248 4118 579 4178 Jerusalem
613 4123 842 4182 mittere
873 4127 1148 4202 dignatus
1178 4135 1287 4187 est.
1313 4131 1440 4204 Ipse
1461 4135 1551 4188 est
1571 4135 1783 4188 aeterna
1813 4148 1906 4188 sa-
2016 4135 2252 4188 aeterna.

251 4208 348 4264 lus
379 4209 577 4280 Israel,
611 4211 668 4268 id
713 4218 804 4271 est
851 4217 1237 4274 credentium.
1279 4219 1431 4276 Dum
1482 4221 1696 4287 avertit,
1730 4220 1785 4276 id
1819 4225 1909 4278 est
2012 4220 2050 4276 5
2160 4219 2250 4275 Ad
2279 4218 2520 4274 nihilum
2571 4219 2830 4275 deductus
2871 4224 2950 4272 est
2993 4216 3054 4270 in
3090 4218 3372 4286 conspectu
3401 4211 3518 4284 ejus
3546 4227 3672 4265 ma-

248 4295 550 4356 diabolum
601 4301 985 4373 damnaverit,
1019 4307 1118 4380 qui
1151 4307 1250 4364 Dei
1285 4307 1514 4381 plebem
1547 4308 1816 4382 persequi
1849 4315 1907 4366 et
2230 4309 2434 4380 lignus,

246 4387 537 4458 captivare
561 4389 814 4449 festinat.
837 4395 1164 4452 Exsultabit
1182 4395 1454 4464 Jacob,id
1470 4397 1904 4454 estJudreorum
2160 4399 2420 4453 Timentes
2450 4405 2631 4453 autem
2662 4395 2955 4451 Dominum
2979 4391 3270 4465 gloriﬁcat.
3681 4463 3686 4473 _

245 4479 304 4532 et
332 4476 593 4548 gentium
626 4482 878 4556 populus
911 4484 1194 4542 collectus
1219 4503 1322 4558 per
1349 4485 1598 4559 gratiam
1632 4485 1752 4542 Dei.
1785 4487 1902 4544 Lze-
2085 4486 2130 4542 ΙΙ
2162 4487 2244 4542 Ad
2277 4485 2528 4542 nihilum
2559 4485 2850 4541 deductus
2882 4487 2971 4539 est
3000 4479 3317 4555 malignus,
3343 4479 3402 4534 id
3435 4481 3523 4534 est
3553 4474 3676 4532 dia-

244 4562 467 4622 tabitur
494 4569 696 4638 Israel,
731 4571 840 4628 hoc
871 4578 960 4629 est
989 4574 1342 4631 universalis
1370 4573 1649 4630 Ecclesia.
2012 4575 2198 4643 bolus,
2233 4575 2372 4648 quia
2403 4575 2555 4648 apud
2588 4578 2822 4631 sanctos
2865 4590 2967 4646 pro
3019 4569 3200 4627 nihilo
3247 4568 3518 4624 habetur.
3557 4565 3668 4632 Qui

737 4677 945 4750 ORATIO
985 4679 1052 4718 ax
1093 4679 1250 4719 PSAL.
1291 4680 1414 4718 xm.
1937 4684 1981 4750 Β
2013 4665 2223 4722 timent
2254 4666 2564 4721 Dominum
2594 4663 2804 4720 timore
2844 4665 3065 4729 sancto,
3098 4656 3384 4716 Dominus
3415 4672 3514 4712 eos
3534 4671 3668 4750 _ma-_

317 4742 590 4816 Dignare,
623 4747 891 4817 Domine,
923 4751 993 4805 de
1024 4751 1168 4808 ccelo
1217 4756 1420 4806 sancto
1469 4754 1570 4808 tuo
1618 4753 1904 4825 respicere
1937 4742 1974 4750 -
2013 4754 2271 4828 gniﬁcat.
2304 4757 2342 4810 C
2373 4753 2474 4810 Vel
2507 4755 2577 4811 ad
2613 4752 2862 4809 nihilum
2897 4751 3186 4808 deductus
3216 4751 3322 4812 est,
3357 4744 3590 4819 quando
3617 4744 3670 4800 ei

245 4847 426 4903 super
457 4833 608 4891 filios
640 4835 970 4906 hominum,
999 4844 1056 4896 et
1083 4839 1159 4896 da
1188 4841 1358 4896 nobis
1407 4857 1720 4915 agnoscere
1749 4843 1903 4902 viam
2012 4843 2192 4900 dixit:
2229 4844 2370 4900 Redi
2403 4848 2576 4910 retro,
2609 4844 2878 4911 Satanas,
2913 4857 3030 4897 non
3069 4836 3325 4895 tentabis
3359 4833 3670 4904 Qominum

244 4919 430 4991 pacis,
453 4926 536 4988 ut,
559 4941 761 4982 aversa
785 4927 1056 4984 vitiorum
1083 4928 1433 5002 captivitate,
1469 4929 1716 4988 cmlestis
1735 4931 1902 4990 Jeru-
2010 4934 2197 4990 Deum
2227 4936 2418 4990 tuum.

245 5005 428 5060 salem
480 5008 814 5096 habitaculo
873 5016 1264 5088 perfruamur.
1293 5017 1402 5074 Per
1443 5018 1757 5077 Dominum
1805 5039 1902 5079 no—
2007 5025 2044 5080 6
2152 5024 2264 5095 Qui
2283 5023 2520 5096 jurat—I
2560 5023 2816 5096 proximo
2846 5036 2945 5077 suo
2987 5025 3001 5086 ζ
3047 5024 3098 5074 et
3143 5031 3251 5073 non
3297 5013 3546 5085 decipit:
3574 5011 3674 5084 qui

245 5097 466 5150 atrum.
489 5091 494 5097 ’
1503 5117 1508 5120 '
2170 5091 2188 5095 ν
2219 5091 2514 5186 pecuniam
2543 5091 2699 5168 suam
2729 5122 2842 5168 ηοη
2869 5109 3016 5166 dedit
3043 5107 3114 5164 ad
3132 5113 3401 5170 usuram;

818 5191 1148 5250 PSALMUS
1186 5194 1328 5250 XIV.
2151 5203 2216 5258 Et
2244 5218 2476 5258 munera
2503 5218 2667 5274 super
2697 5202 3004 5257 innocentes
3033 5214 3144 5254 non
3171 5193 3397 5265 accepit.
3672 5273 3678 5278 _

697 5293 1097 5340 ARGUMENTUM
1137 5301 1294 5350 PSAL,
1335 5303 1448 5342 xxv.
2075 5293 2114 5349 C
2161 5291 2367 5348 Jurare
2419 5292 2575 5348 enim
2628 5290 2851 5347 dictum
2900 5292 3008 5357 est,
3063 5282 3232 5360 quasi
3270 5283 3435 5356 juste
3482 5296 3668 5336 orare,

246 5445 259 5458 υ
317 5358 746 5458 ςΡιιορὴςιὶοεε
777 5367 1217 5458 interrogationi.
1250 5377 1558 5450 respondet
1589 5381 1892 5452 Dominus,
2003 5382 2113 5438 hoc
2143 5383 2232 5436 est
2252 5381 2416 5452 justo
2444 5379 2625 5452 loqui.
2659 5381 2703 5436 A
2742 5379 2866 5436 Non
2902 5358 3116 5447 decipit
3147 5373 3488 5458 proximum,
3515 5385 3530 5424 :
3567 5367 3670 5440 qui

242 5445 304 5544 ξιι
338 5445 606 5544 pfcﬂlflgl
654 5457 986 5530 exemplum
1045 5461 1241 5518 decem
1291 5465 1609 5524 virtutibus
1661 5470 1731 5525 ad
1773 5487 1894 5527 suae
1995 5472 2162 5542 jurat
2217 5470 2355 5525 dare
2404 5473 2461 5526 et
2519 5445 2830 5526 subvenire
2885 5445 3167 5542 proximo—
3199 5467 3256 5518 et
3305 5453 3678 5534 promissum

241 5535 626 5596 beatitudinis
657 5545 804 5600 atria
839 5550 1148 5621 perveniri.
1995 5535 2217 5615 reddit.
2251 5558 2297 5614 H
2328 5557 2428 5613 Vel
2462 5551 2576 5614 non
2621 5558 2838 5630 decipit
2867 5535 3066 5613 anima
3099 5551 3454 5628 proximum,
3488 5547 3546 5602 id
3579 5551 3670 5602 est

761 5637 876 5694 TT.
907 5640 1162 5698 Psalmus
1190 5643 1381 5700 David.
2007 5664 2238 5718 corpus.
2273 5647 2318 5702 si
2351 5651 2642 5720 praecepta
2697 5647 2792 5704 Dei
2855 5646 3126 5702 observat
3181 5657 3310 5714 qua:
3360 5637 3670 5694 observare

314 5711 356 5762 C
387 5707 653 5774 Psalmus
687 5720 789 5778 iste
823 5743 933 5783 non
973 5728 1360 5800 profunditate
1393 5732 1619 5790 velatus
1650 5741 1758 5804 est,
1793 5738 1892 5793 sed
2006 5707 2489 5810 proinittiLSicut
2511 5707 2662 5796 enim
2690 5736 2939 5810 pecunia
2959 5707 3571 5803 visibilisprohibetur
3591 5724 3666 5781 ad
