3936 6438
252 513 321 574 89
1442 514 1861 578 exposmo
1906 511 2414 575 PSALMORUM.
3551 506 3633 567 oo

250 651 281 705 8
377 645 611 722 Miriﬁca
639 647 1042 707 misericordias
1073 651 1194 709 tuas
1219 668 1237 706 :

379 738 483 806 Qui
507 738 687 794 salvos
715 740 853 810 facis
877 747 1156 821 sperantes
1186 741 1245 796 in
1276 747 1344 795 te.

314 828 355 884 Η
412 827 579 883 Tunc
628 827 960 885 mirificavit
1011 827 1439 895 misericordias
1495 833 1657 902 pater
1712 845 1874 895 suas,

250 916 469 991 quando
499 932 603 989 per
631 915 924 991 apostolos
944 922 1007 974 et
1041 921 1276 974 caeteros
1305 923 1536 974 sanctos
1566 918 1876 974 inﬁrmita-

246 1008 327 1061 tos
355 1003 744 1078 indigentium
770 1003 1058 1061 curavit.C
1086 1005 1283 1063 Salvos
1309 1004 1530 1073 facis,id
1554 1009 1640 1062 est
1662 1008 1879 1065 aeterna

247 1094 354 1151 vita
382 1092 705 1161 constitues
734 1096 1037 1165 sperantes
1067 1094 1126 1149 in
1145 1098 1218 1150 te.

243 1183 276 1237 9
375 1184 414 1239 Α
444 1184 822 1251 resistentibus
852 1183 1096 1241 dextera:
1120 1191 1236 1241 tua?
1263 1183 1475 1239 custodi
1504 1200 1589 1240 me
1617 1203 1637 1239 :

382 1272 442 1329 Ut
465 1271 740 1343 pupillam
766 1271 931 1327 oculi.

307 1359 348 1416 C
377 1359 623 1416 Dextera
648 1359 804 1416 cnim
834 1360 1023 1417 Patris
1065 1359 1248 1418 Filius
1298 1364 1405 1426 est,
1438 1359 1533 1416 cui
1576 1360 1763 1417 Judaei
1794 1377 1880 1416 re-

242 1448 461 1517 sistere,
494 1446 553 1505 id
600 1451 691 1504 est
737 1465 1062 1522 repugnate
1109 1448 1237 1503 ausi
1267 1452 1425 1505 sunt.
1459 1448 1689 1522 Pupilla
1723 1447 1879 1505 enim

242 1554 371 1609 pars
400 1541 492 1593 est
521 1536 694 1604 oculi,
729 1553 844 1609 qua
874 1536 1266 1592 discernimus
1296 1536 1605 1609 qualitates
1658 1555 1877 1604 rerum,

239 1625 392 1691 dicta
418 1642 455 1681 a
480 1624 766 1699 parvitate
796 1625 965 1699 quasi
992 1626 1221 1697 pusilla.
1256 1624 1359 1681 Cui
1390 1630 1764 1698 comparatus
1792 1630 1881 1683 est

237 1711 526 1781 Christus,
560 1711 663 1786 qui
692 1712 753 1767 in
785 1727 891 1767 suo
914 1710 1136 1783 judicio
1157 1713 1351 1784 justos
1398 1728 1432 1767 a
1477 1711 1877 1784 peccatoribus

237 1801 635 1875 segregandos
664 1799 967 1872 conspicit.
999 1799 1310 1873 Aptissima
1341 1817 1401 1856 se
1429 1794 1570 1874 petit
1596 1798 1875 1856 custodiri

237 1893 298 1945 ut
326 1889 643 1962 pupillam,
678 1906 809 1945 cum
841 1906 944 1961 per
971 1888 1158 1961 ipsam
1193 1906 1283 1946 res
1314 1887 1561 1945 visuales
1590 1888 1873 1945 discerni—

1904 646 1956 713 Α
1989 647 2054 713 15
2118 647 2369 712 Domine,
2404 644 2654 718 apaucis
2681 642 2749 703 de
2792 650 2942 703 terra
2968 638 3148 699 divide
3174 654 3260 697 eos
3289 639 3349 697 in
3394 641 3510 701 vita
3538 652 3629 703 eo-

2202 754 2373 793 rum:

2126 827 2201 883 De
2229 825 2549 882 absconditis
2578 825 2685 880 tuis
2714 821 3035 895 adimpletus
3064 826 3142 876 est
3168 819 3352 876 venter
3379 834 3588 875 eorum.

2060 916 2102 971 ll
2132 915 2254 972 Vox
2282 912 2495 972 Christi
2521 912 2593 967 ad
2622 913 2849 968 Patrem
2881 914 2946 966 ut
2961 907 3273 983 praeveniat
3285 906 3491 969 animae
3506 922 3624 966 sum

1986 1022 2057 1063 ne
2087 1003 2393 1060 laederetur
2420 1019 2454 1056 a
2484 999 2741 1073 principe
2772 997 3020 1064 diabolo,
3057 996 3446 1071 praevenitque
3488 1012 3624 1055 eum

1986 1094 2240 1167 potestas
2270 1087 2675 1155 divinitatis,et
2704 1085 2960 1161 alligavit
2985 1089 3041 1143 et
3070 1086 3141 1141 ad
3172 1085 3464 1143 infernum
3488 1100 3623 1157 per-

1985 1181 2170 1238 duxit.
2222 1180 2262 1236 C
2310 1180 2572 1243 Framea,
2622 1177 2793 1233 modo
2845 1179 3102 1244 contum,
3145 1174 3316 1230 modo
3357 1172 3621 1239 loricam,

1987 1271 2160 1327 modo
2187 1267 2446 1342 gladium
2492 1264 2785 1339 significat
2833 1263 2924 1319 bis
2966 1265 3231 1339 acutum,
3263 1279 3387 1335 quae
3425 1264 3623 1317 tamen

1987 1357 2184 1415 omnia
2214 1358 2285 1413 ad
2317 1356 2706 1412 instrumenta
2735 1367 3031 1408 armorum
3062 1352 3283 1406 certum
3328 1354 3417 1406 est
3446 1350 3628 1425 perti-

1988 1462 2143 1503 nere.
2176 1446 2223 1502 H
2247 1446 2490 1502 Framea
2518 1446 2608 1499 est
2635 1441 2792 1497 enim
2815 1439 3024 1506 Patris,
3056 1438 3253 1494 anima
3287 1437 3623 1506 Salvatoris,

1986 1535 2220 1608 quando
2250 1550 2353 1606 per
2382 1533 2576 1605 ipsum
2611 1528 2910 1586 diabolum
2939 1527 3144 1583 vicitﬂ
3167 1528 3483 1583 Suntenim
3505 1527 3627 1584 dia.

1984 1624 2103 1681 boli
2131 1620 2355 1679 inimici
2388 1637 2598 1676 manus
2628 1616 2883 1684 Domini,
2916 1615 3015 1689 qui
3064 1614 3391 1671 humanum
3440 1631 3626 1688 genus

1985 1715 2187 1770 contra
2211 1710 2570 1766 voluntatem
2603 1705 2845 1764 Domini:
2862 1721 3094 1778 semper
3127 1719 3397 1777 perversa
3420 1703 3623 1759 volun-

1984 1805 2099 1857 tate
2127 1799 2470 1856 dilacerant.

2046 1891 2093 1947 C
2122 1890 2396 1945 Precatur
2440 1885 2615 1941 etiam
2664 1884 2889 1941 Patrem
2924 1881 3138 1953 Filius,
3178 1880 3624 1937 utdividantur

232 1978 549 2049 mus,et.in
581 1982 778 2035 nostro
808 1994 1043 2050 corpore
1075 1977 1154 2033 nil
1174 1977 1869 2051 praestantiusinvenitur.
1906 2010 1951 2078 Β
1988 1976 2207 2034 creduli
2236 1993 2272 2031 a
2296 1974 2519 2048 paucis,
2552 1973 2611 2028 id
2641 1976 2734 2029 est
2761 1972 2834 2028 ab
2861 1969 3160 2078 appetolis,
3188 1973 3254 2071 ut
3282 1972 3622 2078 cometam.-

230 2085 300 2139 10
376 2083 497 2141 Sub
520 2086 726 2141 umbra
752 2086 971 2141 alarum
1001 2093 1218 2145 tuarum
1245 2092 1463 2155 protege
1490 2100 1576 2140 me
1605 2102 1624 2140 :

370 2174 413 2227 Α
444 2173 594 2243 facie
621 2174 915 2244 impiarum
940 2174 1038 2244 qui
1064 2189 1149 2228 me
1172 2174 1519 2244 afﬂixerunt.

295 2280 337 2331 (2
364 2275 488 2333 Alae
514 2279 655 2337 sunt
683 2276 868 2334 Patris
901 2294 914 2332 :
949 2276 1351 2337 misericordia
1377 2283 1437 2337 et
1460 2278 1876 2351 cbaritas,qui-

224 2363 337 2428 bus
367 2380 433 2427 se
465 2364 689 2436 protegi
722 2369 924 2425 sancta
954 2366 1056 2423 Dei
1104 2365 1359 2429 Ecclesia
1383 2366 1732 2440 expostulat.
1763 2368 1804 2424 C.
1832 2368 1878 2425 A

226 2453 370 2511 facie
421 2451 768 2524 impiorum,
814 2454 1110 2515 daemones
1158 2455 1450 2526 signiﬁcat
1501 2460 1558 2511 et
1597 2472 1877 2527 sequaces

226 2555 454 2607 «suum,
489 2542 593 2613 qui
626 2541 896 2603 ardorem
926 2541 1273 2605 insidiarum
1302 2544 1365 2598 in
1396 2559 1594 2600 necem
1643 2543 1877 2603 Domini

226 2627 310 2684 vel
342 2629 405 2685 in
437 2634 679 2694 sanctos
700 2629 1878 2703 cumulabant.Faoiesinstantiamimpio-

230 2733 361 2777 mm
386 2722 587 2783 .nDtat.
618 2717 706 2777 vel
735 2718 999 2790 ipsorum
1024 2719 1419 2783 truculentam
1451 2721 1839 2799 praesentiam.

236 2807 295 2870 11
374 2807 609 2865 Ιηόηιὼί
634 2808 745 2869 mei
769 2809 1016 2869 animam
1032 2824 1211 2869 meam
1229 2807 1697 2867 circumdederunt
1712 2827 1732 2864 :
1752 2809 1878 2865 adi-

436 2911 570 2967 pom
596 2912 759 2959 suum
784 2897 1162 2961 concluan
1186 2913 1208 2955 :

369 2984 441 3039 οδ
470 2999 667 3038 eorum
696 2985 931 3039 locutum
957 2992 1035 3039 est
1051 2986 1383 3056 superbiam.

293 3074 335 3125 C
364 3071 673 3137 tnimices,
696 3070 930 3135 δυάδος
959 3072 1119 3129 dicit.
1153 3073 1424 3133 Animam
1449 3073 1632 3131 vitam
1665 3078 1874 3146 tempo-

227 3159 431 3225 ralem,
468 3176 652 3231 quam
686 3158 940 3231 arripere
968 3159 1296 3226 voluerunt,
1323 3177 1457 3230 cum
1484 3178 1622 3219 eum
1668 3161 1881 3234 gladiis

221 3251 276 3300 et
307 3246 578 3303 fustibus
603 3246 1503 3313 circumdederpntﬂoncludunt
1532 3249 1762 3322 adipem
1780 3251 1880 3322 qui

221 3333 409 3401 multa
436 3334 762 3391 voracitate
792 3335 1220 3408 pinguescunt;
1253 3336 1338 3392 sic
1365 3336 1549 3394 Judaei
1593 3337 1876 3403 scelerum
1907 3371 1951 3438 Ε

222 3421 534 3449 -ζ-..ἒΑιΑιΑ
572 3423 878 3449 ζηρ---ηηιὲ
936 3423 1106 3449 1-...-1:
1143 3429 1275 3449 ...-._J.
1310 3425 1643 3449 ---..-..ι.ε.....
1683 3431 1871 3449 ---Δ-Α

222 3421 537 3487 nimietate
570 3423 902 3491 incrassaxi,
936 3423 1109 3483 locuti
1142 3429 1282 3481 sunt
1309 3425 1647 3498 superbiam
1679 3431 1881 3483 contra

212 3510 520 3571 Christum
576 3511 779 3583 impii;
832 3512 878 3567 Η
924 3512 1011 3569 vel
1057 3517 1262 3571 contra
1312 3512 1648 3584 Ecclesiam,
1678 3515 1724 3585 β
1771 3532 1881 3579 sua

212 3598 369 3655 mala
392 3600 559 3657 facta
590 3599 978 3665 defendendo.

215 3704 281 3759 12
352 3707 730 3778 Profide
757 3722 844 3762 me
869 3722 1019 3769 nunc
1033 3707 1505 3779 cemimdederwu
1530 3725 1617 3766 me
1645 3728 1665 3765 :

351 3794 560 3851 Oculos
588 3811 717 3851 mo:
743 3800 1055 3852 statuerunt
1081 3795 1360 3853 declinare
1386 3799 1449 3853 in
1475 3802 1697 3857 terram.

274 3900 321 3956 ϐ
349 3899 768 3973 ijicientes,
800 3898 1022 3957 scilicet
1049 3902 1343 3959 Christum
1374 3906 1533 3959 extra
1561 3903 1873 3961 civitatem.

208 3986 905 4056 Circumdederunt,non
933 3990 1215 4063 obsequio
1245 3992 1345 4047 sed
1381 3992 1577 4048 furore
1602 3992 1660 4049 in
1683 4010 1873 4050 cruce.

208 4076 424 4135 Oculos
457 4076 609 4135 mali
644 4077 943 4134 declinant
973 4079 1031 4134 in
1060 4082 1298 4146 terram,
1320 4082 1556 4152 quando
1587 4082 1744 4138 mala
1786 4099 1878 4139 co-

206 4164 495 4238 gitatione
530 4166 737 4239 aliqua
766 4166 828 4222 in
860 4170 1054 4223 mente
1081 4166 1336 4224 volvunt.
1371 4168 1417 4224 Η
1444 4167 1549 4225 Vel
1589 4170 1787 4226 oculos
1806 4170 1876 4226 ‘in

207 4256 428 4311 terram
459 4259 810 4312 statuerunt
837 4255 1388 4333 declinare,quendo
1417 4258 1491 4312 de
1516 4259 1763 4315 terrenis
1783 4272 1875 4314 co-

204 4341 505 4415 gitabant,
543 4348 606 4401 et
636 4345 708 4399 de
737 4343 1073 4400 cmleetibus
1102 4361 1217 4401 non
1245 4345 1700 4402 meditabantur.

207 4440 269 4495 13
343 4442 733 4513 Susceperunt
758 4458 843 4497 me
869 4444 1015 4497 sicut
1042 4442 1122 4498 leo
1140 4450 1369 4514 paratus
1395 4443 1464 4498 ad
1482 4441 1770 4516 praedam:

337 4531 408 4586 Ει
437 4532 598 4586 sicut
628 4530 844 4586 catulus
875 4531 1045 4586 leonis
1076 4530 1332 4586 habitans
1361 4531 1421 4587 in
1450 4530 1670 4587 abditis.

267 4626 309 4682 (Σ
338 4628 765 4701 Susceperunt
793 4642 908 4692 me,
932 4627 988 4682 id
1019 4631 1126 4694 est,
1150 4626 1333 4683 Judaei
1358 4644 1393 4683 a
1413 4626 1617 4698 Pilato,
1636 4628 1873 4705 quando

1980 2070 2076 2123 tur
2103 2066 2176 2122 ad
2207 2064 2521 2121 Dominum
2552 2063 2626 2118 de
2652 2065 2826 2128 terra,
2858 2059 3079 2117 scilicet
3107 2058 3286 2131 hujus
3308 2056 3522 2114 mundi
3540 2056 3623 2112 vi-

1980 2155 2147 2212 tiosa.
2176 2158 2246 2208 In
2276 2152 2393 2208 vita
2421 2167 2644 2217 eorum,
2678 2150 2738 2205 id
2762 2153 2854 2206 est
2881 2149 2941 2204 in
2971 2148 3194 2204 munde
3220 2146 3354 2213 isto,
3368 2144 3469 2201 ubi
3498 2163 3620 2219 pm-

1983 2242 2239 2300 nitentiaa
2284 2240 2448 2297 locus
2489 2245 2596 2308 est,
2631 2243 2696 2295 ut
2740 2239 2799 2293 in
2848 2236 3142 2295 Christum
3189 2235 3508 2292 crederent.
3541 2234 3623 2290 De

1984 2329 2340 2390 absconditis
2368 2328 2508 2385 tuis.
2541 2328 2724 2384 Omne
2756 2330 3069 2398 peccatum
3098 2323 3184 2379 illi
3222 2320 3624 2379 abominabite

1983 2424 2071 2478 est
2099 2424 2273 2492 atque
2303 2436 2337 2474 a
2366 2420 2677 2488 conspectu
2708 2415 2835 2486 ejus
2866 2410 3032 2486 quasi
3047 2410 3623 2483 absconditum,quia

1983 2513 2322 2565 extraneum
2353 2509 2442 2562 est
2471 2503 2572 2560 illi.
2608 2504 2748 2559 Inde
2775 2503 2919 2558 dicit
2948 2498 3331 2572 adimpletum
3351 2514 3623 2555 esseven-

1984 2597 2233 2677 trem,.id
2267 2598 2374 2664 est,
2400 2609 2641 2651 sensum
2673 2589 3129 2647 incredulornm.
3158 2589 3203 2644 A
3303 2586 3404 2643 Vel
3426 2585 3622 2677 divide

1982 2672 2214 2744 Judmos
2246 2702 2281 2740 ο.
2307 2688 2460 2740 terra
2489 2698 2690 2739 eorum
2722 2680 2783 2736 in
2812 2679 3152 2735 universum
3183 2676 3406 2741 orbem,
3428 2678 3485 2731 et
3509 2672 3620 2730 hoc

1984 2775 2043 2830 in
2075 2774 2190 2830 vita
2219 2772 2319 2829 illa
2366 2787 2589 2842 eorum,
2619 2786 2798 2843 quam
2840 2767 3028 2825 solam
3068 2781 3240 2823 suam
3288 2767 3520 2837 putant,
3544 2764 3624 2818 de

1984 2867 2199 2919 aeterna
2244 2862 2639 2934 desperantes.
2694 2862 2758 2914 in
2802 2857 2997 2914 futuro
3042 2858 3241 2912 autem
3288 2853 3429 2926 quid
3478 2856 3622 2908 tunc

1986 2951 2095 3008 erit
2121 2968 2134 3006 :

1989 3041 2056 3097 ιδ
2126 3039 2374 3096 Saturati
2400 3044 2527 3094 sunt
2547 3036 2680 3107 [iliis
2701 3055 2719 3091 .-

2128 3130 2192 3184 Ει
2220 3126 2545 3181 diutissime!
2574 3125 2836 3197 reliquias
2862 3138 2990 3179 sua:
3016 3122 3266 3194 parvulis
3290 3120 3431 3176 suis.

2059 3215 2106 3272 Η
2134 3212 2390 3271 Saturati
2421 3216 2560 3268 sunt
2586 3211 2747 3279 ﬁliis,
2779 3210 2997 3267 scilicet
3025 3208 3211 3265 Judaei
3249 3207 3350 3280 qui
3382 3206 3442 3262 in
3491 3222 3623 3278 pro-

1989 3303 2278 3360 creatione
2302 3300 2555 3357 ﬁliorum
2587 3296 2953 3371 multiplicati
2977 3299 3197 3363 sulat,et
3208 3295 3382 3350 rebus
3402 3292 3620 3349 seaculi.

2319 3394 2345 3445 t
2390 3388 2666 3461 reliquias
2692 3383 3141 3449 maledictionis,
3173 3382 3281 3438 hoc
3318 3384 3405 3437 est
3432 3380 3622 3436 vindi-

1984 3485 2138 3537 ctam
2169 3479 2331 3536 illam
2363 3494 2539 3550 quam
2585 3475 2980 3541 merebantur,
3023 3471 3278 3528 dicentes
3309 3486 3323 3525 :
3372 3468 3627 3543 Sanguis

1983 3571 2113 3642 ejus
2146 3585 2323 3641 super
2354 3584 2459 3624 nos
2490 3569 2546 3621 et
2570 3582 2748 3638 super
2774 3561 2927 3619 ﬁlios
2956 3564 3209 3617 nostros.
3242 3557 3629 3631 Reliquerunt

1985 3654 2121 3712 filiis
2153 3654 2298 3722 suis,
2332 3654 2471 3726 quia
2502 3651 2583 3708 illi
2613 3650 2768 3708 sicut
2813 3652 3006 3722 patres
3051 3644 3315 3705 exsecuti
3345 3642 3620 3717 dispersi-

1983 3760 2097 3816 que
2126 3747 2282 3800 sunt.

1986 3834 2053 3890 17
2123 3834 2231 3904 Ego
2254 3838 2310 3899 «:—
2356 3838 2538 3888 autem
2581 3836 2595 3897 ζ
2650 3830 2715 3885 in
2734 3827 2958 3899 justitia
2980 3825 3251 3899 apparebo
3296 3824 3359 3880 in
3400 3836 3622 3893 compe—

2190 3930 2399 3978 ctusuo
2428 3939 2448 3977 ἔ

2126 4011 2379 4067 Satiabor
2403 4026 2529 4065 cum
2553 4008 2873 4080 apparuerit
2894 4004 3077 4076 gloria
3100 4009 3213 4059 tua.

2054 4099 2098 4155 Ε
2124 4102 2414 4172 Apparem
2438 4114 2498 4154 se
2520 4097 2665 4153 dicit
2692 4095 2751 4151 in
2781 4096 3095 4165 conspectu
3126 4088 3315 4146 Patris
3363 4104 3494 4143 cum
3528 4087 3624 4158 ju-

1986 4187 2165 4252 stitia,
2198 4185 2477 4259 quoniam
2506 4187 2639 4256 ejus
2660 4183 3017 4239 voluntatem
3050 4177 3410 4251 impleverat.
3444 4175 3628 4231 Satia-

1985 4276 2091 4330 bor
2122 4275 2191 4330 de
2221 4273 2464 4330 humani
2495 4272 2725 4346 generis
2755 4268 3115 4332 credulitate,
3148 4264 3384 4338 quando
3412 4277 3621 4318 num-

1985 4381 2087 4419 rus
2116 4366 2451 4421 sanctorum
2482 4366 2571 4419 est
2594 4357 2982 4431 supplendas.
3009 4352 3203 4413 Gloria
3224 4350 3410 4416 Patris
3442 4349 3624 4409 mani-

1984 4451 2228 4511 festatur
2259 4449 2317 4506 in
2358 4447 2584 4520 judicio
2615 4444 2844 4504 Domini
2884 4440 3221 4508 Sabatoris,
3254 4455 3387 4496 cum
3438 4454 3618 4497 unus-

1986 4539 2233 4612 quisque
2265 4537 2502 4610 recipiet
2529 4553 2634 4609 pro
2664 4533 2893 4592 actibus
2923 4530 3066 4589 suis.

2468 4658 2671 4699 culmo
2696 4644 2779 4695 ex
2825 4650 2980 4695 rest.
3018 4654 3134 4692 xw.

369 4731 384 4772 :
411 4714 891 4820 Tallitefmteei
911 4714 1268 4820 °.’“°mg,i.“’i
1302 4713 1390 4777 leo
1413 4714 1873 4820 diab‘llmmel'
1904 4734 1950 4798 D
2052 4756 2349 4820 Converte,
2381 4749 2642 4817 Domine,
2676 4745 2875 4803 oculos
2904 4743 3095 4801 cordis
3146 4739 3331 4798 nostsi
3379 4739 3450 4794 ad
3498 4754 3620 4793 cer-

198 4800 423 4878 ligitur,
470 4804 574 4859 cui
632 4802 729 4859 hic
775 4801 959 4859 Judaei
1008 4804 1214 4863 merito
1259 4808 1689 4879 comparantur,
1740 4820 1873 4861 cum

200 4890 375 4963 etiam
410 4908 484 4953 eo
521 4893 767 4965 pejores
795 4890 902 4951 visi
936 4890 1076 4962 sint,
1112 4891 1387 4964 quoniam
1418 4891 1513 4951 ille
1559 4893 1667 4953 fuit
1695 4909 1876 4949 ausus

201 4979 527 5037 Dominum
564 4984 822 5046 tentare,
854 4979 1038 5035 Judaei
1067 4985 1260 5043 autem
1293 4979 1606 5047 Dominum
1645 4980 1876 5038 cruciﬁ-

199 5083 350 5139 gere.
381 5067 651 5126 Catulus
683 5066 870 5125 leonis
899 5066 1189 5141 reliquum
1222 5066 1504 5151 populum
1540 5068 1876 5126 Judaaorum

198 5157 413 5229 signat,
441 5157 559 5229 qui
599 5172 667 5212 se
699 5154 917 5211 diaboli
949 5155 1101 5212 ﬂlios
1132 5155 1462 5225 effecerunt.
1497 5155 1777 5221 Habitans
1817 5158 1876 5213 in

198 5242 439 5313 abditis,
474 5245 542 5299 id
577 5247 698 5310 est,
729 5241 790 5308 in
822 5242 1057 5300 insidiis
1087 5242 1331 5300 occultis
1357 5286 1371 5311 ,
1394 5244 1692 5310 malorum
1721 5246 1877 5303 enim

196 5330 515 5389 hominum
549 5332 931 5389 consuetudo
970 5336 1061 5388 est
1091 5330 1248 5389 mala
1284 5336 1416 5388 vota
1450 5335 1667 5406 tegere,
1700 5339 1765 5390 ut
1793 5334 1877 5391 sic

198 5422 445 5478 consilia
473 5436 702 5487 eorum
733 5420 963 5493 possint
989 5420 1061 5476 ad
1087 5420 1355 5485 allectum
1380 5419 1595 5477 venire.

201 5510 259 5564 11
325 5520 385 5577 σία
431 5514 526 5567 Ex
575 5518 591 5577 ξ
640 5509 1088 5578 surge,Domine,
1114 5510 1363 5581 praeveni
1390 5525 1513 5564 eum
1542 5517 1595 5565 et
1618 5510 1875 5582 supplan-

406 5608 646 5657 taeu-m
680 5617 699 5651 :

332 5690 511 5761 Eripe
540 5688 823 5745 animum.
838 5702 1016 5740 meam
1058 5686 1125 5741 ab
1156 5686 1328 5757 impio
1360 5703 1378 5740 :
1418 5687 1684 5755 frameam
1727 5695 1879 5743 tuam

407 5777 485 5831 ab
519 5775 786 5831 inimicis
810 5789 1006 5828 manus
1029 5782 1161 5831 tum.

1983 4845 2236 4901 nendam
2268 4841 2353 4897 tui
2376 4838 2585 4911 judicii
2627 4836 3022 4913 veritatem,ut
3050 4832 3192 4887 dum
3222 4829 3317 4885 hic
3349 4829 3480 4900 i'gne
3500 4826 3620 4899 spi-

1983 4931 2176 4990 rituali
2207 4930 2542 5004 probamur,
2575 4926 2646 4981 de
2674 4925 2791 4980 tuis
2821 4923 2882 5002 in
2913 4925 3191 4977 aeternum
3215 4915 3620 4991 conspectibus

1984 5038 2115 5078 cum
2148 5021 2338 5075 fructu
2379 5015 2619 5088 justitim
2666 5013 2968 5069 satiemur.
3000 5007 3107 5064 Per
3142 5007 3464 5063 ’Dominu‘m
3494 5018 3623 5059 nos-

1983 5115 2161 5175 trum,
2194 5112 2302 5164 etc.

2539 5223 2868 5282 PSALMUS
2904 5220 3073 5278 XVII.

2409 5328 2807 5372 ARGUMENTUM
2854 5326 3018 5367 PSAL.
3055 5324 3193 5365 XVII.

2056 5429 2097 5484 C
2127 5425 2412 5498 Propheta
2444 5422 2685 5481 Domino
2706 5416 3237 5494 gratias’agit,quod
3265 5410 3482 5498 eumde
3499 5421 3625 5498 gra:

1984 5516 2155 5574 vibus
2185 5491 2460 5589 periculis
2491 5491 3168 5579 liberavit,loquiturque
3197 5497 3452 5589 Ecclesia
3468 5491 3622 5589 quod

1985 5608 2117 5667 ante
2147 5577 2457 5659 adventum
2488 5595 2720 5654 Domini
2749 5577 3087 5651 innumeras
3131 5583 3431 5675 pertulerit
3468 5577 3624 5675 cala-

1987 5693 2243 5748 mitates:
2263 5706 2371 5745 vox
2397 5688 2572 5746 ctiam
2593 5684 2805 5741 Christi
2838 5678 3136 5737 inducitur
3166 5674 3263 5731 ubi
3292 5673 3473 5727 virtus
3496 5673 3623 5730 ejus

1990 5785 2363 5859 potestasque
2393 5772 2758 5833 describitur.
