3936 6424
287 416 359 479 9!
1223 426 1287 489 S.
1335 428 1733 493 BRUNONIS
1778 431 2393 500 HERBIPOLENSIS
2437 436 2816 503 EPISCOPI.
3630 447 3709 510 92

283 549 401 653 TT;
430 551 489 610 In
510 553 691 653 ﬁnem
712 572 887 653 puero
916 557 1129 619 domini
1153 562 1347 633 David,
1380 563 1478 638 qui
1506 566 1715 623 locutus
1761 573 1841 625 est
1866 566 1936 624 ad
1966 572 2020 639 Α
2055 586 2372 629 nascamur
2401 570 2457 630 in
2494 573 2807 631 mundum.
2840 576 2886 632 A
2915 573 3016 631 Vel
3047 573 3318 633 Christus
3366 577 3425 636 in
3455 596 3709 653 persona

355 644 654 701 Dominum
685 649 849 704 verba
878 652 1083 708 cantici
1110 653 1292 727 hujus,
1335 656 1396 711 in
1440 654 1529 712 die
1560 672 1684 729 qua
1729 659 1937 731 eripuit

352 748 481 790 eum
509 735 777 793 Dominus
806 739 872 795 de
899 758 1071 798 manu
1099 746 1352 800 omnium
1394 746 1748 803 inimicorum
1775 748 1893 820 ejus
1912 767 1935 804 .-

353 829 405 879 et
430 823 496 879 de
524 841 696 882 manu
725 826 862 885 Saul
888 837 941 886 et
968 831 1130 888 ducit.

352 912 534 970 Totus
565 914 659 970 hic
690 917 955 989 psalmus
985 920 1096 978 sub
1129 939 1377 995 persona
1415 925 1595 981 David
1644 927 1717 983 ad
1768 927 1932 984 Chri-

281 1002 441 1056 stum
473 1003 741 1075 pertinet,
777 1008 875 1080 qui
914 1014 1003 1065 est
1050 1011 1209 1081 ﬁnis,
1239 1017 1296 1069 et
1342 1032 1488 1088 puer
1534 1015 1844 1085 vocitatus,
1877 1020 1935 1075 et

281 1106 463 1146 manu
494 1091 680 1161 fortis,
714 1098 867 1168 quod
903 1098 1082 1157 David
1113 1106 1302 1159 sonat.
1336 1103 1640 1161 Canticum
1689 1107 1762 1163 ad
1794 1124 1928 1163 con-

280 1178 721 1252 templationem
755 1186 1075 1246 caelestium
1109 1208 1304 1251 rerum
1335 1194 1604 1266 pertinet.

283 1285 306 1340 1
420 1288 663 1359 Diligam
691 1299 761 1359 te,
792 1295 1040 1367 Domine,
1072 1299 1337 1369 fortitudo
1366 1317 1488 1358 mea
1517 1320 1537 1358 :

417 1378 680 1437 Dominus
706 1384 1117 1453 firmamentum
1140 1406 1325 1447 meum
1350 1398 1403 1447 et
1442 1393 1720 1464 refugium
1748 1410 1932 1451 meum

488 1477 540 1526 et
568 1472 833 1531 liberator
858 1493 1034 1534 meus.
1123 1499 1127 1503 δ

345 1573 387 1630 C
416 1576 615 1651 Diligit
639 1579 955 1639 Dominum
968 1585 1068 1656 qui
1089 1587 1524 1661 mandatisejus
1544 1591 1927 1663 obtemperat.

275 1661 466 1737 Diligo
497 1667 717 1725 dicitur
743 1672 913 1744 quasi
944 1675 1016 1730 de
1044 1677 1680 1751 omnibuseligo.Recte
1697 1661 1931 1736 confite-

273 1755 374 1841 tur
403 1754 720 1815 Dominum
752 1777 882 1817 esse
914 1780 1083 1820 suam
1110 1766 1533 1841 virtutem,quo
1546 1769 1799 1825 donante
1822 1771 1931 1825 for-

2046 662 2446 720 membrorum
2476 680 2721 722 suorum
2753 664 3017 739 loquitur
3044 664 3188 722 haec.

2040 752 2077 805 7
2185 752 2247 807 In
2279 752 2632 811 tribulatione
2660 772 2779 813 mea
2810 756 3063 813 invocavi
3090 757 3385 814 Dominum
3418 777 3436 813 :

2185 843 2251 898 Et
2280 844 2350 899 ad
2384 847 2559 900 Deum
2589 859 2773 900 meum
2800 845 3053 902 clamavi.

2114 931 2159 989 Η
2191 932 2539 991 Humanitas
2572 933 2857 991 invocavit
2887 935 3321 993 divinitatemin
3335 938 3702 1011 passione,et

2040 1021 2300 1080 Ecclesia
2327 1022 2697 1080 Christum.C
2727 1022 2991 1082 Clamare
3022 1028 3219 1083 autem
3250 1026 3387 1101 plus
3405 1032 3493 1084 est
3518 1045 3698 1103 quam

2040 1109 2327 1168 invocare.
2360 1112 2549 1169 Crevit
2592 1130 2805 1183 sermo,
2839 1114 3249 1188 progrediente
3299 1115 3611 1189 desiderio,
3641 1122 3701 1175 et

2038 1217 2324 1257 ascensus
2354 1201 2589 1258 animus
2618 1202 2907 1275 prosilivit
2936 1202 3163 1261 avidius
3194 1205 3253 1260 in
3284 1203 3617 1262 clamorem.

2037 1288 2073 1345 8
2177 1296 2233 1357 ἐς
2261 1292 2364 1346 Et:
2389 1290 2667 1347 evaudivit
2689 1290 2753 1347 de
2783 1293 2980 1365 templo
3008 1279 3292 1361 {sancto
3338 1300 3351 1361 ;
3409 1310 3696 1357 suovocem

2249 1396 2428 1436 meam
2455 1399 2477 1435 .-
3208 1440 3221 1452 ,

2180 1470 2246 1524 Et
2282 1469 2491 1527 clamor
2534 1487 2686 1527 meus
2739 1472 2797 1527 in
2842 1480 3128 1544 conspectu
3178 1472 3294 1546 ejus
3346 1474 3594 1530 introivit
3634 1475 3696 1529 in

2249 1576 2409 1615 aures
2437 1560 2576 1631 ejus.
3184 1546 3195 1556 ’

2110 1646 2155 1704 Η
2187 1648 2739 1723 Templum,corpus
2770 1649 3165 1718 Dominicum,
3186 1650 3289 1707 ubi
3317 1650 3589 1709 exaudita
3604 1656 3695 1709 est

2036 1736 2377 1796 humanitas
2407 1756 2441 1794 a
2470 1738 2839 1797 divinitate.C
2867 1739 3097 1797 Clamor
3114 1740 3445 1798 iste:causa3
3457 1741 3693 1814 justitia

273 1840 389 1898 tior
419 1844 609 1903 factus
637 1854 729 1905 est
756 1850 934 1907 David
967 1854 1092 1911 suis
1123 1829 1656 1914 inimicisrliulchre
1675 1859 1931 1915 ostendit
2036 1830 2287 1927 θῗίυξξΡω
2318 1829 2391 1885 ad
2419 1829 2851 1927 Del’mfn‘tmre
2882 1835 3129 1903 Ροίθῖδίν
3158 1830 3297 1904 (ἰυίθ
3344 1847 3448 1905 Pro
3480 1830 3689 1888 mundi

274 1934 561 2006 propheta
588 1939 864 2012 quisejus
894 1942 972 1998 sit
989 1943 1553 2021 Dominus,singulis
1576 1950 1734 2007 enim
1748 1914 1933 2006 diver-
1961 1950 2009 2017 B
2037 1914 2308 2021 ﬁndi?“
2337 1917 2725 2021 SUPP‘iialiat'

273 2022 695 2105 sisque/verbis
725 2031 1094 2100 praedicando
1122 2051 1135 2089 :
1169 2036 1426 2093 declarat
1454 2039 1595 2111 quid
1627 2041 1705 2098 sit
1734 2042 1924 2098 Domi-

274 2128 408 2180 nus,
432 2115 532 2186 qui
564 2122 654 2172 est
678 2119 857 2176 mede
872 2120 1076 2191 virtus,
1095 2125 1269 2181 modo
1283 2127 1923 2197 firmamentum,modo

270 2201 584 2277 refugium,
617 2208 792 2263 modo
822 2210 1075 2282 adjutor,
1110 2214 1283 2271 modo
1312 2221 1624 2288 protector,
1653 2221 1827 2277 modo
1859 2220 1925 2277 li-

269 2290 520 2359 berator,
551 2297 732 2353 modo
754 2315 935 2356 cornu
975 2301 1203 2371 salutis,
1236 2321 1364 2378 quae
1411 2308 1611 2365 omnia
1655 2307 1922 2368 Christus

270 2384 360 2437 est
380 2383 668 2442 Ecclesiae.

264 2471 302 2525 2
409 2474 550 2531 Deus
579 2493 733 2534 meus
762 2480 984 2553 adjutor
1009 2499 1163 2540 meus
1194 2503 1212 2539 :

408 2562 476 2619 Et
502 2568 730 2637 sperabo
762 2569 824 2624 in
854 2586 999 2626 eum.

338 2648 381 2705 C
408 2650 556 2744 Nam
585 2672 820 2728 sperare
851 2659 923 2715 de
953 2660 1148 2717 futuro
1176 2664 1512 2736 specialiter
1538 2684 1601 2723 se
1629 2649 1787 2738 dicit,
1812 2672 1914 2744 qui

267 2753 403 2796 eum
438 2740 499 2797 in
534 2745 838 2816 praeteritis
869 2754 1133 2807 senserat
1160 2754 1512 2824 adjutorem.

265 2828 300 2883 3
407 2831 686 2891 Protector
709 2853 862 2894 meus
891 2848 944 2896 et
972 2856 1144 2897 cornu
1170 2844 1364 2900 salutis
1389 2861 1529 2905 mea?
1556 2866 1576 2903 :

404 2922 473 2978 Et
494 2933 766 2998 susceptor
790 2945 961 2986 meus.

335 3008 382 3065 Η
414 3010 707 3071 Protector
735 3033 922 3085 meus,
955 3019 1094 3093 quia
1123 3038 1216 3078 me
1244 3024 1500 3098 protegis
1529 3030 1587 3082 et
1622 3028 1909 3086 defendis.

261 3098 452 3186 Cornu
483 3101 713 3169 salutis,
746 3106 887 3179 quia
913 3107 1312 3169 infirmitatem
1358 3115 1733 3186 confortabis,
1765 3118 1807 3174 C
1837 3119 1910 3175 ad

260 3185 531 3247 inimicos
549 3190 1343 3267 dissipandos.Cornuaenim
1360 3219 1527 3260 arma
1539 3205 1909 3263 suntbellu’a-

260 3292 414 3347 rum,
448 3281 664 3352 quibus
707 3284 979 3343 salutem‘
1006 3305 1177 3345 suam
1226 3291 1426 3349 solerti
1474 3296 1907 3354 concertatione

2036 2005 2072 2059 9
2182 2007 2457 2064 Commota
2484 2015 2562 2064 est
2590 2013 2643 2065 et
2671 2010 3001 2066 contremuit
3026 2014 3198 2066 terra.
3234 2011 3297 2065 Et
3322 2008 3688 2082 fundamenta

2244 2098 2513 2154 montium
2537 2099 2860 2155 conturbata
2877 2106 3009 2156 sunt
3033 2107 3085 2156 et
3112 2106 3372 2157 commota
3399 2104 3530 2155 sunt
3557 2117 3577 2154 :

2175 2188 2445 2256 Quoniam
2474 2189 2649 2245 iratus
2678 2195 2756 2245 est
2782 2197 2838 2255 ἐι
2883 2191 2962 2247 eis
3004 2196 3020 2255 ζ
3084 2230 3098 2244 .
3534 2186 3539 2189 ⁴

2100 2278 2141 2332 C
2165 2277 2331 2333 Nunc
2360 2277 2645 2352 propheta
2673 2278 2745 2334 ad
2779 2279 3206 2337 lncarnationis
3231 2284 3455 2338 secreta
3484 2297 3684 2355 perve-

2030 2366 2531 2439 nit,ordinemque
2554 2366 2749 2441 ipsum
2762 2367 3015 2425 mirabili
3032 2369 3368 2426 narratione
3385 2369 3681 2427 describit.

2030 2455 2075 2511 H
2105 2456 2411 2513 Commota
2437 2458 2526 2513 est
2554 2457 2972 2531 terra,quando
2992 2457 3208 2514 terreni
3238 2458 3310 2516 de
3339 2457 3685 2517 inﬁdelitate

2027 2545 2087 2603 in
2120 2545 2370 2602 adventu
2410 2545 2627 2604 Christi
2674 2548 2747 2604 ad
2792 2548 2970 2604 ﬁdem
3016 2552 3301 2605 venerunt
3347 2552 3407 2606 et
3451 2553 3681 2607 contre-

2026 2636 2287 2693 miscunt
2316 2639 2556 2709 peccata
2571 2636 2748 2694 sua.C
2760 2636 3170 2694 Fundamenta
3182 2637 3684 2714 montium,signi-

2024 2726 2164 2783 ﬂeat
2191 2725 2676 2799 praesumptiones
2707 2726 3117 2801 superborum,
3136 2727 3195 2784 id
3224 2732 3315 2785 est
3340 2727 3572 2787 divitias
3587 2730 3680 2787 vel

2023 2815 2627 2889 honores,cmteraque
2656 2815 2920 2874 humana
2949 2816 3169 2891 quibus
3196 2817 3282 2874 illi
3317 2817 3675 2877 innituntur.

2024 2905 2215 2962 Iratus
2244 2909 2333 2962 est
2359 2904 2445 2962 eis
2472 2905 2650 2973 Deus,
2680 2906 2822 2978 quia
2858 2903 3002 2963 vitia
3046 2906 3309 2965 humana
3354 2909 3683 2982 probantur

2021 2992 2270 3051 Domino
2301 3010 2431 3051 esse
2458 3010 2651 3053 exosa.

2021 3084 2093 3139 10
2162 3084 2412 3141 Ascendit
2434 3086 2620 3157 fumus
2651 3086 2712 3141 in
2742 3085 2830 3143 ira
2853 3086 2972 3158 ejus
3001 3104 3023 3141 .·
3052 3092 3105 3142 et
3124 3085 3273 3157 ignis
3303 3103 3342 3143 a
3386 3088 3529 3159 facie
3556 3089 3675 3159 ejus

2229 3176 2439 3232 exarsit
2468 3192 2489 3231 :

2163 3264 2430 3321 Carbones
2457 3266 2706 3321 succensi
2725 3270 2855 3322 sunt
2882 3265 2952 3321 ab
2981 3281 3061 3323 eo.

260 3328 414 3347 -w___,
494 3328 664 3339 ...νην
707 3328 957 3343 "mutu...
1006 3328 1177 3345 qua...“
1226 3328 1426 3349 συιιιυι
1475 3328 1907 3354 υυιιυῡι-ιιαιοιυιισ
2454 3354 2465 3364 .
2538 3353 2549 3365 .
2919 3353 2932 3367 ο
3292 3354 3304 3367 ι

258 3328 596 3426 defendunt.
629 3370 945 3447 Susceptor
978 3381 1455 3447 meus.Quoniam
1488 3388 1799 3457 susceptus
1819 3390 1910 3443 est
1935 3328 1982 3395 ϐ
2087 3352 2379 3457 ⁸
2407 3353 2503 3410 mo
2534 3371 2594 3412 ω
2624 3354 3308 3457 b°n9.p°.s.ltu3.est’.qm
3348 3370 3669 3457 sucgenfms

257 3455 524 3515 Christus
553 3477 588 3516 a
616 3461 805 3519 Patre.

256 3546 290 3600 4
396 3548 654 3605 Laudans
680 3552 940 3611 invocabo
965 3557 1256 3616 Dominum
1280 3578 1300 3616 :

400 3638 470 3692 Et
494 3638 566 3694 ab
596 3640 841 3698 inimicis
870 3646 1007 3700 meis
1032 3647 1217 3704 salvus
1246 3665 1356 3706 ero.

326 3724 368 3779 C
394 3724 753 3785 Laudantem
784 3747 845 3787 se
874 3732 1013 3790 dicit
1040 3735 1308 3795 invocare
1338 3739 1674 3807 Dominum,
1707 3748 1764 3800 et
1789 3743 1904 3816 ipsi

253 3812 589 3872 universam
621 3834 789 3875 suam
828 3821 1124 3881 victoriam
1179 3826 1435 3885 tribuere
1464 3829 1769 3901 (non‘sibi)
1800 3812 1902 3905 qui

252 3900 531 3973 dignatus
562 3909 649 3962 est
678 3912 887 3966 cuncta
915 3917 1208 3983 praestare.
1242 3916 1313 3972 Et
1341 3915 1471 3973 ideo
1521 3920 1597 3973 ab
1643 3900 1902 3980 inimicis

251 3989 482 4047 salvum
514 4009 576 4049 se
608 3994 937 4055 faciendum
970 4001 1770 4075 dicit,quiavictoriam'suam
1784 4028 1901 4067 non

250 4078 363 4135 sibi
378 4079 657 4171 ivideatur
683 4086 1010 4158 applicasse
1039 4091 1143 4147 sed
1173 4092 1441 4150 Domino.
1476 4095 1623 4153 Nam
1655 4099 1752 4171 qui
1795 4099 1900 4156 ali-

249 4171 340 4224 ter
368 4170 687 4240 facit,vitiis
717 4175 842 4233 suis
871 4178 1134 4251 captivus
1165 4170 1727 4257 redditur,quamvis
1757 4186 1899 4245 bos-

246 4261 337 4315 tes
367 4276 678 4333 superasse
702 4265 988 4323 videatur.

244 4358 282 4411 5
391 4358 876 4423 Circumdederunt
899 4382 984 4423 me
1009 4368 1222 4426 dolores
1250 4374 1445 4428 mortis
1470 4391 1490 4427 .-

389 4448 454 4503 Et
483 4456 746 4507 torrentes
775 4454 1089 4527 iniquitatis
1115 4459 1580 4519 conturbauerunt
1603 4480 1709 4522 me.

317 4542 363 4638 ῌ
393 4545 915 4638 Circumdederunt
942 4554 1265 4627 Christum,
1298 4559 1399 4630 qui
1438 4560 1498 4615 in
1544 4560 1769 4621 inferno
1799 4581 1897 4638 ge-

245 4634 504 4690 mebant.
533 4637 787 4697 Torrens
817 4642 1037 4700 dicitur
1064 4644 1279 4719 ﬂuvius
1310 4647 1596 4707 excitatus
1633 4634 1896 4712 hibernis

243 4720 554 4816 imbribus,
587 4731 643 4783 et
673 4728 981 4802 significat
998 4733 1230 4791 turbam
1260 4734 1599 4810 iniquorum
1630 4742 1895 4816 rapidam

242 4810 313 4867 ad
346 4809 738 4885 iniquitatem,
764 4818 865 4890 qui
899 4822 1256 4880 conturbant
1283 4809 1624 4895 Ecelesiam,
1648 4809 1717 4887 et.
1734 4848 1896 4893 more

239 4900 515 4990 torrentis
547 4902 741 4961 hieme
768 4906 1168 4967 tribulationis
1198 4912 1620 4985 intumescunt,
1644 4921 1765 4990 sed,
1791 4923 1891 4980 ad-

230 4988 475 5058 juvante
500 4991 769 5061 Domino,
803 4995 914 5052 cito
946 4997 1226 5057 deﬁciunt
1252 5006 1311 5058 et
1340 5004 1627 5063 defluunt.

237 5095 274 5149 6
381 5097 602 5176 Dolores
637 5102 851 5173 infami
876 5105 1347 5167 circumdederunt
1374 5128 1461 5169 me
1487 5131 1509 5169 .·

378 5188 913 5262 Ρνιεοοσηραυθηιηι
940 5209 1026 5250 me
1054 5195 1241 5268 laquei
1266 5202 1475 5258 mortis.

309 5288 351 5349 C
382 5294 529 5363 Fiat,
562 5294 734 5351 istius
764 5297 1036 5355 versiculi
1067 5301 1202 5361 talis
1244 5309 1514 5383 est‘ordo
1555 5313 1888 5374 verborum.

234 5381 890 5479 Circumdederuntme
920 5387 1149 5479 dolores
1179 5381 1412 5466 inferni,
1446 5404 1504 5456 et
1543 5402 1614 5458 de
1644 5407 1890 5479 paganis

234 5470 395 5539 dicit,
424 5473 736 5563 quierunt
758 5472 988 5532 dolores
1019 5478 1543 5563 inferni,idest,qui
1574 5470 1888 5554 in-iniemo

234 5559 429 5653 debito
460 5559 662 5615 dolore
692 5563 1003 5653 torquendi
1034 5573 1190 5625 sunt.
1207 5559 1611 5653 Processu—pare
1624 5583 1803 5641 David
1826 5603 1891 5643 se

234 5647 378 5747 dicit
406 5646 651 5747 laqueos
673 5648 902 5721 mortis,
917 5651 974 5708 id
992 5659 1080 5711 est
1107 5665 1299 5747 reatus
1330 5646 1632 5742 originalis
1644 5675 1886 5747 peccati,

235 5734 335 5805 qui
367 5753 473 5792 nos
504 5735 577 5791 ab
611 5734 739 5807 ipso
771 5749 1083 5814 conspectu
1102 5743 1235 5807 facit
1248 5734 1886 5833 obnoxiospriusquam

2016 3442 2278 3516 profudit
2301 3440 2593 3517 lacrymas
2622 3442 2993 3517 poenitentia.
3028 3448 3123 3501 Ira
3149 3445 3280 3517 ejus
3309 3462 3323 3503 :
3356 3445 3669 3502 conturba-

2015 3532 2237 3590 tionem
2249 3532 2443 3608 signat
2466 3534 2696 3590 timoris
2706 3533 2833 3590 fatu
2842 3533 2888 3589 ri
2894 3530 3104 3606 judicii
3118 3550 3233 3608 quo
3248 3534 3671 3592 conturbantur

2014 3622 2159 3680 adeo
2191 3626 2616 3696 peccatores,ut
2646 3622 2717 3678 ad
2750 3622 3077 3680 remedium
3091 3622 3439 3696 poenitentiae
3461 3623 3671 3697 perdu-

2014 3713 2241 3767 cantur.
2275 3710 2434 3785 Ignis
2462 3713 2552 3768 est
2583 3706 2837 3781 charitas
2866 3710 2990 3781 Dei,
3017 3712 3120 3785 qui
3148 3712 3446 3786 egreditur
3465 3729 3499 3768 a
3520 3711 3668 3770 iacis

2013 3800 2552 3874 Domini,quoniam
2565 3800 2753 3874 ipsius
2768 3799 3311 3859 illuminationo-eis
3327 3802 3667 3860 conceditur

2012 3888 2264 3947 charitas
2293 3890 2393 3963 qui
2425 3905 2667 3963 peccare
2695 3889 3018 3947 dimittunt.
3036 3891 3329 3948 Carbones
3348 3907 3665 3951 succenses

2009 3983 2345 4054 peccatores
2375 3978 2538 4048 dicit,
2571 3979 2670 4053 qui
2704 3979 2861 4037 velut
2900 3980 3181 4037 carbones
3234 3980 3450 4038 mortui
3498 3986 3669 4038 erant

2010 4068 2177 4142 prius
2201 4069 2517 4141 peccando,
2548 4069 2766 4126 Iterum
2815 4068 3187 4142 reviviscunt,
3220 4070 3487 4128 succensi
3531 4070 3668 4146 igne

2009 4156 2687 4232 poenitentizeﬂuomodo
2718 4162 2915 4215 autem
2940 4158 3211 4216 succensi
3240 4160 3361 4216 sint
3374 4159 3662 4219 carbones

2008 4247 2250 4315 mortui,
2279 4250 2595 4321 sequenter
2624 4247 2816 4317 docet,
2847 4247 3072 4305 scilicet
3099 4248 3363 4306 veniente
3418 4248 3669 4307 Domino

2008 4336 2395 4410 redemptore,
2427 4336 2570 4409 quia
2592 4335 2918 4407 inclinavit,
2951 4342 3062 4394 etc.

2011 4427 2073 4482 11
2148 4426 2455 4484 Inclinavit
2483 4427 2647 4483 catos
2672 4434 2724 4483 et
2751 4426 3066 4485 descendit:

2219 4517 2285 4573 Et
2311 4516 2491 4587 caligo
2518 4515 2619 4572 sub
2636 4515 2875 4589 pedibus
2907 4516 3044 4588 ejus.
3526 4551 3531 4554 η

2079 4604 2127 4662 Η
2158 4604 2391 4675 Οωιί,ἱᾶ
2417 4610 2528 4675 est,
2553 4604 2768 4680 angeli,
2798 4609 2939 4662 sunt
2966 4604 3250 4677 inclinati,
3285 4607 3518 4681 quando
3548 4607 3667 4666 Ga-

1925 4699 1972 4763 D
2003 4693 2148 4751 brisl
2179 4694 2251 4751 ad
2281 4692 2525 4751 Mariam
2555 4694 2732 4751 venit.
2766 4694 2834 4750 Et
2871 4695 3192 4765 descendit,
3227 4694 3453 4756 scilicet
3496 4696 3664 4753 Chri-

2006 4787 2155 4850 stus,
2187 4782 2248 4840 id
2277 4787 2368 4841 est
2393 4783 2553 4842 venit
2582 4783 2643 4840 in
2681 4799 2877 4841 carne.
2912 4784 3109 4859 Caligo
3155 4790 3246 4842 est
3294 4785 3665 4860 profunditas

2003 4873 2444 4945 Scripturarum
2494 4890 2676 4947 quam
2725 4873 2885 4931 dedit
2932 4874 3087 4931 Deus
3130 4874 3399 4949 pedibus,
3433 4874 3543 4931 hoc
3572 4881 3666 4933 est

1999 4961 2303 5036 apostolis,
2334 4961 2422 5019 vel
2444 4962 2666 5021 caeteris
2698 4961 2939 5020 sanctis.
2972 4967 3012 5019 C
3039 4962 3143 5022 Vel
3165 4963 3353 5040 caligo
3384 4963 3657 5023 diabolus

1999 5055 2109 5124 est,
2142 5069 2261 5125 qua
2292 5055 2515 5110 mentes
2552 5051 2882 5110 obnubilat.
3236 5060 3243 5063 '

2001 5141 2072 5197 12
2141 5143 2208 5198 Et
2235 5140 2482 5199 ascendit
2506 5157 2678 5215 super
2702 5141 2989 5200 cherubim
3015 5149 3067 5199 et
3092 5131 3296 5201 volavit
3325 5162 3346 5201 :

2138 5237 2193 5299 -εη
2246 5231 2454 5288 Votavit
2497 5237 2511 5298 ζ
2570 5247 2737 5305 super
2759 5248 2971 5306 pennas
3002 5241 3307 5293 ventorum.

2072 5321 2112 5377 C
2164 5318 2480 5386 Cherubim
2537 5319 2954 5394 interpretatur
3008 5322 3312 5396 plenitudo
3380 5323 3658 5383 scientia.

1997 5409 2276 5466 Ascendit
2304 5426 2482 5482 super
2511 5409 2818 5468 cherubim
2848 5410 3137 5483 Christus,
3156 5413 3389 5485 quando
3409 5413 3658 5471 videnti-

1997 5499 2113 5555 bus
2141 5497 2423 5572 apostolis
2455 5498 2632 5557 ccelos
2663 5500 3021 5558 conscendit.
3052 5500 3301 5572 Volavit,
3332 5500 3391 5559 id
3419 5506 3529 5572 est,
3555 5520 3661 5576 per

1999 5587 2207 5645 mundi
2239 5588 2433 5662 spatia
2480 5589 2608 5661 ejus
2656 5590 2814 5647 fama
2860 5589 3111 5649 velocior
3150 5595 3321 5650 vento
3375 5592 3654 5663 cucurrit,

1998 5678 2237 5752 quando
2267 5679 2395 5752 ipso
2418 5677 2476 5734 in
2499 5679 3069 5755 cunabulisjacente,
3086 5682 3285 5765 magis
3301 5697 3435 5739 eum
3472 5680 3655 5739 stellas

1998 5766 2235 5826 claritas
2268 5767 2575 5827 nuntiavit.
2609 5768 2757 5837 Quid
2797 5770 2955 5829 enim
3003 5770 3116 5828 dici
3164 5775 3355 5845 potest
3399 5770 3654 5830 velocius
