3936 6434
202 457 270 519 93
1266 412 1269 413 ί
1410 461 1813 525 ΕΧροειτιο
1846 460 2363 526 ΡδΑιΜοηυΜ.
2518 492 2522 497 ι
3485 463 3568 526 94

200 607 277 662 eo,
298 587 391 664 qui
416 604 548 646 mox
580 594 643 647 ut
665 597 838 649 natus
856 593 915 650 in
935 591 1048 652 alia
1061 598 1265 654 mundi
1287 602 1449 672 parte
1466 601 1814 674 conspectus
1842 600 1898 665 Α
1926 600 2373 672 praedicamenta
2399 604 2622 658 aeternze
2664 598 2791 657 vita:
2821 614 2919 656 ore
2955 597 3300 657 fundebant.
3331 597 3377 656 H
3405 600 3561 657 Fune

199 679 311 735 est?
336 679 490 735 Tunc
538 697 678 755 ergo
716 689 991 756 superata
1038 690 1127 741 est
1173 685 1436 744 celeritas
1482 690 1810 755 ventorum,

195 766 507 840 quamvisin
537 772 758 827 mundo
776 772 921 828 nihil
939 773 1192 832 velocius
1203 775 1285 832 eis
1295 793 1424 832 esse
1435 778 1810 839 monstretur.

197 858 255 912 i3
319 856 446 923 -ξ-Ει
482 863 501 923 ξ
540 861 726 931 posuit
770 864 1018 918 tenebras
1065 864 1355 920 latibulum
1381 882 1542 921 suum
1571 882 1592 919 .’
1621 865 1679 919 in
1706 865 1813 919 eir-

382 946 526 1000 cvitu
555 948 672 1018 ejus
701 950 1115 1008 tabernacutum
1142 954 1256 1024 ejus
1285 972 1304 1007 .-

320 1033 613 1090 Tenebrosa
639 1052 783 1109 aqua
813 1040 874 1092 in
902 1041 1137 1097 nubibus
1167 1044 1332 1097 aeris.

249 1120 288 1175 ϐ
316 1121 623 1192 Tenebras,
655 1127 996 1199 mysterium
1041 1129 1181 1186 dicit
1210 1131 1337 1203 ejus
1368 1130 1806 1199 lucarnationis,

185 1210 244 1261 ut
269 1208 365 1280 qui
391 1209 449 1263 in
479 1210 693 1268 deitato
712 1232 820 1269 sua
842 1216 1017 1273 videri
1038 1234 1152 1276 non
1184 1223 1407 1291 poterat
1434 1220 1617 1276 velata
1639 1236 1809 1276 carne

182 1295 446 1365 humana,
479 1299 832 1376 Redemptor
860 1310 1057 1361 noster
1103 1312 1428 1379 appareret.
1474 1308 1808 1365 Latibulum

181 1388 451 1441 secretum
466 1389 791 1461 majestatis
810 1394 940 1463 ejus
960 1394 1431 1469 signiﬁcat,quod
1453 1400 1593 1451 tunc
1612 1398 1814 1454 revelat

171 1472 344 1543 justis
372 1478 608 1547 quando
637 1495 770 1557 eum
803 1481 948 1537 facie
979 1483 1050 1537 ad
1071 1481 1279 1539 tacTem
1310 1484 1594 1539 videbunt
1613 1484 1672 1539 in
1692 1484 1811 1559 glo-

178 1560 339 1616 ria.ln
374 1563 616 1621 circuitu
650 1569 1084 1640 proximitatem
1114 1570 1309 1645 signat
1336 1574 1719 1639 tabernaculi,
1748 1573 1807 1631 id

176 1654 258 1705 est
283 1651 625 1723 dignitatem
633 1655 951 1727 beatorum
971 1664 1398 1729 sanctorum,ut
1413 1660 1469 1717 in
1488 1662 1626 1718 ccelo
1638 1663 1809 1734 juxta

172 1736 359 1810 ipsum
385 1740 781 1816 habitent,qui
810 1745 871 1801 in
902 1747 1031 1818 ejus
1050 1747 1305 1805 Ecclesia
1330 1749 1576 1806 fideliter
1611 1767 1806 1823 perse-

170 1831 381 1881 verant.
396 1830 626 1901 Aquam
651 1848 664 1885 :
700 1833 928 1907 Scriptu
940 1853 1060 1892 ram
1077 1836 1367 1910 dicit,quaa
1379 1842 1468 1894 est
1478 1840 1800 1905 tenebrosa,

1922 688 2214 757 damenta,
2245 690 2554 763 prophetas
2584 694 2763 764 atque
2788 688 3082 763 apostolos
3112 688 3252 745 dicit
3272 706 3401 746 esse
3434 706 3560 753 ma:-

1922 777 2243 834 nifestatos.
2278 780 2321 836 C
2355 783 2539 852 Supra
2585 795 2754 852 quos,
2788 779 2947 836 orbis
3002 783 3316 846 terrarum,
3366 778 3425 833 id
3471 780 3560 835 est

1919 865 2183 923 Ecclesia;
2208 867 2510 923 aediﬁcatio
2538 872 2869 925 constructa
2897 872 3004 924 est.
3038 866 3264 923 Christo
3294 866 3448 922 enim
3467 882 3559 923 ve-

1917 953 2115 1011 niente
2144 954 2332 1028 patuit
2356 956 2507 1028 quod
2532 954 3044 1012 obscuritasdivini
3067 956 3297 1028 tegebat
3316 954 3554 1027 eloquii.

1921 1043 1988 1098 18
2058 1045 2137 1100 Ab
2169 1046 2536 1116 increpatione
2578 1052 2633 1110 οξ·
2659 1049 2757 1099 tua
2797 1051 2811 1108 ζ
2858 1046 3101 1110 ,Domine
3128 1063 3147 1099 :

2059 1132 2133 1187 Ab
2163 1135 2527 1206 inspiratione
2550 1134 2777 1205 Spiritus
2806 1135 2911 1191 ira:
2939 1138 3069 1190 tuae.

1987 1222 2033 1277 Η
2065 1223 2148 1277 Ab
2181 1221 2575 1294 increpatione
2607 1239 2620 1276 :
2648 1238 2781 1277 cum
2814 1220 3047 1289 diceret,
3080 1219 3192 1276 nisi
3238 1237 3340 1276 vos
3372 1219 3554 1278 Filius

1917 1308 2599 1382 liberaverit,moriemini
2631 1309 2689 1365 in
2723 1309 2975 1382 peccatis
3002 1309 3210 1365 vestris
3228 1309 3550 1381 (Joanmn).

1916 1399 1957 1453 Ο
1990 1396 2241 1471 Spiritus
2272 1397 2367 1453 irae
2398 1397 2943 1470 tum,praedicatores
2974 1395 3241 1469 dicit,qui
3271 1412 3305 1450 a
3334 1395 3553 1468 Spiritu

1916 1489 2117 1543 sancto
2139 1487 2404 1559 inspirati
2424 1504 2437 1541 :
2455 1485 2862 1557 delinquentes
2887 1483 3133 1557 populos
3153 1482 3551 1556 increpabant,

1913 1574 2004 1629 vel
2056 1574 2370 1647 increpatio
2423 1574 2835 1647 praphotarum
2883 1570 3345 1644 objurgationem
3394 1574 3557 1627 notat

1904 1663 2128 1734 justam
2158 1664 2214 1717 in
2248 1667 2576 1736 peccatores
2605 1660 2872 1735 populos.

1914 1754 1981 1808 19
2054 1751 2197 1808 Misit
2225 1752 2289 1807 de
2315 1767 2524 1807 summo
2553 1758 2602 1807 et
2630 1751 2839 1822 accepit
2864 1765 2949 1804 me
2975 1767 2997 1803 .-

2056 1844 2118 1896 Et
2145 1843 2435 1913 assumpsit
2461 1857 2548 1895 me
2565 1839 2629 1897 de
2658 1839 2813 1927 aquis
2829 1838 3036 1894 multis.

166 1911 217 1967 id
245 1920 338 2012 est
363 1917 627 2024 pbscura
649 1919 703 1974 in
725 1922 1109 2023 prophetis,in
1131 1925 1605 1998 praedicatoribus
1622 1926 1797 1988 verbi.
1832 1960 1881 2024 Β
1978 1934 2018 1985 C
2044 1931 2167 1985 Vox
2185 1911 2472 1995 Ecclesiae,
2505 1927 2666 1983 misit
2697 1912 2892 1998 itaque
2922 1926 3091 1981 Pater
3120 1925 3189 1981 de
3219 1940 3472 1990 summo,
3489 1923 3549 1979 id

166 2001 299 2072 quia
327 2008 387 2060 et
417 2004 471 2061 si
502 2007 659 2063 dicta
687 2025 886 2066 eorum
917 2028 978 2067 se
1008 2012 1137 2085 quis
1166 2017 1331 2084 putet
1358 2013 1694 2086 intelligere,
1718 2018 1804 2070 ta-

163 2105 287 2145 men
326 2093 400 2148 ad
434 2092 629 2165 ipsam
662 2098 948 2173 dictorum
997 2102 1290 2168 virtutem,
1322 2101 1495 2158 sicuti
1538 2108 1626 2159 est
1658 2107 1801 2161 tota-

162 2175 304 2246 liter,
339 2180 438 2236 vix
467 2188 661 2253 potest
683 2189 997 2258 pervenire.
1734 2188 1735 2191 η

164 2267 221 2322 14
291 2272 674 2355 Ρνιυίιιιθᾳνεε
703 2275 759 2330 in
790 2267 1210 2351 conspectu'ejus
1238 2282 1408 2338 nubes
1427 2286 1803 2340 transierunt:

307 2358 401 2435 ox-
457 2361 677 2420 Grando
704 2372 756 2420 et
785 2368 1046 2423 carbones
1075 2370 1221 2438 ignis
1264 2377 1278 2438 ζ
1359 2415 1372 2427 .

223 2436 265 2528 t3
291 2439 675 2513 Praefulgura:
707 2436 1369 2521 nominativusvpluralis
1397 2455 1706 2528 respondet
1729 2456 1801 2511 ad

160 2525 569 2586 nubes.Nubes
599 2537 738 2587 sunt
768 2535 1174 2605 praedicatores
1204 2539 1383 2596 divini
1413 2525 1681 2599 VerbiEt
1710 2549 1801 2601 est

158 2629 358 2671 sensus
392 2632 406 2671 :
445 2617 566 2674 Illae
599 2621 787 2678 nubes
807 2639 935 2694 quae
956 2641 1168 2696 aquam
1186 2629 1493 2689 continent.
1514 2631 1697 2699 Dei,id
1711 2638 1801 2689 est

155 2701 380 2775 eloquia
407 2704 791 2772 divina,sicut
819 2711 877 2767 in
911 2711 1019 2768 hoc
1049 2730 1178 2770 aere
1226 2710 1564 2785 tenebrosae,
1598 2716 1654 2779 id
1685 2725 1795 2789 est,

156 2790 406 2849 obscura:
431 2790 842 2865 videntur,‘ita
871 2799 930 2855 in
961 2809 1275 2876 conspectu
1307 2806 1407 2861 Dei
1437 2808 1797 2881 prmfulgura‘.

153 2881 365 2970 sunt,id
392 2887 487 2938 est
516 2884 869 2956 pralucidze,
897 2889 1037 2961 quia
1064 2891 1141 2946 ibi
1169 2892 1368 2951 omnia
1395 2896 1665 2969 praeclare
1693 2915 1796 2970 pu-

154 2969 268 3044 tept
295 2985 427 3041 quae
457 2970 556 3028 hic
591 2978 734 3029 sunt
762 2975 1030 3034 obscura.
1062 2979 1443 3037 Transierunt
1480 2969 1712 3051 nubes,
1736 2986 1794 3042 id

149 3059 672 3146 est,przedicatores
703 3064 777 3118 ad
807 3066 1238 3137 gentes,relicto
1268 3069 1580 3128 Israelitico
1609 3087 1795 3146 popu-

149 3140 217 3234 lo.
248 3145 505 3219 Grande,
543 3149 657 3206 hoc
698 3156 787 3207 est
832 3154 1149 3228 increpatio
1177 3140 1636 3230 praedicandum,
1670 3140 1798 3234 qui-

147 3230 250 3288 bus
303 3237 486 3292 corda
545 3238 986 3299 incredulorum
1043 3244 1441 3303 stimulantur.
1503 3230 1795 3307 Carbones

147 3319 310 3392 ignis,
344 3326 662 3383 cbaritatis
692 3327 1205 3404 incendia,quibus
1234 3350 1399 3392 mens
1427 3318 1685 3394 fidelium
1710 3320 1792 3395 re-
1822 3318 1866 3386 (ἶ

143 3406 379 3479 viviscit,
534 3468 543 3473 .

147 3497 207 3551 15
272 3502 340 3557 Et
368 3504 620 3561 intonuit
647 3506 715 3562 de
742 3508 872 3564 creto
901 3512 1169 3567 Dominus
1198 3531 1218 3568 .-

267 3590 599 3682 Altissimus
627 3594 780 3682 dedit
806 3613 981 3656 vocem
1011 3617 1169 3657 suam
1199 3620 1219 3657 :
1237 3604 1321 3682 δέ
1342 3605 1550 3675 grando
1590 3615 1643 3663 et
1667 3624 1790 3664 car-

342 3673 512 3729 bones
542 3677 698 3744 ignis
741 3684 756 3742 ξ
837 3719 849 3731 .

201 3756 240 3813 C
270 3754 558 3831 Inionuit,
607 3781 717 3820 vox
756 3765 1174 3840 omnipotentis
1203 3770 1389 3829 Patris
1408 3779 1527 3831 est:
1561 3776 1786 3833 Clariﬁ-

136 3845 245 3898 cavi
277 3852 334 3902 et
382 3846 609 3907 iterum
656 3848 1188 3919 clariﬁcabotloan.
1237 3860 1356 3932 xu).
1409 3862 1573 3925 Unde,
1618 3865 1788 3921 multi

135 3934 504 3995 crediderunt
536 3943 869 3998 tonitruum
902 3946 1394 4007 esse.Altissimus
1412 3952 1570 4009 dedit
1589 3970 1785 4013 vocem

134 4036 289 4079 suam
320 4029 575 4100 quando
608 4028 755 4086 dixit
784 4048 797 4086 :
835 4031 933 4089 Ilio
979 4037 1068 4089 est
1098 4035 1279 4095 Filius
1317 4056 1483 4098 meus
1514 4042 1782 4101 dilectus.

132 4113 227 4165 etc.

190 4199 231 4293 ᾼ
258 4198 361 4257 Vel
393 4203 673 4293 intonuit
699 4197 985 4266 Dominus
1014 4226 1118 4284 per
1147 4215 1439 4285 apostolos
1481 4223 1538 4275 et
1576 4222 1783 4293 praedi-

131 4289 339 4384 catores
369 4292 726 4367 minis,quae
760 4302 901 4353 sunt
942 4300 1012 4355 de
1061 4303 1241 4373 pannis
1290 4307 1518 4363 mternis
1546 4289 1654 4384 g—et
1682 4327 1784 4384 per

127 4375 344 4469 eosdem
377 4381 552 4437 dedit
585 4400 830 4441 suavem
870 4404 1091 4457 vocem,
1123 4407 1251 4463 quae
1290 4396 1377 4449 est
1430 4395 1498 4451 de
1528 4375 1784 4469 praemiis

129 4466 362 4561 sternis,
393 4471 547 4543 quia
580 4473 775 4530 nubes
804 4476 1165 4535 transierunt
1201 4466 1612 4542 comminando
1643 4505 1778 4561 sup-

127 4549 282 4651 plicia
335 4563 568 4617 aeterna
623 4578 739 4618 non
799 4566 1208 4624 credentibus:
1260 4572 1496 4644 praemia
1551 4549 1782 4651 quoque

125 4643 323 4700 eterna
352 4649 749 4707 credentibus
772 4652 1185 4724 promittendo.

127 4727 182 4781 16
246 4734 313 4789 Et
334 4738 500 4793 misit
529 4740 771 4808 sagittas
799 4734 926 4797 su'as
954 4752 1006 4798 et
1031 4743 1318 4818 dissipavit
1345 4766 1432 4807 eos
1459 4771 1481 4806 .-

249 4822 500 4893 Fulgura
531 4822 938 4899 multiplicauit
964 4835 1017 4886 et
1042 4837 1386 4894 conturbavit
1410 4854 1512 4897 eos.

181 4904 219 4961 C
244 4906 535 5005 Sagittae,
574 4915 971 5005 evangelistas
1019 4921 1177 4992 dicit,
1218 4925 1497 5005 virtutum
1542 4933 1775 5005 pennis,

124 5006 218 5082 non
247 4999 371 5054 suis
405 5002 517 5057 sed
551 5003 692 5073 ejus
722 5021 758 5061 a
787 5022 901 5077 quo
951 5008 1118 5066 missi
1166 5002 1325 5082 sunt,
1366 5022 1522 5074 recta
1542 4999 1780 5080 vitinera

122 5080 561 5180 tiensvolantes.
598 5090 715 5180 Eos
765 5092 1090 5180 dissipavit,
1137 5100 1209 5155 ad
1249 5080 1397 5174 quos
1424 5104 1587 5163 missi
1616 5116 1772 5180 sunt,

122 5167 170 5268 if]
196 5177 650 5268 est-separavit
675 5179 877 5268 fideles
907 5167 1474 5264 recipiendo,impios
1502 5167 1775 5268 abjicien:

121 5252 182 5345 do
228 5260 486 5338 Fulgura
519 5260 965 5342 multiplicavit,
1016 5252 1124 5331 lico
1152 5252 1253 5333 est
1280 5252 1775 5345 miracula'multa

123 5340 252 5404 fecit.
284 5351 330 5407 H
360 5356 792 5446 Conturbavit,
825 5340 965 5432 quia
1008 5379 1111 5436 per
1158 5366 1442 5427 miracula
1483 5340 1772 5446 apostolo:

126 5446 230 5521 tum
259 5444 617 5517 compuncti
653 5451 794 5501 sunt
825 5448 897 5504 ad
927 5452 1347 5521 paenitentiam.

126 5520 179 5573 Π
241 5529 301 5586 ει
327 5543 736 5606 apparuerunt
761 5520 940 5607 fontes
960 5556 1232 5612 aquarum
1261 5564 1280 5599 :

242 5618 301 5672 Et
316 5624 573 5680 revelata
594 5632 733 5681 sunt
751 5624 1115 5699 fundamrnta
1136 5634 1284 5705 orbis
1318 5640 1372 5701 -ξο
1391 5643 1659 5694 terrarum
1696 5645 1710 5706 ζ
1758 5683 1770 5696 .

183 5701 219 5756 Η
250 5707 460 5767 Fontes
514 5713 830 5785 apostolos
883 5710 1041 5775 dicit.
1082 5719 1122 5775 C
1177 5701 1283 5786 Qui
1342 5740 1547 5795 aquas,
1596 5701 1775 5784 idest

1910 2022 1999 2075 est
2022 2017 2234 2073 Filium
2267 2017 2336 2073 de
2384 2016 2565 2072 ccelo:
2600 2020 2658 2073 et
2687 2015 2910 2087 accepit
2953 2013 3270 2070 Ecclesium
3324 2028 3391 2068 ac
3436 2012 3549 2068 sibi
3602 2086 3607 2091 ⁷

1909 2107 2230 2179 conjunxit.
2263 2105 2597 2178 Assumpsit
2644 2103 2959 2161 Ecclesium
2991 2104 3062 2159 de
3091 2102 3282 2175 aquis,
3314 2102 3547 2174 quando

1910 2195 2277 2268 baptismatis
2308 2194 2739 2267 regeneratione
2769 2209 2898 2248 eam
2945 2190 3252 2264 conquirit.
3301 2188 3431 2246 Sive
3477 2190 3550 2260 de

1910 2284 2080 2357 aquis
2110 2283 2335 2351 multis,
2362 2284 2421 2338 id
2452 2286 2541 2337 est
2558 2280 2802 2361 populis
2834 2279 3035 2336 multis
3066 2277 3308 2334 collecta
3337 2282 3426 2334 est
3453 2277 3550 2333 Ec-

1907 2373 2102 2430 clesia.

1906 2465 1978 2521 20
2050 2463 2267 2534 Eripuit
2293 2477 2379 2516 me
2409 2460 2474 2516 de
2505 2459 2746 2515 inimicis
2770 2459 2905 2513 meis
2933 2456 3251 2529 fortissimis
3287 2462 3339 2510 et
3363 2453 3432 2510 ab
3461 2454 3547 2509 his
3606 2526 3613 2529 _

2118 2551 2217 2622 qui
2234 2549 2464 2606 oderunt
2494 2564 2578 2603 me
2606 2565 2625 2602 :

2051 2641 2318 2708 Quoniam
2346 2637 2634 2709 con/"artati
2658 2642 2968 2707 suntsuper
2993 2649 3098 2689 me.

1975 2730 2016 2785 C
2047 2728 2092 2784 Η
2126 2726 2496 2784 Fortissimos
2539 2723 2826 2790 inimicos,
2860 2726 3255 2795 persecutores
3285 2726 3342 2777 et
3370 2721 3545 2776 haere-

1904 2815 2049 2874 ticos
2079 2814 2237 2881 dicit,
2271 2814 2370 2888 qui
2421 2817 2683 2870 sanctam
2713 2811 3028 2869 Ecclesiam
3068 2827 3298 2884 semper
3325 2809 3544 2883 afﬂige-
3646 2862 3647 2869 η

1906 2905 2064 2962 bant.
2088 2905 2129 2960 C
2158 2904 2228 2959 Et
2258 2903 2384 2959 ideo
2415 2919 2477 2960 se
2534 2901 2720 2975 magis
2750 2900 2892 2956 dicit
2917 2902 3196 2989 ereptam,
3246 2898 3385 2989 quia
3431 2896 3541 2954 ini-
3642 2978 3653 2989 ’

1904 2992 2043 3051 mici
2066 2991 2371 3048 confortati
2401 2993 2541 3046 sunt
2570 3006 2748 3062 supra
2777 2989 2964 3062 ipsum
2986 2987 3048 3043 in
3077 2985 3387 3043 afﬂictione
3402 2988 3545 3042 tem-

1902 3080 2106 3154 porali.
2139 3081 2304 3137 Tunc
2332 3079 2485 3135 enim
2517 3094 2772 3133 crescere
2801 3065 3033 3141 meruit,
3065 3092 3197 3130 cum
3248 3091 3374 3131 eam
3407 3074 3543 3130 data

1903 3170 2152 3241 desuper
2180 3170 2463 3240 potestate
2496 3165 2769 3245 inimicus
2819 3163 3043 3219 afflixit.
3075 3163 3119 3219 Ο
3171 3179 3301 3217 vere
3345 3161 3543 3217 divina

1901 3248 2354 3331 providentia,ut
2381 3255 2505 3311 suis
2535 3252 2761 3309 nisibus
2791 3252 3124 3308 destruatur
3156 3250 3451 3316 inimicus,
3485 3252 3542 3305 et

1903 3349 2120 3421 quanto
2153 3360 2215 3399 se
2244 3334 2412 3417 putat
2441 3340 2693 3420 amplius
2741 3338 2967 3407 laedere,
3008 3341 3167 3393 tanto
3197 3336 3547 3421 necessesit

1900 3450 2034 3491 eum
2065 3434 2239 3490 etiam
2269 3429 2587 3488 saevissima
2616 3426 2974 3485 insecutione
3002 3429 3296 3499 prmstare.

1899 3525 1962 3579 21
2043 3527 2433 3579 Ρνᾱευεηθναηε
2459 3535 2544 3575 me
2572 3520 2633 3574 in
2660 3517 2749 3574 die
2774 3517 3093 3589 afﬂictionis
3119 3529 3258 3572 mete
3286 3533 3303 3568 :

2037 3612 2102 3668 Et
2126 3613 2302 3683 factus
2329 3618 2407 3666 est
2434 3609 2693 3666 Dominus
2708 3613 2973 3680 protector
2996 3620 3165 3663 meus.

1966 3700 2008 3755 Ο
2066 3700 2466 3755 Ριιωνθηθῐυηι
2525 3694 2992 3770 pseudoapostoli
3046 3712 3059 3762 ;
3128 3692 3534 3766 praedicatores

1894 3788 2408 3855 Christi,conantes
2430 3786 2761 3844 subvertere
2784 3783 2955 3841 corda
2973 3780 3422 3856 simplicium.In
3440 3781 3534 3839 die

1870 3876 2246 3943 ’afﬂictionis,
2278 3876 2509 3948 quando
2548 3873 2826 3947 martyris
2875 3870 3187 3947 Christiani
3232 3870 3530 3945 sustinue-

1894 3966 2188 4023 runt.ldeo
2218 3966 2371 4022 Deus
2399 3961 2851 4036 protector,quia
2879 3960 3053 4017 homo
3082 3957 3301 4016 exstitit
3338 3958 3529 4031 impu-
3640 4031 3655 4038 _

1890 4058 2118 4128 gnator,
2149 4054 2301 4109 Deus
2349 4053 2505 4110 enim
2543 4049 2855 4106 Ecclesium
2913 4049 2969 4104 in
3029 4044 3530 4120 persecutionibus

1891 4141 2159 4214 protexit.

1890 4230 1961 4286 22
2031 4231 2095 4286 Et
2122 4229 2311 4286 eduxit
2341 4244 2425 4283 me
2452 4230 2512 4283 in
2541 4226 2885 4282 latitudinem
2916 4243 2935 4280 :

2031 4317 2256 4374 Salvum
2282 4332 2369 4371 me
2393 4317 2529 4387 facit
2556 4317 2816 4387 quoniam
2842 4315 3013 4370 voluit
3037 4327 3141 4367 me.

1960 4407 2001 4462 Ο
2033 4405 2315 4461 Producta
2344 4409 2433 4460 est
2472 4403 2732 4461 Ecclesia
2774 4403 2832 4458 in
2867 4400 3258 4468 latitudinem,
3291 4398 3527 4471 quando

1890 4512 1992 4570 per
2021 4492 2292 4551 suavitiam
2326 4496 2762 4565 persecutorum
2787 4506 3097 4546 numerum
3119 4488 3367 4545 crevisse
3397 4503 3528 4542 con-

1890 4587 2005 4640 stat
2033 4581 2312 4638 ﬁdelium.
2338 4580 2620 4648 Quoniam
2653 4578 2845 4646 volvit,
2877 4578 2933 4633 id
2969 4580 3077 4645 est,
3113 4592 3203 4631 me
3234 4573 3398 4649 eligit
3425 4574 3524 4646 qui

1722 4744 1731 4751 θ
1812 4680 1857 4745 D
1887 4671 2070 4745 gratis
2088 4669 2656 4737 vocatuniversos,et
2672 4667 2862 4725 salvos
2886 4665 3066 4724 efficit
3081 4664 3188 4721 sibi
3208 4663 3538 4743 subjectos,

1890 4760 1953 4815 In
1982 4759 2239 4816 Ecclesia
2266 4759 2445 4833 igitur
2471 4757 2755 4816 catholica
2783 4756 2938 4813 hunc
2965 4770 3092 4812 esse
3131 4770 3352 4810 morem
3384 4755 3523 4812 tide-

1886 4847 2030 4904 lium
2062 4847 2261 4905 nullus
2293 4848 2608 4922 ignorat,ut
2629 4850 2847 4919 quanto
2870 4845 3003 4918 plus
3022 4844 3523 4917 persecutionibus

1886 4936 2214 5010 stringitur,
2248 4940 2406 4993 tanto
2439 4934 2693 5009 amplius
2716 4933 2848 4990 ﬁdei
2871 4938 3183 5008 augmento
3207 4932 3518 5003 dilatetur;

1884 5029 2024 5080 tunc
2054 5025 2210 5080 enim
2243 5042 2346 5097 per
2364 5024 2610 5097 gratiam
2634 5024 2735 5080 Dei
2755 5025 3077 5095 exsurgunt
3095 5020 3291 5078 invicti
3317 5021 3519 5090 animi,

1883 5116 2022 5169 tunc
2043 5112 2376 5169 incendium
2407 5112 2706 5169 cbaritatis
2724 5110 3059 5178 ardescit,et
3087 5110 3234 5166 facto
3264 5111 3518 5184 agmine,

1882 5200 1941 5257 in
1966 5201 2192 5275 gladios
2230 5200 2485 5257 suaviter
2513 5204 2710 5256 ruunt.
2741 5200 2840 5273 qui
2873 5202 3100 5255 aeterna:
3126 5198 3254 5256 vita:
3285 5198 3542 5277 praemia,

1881 5289 2320 5362 concupiscunt.

1879 5379 1949 5433 23
2018 5384 2073 5445 σξ-
2118 5379 2184 5433 Et
2225 5385 2238 5443 ζ
2281 5379 2539 5435 retribuet
2564 5378 2707 5434 mihi
2750 5378 3013 5435 Dominus
3048 5376 3341 5434 secundum
3359 5376 3533 5448 justi-,

2127 5468 2263 5522 tiam
2289 5483 2465 5522 meam
2494 5485 2512 5520 :

2024 5557 2085 5610 Et
2111 5554 2403 5611 secundum
2447 5557 2743 5628 puritatem
2788 5570 3056 5611 manuum
3081 5569 3327 5608 mearum
3358 5548 3516 5605 retri-

2092 5644 2215 5700 buet
2240 5646 2398 5701 mihi.

1952 5728 1993 5783 C
2022 5733 2350 5789 Secundum
2377 5733 2672 5804 justitiam
2706 5749 2916 5798 meam,
2948 5729 3006 5785 id
3052 5730 3159 5795 est,
3192 5720 3515 5779 secundum
