3936 6424
339 467 417 532 95
1267 470 1332 532 S.
1380 467 1779 532 BRUNONIS
1828 465 2452 531 HERBIPOLENSIS
2497 466 2882 531 EPISCOPI.
3693 471 3770 533 96

338 600 701 661 voluntatem
727 617 918 660 meam
948 617 980 659 a
1010 604 1067 660 te
1100 599 1243 660 mihi
1276 601 1474 660 datam
1504 601 1718 660 bonam
1736 619 1841 676 per
1869 617 1999 677 gra-
2026 600 2083 670 Α
2109 598 2174 659 31
2255 600 2528 672 Quoniam
2559 609 2619 661 tu
2647 601 2937 661 illuminas
2967 601 3251 661 lucernam
3274 618 3455 662 meam
3484 621 3505 660 :

341 692 508 749 tiam.
542 692 944 750 Innocentiam
990 709 1300 761 manuum,
1350 710 1525 767 opera
1552 690 1699 749 dicit
1738 692 1995 766 pietatis,

342 796 521 857 quam
576 787 913 841 sanctorum
972 784 1161 840 virtus
1212 783 1406 840 divino
1468 800 1709 841 munere
1766 800 1998 858 semper

341 875 587 930 exercet.

338 964 411 1019 24
486 964 626 1033 Quia
653 964 920 1020 custodivi
948 966 1061 1019 vias
1089 964 1314 1021 Domini
1343 982 1361 1019 :

482 1055 588 1109 Nec
616 1054 784 1125 impie
812 1055 956 1122 gessi
984 1071 1017 1109 a
1046 1056 1153 1110 Deo
1180 1070 1318 1111 meo.

413 1141 455 1198 C
480 1142 596 1197 Viae
626 1142 883 1212 Domini,
913 1147 1054 1199 sunt
1084 1140 1317 1199 dilectio
1350 1142 1453 1199 Dei
1484 1147 1540 1199 et
1568 1142 1819 1217 proximi
1849 1159 1996 1217 quas

342 1234 570 1288 constat
593 1247 691 1288 eos
721 1232 1034 1299 custodire,
1059 1233 1157 1306 qui
1182 1231 1391 1288 nolunt
1419 1251 1453 1289 a
1480 1233 1758 1289 mandato
1781 1232 1883 1289 Dei
1905 1233 1998 1289 de-

341 1319 577 1381 clinare.
623 1319 805 1395 Impie
850 1321 989 1395 agit,
1041 1321 1140 1395 qui
1182 1323 1357 1395 jussa
1411 1322 1643 1379 Domini
1703 1321 1997 1380 declinare

339 1407 660 1483 praesumit.

336 1500 408 1556 25
482 1500 751 1569 Quoniam
778 1501 964 1557 omnia
1005 1501 1223 1573 judicia
1266 1502 1387 1574 ejus
1420 1504 1475 1559 in
1505 1510 1789 1575 conspectu
1830 1518 1946 1560 meo
1977 1523 1995 1558 :

479 1590 806 1662 Etjustitias
829 1591 946 1661 ejus
976 1608 1087 1648 non
1117 1593 1298 1664 repuli
1327 1609 1361 1647 a
1392 1609 1495 1649 me.

408 1680 450 1736 Ο
478 1679 664 1735 Habet
693 1678 752 1735 in
785 1686 1102 1753 conspectu
1133 1697 1242 1738 suo
1268 1681 1496 1754 judicia
1525 1682 1756 1758 Dei,qui
1775 1682 1998 1755 jugiter

338 1768 468 1840 ejus
499 1767 785 1826 terribilia
806 1769 1033 1841 judicia
1063 1771 1627 1845 cogitat.Nunquam
1661 1771 1877 1845 repulit
1897 1774 1995 1844 ju-

339 1855 563 1919 stitiam
593 1857 693 1914 Dei
724 1874 758 1915 a
788 1876 870 1928 se,
905 1860 998 1915 cui
1030 1876 1265 1933 semper
1292 1859 1353 1916 in
1385 1861 1558 1917 corde
1586 1859 1856 1918 Christus
1879 1861 1997 1919 sive

332 1945 572 2051 justitia
596 1952 923 2051 permanet.
946 1947 1259 2051 Repellunt
1294 1948 1560 2020 justitias
1592 1949 1717 2018 Dei,
1740 1952 1850 2051 qui.
1871 1967 1994 2008 car-
2027 1980 2076 2051 Β

338 2035 431 2092 nis
464 2034 775 2109 fragilitate
806 2037 1089 2110 superati,
1124 2037 1299 2112 longa
1344 2043 1767 2112 praeceptorum
1798 2039 1996 2097 obser-

335 2125 566 2181 vatione
622 2125 980 2196 deficientes,
1052 2126 1387 2199 aequitatem
1444 2131 1646 2201 (quam
1703 2127 1999 2187 custodire

340 2215 661 2289 eruperunt)
684 2215 985 2271 deserunt.

337 2304 410 2360 26
481 2304 547 2359 Et
571 2320 663 2361 ero
688 2306 1075 2364 immaculatus
1103 2322 1225 2363 cum
1255 2323 1315 2363 eo
1336 2326 1355 2363 :

480 2394 547 2449 Et
568 2393 861 2451 observabo
889 2411 976 2451 me
1005 2396 1073 2451 ab
1106 2396 1397 2468 iniquitate
1426 2411 1566 2452 mea.

408 2480 459 2537 Η
486 2481 598 2538 Ero
628 2481 1067 2555 immaculatus,
1101 2482 1159 2538 id
1201 2488 1309 2550 est,
1366 2485 1743 2558 perseverabo
1784 2485 1845 2543 in
1897 2485 1998 2543 illa

338 2569 674 2627 innocentia
702 2570 1159 2628 Christianitatis
1188 2572 1248 2629 in
1278 2589 1397 2646 qua
1423 2576 1660 2630 vocatus
1690 2590 1844 2631 sum.
1877 2575 1997 2631 Ob-

341 2657 584 2715 servabo
612 2675 726 2725 me,
760 2663 825 2715 ut
855 2677 970 2717 non
1020 2664 1323 2719 convertar
1369 2662 1442 2718 ad
1490 2661 1897 2721 inﬁdelitatem
1935 2664 1995 2720 in

341 2763 461 2820 qua
486 2745 654 2821 prius
684 2747 788 2815 fui,
821 2749 923 2805 sed
956 2748 1204 2806 firmiter
1238 2766 1607 2824 perseverare
1653 2751 1781 2809 volo
1815 2751 1873 2808 in
1894 2751 1999 2809 illa

343 2835 687 2894 credulitate
715 2835 1173 2897 Christianitatis
1202 2856 1381 2915 quam
1405 2845 1591 2899 teneo.

340 2927 413 2982 27
502 2932 557 2994 ἦ·
582 2930 648 2987 Et
686 2930 706 3002 ζ
747 2929 1009 2986 retribuet
1038 2929 1179 2987 mihi
1205 2931 1469 2987 Dominus
1509 2930 1806 2989 secundum
1825 2932 1996 3004 justi-

558 3021 694 3075 tiam
725 3035 901 3077 meam
930 3037 950 3075 :

485 3110 551 3165 Et
576 3108 872 3166 secundum
896 3109 1198 3183 puritatem
1226 3126 1491 3167 manuum
1511 3126 1763 3167 mearum
1792 3113 1851 3167 in
1871 3127 1997 3169 con-

550 3207 735 3272 spectu
762 3200 1045 3257 oculorum
1070 3200 1208 3271 ejus.

2252 693 2480 750 Domine
2505 694 2641 750 Deos
2669 709 2843 761 meus,
2876 692 3143 750 itiumina
3169 694 3415 751 tenebras
3434 692 3606 751 meas.

2182 785 2229 838 Η
2262 782 2524 839 Lucerna
2552 786 2643 839 est
2662 781 2995 840 intellectus
3016 782 3226 839 anime
3248 792 3376 857 quae
3398 778 3769 840 illuminatur

2114 892 2149 930 a
2178 872 2736 932 Christo.'l‘enebras
2768 873 2909 930 dicit
2936 872 3337 948 ignorantiam
3360 872 3768 948 cordis,quam

2107 963 2253 1037 petit
2280 982 2314 1021 a
2343 963 2570 1022 Chrislo
2601 961 2944 1020 illuminari.

2104 1053 2179 1109 32
2252 1056 2521 1124 Quoniam
2545 1056 2604 1111 in
2633 1062 2683 1111 te
2710 1055 2921 1127 eripiar
2949 1070 2983 1110 a
3014 1055 3316 1110 tentatione
3337 1072 3356 1109 :

2248 1145 2316 1200 Ei
2346 1145 2403 1200 in
2433 1145 2539 1201 Dco
2567 1159 2684 1201 meo
2714 1142 3094 1214 transgredior
3121 1154 3363 1202 murum.

2178 1233 2219 1290 C
2247 1230 2312 1289 In
2362 1236 2419 1290 te
2475 1232 2710 1306 eripiar,
2754 1250 2869 1289 non
2920 1250 2954 1289 a
3002 1248 3116 1301 me,
3164 1232 3407 1290 tentatio
3463 1230 3763 1290 diabolum

2105 1322 2324 1397 signat,
2358 1322 2457 1396 qui
2510 1320 2789 1379 omnibus
2838 1319 3156 1378 momentis
3200 1328 3388 1378 (enim.
3440 1320 3595 1378 Bene
3623 1319 3767 1377 dixit

2104 1410 2509 1487 transgredior
2533 1409 2855 1479 murum,id
2876 1409 3347 1467 estobstaculum
3368 1414 3764 1484 peccatorum,

2106 1502 2260 1575 quod
2319 1505 2407 1558 est
2451 1517 2661 1558 murus
2710 1499 2918 1557 mortis
2958 1516 3074 1556 non
3120 1496 3351 1568 salutis,
3395 1514 3573 1573 quem
3616 1498 3769 1558 inter

2105 1594 2288 1647 Deum
2320 1595 2377 1647 et
2406 1589 2676 1646 homines
2719 1587 3055 1646 mortalium
3104 1586 3378 1661 nequitiae
3427 1593 3764 1647 construxe-

2105 1685 2263 1736 runt.

2105 1772 2175 1828 33
2248 1770 2389 1828 Deus
2416 1776 2470 1839 νε-
2513 1787 2665 1827 meus
2708 1778 2720 1836 ζ
2766 1770 3159 1843 impollutavia
3176 1769 3294 1842 ejus
3312 1770 3529 1843 eloquia
3546 1768 3766 1827 Domini

2320 1863 2445 1932 igne
2472 1861 2790 1917 examinata
2820 1878 2839 1916 :

2246 1956 2528 2008 Protector
2555 1958 2636 2006 est
2657 1952 2906 2006 omnium
2932 1950 3279 2021 sperantium
3309 1950 3369 2004 in
3394 1963 3467 2005 se.

2179 2040 2220 2098 C
2250 2039 2563 2114 Impollnta
2606 2040 2701 2096 via
2740 2040 2893 2112 ejus,
2927 2038 3038 2095 hoc
3086 2040 3177 2095 est
3206 2037 3535 2096 Incarnatio
3564 2032 3764 2105 Verbi,

2108 2147 2285 2204 quam
2307 2133 2535 2187 constat
2564 2127 2948 2202 pollutionem
2984 2143 3104 2184 non
3136 2124 3419 2185 habuisse
3449 2125 3691 2201 peccati.
3716 2125 3765 2185 Η

2105 2219 2351 2293 Eloquia
2379 2220 2503 2286 Dei,
2536 2223 2675 2275 sunt
2716 2220 2847 2291 ejus
2879 2218 3014 2291 igne
3038 2216 3180 2273 ﬁdei
3214 2217 3334 2274 sive
3363 2215 3767 2274 tribulationis

2105 2309 2436 2366 examinata
2464 2307 2900 2376 mandata,ideo
2931 2305 3048 2363 Deo
3078 2310 3218 2363 sunt
3244 2305 3459 2379 placita
3478 2305 3631 2363 sicut
3660 2318 3765 2363 au-

2106 2417 2237 2457 rum
2268 2399 2403 2473 igne
2433 2399 2766 2472 probatum.
2798 2395 2906 2461 Qui
2937 2393 2999 2452 in
3027 2393 3329 2452 Christum
3364 2395 3612 2452 credunt
3635 2412 3768 2468 pro-

2104 2493 2405 2564 teguntur.
2437 2488 2479 2546 C
2526 2484 2733 2543 Nullus
2780 2483 3064 2542 dimissus
3112 2488 3201 2542 est
3246 2483 3361 2541 nisi
3389 2483 3491 2557 qui
3533 2484 3594 2542 in
3625 2501 3765 2542 eum

2106 2593 2342 2651 sperare
2369 2574 2644 2651 neglexit.
2760 2632 2763 2633 ν

2104 2668 2174 2724 34
2246 2666 2525 2739 Quoniam
2544 2665 2666 2739 quis
2688 2664 2831 2721 Deus
2854 2666 3063 2735 praeter
3083 2664 3418 2722 Dominum?

2246 2758 2313 2813 Et
2340 2758 2464 2831 quis
2492 2755 2635 2812 Deus
2662 2761 2867 2828 praeter
2886 2750 3059 2809 Deum
3086 2755 3335 2810 nostrum
3353 2754 3379 2805 .9

2175 2846 2217 2903 C
2248 2847 2367 2904 Hoc
2424 2848 2628 2903 contra
2671 2856 3035 2917 paganorum
3089 2839 3448 2898 dementiam
3498 2838 3762 2896 dicitur:

2106 2936 2207 3010 qui
2235 2935 2375 2993 deos
2404 2932 2516 2992 sibi
2548 2928 2871 2989 multifaria
2898 2929 3153 2987 vanitate
3182 2929 3422 2987 ﬁnxere.
3440 2924 3766 2989 Dominum

2105 3025 2321 3099 posuit,
2355 3023 2497 3097 quia
2524 3021 2712 3096 ipsius
2734 3020 2886 3079 servi
2918 3034 3127 3077 sumus
3158 3022 3216 3076 et
3243 3033 3380 3075 eum
3421 3017 3763 3075 adoramus.

2106 3115 2220 3173 Iste
2249 3113 2410 3171 enim
2462 3112 2618 3170 Deus
2640 3109 2898 3167 Trinitas
2926 3112 3015 3167 est
3063 3106 3491 3182 inseparabilis,
3529 3109 3768 3163 tantum

2104 3204 2384 3262 distincta
2412 3200 2679 3276 personis
2709 3215 2827 3256 non
2856 3195 3190 3254 substantia
3219 3195 3471 3253 deitatis.

385 3288 454 3351 .C
475 3287 777 3346 Justitiam
811 3305 1022 3357 meam,
1057 3302 1234 3362 quam
1260 3286 1529 3358 tu,Deus,
1562 3289 1867 3347 donasti.H
1890 3289 1999 3349 Per
2037 3360 2066 3365 ᾗ
2105 3288 2177 3352 35
2248 3294 2390 3351 Deus
2418 3292 2517 3365 qui
2540 3290 2847 3363 pracinxit
2871 3303 2959 3344 me
2987 3287 3191 3342 virtute
3222 3301 3234 3340 :

340 3376 558 3448 oculos,
589 3382 862 3452 aspectus
884 3360 1233 3453 intelligitur
1261 3378 1651 3436 divinitatis.C
1668 3380 1815 3447 Quia
1842 3380 1997 3438 sicut
2024 3360 2068 3429 (ἶ

331 3467 481 3539 justi
512 3485 745 3542 semper
773 3470 946 3527 corde
986 3469 1173 3525 Deum
1204 3468 1601 3537 considerant,
1642 3469 1723 3527 ita
1751 3486 1851 3528 eos
1879 3470 1994 3527 vir-

338 3560 435 3614 tus
464 3557 661 3615 divina
679 3558 904 3632 jugiter
946 3559 1204 3631 respicit,
1235 3562 1293 3614 et
1320 3557 1637 3632 unicuique
1681 3560 1873 3618 reddit
1900 3578 1996 3619 seu

341 3645 603 3703 cundum
636 3646 949 3719 puritatem
982 3647 1273 3704 bonorum
1305 3653 1565 3706 actuum.

340 3736 412 3791 28
486 3735 621 3793 Cum
646 3744 831 3801 saneto
859 3744 1078 3794 sanctus
1107 3740 1219 3795 eris
1249 3756 1268 3793 :

484 3825 549 3881 Et
576 3841 702 3882 cum
730 3827 848 3889 viro
877 3828 1162 3885 innocente
1190 3831 1447 3886 innocens
1472 3830 1603 3886 eris.

412 3913 454 3970 C
484 3913 629 3971 Cum
661 3920 861 3973 sancto
890 3916 1032 3985 viro,
1066 3914 1124 3973 id
1153 3920 1241 3973 est
1273 3916 1516 3975 Domino
1547 3917 2001 3991 Salvatore,ipso

341 4007 653 4076 praestante
679 4005 865 4062 sancti
910 4020 1039 4063 esse
1083 4022 1423 4079 possumus,
1457 4007 1792 4082 praecipitur
1819 4007 1998 4066 etiam

342 4095 409 4148 ut
436 4109 571 4150 cum
622 4093 955 4151 innocentia
1008 4096 1138 4168 ejus
1199 4095 1541 4154 innocentes
1598 4113 1728 4154 esse
1774 4114 2000 4156 merea-

343 4201 496 4240 mur.
531 4183 731 4241 Solent
759 4184 917 4240 enim
948 4201 1141 4242 mores
1190 4184 1499 4241 hominum
1551 4186 1884 4259 frequenter
1914 4187 2001 4244 eis

341 4272 566 4331 similes
595 4273 721 4329 ﬁeri
745 4290 897 4345 quos
926 4272 1259 4331 habuerunt
1288 4274 1557 4333 doctores
1595 4279 1655 4331 et
1689 4281 2001 4350 praecepto-

341 4379 456 4419 1‘88.

339 4446 425 4507 29'
500 4457 555 4517 έ-
584 4453 649 4507 Ει
692 4459 705 4516 ζ
748 4469 873 4508 cum
900 4454 1066 4510 eiecto
1095 4454 1294 4510 eiectus
1325 4456 1435 4511 eris
1469 4472 1486 4509 :

484 4542 547 4597 Et
560 4556 685 4597 cum
709 4550 955 4615 perverto
980 4545 1325 4615 perverteris.

412 4633 452 4685 C
483 4629 802 4688 Petendum
833 4635 922 4689 est
951 4637 1016 4689 ut
1037 4649 1171 4689 cum
1185 4630 1467 4691 electione
1496 4631 1710 4689 Christi
1740 4633 1861 4706 (qui
1885 4631 1999 4690 ele-

341 4724 471 4777 ctus
501 4720 575 4775 ab
607 4719 758 4777 Isaia
787 4718 1019 4793 dicitur)
1049 4723 1184 4790 (lsai
1209 4723 1345 4792 xui)
1367 4720 1838 4794 eligamur,quod
1862 4725 2001 4779 tunc
2029 4741 2078 4808 Β

341 4807 557 4864 accidit
586 4808 755 4865 nobis
785 4811 1020 4883 quando
1040 4809 1347 4884 praeceptis
1369 4810 1497 4882 ejus
1519 4809 1998 4869 obedimus.Cum

342 4912 633 4969 perverso,
665 4895 724 4953 id
756 4902 863 4965 est,
893 4915 1029 4955 cum
1060 4897 1292 4955 diabolo
1323 4898 1700 4970 subverteris,
1732 4898 1833 4971 qui
1865 4918 2002 4973 pro-

340 4984 470 5058 pria
499 4985 807 5060 iniquitate
838 5003 1149 5061 pervorsus
1178 4985 1425 5054 est,illos
1458 4987 1675 5043 etenim
1706 4984 2004 5060 iniquissi-

342 5091 473 5145 mos
502 5073 726 5134 similes
757 5078 868 5135 sibi
900 5076 1058 5147 facit,
1092 5082 1243 5149 quos
1265 5074 1337 5132 ad
1361 5092 1482 5133 sua:
1503 5076 1848 5134 obedientiae
1863 5080 2003 5152 jura

342 5165 642 5223 convertit.

339 5254 411 5310 30
484 5255 754 5324 Quoniam
784 5264 843 5314 tu
867 5255 1136 5328 populum
1165 5251 1431 5310 humilem
1454 5254 1672 5312 salvum
1706 5259 1876 5328 facies
1905 5276 1925 5313 :

479 5345 547 5401 Et
574 5346 755 5402 oculos
781 5346 1143 5417 superborum
1171 5342 1515 5398 humiliabis.

411 5422 452 5491 C
481 5432 719 5491 Salvum
752 5433 923 5490 faciet
968 5430 1276 5504 populum,
1301 5446 1436 5486 cum
1468 5432 1526 5488 in
1569 5422 1893 5507 dieijudicii
1926 5442 1998 5498 ad

342 5522 638 5597 dexteram
663 5538 832 5579 suam
864 5518 1118 5576 humiles
1149 5517 1477 5575 collocabit.
1509 5521 1673 5579 Oculi
1718 5530 2000 5601 superbo-

340 5613 842 5682 rum,arrogantes
863 5608 1024 5675 dicit,
1058 5607 1107 5663 Η
1138 5607 1240 5678 qui
1270 5608 1675 5680 paenitentiam
1698 5632 1871 5689 agere
1901 5619 2001 5675 de-

342 5700 664 5773 dignantur
697 5716 710 5766 ;
744 5698 785 5754 C
815 5713 966 5770 quos
998 5693 1339 5752 humiliabit
1385 5713 1518 5755 cum
1557 5701 1913 5763 descendent
1944 5708 2001 5765 in

350 5787 809 5863 profunditatem
838 5783 1142 5863 gehenrm.

2251 3382 2318 3439 Et
2341 3383 2523 3455 posuit
2551 3379 2965 3436 immaculatum
2991 3376 3139 3433 viam
3163 3390 3361 3431 meam.

2177 3471 2224 3528 Η
2254 3470 2418 3536 Quod
2449 3469 2548 3537 ait,
2584 3464 2885 3541 praecinxit
2936 3480 3050 3533 me,
3085 3460 3309 3520 scilicet
3353 3459 3604 3534 Spiritus
3635 3466 3777 3516 san-

2105 3565 2256 3628 ctus,
2290 3559 2390 3633 qui
2434 3575 2542 3615 nos
2580 3558 2770 3614 armat
2818 3557 3020 3613 contra
3062 3551 3383 3625 potestates
3428 3548 3687 3622 iniquas.
3729 3548 3775 3605 C

2104 3647 2552 3706 Immaculatam
2581 3647 2761 3713 viam,
2789 3642 2900 3700 hoc
2929 3643 3019 3700 est
3038 3639 3193 3699 viam
3214 3636 3595 3714 purissimam
3621 3636 3769 3694 sine

2106 3740 2278 3796 sorde
2304 3736 2709 3810 delicti,quam
2740 3732 2903 3790 solus
2924 3730 3022 3789 ille
3054 3727 3375 3788 ambulavit
3394 3727 3495 3801 qui
3526 3730 3778 3800 peccata

2107 3844 2223 3886 non
2254 3826 2474 3896 fecit,et
2500 3825 2648 3883 alios
2680 3820 2985 3881 ambulare
3015 3814 3152 3878 fecit
3176 3820 3235 3877 in
3265 3835 3351 3876 ea.

2104 3920 2176 3976 36
2251 3919 2355 3988 Qui
2378 3917 2607 3992 perfecit
2629 3914 2791 3989 pedes
2819 3926 2962 3970 meos
2992 3917 3255 3984 tanquam
3282 3922 3570 3966 cervorum
3598 3923 3618 3962 :

2249 4008 2313 4064 Et
2333 4012 2497 4079 super
2522 4004 2739 4064 excelsa
2765 4010 3007 4060 statuens
3035 4016 3139 4068 me,

2179 4095 2221 4154 C
2248 4096 2655 4154 Transmeavit
2684 4092 2974 4161 Christus,
2996 4084 3217 4147 'delicta
3236 4085 3556 4162 pungentia
3582 4084 3779 4158 hujus

2108 4186 2305 4245 saeculi
2335 4190 2392 4242 et
2418 4184 2597 4242 facies
2642 4185 3016 4257 peccatorum
3065 4175 3580 4263 profundissimas,
3613 4174 3782 4236 sicut

2107 4280 2313 4335 cervus
2343 4273 2584 4349 spinosa
2612 4271 3075 4344 frueteta.Super
3097 4267 3326 4325 excelsa
3367 4262 3574 4349 statuit
3604 4276 3778 4337 eum,

2106 4366 2167 4424 id
2197 4369 2289 4424 est
2315 4370 2470 4423 Deus
2499 4363 2670 4421 Pater
2696 4372 2876 4436 super
2914 4374 3150 4417 omnem
3188 4356 3562 4415 altitudinem
3609 4372 3784 4413 crea-

2108 4460 2397 4523 turarum,
2429 4458 2497 4512 ut
2524 4450 2839 4526 Apostolus
2870 4449 2952 4507 ait
2982 4467 2997 4506 :
3027 4448 3103 4505 Et
3149 4444 3387 4505 donavit
3415 4442 3499 4502 illi
3529 4458 3780 4516 nomen,

2109 4544 2267 4620 Quod
2289 4549 2381 4603 est
2410 4554 2587 4617 super
2615 4554 2788 4598 omne
2819 4554 3052 4597 nomen.

2108 4634 2178 4692 37
2253 4636 2360 4705 Qui
2387 4634 2541 4691 docet
2562 4646 2763 4689 manus
2787 4645 2934 4687 meas
2957 4629 3029 4686 ad
3047 4627 3316 4703 praelium
3340 4644 3359 4681 :

2251 4726 2318 4781 Et
2343 4723 2578 4797 posuisti
2600 4729 2664 4779 ut
2684 4724 2876 4778 arcum
2904 4735 3105 4777 xreum
3130 4716 3355 4773 brachia
3382 4729 3522 4772 mea.

2182 4814 2223 4871 C
2252 4812 2477 4883 Doceri,
2510 4815 2599 4869 est
2646 4810 2719 4867 ab
2766 4806 3218 4866 imminentibus
3247 4801 3478 4865 insidiis
3526 4805 3785 4861 cautum

2112 4903 2476 4972 ﬁeri,Manus
2504 4898 2871 4975 operationes
2902 4895 3257 4971 significant,
3289 4888 3554 4968 praelium
3584 4896 3786 4949 certa-

2111 5008 2247 5050 men
2291 4988 2508 5049 diaboli
2543 5004 2557 5046 :
2589 4985 2831 5046 brachia
2858 5002 2993 5043 vero
3045 4983 3264 5042 Christi
3303 4980 3599 5056 prephe‘tm
3631 4986 3790 5038 sunt

2109 5085 2168 5139 et
2188 5079 2434 5154 apostoli
2463 5093 2566 5153 per
2595 5092 2747 5151 quos
2774 5074 3133 5134 desiderium
3165 5080 3285 5131 eum
3307 5070 3788 5143 voluntatisope-

2108 5173 2273 5229 ratus
2300 5172 2410 5227 est.
2462 5167 2563 5225 His
2604 5169 2907 5239 comparat
2946 5179 3149 5221 arcum
3198 5171 3435 5232 aereum,
3485 5157 3625 5234 quia
3672 5176 3788 5218 ne-

2109 5257 2305 5317 sciunt
2332 5257 2482 5317 servi
2512 5254 2616 5316 Dei
2647 5252 3019 5329 praedicando
3054 5249 3412 5320 mollescere,
3439 5247 3547 5305 sed
3573 5248 3634 5305 in
3666 5265 3790 5306 coe-

2106 5349 2241 5407 lesti
2288 5346 2631 5406 fortitudine
2678 5338 3113 5419 permanentes,
3164 5340 3357 5400 verbis
3408 5336 3790 5401 salutaribus

2108 5437 2364 5507 emissis,
2394 5434 2554 5495 velut
2581 5434 2813 5509 sagittis
2844 5433 3076 5493 eminus
3097 5429 3401 5506 jaeul'atis,
3426 5422 3789 5487 devoto‘rutn

2043 5584 2048 5589 .
2108 5527 2421 5585 hominum
2453 5524 2632 5582 corda
2661 5527 3090 5598 compungunt.

2111 5615 2182 5674 3a
2251 5617 2393 5682 -:—~Et
2433 5622 2447 5680 ζ
2489 5613 2689 5670 dedisti
2713 5613 2859 5670 mihi
2881 5614 3272 5687 proteetione‘m
3299 5609 3500 5667 salutis
3538 5615 3653 5667 tua?
3683 5626 3703 5664 :

2253 5706 2318 5762 Et
2347 5702 2575 5760 dextera
2600 5718 2696 5759 tua
2722 5704 2957 5778 suscepit
2986 5718 3092 5760 me.

2182 5792 2225 5852 C
2256 5792 2545 5852 Protectio
2594 5790 2823 5862 salutis,
2875 5790 3122 5866 gloriam
3171 5786 3467 5863 signiﬁcat
3514 5798 3790 5886 resurre-
