3936 6462
329 473 406 535 99
1259 469 1318 529 s.
1371 429 1769 530 saunoms
1816 463 2436 526 HERBIPOLENSIS
2481 463 2831 526 EPISCOPI

3638 473 3753 532 100

329 607 497 662 aliter
551 605 814 677 exaltari,
864 604 966 678 qui
1016 601 1177 660 solus
1224 608 1458 658 vocatur
1503 605 1560 657 et
1606 604 1695 658 est
1741 597 1969 656 Altissi-
2000 599 2058 666 Α
2127 599 2150 653 1
2229 599 2369 656 Certi
2393 608 2658 656 enarrant
2682 597 2920 672 gloriam
2947 600 3092 656 Dei:

321 712 636 850 glusbeus,
667 785 765 856 qui
791 783 888 840 das
916 782 1188 840 vindictas
1215 781 1377 838 mihi.
1409 783 1475 837 Et
1520 780 1709 836 subdis
1751 779 1976 853 populos

539 874 642 931 sub
670 891 760 929 me
789 891 808 930 :

471 965 755 1020 Liberator
779 979 935 1019 meus
963 961 1030 1018 de
1056 947 1528 1026 inimicismeis'én
1570 958 1852 1015 iracundis
1896 984 1908 998 -
1955 999 1969 1013 .

396 1053 443 1110 H
470 1052 646 1124 Deus,
697 1052 799 1125 qui
845 1052 952 1108 das
996 1049 1316 1108 vindictam
1363 1049 1530 1119 mihi,
1581 1047 1971 1106 subvertendo

319 1143 557 1199 Judaeor.
583 1161 596 1211 ;
627 1141 736 1211 vel,
771 1146 942 1210 Deus,
976 1141 1075 1214 qui
1107 1141 1212 1197 da‘s
1249 1140 1539 1196 vindictas
1570 1138 1789 1196 sanctis
1839 1153 1972 1210 apo-

325 1230 492 1288 stolis
519 1247 840 1303 eorumque
870 1229 1312 1294 successoribus
1328 1222 1598 1285 Ecclesia
1621 1225 1882 1283 solvendi
1915 1229 1972 1282 et

321 1320 669 1395 corrigendi.
703 1321 772 1376 Et
801 1320 962 1376 dedit
991 1322 1339 1392 potestatem
1384 1316 1866 1391 praedicatoribus
1894 1313 1967 1370 ad

320 1411 638 1484 regendum
687 1414 888 1483 gentes
939 1407 1293 1464 incredulas.
1335 1407 1726 1462 Liberatorem
1780 1404 1967 1460 Deum

318 1500 477 1556 dicit.
509 1499 659 1555 Petit
685 1497 945 1555 Ecclesia
974 1514 1037 1554 se
1066 1496 1304 1552 liberari
1335 1495 1407 1551 ab
1457 1493 1764 1560 haereticis,
1790 1511 1892 1550 seu
1934 1510 1970 1549 a

316 1587 744 1662 peccatoribus,
775 1591 834 1644 et
864 1587 974 1642 hoc
1007 1587 1080 1642 ab
1112 1585 1432 1651 iracundis,
1457 1583 1504 1640 C
1529 1583 1587 1640 id
1638 1587 1727 1640 est
1775 1601 1809 1638 a
1856 1582 1965 1638 fero

316 1679 448 1734 vida
477 1675 846 1749 malignitate
877 1674 1200 1731 succensis.
1226 1672 1523 1729 Vindicari
1553 1671 1767 1728 dicitur
1781 1669 1970 1726 Eccle-

317 1767 424 1832 sia,
459 1766 696 1840 quando
726 1766 854 1836 ejus
886 1763 1107 1819 inimici
1141 1763 1212 1818 ad
1245 1778 1389 1817 veris
1444 1761 1744 1834 religionis
1790 1777 1963 1833 pene-

316 1855 489 1912 tralia
517 1853 902 1910 reducuntur.

800 1945 870 2000 ab
889 1899 1311 2035 insurgentibus
1329 1943 1389 1996 in
1415 1957 1502 1996 me
1528 1939 1802 1996 exultabis
1829 1955 1916 1994 me
1945 1956 1964 1994 :
1996 1975 2046 2043 Β

455 2029 495 2082 Α
525 2027 647 2082 viro
679 2026 872 2097 iniquo
899 2024 1098 2096 eripies
1121 2039 1224 2078 me.

386 2115 434 2171 H
464 2115 550 2172 Ab
582 2113 1050 2188 insurgentibus,
1085 2112 1140 2168 id
1177 2118 1267 2169 est
1314 2128 1348 2167 a
1397 2109 1888 2184 persecutoribus.
1920 2110 1966 2164 Α

313 2205 438 2262 viro
478 2205 702 2278 iniquo,
734 2203 793 2260 id
823 2207 934 2262 \est
985 2219 1021 2258 a
1067 2201 1320 2269 diabolo,
1373 2205 1440 2256 ut
1489 2200 1546 2255 in
1603 2197 1960 2271 Evangelia:

315 2295 595 2350 lnimtcus
645 2293 818 2350 homo
870 2293 978 2349 hoc
1030 2291 1165 2348 fecit
1217 2291 1436 2362 (Matth.
1486 2293 1612 2358 χιιι)
1645 2307 1658 2356 ;
1689 2293 1729 2341 C
1778 2287 1880 2343 Vel
1929 2303 1964 2342 a

203 2411 218 2455 ς
310 2384 559 2460 quilibet
587 2381 982 2440 schismatico.

307 2475 377 2530 53
447 2476 740 2548 Propterea
767 2472 1062 2543 conﬁtebor
1093 2471 1198 2527 tibi
1223 2472 1282 2526 in
1312 2469 1652 2536 nationibus,
1679 2469 1912 2524 Domine
1941 2486 1959 2522 :

451 2565 512 2620 Et
541 2564 758 2619 nomini
785 2569 876 2618 tuo
902 2562 1178 2633 psalmum
1205 2559 1408 2616 dicam.

377 2653 420 2710 C
449 2653 690 2726 Propter
716 2649 817 2706 illa
846 2667 976 2723 qua:
1006 2649 1279 2722 superius
1307 2648 1464 2703 dicta
1487 2651 1628 2704 sunt
1659 2664 1674 2702 :
1707 2647 1956 2703 Conﬁte-

309 2744 414 2798 bor
435 2741 564 2808 tibi,
595 2741 652 2796 id
683 2744 772 2797 est
793 2738 1048 2796 laudabo
1079 2742 1134 2794 te
1164 2754 1268 2810 per
1297 2735 1544 2810 populos
1569 2735 1952 2792 Christianos.

307 2831 580 2889 Psalmus
608 2845 756 2902 opus
783 2829 1076 2902 significat
1106 2825 1355 2894 actuale,
1373 2843 1476 2900 per
1502 2825 1659 2898 quod
1689 2824 1956 2881 divinitas

305 2922 506 2978 melius
535 2935 706 2992 opere
735 2934 913 2991 quam
961 2915 1202 2973 vocibus
1244 2915 1538 2982 laudatur,
1571 2913 1728 2987 quod
1777 2914 1952 2970 etiam

303 3011 466 3068 Deus
490 3008 668 3065 citius
695 3023 875 3080 quam
901 3021 1072 3062 voces
1101 3003 1528 3061 exaudit.Unde
1551 3003 1692 3059 dicit
1717 3019 1731 3057 :
1767 3002 1952 3058 Confl-

305 3100 468 3156 tebor
493 3097 620 3164 tibi,
653 3097 712 3153 id
743 3099 834 3154 est
861 3094 1116 3152 laudabo
1145 3099 1204 3150 et
1233 3094 1535 3166 operabor.

298 3190 368 3248 54
443 3188 800 3260 Magniﬁcam
825 3185 1034 3241 salutes
1053 3184 1196 3255 regis
1219 3183 1336 3256 ejus
1356 3202 1374 3238 :
1403 3186 1458 3238 et
1481 3181 1694 3256 faciens
1719 3183 1946 3239 miseri-

509 3277 751 3338 cordiam
779 3275 978 3330 christo
1005 3290 1104 3330 suo
1133 3271 1303 3330 David
1323 3291 1342 3328 :

437 3369 506 3425 Et
526 3366 728 3422 semini
757 3364 874 3436 ejus
901 3379 1075 3437 usque
1102 3363 1164 3420 in
1191 3363 1478 3419 saeculum.

366 3459 409 3514 C
437 3455 776 3530 Magniﬁcat
806 3453 974 3509 Pater
1002 3467 1197 3526 regem
1240 3452 1449 3524 ipsius,
1481 3451 1540 3506 id
1591 3455 1682 3507 est
1730 3450 1943 3506 Filium

297 3548 507 3612 ζα.ῐοῐο
532 3545 672 3602 crde
700 3546 990 3600 terrarum
1022 3546 1424 3614 regnaturum.
1453 3540 1720 3596 Christus
1748 3547 1944 3596 unctus

301 3631 735 3708 interpretatur.
767 3631 812 3687 Η
843 3629 1046 3700 David,
1075 3647 1247 3686 manu
1274 3631 1454 3702 fortis.
1482 3629 1524 3686 C
1555 3629 1711 3686 Fecit
1739 3630 1798 3686 in
1830 3629 1942 3686 Da-

305 3725 390 3781 ι-ἱά
450 3719 934 3787 misericordiam,
973 3719 1114 3792 quia
1155 3736 1290 3776 eum
1339 3719 1412 3776 de
1461 3719 1939 3792 persequentium

301 3807 594 3878 ferocitate
624 3807 909 3866 liberavit.
940 3808 1149 3865 Semen
1183 3809 1331 3880 ejus,
1360 3808 1674 3864 Dominum
1715 3808 1939 3882 signiti-

301 3891 390 3960 rat
418 3901 796 3958 Salvatorem.
830 3897 1024 3970 Usque
1051 3895 1111 3953 in
1145 3897 1442 3963 saeculum,
1475 3898 1584 3954 hoc
1614 3902 1704 3955 est
1751 3915 1940 3971 usque

300 3989 358 4052 in
387 3997 691 4048 aeternum.
718 3987 936 4045 Semini
967 3986 1196 4044 Christo
1218 3985 1618 4044 misericordia
1645 3990 1798 4044 facta
1826 3993 1937 4056 est,

295 4081 531 4156 quando
561 4077 876 4135 resurrexit
901 4077 1190 4149 caelosque
1221 4076 1577 4147 accendit,et
1601 4077 1941 4134 nunc-sedet

295 4173 368 4229 ad
401 4171 693 4227 dexteram
727 4168 936 4236 Patris,
967 4185 1067 4224 rex
1089 4165 1151 4222 in
1175 4171 1479 4224 aeternum.

775 4275 976 4314 ORATIO
1015 4273 1086 4313 sx
1124 4273 1282 4312 PSAL.
1323 4273 1460 4312 XVII.

361 4351 822 4408 Firmamentum
835 4347 956 4421 spei
974 4350 1032 4404 et
1056 4345 1346 4419 refugium
1359 4345 1940 4420 pressurae,piissime

291 4441 468 4510 Deus,
495 4438 654 4498 salva
685 4456 794 4496 nos
825 4438 898 4494 ab
951 4436 1210 4492 inimicis
1257 4439 1316 4492 et
1357 4453 1392 4492 a
1439 4435 1668 4508 laqueis
1707 4437 1934 4505 mortis,

289 4538 358 4589 ut
381 4530 672 4602 assumpti
703 4528 774 4584 de
802 4526 1181 4583 multitudine
1211 4525 1718 4582 circumstantium
1748 4527 1936 4583 tribu-

288 4622 603 4690 lationum,
635 4616 1012 4676 devotissime
1039 4619 1242 4672 sancto
1266 4615 1489 4672 nomini
1525 4618 1628 4670 tuo
1675 4631 1807 4670 cum
1857 4616 1942 4671 in-

2229 689 2296 744 Et
2342 705 2505 761 opera
2534 707 2804 746 manuum
2858 690 2975 763 ejus
3029 693 3372 748 annuntiant
3422 693 3742 764 ﬁrmamen-

2301 783 2437 834 tum.

2155 871 2195 922 C
2224 867 2363 924 Catii
2418 868 2666 941 apostoli
2711 873 2854 926 sunt
2909 875 2966 926 et
3007 848 3324 956 prophetae,
3369 872 3469 950 qui
3517 873 3589 930 de
3635 874 3739 930 ad-

2081 960 2256 1012 ventu
2283 956 2497 1013 Christi
2530 957 2883 1014 annuntiant
2910 957 3159 1032 gloriam
3190 959 3590 1034 ipsius.0pera
3617 979 3739 1018 ma-

2081 1061 2268 1100 nuum
2299 1045 2513 1117 ejus,id
2546 1052 2634 1104 est
2662 1048 2788 1120 ipse
2809 1047 2983 1104 homo
3004 1047 3105 1120 qui
3125 1064 3195 1104 ex
3223 1048 3496 1106 manibus
3521 1049 3736 1107 Christi

2080 1132 2410 1206 plasmatus
2467 1141 2576 1192 est.
2626 1136 2992 1193 Annuntiant
3021 1131 3506 1210 ﬁrmamentum,
3539 1139 3596 1195 id
3645 1147 3736 1196 est

2079 1223 2546 1295 praedicationes,
2596 1225 2817 1282 scilicet
2857 1227 3281 1284 incarnationis
3339 1227 3574 1296 Christi,
3627 1245 3737 1302 per

2081 1328 2260 1384 quam
2291 1313 2639 1371 ﬁrmabatur
2681 1314 2949 1372 soliditas
2983 1321 3193 1372 nostra:
3242 1317 3398 1385 fidei,
3447 1323 3504 1374 et
3544 1317 3626 1374 ita
3667 1318 3731 1376 in

2077 1399 2289 1474 plurali
2307 1402 2423 1458 dici
2447 1403 3188 1477 oportet,annnntiant.Sed
3212 1407 3534 1464 secundum
3555 1407 3731 1470 istam

2077 1488 2330 1548 litteram
2361 1510 2489 1567 quae
2519 1492 3094 1564 habet,annuntiant,
3127 1500 3353 1568 oportet
3379 1496 3495 1552 dici
3528 1498 3730 1554 ﬁrma-

2077 1584 2342 1638 mentum
2373 1581 2668 1656 apostolos
2698 1586 2756 1639 et
2801 1579 3138 1656 prophetas,
3170 1584 3273 1658 qui
3305 1587 3732 1644 annuntiarunt

2076 1685 2252 1743 opera
2281 1671 2402 1737 Dei,
2435 1671 2493 1726 id
2523 1669 2614 1728 est
2660 1673 2813 1728 facta
2840 1673 3124 1729 virtutum
3157 1675 3482 1731 secundum
3539 1675 3727 1748 homi-

2075 1775 2230 1828 nem,
2264 1765 2328 1815 ut
2356 1759 2838 1829 incarnationem,
2873 1767 3144 1832 mortem,
3177 1768 3285 1820 etc.

2107 1851 2144 1903 2
2217 1847 2340 1906 Dies
2368 1849 2482 1907 diei
2507 1856 2719 1908 eructat
2740 1852 2963 1907 verbum
2992 1870 3010 1906 :
3171 1857 3188 1868 ‘

2217 1940 2284 1997 Et
2310 1955 2424 1994 nos:
2447 1943 2600 1996 nocti
2627 1939 2838 1997 indicat
2863 1941 3176 1998 seiensiam.

2149 2025 2196 2082 Η
2223 2027 2373 2095 Dies,
2407 2026 2675 2086 Christus
2706 2029 2826 2086 sive
2856 2030 3190 2104 apostoli.C.
3219 2031 3454 2088 Eructat
3481 2032 3720 2090 verbum

2073 2132 2209 2171 eum
2235 2116 2570 2176 irradiaudo
2600 2119 2777 2175 corda
2819 2119 3214 2192 apostolorum
3265 2121 3584 2193 purissima
3611 2139 3721 2180 caa-

2073 2204 2244 2264 lestia
2265 2207 2440 2263 verba
2468 2205 2760 2264 intimavit
2785 2225 2800 2277 ;
2823 2205 3076 2278 vel,cum
3108 2209 3356 2281 apostoli
3387 2211 3562 2267 corda
3577 2211 3720 2268 {ide-

2071 2291 2218 2350 lium
2251 2293 2550 2352 luminosa
2579 2295 2990 2370 praedicatione
3017 2297 3370 2355 illuminant.
3403 2299 3525 2356 Nox
3563 2301 3719 2370 nocti

2071 2382 2293 2438 indicat
2322 2385 2649 2453 scientiam,
2673 2403 2807 2442 cum
2827 2385 2860 2443 J
2869 2387 3012 2442 udas
3033 2385 3252 2442 Judazis
3272 2387 3566 2444 Christum
3591 2406 3720 2462 pro-

2071 2470 2221 2528 didit
2249 2489 2316 2530 ac
2346 2475 2590 2530 tradidit
2619 2474 2692 2531 ad
2724 2475 3131 2548 occidendum.

2101 2563 2138 2618 3
2209 2565 2328 2620 Non
2355 2568 2486 2620 sunt
2517 2565 2751 2636 loquelae
2777 2581 2952 2636 neque
2978 2579 3252 2621 sermones
3279 2586 3300 2621 :

2211 2653 2449 2722 Quoram
2477 2670 2587 2710 non
2612 2654 2917 2710 audiantur
2942 2669 3092 2710 voces
3122 2671 3323 2712 comm.

2136 2741 2182 2798 Η
2215 2742 2258 2798 C
2287 2742 2410 2799 Non
2443 2748 2583 2798 sunt
2610 2741 3158 2817 loquelisNegando
3189 2744 3332 2800 dicit
3362 2743 3556 2802 nullos
3584 2761 3719 2804 esse

2062 2845 2363 2888 sermones
2393 2849 2583 2905 neque
2612 2832 3052 2908 loquelas,quos
3081 2833 3330 2907 apostoli
3353 2851 3466 2890 non
3492 2837 3716 2907 potuis-

2061 2925 2194 2976 sent
2219 2920 2399 2994 loqui.
2448 2921 2490 2978 C
2537 2927 2870 2990 Sermones,
2929 2920 3181 2996 pertinet
3238 2923 3340 2978 adi
3371 2919 3715 2982 communes

2059 3008 2422 3067 narrationes
2451 3029 2466 3079 ;
2499 3007 2844 3084 loquelae,ad
2875 3010 3140 3084 publicas
3183 3010 3512 3068 suasiones.
3543 3013 3708 3086 Quod

2057 3104 2373 3174 utrumque
2401 3099 2698 3172 apostolos
2729 3099 2934 3159 fecisse
2962 3101 3360 3158 certissimum
3391 3105 3502 3158 est.

2090 3189 2124 3244 4
2195 3191 2259 3246 In
2286 3205 2503 3246 omnem
2527 3193 2734 3247 terram
2762 3191 2939 3246 exivit
2962 3206 3130 3247 sonus
3158 3207 3346 3246 eorum
3373 3209 3392 3246 :

2195 3280 2263 3336 Et
2291 3280 2352 3334 in
2378 3279 2515 3350 ﬁnes
2541 3279 2690 3335 orbis
2715 3285 2772 3346 σξη
2791 3283 2954 3337 terrae
2993 3284 3011 3346 ζ
3052 3281 3216 3336 verba
3245 3295 3452 3336 eorum.

1973 3347 2018 3414 α
2123 3371 2164 3422 C
2192 3347 2435 3424 Terram
2469 3385 2482 3424 :
2515 3367 2611 3425 hic
2640 3367 2941 3424 hominem
2971 3369 3256 3425 debemus
3291 3368 3568 3441 accipere.
3597 3372 3700 3444 So-

2051 3471 2166 3514 nus
2193 3473 2348 3526 vero,
2383 3457 2540 3514 fama
2570 3456 2991 3513 miraculorum
3021 3455 3314 3514 est.Fines
3343 3459 3529 3525 terrae,
3563 3461 3705 3513 sunt

2049 3547 2302 3620 reges,id
2335 3551 2424 3602 est
2453 3563 2570 3603 non
2620 3545 2814 3602 solum
2860 3546 2933 3602 ad
2965 3543 3243 3612 humiles,
3274 3546 3376 3603 sed
3419 3546 3595 3602 etiam
3627 3547 3702 3603 ad

2049 3637 2344 3710 principes
2385 3635 2650 3710 gentium
2680 3635 2975 3710 Evangelii
3005 3635 3190 3692 verba
3205 3637 3611 3708 pervénerunt,
3643 3639 3705 3692 et

2049 3741 2255 3782 omnes
2283 3713 2556 3782 homines
2587 3724 2811 3782 salubri
2844 3724 3112 3781 doctrina
3139 3724 3482 3782 docuerunt.

2082 3817 2118 3871 5
2189 3817 2250 3871 In
2271 3815 2384 3871 sole
2407 3815 2592 3888 posuit
2621 3815 3037 3871 tabernaculum
3065 3831 3228 3870 suum
3253 3832 3272 3868 .-

2189 3905 2258 3960 Et
2285 3906 2400 3978 ipse
2427 3913 2691 3978 tanquam
2726 3920 2956 3984 sponsus
2999 3903 3294 3976 procedens
3347 3891 3412 3960 de
3452 3902 3700 3961 thalamo

2259 4011 2356 4050 suo
2364 4038 2377 4050 .

2117 4083 2160 4139 C
2190 4083 2254 4140 In
2294 4083 2416 4140 sole
2445 4069 2662 4155 posuit,
2696 4082 2753 4138 id
2804 4086 2914 4150 est,
2947 4082 3007 4138 in
3039 4081 3530 4147 manifestatione,
3562 4080 3700 4154 quia

2047 4173 2356 4230 manifeste
2385 4173 2560 4230 venit.
2581 4171 2732 4228 Dicit
2749 4171 3196 4229 tabernaculum
3219 4171 3437 4228 scilicet
3459 4169 3550 4227 sui
3573 4186 3698 4226 cor-

2045 4261 2226 4336 pOris.
2259 4263 2330 4318 Et
2358 4263 2504 4336 ipse,
2536 4259 2833 4318 Christum
2886 4262 3200 4318 Dominum
3231 4259 3392 4328 dicit,
3437 4260 3538 4333 qui
3569 4263 3698 4316 tan-

2046 4353 2224 4426 q'uam
2257 4367 2514 4423 sponsus
2545 4348 2810 4406 Ecclesia
2841 4367 2981 4421 suae,
3015 4349 3299 4424 processit
3339 4349 3411 4406 de
3439 4345 3698 4405 thalamo

2045 4458 2177 4510 suo,
2209 4441 2268 4496 id
2299 4444 2390 4498 est
2419 4440 2490 4496 de
2519 4444 2683 4497 utero
2713 4439 3165 4514 virginali.Bene
3195 4455 3450 4512 sponsus
3480 4455 3514 4494 a
3537 4453 3698 4511 spon-

2044 4530 2219 4587 dendo
2247 4529 2464 4586 dicitur
2491 4528 2783 4596 Christus,
2815 4529 2917 4601 qui
2966 4529 3140 4585 toties
3189 4533 3277 4584 est
3307 4526 3635 4601 promissus
3665 4543 3699 4583 a

2045 4619 2371 4694 prophetis.

287 4709 568 4769 nocentiae
606 4709 866 4782 puritate
911 4705 1258 4780 psallamus.
1289 4705 1398 4761 Per
1437 4703 1754 4760 Dominum
1801 4721 1936 4762 nos-
1966 4724 2014 4790 Β
2081 4711 2118 4765 6
2188 4707 2499 4764 Exsultavit
2523 4710 2586 4764 ut
2607 4707 2762 4780 gigas
2781 4707 2852 4764 ad
2879 4707 3212 4764 currendum
3236 4708 3386 4794 viam
3404 4710 3629 4794 estiam
3669 4709 3683 4769 ζ

283 4807 450 4860 trum
479 4801 683 4857 Jesum
711 4797 1008 4854 Christum
1043 4793 1256 4850 Filium
1288 4799 1479 4863 tuum,
1513 4798 1622 4850 etc.

821 4936 1156 4996 PSALMUS
1203 4936 1399 4994 XVIII.

629 5045 639 5064 ί
704 5041 1112 5088 ARGUMENTUM
1151 5043 1308 5084 PSAL.
1351 5044 1511 5084 XVIII.

355 5160 398 5216 C
426 5155 660 5216 Domini
691 5151 1102 5228 praedicatores
1130 5149 1420 5222 Propheta
1437 5149 1932 5224 collaudans,ejus

288 5248 753 5305 incarnationem
783 5239 1222 5315 speciosissime
1243 5239 1772 5308 describit;necnon
1793 5257 1931 5314 prse-

283 5341 452 5410 cepta
480 5335 621 5391 Novi
651 5349 719 5388 ac
746 5327 970 5387 Veteris
1008 5327 1366 5384 Testamenti
1416 5329 1822 5405 magniﬁcans,
1854 5332 1928 5389 ab

283 5425 528 5484 occultis
554 5421 712 5478 vitiis
741 5416 978 5492 purgari
1011 5433 1073 5472 se
1101 5433 1136 5472 a
1166 5415 1410 5474 Domino
1441 5425 1728 5492 precatur.

654 5509 777 5564 TT.
807 5507 870 5560 In
897 5505 1066 5575 ﬁnem
1088 5503 1336 5576 psalmus
1362 5507 1554 5566 David.

353 5603 396 5658 C
425 5597 734 5670 Inscriptio
761 5591 917 5649 tituli
945 5591 1125 5664 hujus
1155 5592 1487 5666 frequenter
1524 5599 1786 5672 exposita
1815 5605 1924 5656 est.

285 5692 392 5748 Per
419 5692 611 5744 totum
644 5685 826 5758 igitur
855 5679 1122 5756 psalmus
1151 5680 1659 5758 Prophetas,verba
1689 5694 1828 5747 sunt
1853 5691 1928 5750 de

285 5776 518 5837 Christo
545 5771 860 5851 loquentis.

2185 4803 2227 4854 Α
2254 4813 2468 4855 summo
2493 4798 2628 4854 caelo
2657 4799 2892 4870 egressio
2915 4796 3054 4870 ejus.

2111 4887 2153 4944 C
2175 4893 2327 4945 Bene
2342 4887 2567 4962 giganti
2580 4891 2954 4960 comparatur
2965 4884 3696 4958 Christus,quihumanam

2039 4982 2314 5036 nataram
2345 4993 2633 5050 superans
2647 4975 3055 5048 magnitudine
3073 4993 3192 5033 sua
3205 4973 3700 5049 potentiae,omnia

2040 5066 2246 5122 mundi
2276 5066 2420 5122 vitia
2449 5083 2584 5122 cum
2615 5083 2721 5122 suo
2752 5064 3256 5122 truculentissime
3294 5066 3529 5121 auctore
3557 5079 3696 5134 pro-

2040 5155 2264 5212 stravit.
2297 5153 2402 5211 Hic
2448 5153 2543 5212 via
2571 5169 2813 5212 cursum
2865 5154 3166 5229 signiﬁcat
3209 5154 3339 5226 ejus
3371 5151 3523 5220 vitae,
3557 5151 3702 5224 quia

2039 5245 2264 5305 scilicet
2293 5243 2471 5301 homo
2515 5248 2710 5313 natus,
2763 5243 2962 5316 crevit,
3005 5241 3220 5312 docuit,
3264 5257 3476 5314 passus
3511 5245 3620 5296 est.
3651 5240 3702 5296 Α

2037 5352 2274 5392 summo
2301 5334 2535 5391 Patrem
2580 5334 2894 5408 signiﬁcat.
2927 5333 3200 5408 Egressio
3249 5331 3522 5388 nativitas
3565 5325 3703 5402 Filii

2038 5441 2155 5480 non
2185 5423 2548 5498 temporalis,
2581 5423 2682 5482 sed
2715 5427 3000 5481 coaeterna
3027 5423 3206 5480 Patri.

2070 5516 2107 5570 7
2179 5514 2247 5568 Et
2275 5529 2528 5570 occursus
2555 5513 2674 5586 ejus
2702 5529 2872 5592 usque
2898 5513 2968 5570 ad
2997 5527 3274 5570 summum
3300 5511 3418 5582 ejus
3449 5527 3468 5567 :

2176 5604 2284 5660 Nec
2311 5607 2394 5659 est
2421 5605 2518 5675 qui
2543 5619 2600 5659 se
2627 5602 2918 5660 abscondat
2946 5619 2981 5659 a
3007 5602 3192 5660 calore
3217 5600 3360 5673 ejus.

2107 5691 2149 5750 C
2179 5691 2474 5750 accursus
2489 5683 2970 5764 ejusﬁeeundum
2992 5691 3291 5749 hominem
3313 5687 3702 5762 dicitur,quia

2036 5784 2168 5860 post
2225 5781 2694 5858 assumptionem
2767 5783 2980 5854 carnis,
3041 5769 3108 5839 in
3181 5783 3428 5855 utraque
3482 5781 3696 5838 natura
