3936 6486
229 436 323 498 lOI
1426 432 1835 495 EXPOSiTlO
1880 432 2389 497 PSALMORUM.
3487 441 3602 501 102

227 566 481 625 Christus
510 581 864 640 permanens
892 564 1145 627 occurrit
1172 581 1356 639 usqus
1377 565 1448 623 ad
1465 567 1856 636 summum,id
1884 565 1939 633 Α
1968 566 2025 621 id
2055 572 2144 623 est
2171 583 2206 621 a
2232 567 2531 639 praeteritis
2560 569 2830 643 peccatis.
2876 570 2918 629 C
2965 572 3268 632 Occultum
3315 581 3405 634 est
3445 581 3601 651 quod

224 661 319 726 est,
351 671 540 729 usque
569 656 642 712 ad
674 656 874 713 sedem
905 658 1156 729 paternae
1187 656 1533 729 majestatis,
1557 673 1675 731 qua
1697 655 1855 713 Patri
1963 654 2245 729 originale
2274 656 2569 724 dicitur,in
2599 674 2714 731 quo
2743 661 3109 734 concipimur
3135 666 3192 719 et
3220 665 3520 722 nascimur
3546 672 3615 723 et.

225 744 399 804 Filius
426 761 660 818 semper
689 742 931 818 aequalis
962 743 1243 801 est.Calor
1262 745 1391 817 ejus
1411 744 1664 817 Spiritus
1693 761 1858 801 sanc-
1965 748 2185 801 secreta
2213 744 2503 803 voluntate
2522 749 3120 820 peccamus.Alienum
3143 758 3232 810 est
3253 754 3407 826 quod
3433 756 3602 813 malis

223 839 310 892 tus
331 836 482 903 est,a
511 849 625 906 quo
655 848 830 891 nemo
868 836 1063 906 potest
1090 831 1388 901 abscondi,
1422 832 1559 907 quia
1598 832 1859 906 potentia
1965 833 2302 890 hominibus
2323 835 2724 904 suadentibus,
2757 838 2875 895 sive
2903 838 3131 897 diabolo
3160 842 3427 899 suadenti
3448 861 3603 901 com-
3644 850 3655 857 '

224 941 330 981 sua
357 918 685 979 divinitatis
716 922 1180 995 uniuscujusque
1209 922 1386 980 corda
1413 921 1728 996 cognoscit.
1966 921 2243 991 mittitur,
2264 922 2365 978 sed
2412 923 2477 978 fit
2503 925 2826 998 proprium,
2848 928 2986 998 quia
3034 945 3353 988 consensus
3378 937 3604 990 noster

250 1012 283 1067 8
351 1011 715 1069 Lex-Domini
744 1011 1113 1075 immaculata,
1144 1019 1457 1069 convertens
1494 1013 1749 1068 animos:
1779 1018 1858 1067 te-
1967 1009 2276 1084 plectibilis
2304 1027 2374 1067 ex
2401 1012 2639 1070 arbitrio
2686 1018 2881 1072 nostro
2928 1017 3255 1089 adhibetur,
3288 1026 3344 1076 et
3387 1039 3456 1079 ex
3503 1021 3604 1079 illa

428 1099 801 1155 testimonium
828 1099 1057 1156 Domini
1081 1098 1238 1170 ﬁdele
1256 1119 1274 1155 :
1966 1098 2203 1156 traduce
2232 1116 2429 1156 massa
2448 1101 2783 1159 mortalium
2796 1104 2866 1159 ab
2882 1103 3049 1162 hoste
3066 1106 3312 1179 spiritali
3331 1116 3603 1183 corrupta

352 1186 698 1260 Sapientiam
721 1194 993 1259 praestans
1019 1187 1289 1260 parvuiis.
1738 1254 1745 1259 Α
1968 1186 2092 1243 sine
2118 1187 2307 1262 gratia
2334 1188 2433 1245 Dei
2463 1188 2734 1246 velociter
2760 1193 3134 1263 subvertttur,
3167 1195 3305 1268 quia
3323 1198 3381 1253 in
3411 1199 3601 1271 primo

283 1276 328 1333 Η
356 1276 476 1332 Lex
503 1276 733 1332 Domiui
764 1273 1027 1332 Christus
1047 1281 1138 1334 est
1164 1275 1863 1350 irreprehensibilis,quia
1967 1275 2201 1333 homine
2229 1292 2333 1349 per
2358 1275 2808 1335 inobedientiam
2839 1278 3036 1338 vitiata
3065 1288 3440 1342 monstratur.
3456 1288 3601 1343 Nam

210 1383 325 1423 non
354 1364 915 1439 habuitpeccatum.
946 1364 1237 1421 Convertit
1263 1364 1493 1423 animas
1524 1383 1537 1421 :
1571 1367 1642 1422 de
1680 1364 1860 1438 capti-
1969 1380 2144 1435 quam
2177 1362 2344 1420 facile
2373 1369 2463 1421 est
2507 1365 2749 1440 antiquo
2790 1367 3113 1427 insidiatori
3166 1371 3392 1430 infectis
3431 1376 3606 1433 vetita

210 1455 383 1511 vitate
413 1453 478 1509 in
507 1452 857 1510 libertatem.
889 1452 950 1509 C.
976 1453 1336 1510 Testimonia
1356 1471 1484 1527 qua:
1504 1455 1663 1511 dedit
1682 1456 1862 1510 Israe-
1970 1453 2233 1520 suadere,
2265 1453 2364 1526 qui
2393 1455 2585 1527 potuit
2625 1454 2838 1513 liberos
2886 1461 3061 1527 atque
3098 1460 3469 1535 incorruptos
3498 1482 3605 1521 sua

208 1542 363 1599 litico
394 1541 616 1617 populo
646 1540 843 1599 fidelia
882 1543 1140 1611 fuerunt,
1173 1542 1313 1615 quia
1343 1542 1687 1615 plenissima
1711 1541 1859 1598 veri-
1968 1539 2281 1598 calliditate
2309 1543 2608 1621 decipere?
2628 1542 2777 1601 Sunt
2806 1561 2941 1619 ergo
2972 1547 3180 1617 aliena,
3214 1567 3340 1622 quae
3372 1552 3444 1607 ab
3474 1551 3605 1609 aliis

208 1635 321 1689 tate
352 1630 594 1705 cognita
622 1634 781 1687 sunt.
814 1630 862 1687 Η
914 1630 1271 1704 Sapientiam
1319 1634 1556 1704 praestat
1580 1630 1859 1704 parvulis,
1967 1633 2168 1685 nostra
2195 1630 2467 1687 suasione
2515 1630 2599 1687 vel
2647 1632 2817 1705 culpa
2857 1640 2986 1690 acta
3030 1641 3188 1707 sunt,
3222 1637 3307 1695 vel
3356 1639 3605 1697 aliorum

208 1733 322 1777 non
354 1736 541 1777 sensu
574 1717 675 1776 sed
692 1717 1021 1776 humilibus
1041 1722 1099 1775 et
1120 1718 1547 1776 innocentibus.
1580 1720 1622 1775 C
1647 1718 1747 1776 Vel
1768 1718 1861 1777 lex
1966 1734 2147 1773 suasu
2178 1722 2277 1773 aut
2309 1718 2525 1775 auxilio
2556 1737 2661 1776 nos
2694 1720 2961 1778 facimus.
3398 1772 3403 1777 .

200 1808 441 1865 Domini
477 1811 643 1864 vetus
674 1812 761 1864 est
792 1798 1184 1877 immaculata,
1234 1807 1371 1881 quia
1413 1825 1517 1882 per
1546 1808 1733 1883 legem
1765 1825 1861 1864 no-
1967 1805 2033 1861 44
2104 1806 2169 1862 Si
2194 1808 2303 1863 mei
2329 1824 2435 1863 non
2466 1809 2674 1879 fuerint
2702 1809 2972 1869 dominati
2998 1830 3016 1867 :
3048 1821 3178 1869 tunc
3215 1817 3604 1874 immuculatus

200 1916 331 1954 vam
364 1896 717 1995 approbata.
781 1986 792 1995 .
1101 1986 1113 1995 -
1221 1986 1241 1995 Δ
1569 1985 1582 1995 .
1885 1930 1933 1995 Β
2111 1984 2146 1995 ﬁ
2174 1910 2284 1952 ero.

227 1988 263 2042 9
340 1986 611 2046 Justitiee
638 1986 857 2041 Domini
884 1992 1062 2052 rectm,
1093 1986 1426 2057 thiﬁeantes
1452 1985 1613 2043 corda
1642 2005 1663 2044 .'
1886 1983 1933 1995 “’
2102 1984 2167 2038 Et
2192 1983 2528 2040 emundabor
2554 2002 2588 2040 a
2616 1985 2807 2044 delicto
2836 1991 3095 2047 maximo.

342 2077 702 2148 Praeceptum
726 2074 946 2130 Domini
986 2072 1249 2142 lucidum,
1300 2073 1624 2131 illuminans
1654 2076 1853 2132 oculos.
2035 2070 2077 2126 Π
2109 2072 2273 2127 Tunc
2301 2071 2514 2128 delicta
2542 2073 2972 2143 dicuntur,cum
3002 2078 3111 2134 hoc
3141 2097 3343 2138 servus
3373 2082 3440 2139 lit
3469 2100 3600 2156 pec-

257 2162 537 2220 Justitiae
567 2160 797 2218 Domini
827 2177 1022 2225 revera
1048 2161 1363 2235 recte,quia
1392 2179 1508 2219 non
1539 2163 1704 2220 aliter
1723 2164 1859 2220 fecit
1963 2158 2095 2215 cati.
2127 2158 2187 2214 Si
2217 2159 2329 2216 ista
2358 2165 2588 2233 peccata
2622 2180 2737 2220 non
2766 2170 3288 2238 perpetravero,ero
3318 2170 3603 2228 immacu-

188 2251 497 2310 Dominus
529 2267 657 2323 quae
701 2249 915 2307 docuit.
965 2248 1169 2320 Recte,
1219 2250 1299 2306 ibi
1322 2252 1465 2308 .non
1513 2256 1672 2325 sunt,
1720 2253 1859 2327 quia
1963 2245 2138 2303 latus.
2179 2248 2248 2303 Et
2283 2251 2648 2307 emundabor
2697 2270 2731 2306 a
2774 2252 2982 2310 delicto
3032 2256 3306 2326 maximo,
3354 2260 3416 2316 id
3456 2265 3544 2316 est
3572 2279 3607 2317 a

185 2342 353 2399 aliud
386 2343 489 2397 est
523 2338 582 2393 in
614 2354 734 2404 ore,
765 2337 921 2395 aliud
946 2340 1004 2396 in
1031 2340 1621 2412 opere.Lzetilicantur
1647 2342 1854 2398 corda:
1965 2336 2259 2409 superbia.
2293 2338 2337 2392 Ο
2381 2340 2505 2404 Qua
2551 2345 2607 2394 et
2648 2341 2914 2398 diabolus
2955 2344 3164 2400 cecidit
3210 2350 3266 2401 et
3307 2347 3605 2405 hominem

185 2426 1175 2499 subauditurjustorum.Lucidum
1189 2429 1861 2501 preceptumdicit,quia
1963 2425 2156 2493 traxit,
2189 2429 2245 2482 et
2265 2442 2540 2483 concessa
2568 2428 2927 2486 beatitudine
2954 2435 3232 2492 vacuavit.
3250 2438 3296 2491 A
3324 2454 3441 2494 non
3470 2454 3606 2510 ergo

180 2518 503 2575 sincerum
539 2519 598 2572 et
627 2514 1167 2588 purum.llluminat
1182 2516 1401 2587 oculos,
1434 2535 1550 2574 non
1582 2519 1724 2574 istos
1740 2535 1859 2575 car-
1965 2512 2108 2586 petit
2136 2512 2255 2568 tolli
2283 2531 2318 2569 α
2345 2530 2406 2570 se
2436 2514 2529 2571 hic
2558 2516 2756 2572 omnia
2782 2519 3020 2576 omnino
3048 2527 3302 2594 peccata,
3335 2526 3491 2596 quod
3520 2530 3608 2581 est

181 2607 372 2675 nales,
406 2604 525 2662 sed
558 2602 693 2660 illos
721 2601 1044 2661 interiores.
1965 2601 2347 2673 impossibile,
2380 2604 2481 2661 sed
2512 2621 2584 2660 ne
2612 2605 3027 2663 dominentur.‘

180 2695 247 2752 10
329 2696 535 2752 Timor
559 2693 787 2749 Domini
811 2701 1030 2749 sanctus
1056 2710 1384 2766 permanens
1411 2696 1473 2753 in
1497 2695 1759 2753 saeculum
1785 2703 1841 2762 σξ-
1966 2690 2035 2743 15
2105 2691 2170 2745 Et
2194 2699 2356 2747 erant
2381 2700 2442 2747 ut
2466 2694 2832 2765 oomptaceant
2860 2697 3075 2769 eloquia
3107 2701 3219 2755 oris
3245 2703 3392 2757 mei:

358 2782 577 2839 saeculi
600 2788 630 2855 Δζ
698 2798 718 2839 :
820 2834 823 2835 ν
2104 2781 2180 2835 Et
2204 2778 2484 2837 meditatio
2512 2781 2688 2838 cordis
2718 2786 2832 2840 mei
2861 2786 2920 2840 in
2948 2796 3227 2860 conspectu
3257 2803 3349 2847 tuo
3373 2797 3429 2857 ἐι
3463 2808 3607 2848 sem-

315 2870 569 2929 Judicia
597 2869 822 2927 Domini
848 2886 976 2927 vera
993 2871 1300 2943 jastiﬁeata
1322 2873 1381 2927 in
1408 2874 1722 2945 semetipsa.
1882 2898 1889 2905 ’
2137 2884 2237 2940 per
2279 2874 2294 2933 ξ
2340 2908 2353 2922 .

244 2962 287 3018 Β
318 2960 550 3018 Timor
585 2957 817 3016 Domini
855 2959 1035 3017 mista
1062 2976 1196 3016 cum
1228 2976 1436 3033 pavore
1466 2960 1720 3017 charitas
1748 2966 1856 3030 est,
2036 2955 2077 3011 C
2108 2956 2359 3012 Possunt
2387 2956 2613 3030 placere
2642 2960 2887 3018 Domino
2907 2962 3136 3035 eloquia
3155 2965 3350 3036 oris,si
3372 2969 3607 3036 avitiis,

170 3050 271 3121 qui
302 3046 772 3122 imperturbata
810 3047 1159 3118 constantia,
1210 3064 1327 3104 non
1381 3048 1607 3121 trepida
1658 3050 1856 3106 confu-
1968 3061 2095 3115 quae
2123 3044 2393 3116 superius
2423 3046 2870 3113 dixit,reddatur
2894 3050 3071 3110 homo
3101 3053 3345 3112 alienus.
3364 3056 3603 3112 Medita-

167 3139 362 3206 sione,
398 3139 734 3210 permanet
757 3138 996 3192 sanctus
1026 3152 1041 3192 :
1077 3135 1175 3207 qui
1205 3135 1380 3193 timor
1424 3154 1534 3192 usu
1575 3138 1858 3210 smeulari,
1966 3132 2045 3188 tio
2073 3133 2418 3205 cordis,quze
2448 3139 2638 3206 potest
2666 3137 2739 3192 ad
2769 3141 2952 3195 Deum
2983 3142 3299 3212 pervenire,
3330 3149 3421 3200 est
3451 3160 3607 3217 spes,

164 3227 510 3284 reverentia
543 3228 952 3298 nuncupatur.
983 3220 1231 3281 Judicia'
1258 3224 1382 3294 Dei,
1418 3224 1560 3282 dicit
1586 3226 1863 3282 mandata
1897 3290 1929 3298 _
1970 3219 2243 3289 charitas,
2275 3225 2333 3276 et
2359 3221 2526 3277 fides.

160 3316 433 3389 Dei,quze
467 3314 539 3373 in
574 3290 781 3370 Veteri
806 3317 864 3369 et
909 3313 1066 3370 Novo
1112 3290 1486 3372 Testamento
1534 3314 1859 3387 conscripta
1887 3290 1930 3359 (ἶ
1970 3310 2038 3365 16
2108 3310 2370 3369 Domine.
2394 3309 2612 3382 adjutor
2638 3328 2789 3368 meus
2819 3331 2840 3370 :

159 3410 475 3479 sunt,quaa
508 3403 582 3460 in
619 3402 958 3475 semetipsis
984 3405 1346 3475 permanent,
1379 3403 1517 3475 quia
1545 3407 1737 3460 status
1765 3421 1855 3460 eo-
2104 3397 2170 3454 Ει
2197 3398 2501 3471 redemptrr
2525 3417 2698 3456 meus.

156 3509 289 3549 rum
323 3492 514 3549 nulla
545 3490 841 3590 varietate
868 3494 1147 3590 mutatur.
2103 3486 2440 3590 Adjlutorem
2467 3504 2642 3590 suum
2671 3488 2811 3545 dicit
2831 3488 3017 3547 Deum
3045 3491 3103 3548 in
3132 3493 3305 3551 bonis
3335 3497 3562 3555 actibus
3588 3531 3609 3590 ι

226 3581 272 3638 Η
302 3585 355 3637 Α
387 3581 523 3638 Nec
550 3578 811 3637 alterius
832 3578 1175 3635 auctoritate
1203 3582 1292 3650 (ut
1313 3580 1482 3637 ﬁrma
1509 3580 1855 3655 habeantur)
1963 3574 2414 3647 redemptorem,
2444 3593 2478 3633 a
2508 3575 2698 3647 malis,
2732 3582 2797 3634 ut
2826 3596 2998 3635 nemo
3019 3582 3244 3640 meritis
3265 3585 3391 3641 suis
3421 3574 3609 3661 appli:

153 3670 265 3727 nisi
298 3668 573 3729 Domini
609 3672 812 3743 egent,
845 3666 946 3740 qui
975 3668 1269 3725 neminem
1298 3667 1495 3725 fallere
1526 3675 1730 3743 potest.
1964 3669 2055 3722 cet
2083 3665 2238 3738 quod
2268 3666 2589 3738 susceperit
2618 3666 2832 3724 caelesti
2861 3668 3146 3743 largitate.

155 3762 212 3817 tl
293 3758 755 3818 Desiderabitia
781 3774 945 3829 super
970 3774 1171 3813 aurum
1199 3765 1250 3814 et
1302 3758 1535 3830 lapidem
1556 3762 1855 3832 pretiosum
2439 3772 2641 3812 ORATIO
2680 3773 2750 3811 Ex
2786 3774 2943 3814 PSAL.
2975 3776 3131 3815 xvm.

366 3850 679 3907 multum.
2036 3842 2303 3901 Piissime
2350 3844 2524 3913 Deus,
2570 3844 2670 3917 qui
2724 3846 3024 3919 virginalis
3079 3849 3324 3907 thalami
3368 3869 3607 3927 egressu

288 3942 363 3996 Et
390 3939 692 3997 dulciora
718 3951 882 4008 super
910 3936 1016 3992 mel
1042 3944 1093 3991 et
1117 3936 1325 4006 lituum.
1966 3932 2285 4005 procedens
2314 3931 2573 3989 liberatis
2602 3932 2770 3990 nobis
2799 3935 2872 3990 ad
2920 3936 3107 3993 Patris
3147 3938 3440 3996 dexteram
3470 3958 3606 3997 con-

210 4029 254 4085 C
283 4023 774 4087 Desiderabilia
809 4023 1037 4095 judicia
1081 4023 1333 4093 Domini,
1384 4025 1441 4083 id
1470 4031 1557 4082 est
1584 4026 1861 4083 mandata
1967 4020 2268 4089 scendisti,
2302 4020 2651 4081 immensam
2677 4022 3138 4080 misericordiam
3169 4030 3332 4083 tuam
3352 4030 3610 4101 exposci—

143 4115 279 4173 Novi
324 4122 391 4174 et
445 4114 721 4172 Veteris
768 4112 1163 4182 Testamenti;
1195 4129 1372 4185 super
1418 4130 1649 4182 aurum,
1705 4116 1858 4188 quod
1967 4125 2120 4177 mus.
2153 4113 2218 4163 υι
2267 4108 2392 4181 Ῑθεθ
2436 4113 2539 4164 tua
2589 4111 2872 4179 οοηνθτείν
2919 4114 3222 4185 Ρτίεεθριίθ
3267 4114 3605 4182 “luminati.

139 4203 409 4263 humana
448 4201 795 4279 cupiditas
825 4200 1080 4257 maxime
1109 4201 1404 4258 desiderat,
1428 4202 1860 4273 possidere,Ad-
1966 4194 2319 4251 testimoniis
2348 4195 2581 4263 eruditi,
2623 4213 2954 4255 mereamur
2994 4204 3051 4255 et
3079 4201 3151 4257 ab
3204 4201 3408 4260 alienis
3449 4207 3505 4259 et
3534 4205 3607 4260 ab

137 4293 283 4352 didit
310 4293 623 4368 lapidem
661 4288 1130 4364 pretiosum,qui
1160 4288 1418 4345 multum
1446 4289 1599 4346 valet
1634 4291 1695 4347 in
1724 4308 1859 4364 par-
1967 4282 2208 4340 occultis
2237 4283 2392 4341 vitiis
2420 4286 2858 4352 emundari.Qui
2889 4304 3020 4343 cum
3052 4288 3236 4357 Patre,
3266 4294 3373 4345 etc.

134 4383 383 4442 vissimo
420 4377 824 4454 margarita.
848 4377 960 4434 Sed
990 4377 1131 4449 quia
1170 4378 1417 4433 inveniri
1444 4382 1729 4451 'poterant
1756 4379 1859 4451 qui
2531 4372 2860 4431 PSALMUS
2897 4375 3038 4432 XIX.
3092 4376 3123 4385 '

134 4471 371 4530 divitias
404 4470 933 4537 contemnerent,
964 4465 1189 4521 addidit
1228 4482 1466 4538 sapores
1499 4484 1512 4522 :
1545 4466 1660 4522 mel
1688 4471 1746 4523 et
1775 4468 1855 4523 fa-
2414 4476 2815 4518 ARGUMENTUM
2847 4479 3003 4519 PSAL.
3036 4481 3151 4521 xxx.

132 4576 286 4625 vum.
341 4563 561 4621 Vetus
635 4558 1105 4615 Testamentum
1153 4559 1392 4627 superat
1448 4555 1602 4626 mel;
1635 4556 1860 4615 Novum
2038 4553 2077 4606 Ο
2117 4549 2302 4623 Rogat
2352 4548 2639 4622 Propheta
2694 4549 3013 4608 Ecclesiam
3063 4553 3344 4622 exaudiri,
3403 4560 3607 4627 petens

130 4652 308 4709 vincit
337 4653 600 4709 favum.
1880 4638 2117 4718 Dillius
2164 4636 2476 4695 consilium
2522 4655 2555 4693 a
2596 4638 2844 4697 Domino
2885 4639 3239 4707 conﬁrmari,
3290 4642 3607 4716 dicensque

136 4739 197 4796 l2
263 4743 508 4801 Etenim
539 4751 775 4796 servus
805 4741 927 4790 tuus
955 4732 1186 4789 custodit
1208 4749 1274 4789 ea
1302 4751 1323 4790 :
1632 4782 1637 4785 ,
1960 4726 2181 4796 ﬁdeles,
2216 4744 2331 4783 non
2361 4731 2646 4799 potestate
2676 4729 2996 4799 mundana,
3028 4730 3130 4787 sed
3180 4729 3373 4788 divina
3403 4738 3607 4804 poten-

261 4837 334 4889 ln
363 4822 806 4888 custodiendis
834 4822 954 4877 illis
984 4820 1273 4878 retributio
1299 4820 1494 4877 multa.
1964 4815 2045 4874 tia
2076 4814 2554 4890 magniﬁcandos.

194 4919 234 4977 C
258 4920 423 4979 Cum
458 4915 636 4976 dicit
671 4926 902 4971 servus
929 4913 1088 4977 tuus,
1110 4909 1343 4983 justum
1371 4908 1567 4982 signat
1593 4914 1650 4966 et
1686 4910 1854 4967 devo-
2342 4906 2458 4962 'I'l‘.
2480 4905 2543 4960 In
2571 4906 2740 4977 ﬁnem
2760 4908 3006 4980 psalmus
3028 4908 3222 4965 David.

134 5012 269 5077 tum,
301 5009 415 5084 qni
446 5008 609 5065 ideo
648 4997 938 5060 custodit
967 4996 1245 5053 mandata
1275 4996 1394 5066 Dei,
1414 4997 1551 5069 quia
1580 4998 1856 5054 obedien-
2034 4994 2076 5051 C
2104 4994 2235 5084 lam
2259 4998 2402 5084 nota
2430 4997 2572 5084 sunt
2614 4995 2789 5051 verba
2827 4996 2999 5053 tituli.
3052 4997 3217 5054 Nunc
3262 5001 3427 5071 rogat
3467 4998 3603 5054 Pro-

134 5095 275 5154 tibus
288 5080 646 5156 retributio
660 5084 1299 5158 subsequiturMerito
1319 5085 1476 5142 dicta
1489 5090 1628 5143 sunt
1647 5085 1852 5156 multa,
1963 5084 2138 5156 pheta
2167 5083 2226 5138 in
2257 5082 2366 5138 hoc
2396 5080 2621 5154 psalmo
2666 5099 2945 5156 prospera
2981 5085 3209 5142 evenire
3261 5092 3472 5142 sanctis
3503 5085 3605 5143 Dei

134 5188 257 5256 quia
282 5175 785 5260 comprehendi
820 5191 937 5231 non
965 5176 1217 5247 possunt
1244 5173 1680 5247 universa,tu
1708 5191 1852 5248 prae-
1961 5171 2251 5260 Ecclesia,
2273 5186 2409 5260 Aquae
2440 5168 2612 5260 longo
2630 5174 2899 5260 tempore
2922 5172 3045 5228 fieri
3065 5189 3237 5244 posse
3265 5191 3369 5247 per
3396 5176 3605 5231 adven-

138 5275 346 5344 paravit
377 5256 559 5334 Deus
592 5263 1031 5339 diligentibus
1062 5278 1143 5318 se.
1963 5266 2089 5316 tum
2120 5256 2351 5315 Domini
2381 5257 2729 5329 praevidebat
2757 5259 3000 5316 dicendo
3029 5277 3043 5316 :
3075 5261 3376 5331 Exaudiat,
3407 5267 3517 5319 etc.

138 5363 194 5419 13
255 5368 477 5425 οειιτια
491 5363 645 5440 qui,
663 5351 998 5423 intelligit?
1016 5351 1086 5407 ab
1104 5351 1329 5408 occultis
1346 5356 1401 5415 νέ-
1422 5353 1556 5408 meis
1586 5359 1601 5421 ς
1651 5352 1855 5409 munda
2009 5362 2024 5403 ι
2409 5354 2461 5401 te
2486 5345 2748 5440 Dominus
2866 5346 2958 5440 die
2973 5349 3359 5407 tribulationis
3389 5368 3409 5405 :
3476 5392 3481 5395 ς

327 5470 423 5514 Ν
458 5435 517 5512 ς
2106 5437 2357 5503 Protegat
2385 5442 2435 5490 te
2462 5449 2658 5489 nomen
2686 5435 2786 5491 Dei
2810 5436 2990 5493 Iacob.

256 5554 313 5614 ξ,
355 5549 425 5603 ει
473 5550 494 5612 ς
543 5542 630 5599 ab
666 5532 910 5595 alienis
933 5544 1100 5602 parce
1124 5544 1278 5584 servo
1308 5535 1419 5585 tuo.
2034 5523 2077 5579 C
2106 5523 2171 5579 In
2192 5522 2286 5578 die
2307 5520 2984 5594 tribulationis,ostendit
3000 5523 3603 5614 tempusgravissime

201 5630 242 5690 Η
266 5608 501 5693 halica
536 5626 705 5705 quis
744 5616 1080 5691 intelligit?
1111 5616 1225 5674 nisi
1254 5620 1543 5674 scrutator
1570 5616 1855 5705 cordium,
1965 5610 2321 5705 afilictionis.
2356 5609 2719 5705 Gumdicit“:
2754 5615 3022 5705 Protegat
3053 5619 3104 5668 te
3134 5626 3346 5705 nomen
3378 5609 3475 5665 Dei
3504 5608 3601 5705 la:

147 5722 405 5801 Deus,qui
437 5696 650 5783 etiam
689 5715 940 5792 potens
961 5711 1051 5766 est
1070 5705 1361 5765 dimittere
1384 5706 1560 5764 ea.Ab
1589 5704 1854 5777 occultis,
1932 5714 1937 5717 λ
1966 5701 2092 5773 cob,
2126 5699 2466 5774 hujusmodi
2512 5699 2971 5761 benedictionem
3002 5697 3431 5757 concedendam
3461 5696 3607 5770 petit
