3936 6432
391 372 500 431 103

1291 361 1356 421 S.
1403 360 1805 422 BRUNONIS
1851 360 2470 426 HERBIPOLENSIS
2517 365 2898 426 EPISCOPI.

3681 373 3781 432 104

367 502 654 574 Propheta
685 516 718 554 a
746 495 994 553 Domino
1011 493 1342 551 Christiano
1362 492 1753 566 p0pulo,sicut
1783 497 2023 551 sanctus
2050 497 2103 564 Α

2196 497 2208 548 l
2281 496 2351 551 Hi
2383 498 2440 552 in
2471 498 2729 554 curribus
2758 506 2812 555 et
2841 498 2904 554 hi
2929 500 2986 554 in
3004 503 3159 572 equis
3179 519 3200 555 .-

367 589 700 664 patriarcha
713 586 894 643 Jacob
918 582 1128 658 priscis
1147 581 1512 654 temporibus
1533 583 1606 638 ab
1627 581 1754 655 ipso
1776 583 2018 656 accepit,

365 679 605 752 quando
633 675 787 732 Esau
817 673 999 731 fratri-
1023 671 1298 746 pmlatus
1346 675 1454 728 est.
1487 668 1688 728 Audiri
1719 671 2019 746 cognosci-

363 786 522 836 mur,
555 766 789 842 quando
820 762 1178 822 omnimodis
1208 759 1429 836 aliquid
1459 762 1814 820 obtinemus.

398 897 434 948 2
506 893 679 949 Mitlat
707 891 812 946 tibi
841 889 1123 946 auxilium
1151 888 1217 945 de
1242 896 1428 945 sancto
1457 905 1476 943 :

505 982 573 1036 Et
600 979 664 1036 de
693 979 830 1036 Sion
855 985 1076 1036 tueatur
1103 985 1172 1035 te.

435 1087 704 1161 Optanda
733 1087 941 1142 dicens
965 1085 1165 1142 mittat.
1191 1102 1204 1140 :
1239 1083 1495 1142 ostendit
1523 1101 1558 1140 a
1591 1083 1762 1142 Patre
1807 1082 2020 1140 Filium

363 1177 616 1236 missum
647 1189 845 1244 suum,
879 1175 938 1232 in
989 1173 1274 1232 auxilium
1323 1177 1540 1230 sancta:
1581 1171 1680 1230 Dei
1729 1170 2016 1228 Ecclesiae.

362 1267 501 1326 Sion
532 1266 700 1324 enim.
721 1282 894 1322 mons
921 1265 1118 1338 signat
1135 1264 1724 1336 speculationem,tu
1751 1261 2022 1318 convenit

362 1355 674 1428 divinitati,
705 1354 982 1428 quoniam
1013 1352 1099 1408 illi
1127 1357 1340 1410 cuncta
1369 1356 1508 1408 sunt
1536 1357 1693 1408 nota.

396 1483 430 1538 3
504 1485 713 1540 Manor
737 1482 813 1536 sit
839 1479 1016 1536 omnis
1044 1477 1308 1549 sacriﬁcii
1335 1478 1418 1532 tui
1446 1495 1467 1530 :

501 1574 568 1628 Et
597 1571 970 1628 holocaustum
999 1575 1155 1623 tuum
1183 1568 1388 1639 pingue
1405 1567 1522 1637 ﬁat.
1552 1564 1892 1638 Diapsalma.

429 1681 470 1736 C
500 1677 863 1736 Sacriﬁcium
895 1676 1107 1730 sancta:
1138 1672 1522 1740 Ecclesiae,est
1553 1671 1696 1728 ritus
1727 1669 2016 1744 accipien-

359 1769 493 1838 dus,
525 1767 624 1840 qui
657 1782 810 1822 nunc
841 1763 1036 1837 agitur
1063 1761 1323 1836 corporis
1351 1766 1409 1816 et
1439 1759 1744 1833 sanguinis
1781 1759 2015 1816 Domini

359 1856 759 1914 immolatione
789 1853 1059 1911 solemni.
1107 1851 1545 1915 Holocaustum,
1587 1854 1776 1905 totum
1811 1849 2013 1905 incen-
2047 1875 2092 1942 Β

360 1963 494 2004 sum
525 1945 821 2009 dicitur,et
851 1941 1403 2016 repraesentatidem
1428 1939 1554 2010 jam
1587 1939 1810 1994 dictum
1842 1938 2016 1995 sacri-

361 2037 580 2094 ﬁcium.
614 2035 776 2100 Quod
825 2034 1043 2106 pingue
1073 2030 1138 2086 ﬁt
1169 2029 1364 2101 itaque
1395 2028 1744 2100 jocundum,
1779 2027 2013 2101 quando

359 2131 564 2184 nostra
590 2121 1056 2182 oblatio‘mentis
1086 2124 1143 2177 et
1173 2117 1432 2193 corporis
1463 2135 1498 2174 a
1525 2117 1713 2192 gratia
1741 2116 2012 2174 divinita-

358 2217 434 2276 tis
465 2215 805 2272 assumitur.

393 2326 426 2380 4
503 2325 728 2380 Tribuat
753 2321 856 2378 tibi
876 2317 1175 2376 secundum
1203 2333 1296 2372 cor
1319 2324 1476 2374 tuum
1505 2334 1523 2370 :

497 2415 566 2471 Et
592 2428 750 2469 omne
775 2411 1068 2468 consilium
1099 2417 1252 2464 tuum
1275 2406 1572 2478 confirmet.

429 2523 471 2578 C
501 2522 669 2588 Dicit,
702 2519 926 2575 tribuat
968 2515 1074 2570 tibi
1105 2514 1429 2570 secundum
1475 2529 1575 2567 cor
1605 2515 1796 2577 tuum,
1839 2509 1898 2565 id
1924 2513 2024 2564 est

359 2611 684 2668 secundum
715 2605 1076 2663 intellectum
1109 2619 1284 2676 quem
1316 2602 1499 2658 habes
1531 2601 1603 2658 de
1633 2600 1901 2666 Domino,
1947 2602 2013 2655 ut

357 2717 493 2757 eum
523 2698 728 2754 credas
759 2710 945 2751 unum
968 2710 1036 2748 ex
1057 2691 1589 2762 trinitate,passnm
1609 2703 2011 2756 carne,resur&-

358 2789 600 2854 rexisse,
628 2783 964 2842 ascendisse
989 2781 1050 2837 in
1097 2779 1332 2846 omium,
1365 2782 1473 2835 etc.
1509 2778 1570 2832 Et
1616 2793 1788 2833 omne
1816 2778 2011 2833 consi-

357 2879 504 2935 lium
550 2880 718 2932 tuum
765 2872 1090 2937 confirmet,
1143 2869 1252 2926 hoc
1299 2873 1390 2923 est
1433 2865 1766 2928 consilium-
1797 2871 2009 2922 sanctae

355 2965 623 3026 Ecclesia:
658 2982 671 3020 :
705 2963 938 3020 Patrem
977 2963 1037 3016 et
1083 2957 1292 3016 Filium
1325 2961 1384 3012 et
1421 2955 1708 3029 Spiritum
1739 2960 2007 3012 sanctum

355 3073 542 3114 unum
573 3055 758 3112 Deum
789 3049 1093 3120 credere,a
1122 3064 1241 3121 quo
1269 3051 1407 3103 sunt
1427 3044 1663 3114 omnia;
1697 3048 1754 3100 et
1782 3059 1850 3100 ex
1865 3061 2006 3100 con.

357 3145 490 3202 silio
515 3143 828 3201 deliberate
857 3137 1058 3197 omnia
1087 3155 1190 3212 pro
1216 3137 1328 3193 ista
1356 3135 1469 3192 fide
1499 3150 1775 3209 spernere
1801 3134 2006 3190 mundi

353 3235 796 3293 delectamenta.

385 3345 422 3400 5
495 3341 834 3400 Laetabimur
862 3340 924 3395 in
952 3337 1193 3394 salutari
1222 3344 1314 3392 tuo
1342 3353 1363 3390 .-

477 3426 558 3489 Ἑε
587 3434 647 3488 in
673 3431 896 3510 nomine
917 3429 1019 3484 Dei
1043 3427 1222 3483 nostri
1248 3423 1752 3496 magniﬁcabimur.

371 3558 386 3610 ξ
422 3540 465 3596 C
490 3539 638 3595 Nam
667 3538 726 3592 in
770 3532 1014 3592 salutari
1051 3531 1317 3588 Ecclesiae
1365 3531 1542 3604 (quod
1599 3535 1689 3586 est
1737 3527 2004 3586 Christus

350 3628 548 3700 Jesus)
577 3627 912 3683 laetaturum
959 3639 1023 3678 se
1051 3637 1179 3678 esse
1229 3619 1562 3688 declaravit,
1610 3624 1675 3674 ut
1723 3635 1785 3675 se
1815 3635 2000 3674 unum

351 3735 480 3775 esse
510 3733 579 3773 ex
609 3717 738 3788 ejus
766 3727 1011 3786 corpore
1036 3709 1481 3768 monstraret.Et
1513 3708 1778 3782 inipsius
1809 3707 2002 3765 nomi-

352 3823 424 3862 ne
455 3823 518 3862 se
547 3821 677 3861 esse
705 3801 1228 3876 magnificandum,
1260 3799 1400 3872 quia
1427 3815 1495 3856 ex
1524 3799 1652 3872 ipso
1681 3797 1998 3854 Christiani

350 3897 586 3952 fuerant
649 3890 1051 3965 nuncupandi.
1121 3889 1481 3964 Magniﬂoari
1557 3893 1647 3944 est
1715 3903 1998 3962 magnum

350 3983 496 4040 fleri.

379 4092 416 4146 6
487 4091 728 4164 Impleat
744 4089 1005 4148 Dominus
1033 4104 1216 4145 omnes
1241 4089 1535 4162 petitiones
1555 4095 1677 4144 tuas
1702 4104 1721 4141 :

484 4181 642 4236 Nunc
691 4181 918 4251 cognovi
970 4181 1231 4252 quoniam
1283 4179 1500 4234 salvum
1554 4177 1685 4249 fecit
1735 4177 1998 4233 Dominus

554 4269 822 4327 christum
849 4283 1031 4326 suum.

414 4377 456 4432 C
485 4373 731 4450 Impleat
759 4375 1140 4441 Dominus,ﬁt
1158 4375 1370 4431 iterum
1383 4373 1459 4431 ad
1493 4365 1808 4429 Ecclesium
1831 4377 1998 4445 grata

340 4464 659 4522 conversio.
695 4465 864 4522 Nunc
909 4464 1151 4540 cognovi
1199 4463 1465 4532 dicendo,
1510 4478 1785 4535 magnam
1815 4461 1995 4518 virtu-

339 4559 525 4612 tutem
569 4572 687 4613 sua:
738 4549 1200 4629 prophetationis
1249 4551 1666 4622 ostendit,cum
1727 4567 1792 4606 se
1839 4550 1997 4608 dicat

334 4643 396 4700 in
427 4644 698 4718 praesenti
734 4643 1076 4718 cognovisse
1107 4659 1237 4715 quis
1266 4645 1400 4714 post
1430 4638 1644 4696 saeCula
1673 4637 1860 4696 multa
1881 4639 1996 4696 im-

2273 586 2378 642 Nos
2408 596 2591 642 autem
2621 589 2679 642 in
2727 589 2952 645 nomine
2995 589 3224 645 Domini
3245 587 3350 646 Dei
3370 591 3550 648 nostri
3578 593 3778 650 invecti-

2347 677 2547 732 bimus.

2201 768 2252 820 Η
2283 764 2388 820 Per
2419 780 2650 835 currus,
2679 765 2950 840 voluptas
2983 766 3188 824 mundi
3221 767 3341 824 sive
3372 767 3663 842 cupiditas
3689 771 3777 828 de-

2131 853 2418 928 signatur,
2453 857 2730 928 quoniam
2764 856 3000 930 superbi
3033 863 3090 914 et
3118 847 3315 931 cupidi
3347 857 3506 915 velut
3535 864 3668 916 rotas
3697 862 3776 918 in-

2130 943 2394 1013 stabiles,
2429 949 2621 1002 mente
2652 945 2768 1002 huc
2799 943 3056 1020 illucque
3072 947 3434 1006 discurrunt.
3461 949 3568 1007 Per
3586 968 3774 1024 equos,

2130 1033 2368 1106 superbi
2417 1033 2864 1108 intelliguntur;
2895 1036 3018 1110 ipsi
3050 1041 3191 1095 sunt
3240 1037 3460 1112 cupidi.
3502 1039 3550 1097 Η
3581 1040 3641 1096 C.
3669 1031 3774 1098 Nos

2129 1128 2324 1180 autem
2356 1123 2416 1179 in
2449 1123 2567 1180 illis
2614 1133 2740 1181 non’
2775 1125 3116 1202 gloriemur,
3150 1128 3250 1183 sed
3286 1127 3344 1183 in
3394 1129 3631 1186 nomine
3659 1130 3772 1199 Dei,

2129 1213 2284 1286 quod
2309 1213 2380 1269 ad
2413 1213 2656 1286 praemia
2684 1218 2901 1271 interna
2930 1215 3217 1288 perducit.

2163 1303 2198 1358 9
2271 1303 2380 1375 Ipsi
2410 1303 2650 1358 oblihati
2675 1311 2805 1360 sunt
2827 1311 2879 1361 et
2895 1305 3206 1362 ceciderunt
3233 1324 3256 1362 ,ο

2269 1391 2376 1448 Nos
2403 1400 2586 1449 autem
2615 1395 2964 1450 surreximus
2992 1401 3045 1450 et
3064 1396 3231 1452 erecti
3251 1410 3459 1452 sumus.

2198 1481 2240 1536 C
2271 1480 2418 1536 Dicit
2451 1481 2740 1555 Propheta
2785 1482 3065 1542 humanis
3112 1485 3436 1542 honoribus
3474 1485 3559 1542 vel
3593 1487 3777 1559 pravis

2126 1569 2434 1626 desideriis
2464 1568 2756 1644 obligatos
2787 1571 3064 1629 cecidisse
3108 1578 3469 1647 arrogantes,
3503 1575 3659 1648 quod
3682 1593 3774 1632 ne-

2125 1675 2288 1715 cesse
2318 1663 2409 1716 est
2435 1655 2553 1716 illis
2583 1661 2920 1734 contingere
2949 1663 3049 1734 qui
3103 1679 3165 1718 se
3196 1662 3469 1719 videntur
3511 1663 3776 1732 neii’uosis

2125 1748 2422 1805 erroribus
2453 1747 2698 1822 llligare.
2738 1750 3060 1822 Resurgere
3108 1750 3342 1807 duobus
3373 1747 3562 1809 modis
3594 1751 3778 1809 Chris-

2125 1837 2325 1894 tianus
2353 1837 2587 1906 dicitur,
2621 1837 2843 1896 scilicet
2871 1855 2906 1895 a
2936 1845 3120 1896 morte
3165 1841 3462 1908 vitiorum,
3502 1847 3557 1898 et
3588 1841 3646 1898 in
3676 1840 3777 1899 illa

2124 1926 2566 1992 resurrectione,
2591 1927 2648 1982 in
2681 1945 2800 2000 qua
2811 1929 2960 1999 justi
2982 1933 3192 1986 zeterna
3215 1929 3450 2002 praemia
3464 1931 3774 2004 accipiunt,

2124 2015 2195 2070 de
2228 2020 2473 2088 utraque
2497 2015 2593 2071 hic
2614 2015 2858 2090 intelligi
2895 2015 3271 2072 manifestum
3303 2022 3410 2073 est.

2125 2105 2194 2160 10
2269 2107 2523 2174 Domine,
2552 2106 2762 2161 srlvum
2781 2107 2874 2176 fac
2900 2119 3081 2176 regem
3103 2111 3158 2172 σξ-
3193 2114 3246 2163 et
3287 2113 3300 2174 ζ
3343 2107 3549 2165 exaudi
3569 2119 3664 2164 nos
3689 2126 3702 2165 :

2266 2197 2325 2252 In
2356 2195 2447 2252 die
2468 2211 2575 2267 qua
2607 2197 3099 2262 invocaverimas—E
3141 2202 3191 2252 te
3233 2201 3282 2262 ζ.

2187 2287 2234 2338 C
2264 2283 2490 2340 Dicitur
2532 2282 2708 2353 Patri,
2751 2284 2988 2340 Salvum
3040 2285 3129 2340 fac
3173 2299 3394 2358 regem,
3445 2286 3502 2342 id
3553 2290 3662 2354 est;
3715 2292 3780 2344 ut

2121 2369 2394 2429 Christus
2425 2379 2694 2446 resurgat
2721 2389 2757 2430 ιι
2785 2375 3056 2430 mortuis.
3089 2369 3308 2430 Exaudi
3359 2387 3486 2443 nos,
3520 2377 3779 2450 provenit

2121 2461 2269 2518 illud
2301 2467 2439 2519 tunc
2469 2463 2666 2537 generi
2710 2462 2994 2536 humano,
3025 2465 3264 2537 quando
3294 2461 3774 2521 resurrectionem

2121 2551 2336 2608 Christi
2369 2553 2534 2608 firme
2565 2553 2748 2609 credit
2777 2558 2833 2608 et
2863 2552 3126 2609 iactanter
3153 2552 3381 2625 aspicit,
3399 2551 3480 2609 vel
3511 2569 3617 2625 per
3641 2567 3775 2611 eum

2121 2657 2316 2714 regem
2348 2641 2556 2698 exaudi
2591 2659 2698 2698 nos
2728 2641 2787 2697 in
2819 2641 2912 2697 die
2944 2641 3309 2699 necessitatis
3341 2647 3572 2700 nostrae.

2619 2747 2824 2788 ORATIO
2863 2747 2934 2788 εχ
2975 2749 3129 2788 PSAL.
3162 2747 3278 2787 XIX.

2189 2817 2394 2892 Imple,
2433 2819 2674 2876 Domine
2723 2820 3036 2894 petitiones
3085 2824 3338 2888 nostras,
3385 2823 3444 2876 et
3487 2823 3770 2894 tanquam

2118 2909 2580 2983 pinguissimum
2603 2909 3136 2966 nosholocaustum
3163 2909 3776 2980 assume,ut,inimico-

2119 3015 2250 3055 rum
2281 2997 2552 3056 curribus
2589 2997 2884 3072 obligatis,
2926 2998 3204 3056 salutaris
3253 2999 3336 3054 tui
3387 2998 3772 3072 Opitulationo

2116 3087 2400 3146 laetemur.
2435 3087 2543 3145 Per
2571 3089 2880 3145 Dominum
2913 3093 3180 3144 nostrum
3205 3091 3430 3159 Jesum,
3461 3092 3570 3144 etc.

2714 3193 3042 3252 PSALMUS
3071 3189 3184 3252 XX.

2579 3284 2694 3324 Αιιῦ
2701 3281 2978 3324 UMEN'I'UM
3019 3283 3122 3324 PSA
3129 3283 3177 3324 ἰ..
3209 3283 3302 3323 XX.

2185 3361 2226 3414 Ο
2254 3355 2359 3414 Hic
2389 3356 2677 3430 psalmus,
2715 3355 2944 3412 Domini
3001 3355 3318 3414 Salvatoris
3367 3356 3554 3430 primo
3587 3356 3774 3412 incar-

2113 3447 2432 3516 nationem,
2463 3451 2519 3502 et
2550 3451 2752 3520 postea
2779 3445 3016 3502 dcitatis
3036 3444 3501 3518 facta,Propheta
3531 3455 3796 3500 narranw

2115 3540 2189 3605 te,
2221 3537 2510 3592 decantat.

2253 3623 2368 3682 TT.
2402 3626 2648 3696 In'ﬁnem
2668 3625 2916 3698 psalmus
2949 3624 3143 3682 David.

2181 3714 2224 3770 C
2256 3715 2394 3771 ideo
2421 3713 2628 3770 titulus
2660 3713 2752 3769 hic
2796 3727 2950 3770 nono
2997 3713 3228 3770 decimo
3265 3711 3492 3786 psalmo
3523 3721 3630 3786 par
3656 3716 3771 3780 est,

2111 3804 2391 3878 quoniam
2425 3809 2483 3860 et
2510 3803 2618 3859 iste
2650 3802 2884 3876 quidem
2911 3802 2981 3858 de
3003 3801 3250 3858 Domino
3263 3800 3558 3858 Salvatore
3587 3799 3777 3874 loqui-

2109 3899 2208 3949 tur
2234 3893 2386 3950 sicut
2419 3891 2813 3966 superior,sed
2845 3891 2956 3947 sub
2987 3891 3186 3963 aliqua
3205 3891 3560 3947 diversitate:

2147 3984 2172 4038 1
2249 3983 2494 4050 Domine,
2529 3983 2589 4038 in
2615 3983 2818 4037 virtute
2846 3985 2942 4036 tua
2967 3980 3254 4038 laetabitur
3281 3995 3381 4037 rex
3406 4000 3425 4036 :
3533 4005 3542 4012 ο

2250 4074 2316 4128 Et
2341 4087 2511 4145 super
2541 4069 2790 4127 salutare
2812 4077 2967 4126 tuum
2990 4069 3291 4126 exsultabit
3316 4069 3674 4126 vehementer.

2178 4160 2221 4216 C
2249 4161 2516 4228 Domine,
2551 4159 2696 4215 dicit
2741 4158 3030 4232 Propheta
3059 4158 3130 4214 ad
3168 4159 3395 4214 Patrem
3419 4177 3435 4227 ;
3464 4157 3523 4214 in
3553 4156 3774 4212 virtute

2107 4255 2230 4320 tua,
2266 4250 2323 4306 id
2353 4253 2444 4306 est
2471 4251 2530 4304 in
2561 4247 2987 4321 omnipotentis.
3035 4243 3362 4319 majestatis
3391 4251 3524 4315 tum,
3557 4245 3618 4300 in
3649 4255 3773 4318 qua

2105 4338 2376 4396 et'Filius
2429 4341 2653 4412 regnat.
2703 4337 3020 4394 Laetabitur
3063 4351 3187 4406 rex,
3234 4336 3451 4410 gaudet
3495 4333 3788 4392 Christus

2104 4430 2298 4488 Jesus.
2330 4427 2682 4494 Exsultabit,
2731 4426 2788 4482 id
2843 4429 2932 4483 est
2970 4425 3030 4482 in
3061 4442 3129 4482 eo
3159 4427 3316 4499 quod
3348 4435 3611 4499 parcum
3645 4422 3773 4480 seic-

2103 4518 2252 4574 vasti
2284 4517 2574 4586 homines,
2606 4513 2788 4572 Filius
2815 4519 2954 4572 tuus
2982 4513 3421 4588 exsultabit,qui
3445 4517 3536 4570 est
3566 4511 3771 4570 S‘alva‘

2026 4629 2072 4694 Β
2102 4605 2892 4694 tor.Vehementer,ostendit
2921 4603 3392 4694 magnitudinem
3413 4601 3655 4694 gaudii,

335 4691 1370 4805 getiamagitasse;13.2.2;
1382 4691 1995 4786 ’ρξὶξιᾙίιῖῖέέὲέῖθ-
2026 4691 2060 4694 ⁷
2105 4699 2447 4805 gravies?
2471 4694 2642 4768 οορία
2669 4693 2730 4751 in
2767 4693 3073 4761 δεηθσθίου
3123 4696 3288 4749 tam
3333 4691 3427 4750 εἰτ’
3457 4693 3520 4749 σε
3561 4691 3775 4765 Band“

335 4821 526 4878 ctione
555 4821 812 4896 gloriosa
841 4824 900 4886 et
925 4820 986 4876 in
1017 4817 1194 4876 omlos
1223 4817 1585 4874 ascensione.

367 4947 400 5000 7
477 4945 747 5002 Exaudiet
779 4943 942 4999 illum
968 4942 1034 4998 dc
1061 4942 1198 4998 celo
1222 4947 1412 4998 sancto
1436 4953 1535 4996 suo
1567 4957 1581 4997 :

476 5035 540 5092 In
563 5033 932 5108 potentotibus
960 5033 1112 5089 solus
1131 5030 1376 5088 dexterae
1401 5032 1540 5102 ejus.

403 5140 450 5198 C
473 5143 698 5198 Sensus
717 5141 839 5197 iste
879 5139 1016 5196 talis
1073 5142 1164 5196 est
1195 5155 1209 5194 :
1245 5137 1528 5194 Exandiet
1576 5136 1788 5194 Filium
1820 5139 1992 5196 Pater

329 5229 747 5302 de-cmlo,quia
778 5229 840 5283 in
876 5229 1121 5284 dextera
1165 5228 1294 5298 ejus
1323 5231 1413 5284 est
1453 5225 1640 5298 salus,
1671 5241 1850 5301 quam
1882 5228 1991 5284 ha-

327 5319 482 5376 bens
505 5334 576 5376 ex
606 5315 1111 5392 propria-deitate,
1137 5322 1340 5372 tamen
1369 5321 1633 5390 expetere
1659 5317 1892 5373 videtur
1917 5333 1990 5374 ex

330 5403 936 5463 carne.Pbtentatibus
967 5403 1128 5474 dicit,
1177 5405 1317 5478 quia
1346 5421 1453 5462 nos
1495 5411 1768 5480 potentes“
1789 5406 1987 5477 efficit,

329 5512 466 5552 cum
497 5495 687 5568 gratia
735 5509 845 5548 sua
873 5491 930 5547 in
973 5493 1270 5566 praesenti,
1325 5499 1381 5552 et
1420 5495 1479 5552 in
1531 5497 1730 5552 futura
1774 5495 1890 5551 vita
1928 5497 1988 5552 in

331 5583 509 5640 beata-
531 5580 913 5657 perennitate.
943 5583 1328 5642 custodiendo
1353 5603 1367 5656 ;
1393 5602 1522 5661 quae
1559 5601 1662 5662 per
1689 5586 1988 5644 dexteram

334 5669 706 5747 intelligitur.

2135 4877 2173 4929 2
2246 4874 2603 4932 Desiderium
2625 4873 2807 4930 cordis
2833 4873 2952 4945 ejus
2983 4872 3224 4929 tribuitti
3245 4873 3300 4928 ei
3327 4889 3344 4926 :

2245 4965 2311 5020 Et
2335 4965 2616 5020 voluntate
2657 4963 2934 5019 labiorum
2959 4962 3077 5034 ejus
3121 4972 3241 5018 non
3280 4958 3566 5032 fraudati
3609 4963 3772 5016 eum.

2315 5053 2660 5126 Diapsalina.

2171 5145 2212 5197 C
2243 5142 2608 5199 Desidet-ium
2635 5140 2994 5214 animaaejus
3013 5139 3125 5196 fuit
3146 5152 3252 5212 pro
3281 5138 3544 5195 omnium
3579 5136 3812 5195 salute-

2097 5230 2686 5304 ocoidi,ut~pretiosus
2707 5230 3094 5304 sanguis-ejus
3118 5228 3406 5284 mundum
3423 5225 3780 5283 redimeret:

2096 5319 2383 5376 Voluntas
2403 5318 2692 5377 labiOrum
2716 5316 3439 5392 fuit,quandoimmundis
3453 5315 3784 5390 spiritibus

2093 5408 2769 5482 imperabat,languores
2787 5409 3052 5464 dtversos
3083 5405 3377 5464 sormeais
3397 5404 3492 5461 sui
3506 5405 3790 5462 sanabat

2097 5497 2432 5572 imperio,et
2453 5497 2893 5570 pradicationes
2913 5495 3148 5570 populis
3177 5494 3492 5552 inserebat.
3515 5495 3788 5551 Constat

2097 5587 2160 5646 in
2183 5585 2344 5644 nullo
2370 5585 2730 5643 voluntatem
2763 5586 2892 5659 ejus
2913 5583 3491 5652 fuisse-fraudatam,
3511 5583 3788 5658 quando

2102 5677 2462 5750 omniaquae
2495 5673 2620 5733 ﬁeri
2645 5675 2829 5750 jussit
2861 5673 3284 5750 impleta-sunt.
