3936 6484
233 422 332 483 1ὸὸ

1438 424 1854 526 EXPQSITIO
1899 422 2409 485 PSALMOltUM.

3506 429 3621 490 105

256 558 289 611 3
356 555 633 624 Quoniam
655 558 980 628 praveniati
1006 573 1135 613 eum
1164 558 1224 613 in
1256 556 1715 614 benedictionibus
1743 555 1867 612 dul-
1895 556 1951 625 Α
2014 554 2049 608 9
2121 560 2295 610 Penes
2326 569 2414 611 eos
2458 563 2517 613 ut
2554 555 2834 612 clibanum
2883 558 3030 628 ignis
3075 559 3135 613 in
3162 565 3399 631 tempore
3440 562 3625 617 vultus

425 644 635 701 cedinis
664 662 683 699 :

346 734 596 790 Posuisti
635 734 692 789 in
720 734 897 805 capite
944 734 1061 805 ejus
1108 749 1364 790 coronam
1408 734 1473 790 de
1517 733 1696 805 lapide
1738 748 1864 805 pre-

429 823 588 878 tioso.

284 910 322 965 C
357 909 648 973 Quoniam
699 910 1053 983 praevenisti,
1102 910 1393 983 significat
1438 909 1864 966 humanitatem

220 1004 566 1071 praeventam
597 1000 786 1071 gratia
814 1000 1160 1057 divinitatis.
1184 1002 1229 1055 A
1256 1000 1584 1057 Benedictio
1610 999 1865 1062 dulcedi-

221 1090 305 1144 nis
322 1087 430 1142 t‘uit
450 1087 795 1144 immunitas
814 1088 1174 1160 peccati,qua
1192 1090 1446 1145 donatus
1464 1094 1555 1144 est
1568 1088 1863 1155 Christus;

217 1194 316 1232 nos
345 1176 503 1231 enim
553 1176 612 1231 in
663 1176 1056 1233 amaritudine
1092 1176 1227 1232 Adae
1279 1177 1663 1249 concipimur.
1697 1176 1738 1232 C
1766 1174 1863 1231 Vel

219 1264 535 1321 benedictio
564 1263 894 1321 dulcedinis
925 1265 1060 1334 fuit,
1095 1266 1330 1336 quando
1361 1266 1587 1320 dictum
1617 1268 1704 1319 est
1727 1280 1740 1318 ε
1765 1263 1868 1319 Hic

214 1357 299 1409 est
329 1352 510 1410 Filius
540 1370 708 1411 meus
738 1352 1008 1409 dilectus.
1038 1352 1263 1409 Corona
1292 1358 1648 1409 conventum
1681 1352 1873 1424 signat

217 1441 664 1513 discipulorum;
700 1442 820 1497 haec
851 1447 975 1497 erat
1012 1458 1226 1497 corona
1272 1441 1503 1513 capitis,
1538 1441 1648 1497 hoc
1679 1440 1872 1514 regale

213 1530 501 1597 diadema,
524 1530 803 1601 quoniam
850 1529 1049 1601 ipsum
1080 1530 1391 1585 docentem
1422 1528 1707 1586 circuitus
1734 1546 1871 1601 apo-

213 1618 497 1675 stolorum
532 1618 847 1675 ambiebat.
873 1617 1152 1673 Diadema
1194 1618 1337 1673 illud
1381 1635 1496 1674 non
1527 1619 1657 1674 ideo
1689 1621 1752 1673 ut
1781 1634 1870 1672 or-

220 1712 391 1763 naret
420 1711 512 1762 est
558 1706 925 1777 impositum,
950 1706 1051 1761 sed
1084 1711 1149 1761 ut
1177 1706 1246 1761 de
1276 1705 1502 1762 Christo
1550 1706 1743 1778 potius
1780 1722 1871 1761 or-

222 1799 491 1851 naretur.
524 1794 777 1866 Lapides
807 1793 1066 1865 pretiosi,
1098 1793 1342 1865 apostoli
1376 1798 1531 1849 sunt.

244 1885 279 1940 4
359 1884 539 1940 Vitam
566 1883 730 1953 petiit
758 1899 789 1938 a
822 1890 873 1939 te
899 1889 952 1938 et
976 1883 1219 1938 tribuisti
1243 1884 1299 1937 ei
1327 1901 1345 1937 :

347 1970 774 2041 Longitudinem
818 1971 1030 2026 dierum
1071 1972 1129 2025 in
1170 1972 1454 2039 sa’cutum,
1487 1978 1537 2026 et
1585 1972 1644 2026 in
1692 1986 1865 2028 saecu-

426 2060 546 2114 lum
572 2065 627 2124 ἐς
673 2057 867 2117 saeculi
906 2064 920 2123 ζ

267 2150 313 2204 C
347 2147 490 2203 Vita
519 2147 1007 2204 resurrectionem
1034 2146 1229 2219 signat
1256 2162 1434 2218 quam
1465 2145 1560 2202 ille
1589 2145 1754 2217 petiit
1775 2145 1864 2201 di-

199 2238 387 2293 cendo
432 2251 448 2291 :
493 2236 677 2302 Pater,
712 2234 963 2291 clarifica
1015 2234 1224 2291 Filium
1284 2239 1473 2290 tuum.
1537 2234 1862 2307 Longitudo

196 2328 435 2382 dierum
469 2323 668 2395 signat
691 2323 1116 2395 perennitatem
1142 2322 1378 2389 Christi,
1400 2340 1527 2394 qua:
1559 2322 1720 2378 nullo
1752 2324 1864 2380 fine

199 2411 600 2471 concluditur.
624 2412 687 2466 ln
720 2410 1000 2468 saeculum
1025 2410 1245 2478 saeculi,
1271 2411 1621 2467 indefectam
1646 2410 1864 2465 stabili-

198 2508 387 2559 tatem
416 2499 606 2555 futuri
632 2499 829 2557 saeculi
853 2499 1093 2556 indicat.
1118 2500 1227 2555 Sed
1251 2504 1543 2555 memento
1566 2499 1720 2571 quod
1744 2498 1864 2555 haec

197 2596 253 2646 et
283 2590 382 2645 his
414 2587 642 2645 similia
671 2589 744 2644 ab
777 2587 876 2645 illa
904 2588 1179 2643 dicuntur
1211 2591 1373 2659 parte
1404 2603 1616 2659 passus
1646 2592 1752 2643 est.

225 2681 262 2734 5
335 2677 547 2749 Magna
574 2677 757 2746 gloria
778 2677 897 2748 ejus
926 2678 986 2732 in
1014 2677 1251 2733 salutari
1278 2684 1369 2732 tuo
1397 2694 1415 2729 :

339 2766 596 2824 Gloriam
622 2774 674 2822 et
717 2771 774 2831 -:-
797 2782 1063 2835 magnum
1104 2771 1119 2830 ξ
1161 2765 1402 2821 decorem
1434 2767 1672 2837 imponas
1698 2781 1862 2838 super

406 2872 564 2912 eam.

260 2946 303 3001 C
332 2945 491 3001 Nam
545 2941 736 3016 gloria
762 2947 823 2999 et
850 2959 1130 3012 magnum
1162 2943 1339 2999 decus
1386 2946 1620 3015 tempus
1668 2942 1864 3014 signat

182 3032 420 3104 judicii,
448 3030 558 3087 ubi
594 3031 653 3085 in
686 3030 899 3087 deitate
920 3047 1029 3086 sua
1050 3030 1391 3086 Altissimus
1413 3030 1736 3103 apparebit,
1756 3030 1859 3086 ha-

190 3123 336 3177 bens
369 3120 639 3194 gloriam
686 3137 754 3177 ex
803 3119 1047 3191 judicio,
1089 3120 1355 3175 decorem
1413 3121 1484 3175 de
1537 3120 1858 3189 majestate.

190 3212 421 3266 Sancta:
455 3207 647 3265 etiam
680 3208 1068 3264 incarnationi
1101 3223 1321 3280 magna
1343 3211 1432 3263 est
1460 3206 1644 3279 gloria
1675 3207 1733 3261 in
1765 3223 1860 3261 sa-

190 3297 393 3366 lutari,
428 3298 491 3353 id
529 3301 628 3354 est
657 3295 717 3352 in
748 3298 921 3352 verbo
954 3295 1159 3352 Patris.
1197 3327 1201 3330 ~

221 3387 257 3441 6
333 3387 631 3455 Quoniam
671 3385 830 3441 dabis
876 3402 1002 3440 eum
1050 3387 1111 3439 in
1160 3384 1579 3440 benedictionem
1611 3386 1668 3439 in
1698 3398 1868 3440 saxu-

406 3476 540 3531 lum
568 3480 629 3539 -j~
670 3474 869 3530 saeculi
906 3479 922 3538 ζ

327 3562 687 3634 Laetiﬁcabis
715 3578 840 3618 eum
870 3563 929 3618 in
982 3561 1183 3633 gaudio
1208 3578 1331 3616 cum
1358 3561 1510 3616 vultu
1540 3569 1650 3616 tuo.

247 3652 296 3708 Η
328 3650 649 3718 Quoniam
692 3650 861 3706 dabis
904 3665 1039 3705 eum
1089 3650 1147 3705 in
1193 3648 1676 3716 benedictionem,
1729 3647 1868 3718 quia

2191 645 2279 699 tui
2305 662 2324 698 :

2123 734 2391 788 Dominus
2424 734 2485 788 in
2514 735 2600 789 ira
2628 750 2727 789 sua
2757 735 3097 791 conturbabit
3123 750 3210 792 eos
3229 753 3248 791 :
3267 740 3321 793 et
3349 736 3629 799 devmbit

2188 837 2273 877 eos
2305 823 2467 892 ignis.

2044 912 2084 961 C
2115 907 2393 964 Clibanus
2426 914 2515 965 est
2568 912 2896 982 coquendis
2940 912 3191 984 panibus
3218 913 3365 970 anei
3406 914 3627 970 vasculi

1973 996 2221 1052 deducta
2244 997 2589 1064 rotunditas,
2607 1016 2732 1071 qua:
2749 1000 3169 1057 suburentibus
3190 1001 3444 1058 ﬂammis
3460 1002 3627 1063 ardet

1977 1085 2355 1154 intrinsecus;
2395 1087 2549 1158 quod
2581 1088 2776 1159 signat
2816 1093 3165 1161 peccatores,
3190 1090 3291 1162 qui
3317 1090 3377 1146 in
3400 1091 3624 1161 judicio

1976 1174 2285 1245 torquendi
2319 1180 2458 1229 sunt
2506 1180 2563 1231 et
2606 1193 2848 1233 maerore
2879 1177 3059 1233 animi
3088 1182 3144 1234 et
3172 1177 3384 1251 pcsnali
3421 1196 3623 1237 exeru-

1978 1262 2244 1317 ciatione.
2265 1262 2524 1335 Tempus
2548 1264 2744 1320 vultus
2770 1264 2891 1332 Dei,
2913 1264 3036 1321 dies
3067 1270 3155 1321 est
3188 1267 3416 1338 judicii.
3442 1268 3487 1323 Η
3519 1268 3623 1335 Hie

1979 1349 2064 1405 ira
2098 1351 2197 1406 Dei
2222 1368 2336 1407 non
2361 1352 2554 1423 punit,
2571 1353 2672 1409 sed
2694 1354 3002 1410 conturbat
3031 1354 3101 1410 ad
3125 1354 3546 1427 paenitentiam,
3565 1359 3626 1421 et

1980 1438 2073 1495 hic
2104 1439 2257 1513 ignis
2316 1441 2574 1513 Spiritus
2617 1441 2801 1499 sancti
2851 1443 3106 1510 devorat,
3137 1441 3196 1497 id
3245 1447 3338 1499 est
3382 1448 3625 1515 peccata

1980 1529 2292 1583 consumit.
2324 1530 2363 1584 C
2414 1529 2543 1585 Sive
2589 1532 2824 1601 quando
2878 1530 3120 1586 audient
3152 1547 3165 1585 :
3193 1530 3275 1587 Ite
3322 1530 3381 1587 in
3429 1532 3526 1607 ign

1979 1618 2427 1683 aeternum,tunc
2439 1617 2660 1688 judicis
2682 1619 2972 1675 sententia
2994 1618 3450 1689 conturbabit,et
3472 1617 3627 1693 ignis

1979 1704 2275 1759 devorabit
2302 1708 2601 1776 perpetuo.

1980 1792 2047 1845 10
2116 1797 2380 1848 Fructum
2408 1809 2597 1849 eorum
2625 1793 2690 1849 de
2715 1802 2859 1850 terra
2883 1794 3076 1866 perdes
3106 1812 3126 1851 :

2116 1882 2181 1936 Et
2206 1896 2384 1937 semen
2412 1897 2600 1938 eorum
2627 1899 2662 1938 a
2687 1883 2822 1953 ﬁliis
2851 1885 3155 1939 hominum.

2043 1973 2082 2025 C
2114 1969 2158 2024 H
2192 1970 2465 2025 Fructum
2497 1970 2638 2027 dicit
2682 1987 2857 2043 opera
2884 1971 3246 2044 iniquorum.
3278 1971 3523 2028 Perdere
3551 1971 3624 2029 de

1971 2060 2142 2127 terra,
2166 2058 2223 2113 id
2253 2061 2342 2115 est
2372 2060 2441 2115 de
2467 2063 2670 2115 sancta
2698 2058 2957 2116 Ecclesia
2974 2059 3064 2117 vel
3101 2064 3256 2116 terra
3282 2060 3620 2117 viventium.

1972 2146 2022 2236 C7
2043 2147 2271 2215 Semen,
2297 2148 2355 2203 id
2385 2152 2474 2203 est
2500 2153 2633 2203 vota
2660 2148 2746 2203 vel
2788 2149 2938 2204 facta
2967 2148 3362 2221 peccantium.
3385 2150 3431 2205 A
3460 2146 3618 2236 filiis,

1971 2234 2028 2289 id
2060 2239 2148 2291 est
2176 2236 2246 2291 de
2275 2236 2494 2292 sanctis
2526 2253 2623 2292 eos
2651 2237 2798 2292 facis
2828 2236 3068 2305 alienos,
3097 2253 3252 2309 quos
3281 2239 3341 2295 in
3375 2234 3622 2299 heredi;-

1973 2327 2149 2379 tatem
2182 2328 2455 2381 aeternam
2485 2329 2588 2380 tua
2618 2324 2886 2398 largitate
2918 2326 3203 2383 missarus
3232 2342 3315 2383 es.

1974 2413 2033 2467 11
2076 2414 2351 2482 Quoniam
2378 2413 2791 2468 declinaverunt
2818 2415 2878 2469 in
2906 2421 2955 2469 te
2982 2414 3131 2469 mala
3161 2431 3182 2468 :

2113 2500 2494 2570 ﬂagitaverunt
2522 2503 2775 2568 consilia,
2806 2516 2932 2574 qua
2970 2518 3081 2559 non
3107 2510 3402 2574 potuerunt
3426 2507 3481 2568 ἐ·
3515 2510 3626 2562 sta-

2183 2589 2345 2645 bilire
2382 2598 2397 2656 ζ

2042 2677 2088 2733 Η
2120 2677 2242 2732 Visi
2273 2681 2410 2733 sunt
2437 2677 2621 2734 Judaei
2674 2677 2965 2735 declinare
3016 2678 3174 2735 mala
3210 2678 3268 2734 in
3303 2678 3622 2757 Christum,

1969 2766 2203 2838 quando
2235 2765 2509 2822 dixerunt
2540 2782 2554 2821 :
2590 2766 2818 2838 Dignus
2847 2770 2935 2823 est
2974 2772 3182 2823 morte.
3215 2767 3629 2842 Cogitaverunt

1970 2853 2280 2909 concilium
2313 2854 2555 2910 dicendo
2583 2854 2767 2910 :Jube
2806 2871 2942 2929 ergo
2973 2854 3255 2911 custodiri
3287 2853 3623 2928 sepulcrum

1970 2942 2174 3014 (Matth.
2207 2942 2407 3015 xxvu),
2440 2942 2701 2999 nolentes
2750 2961 2854 3000 nec
2895 2944 3070 2999 etiam
3118 2945 3421 3000 credentes
3452 2942 3623 3003 Chri-

1971 3037 2128 3086 stum
2151 3046 2471 3102 resurgere.
2491 3030 2652 3093 Quod
2677 3047 2794 3086 non
2816 3035 3130 3103 potuerunt
3150 3030 3435 3102 stabilire,
3457 3029 3616 3103 quia,

1969 3118 2204 3190 quando
2232 3117 2416 3173 voluit
2446 3117 2735 3185 Christus,
2775 3119 3109 3175 resurrexit.
3133 3119 3175 3174 C
3206 3118 3505 3176 Declinare
3533 3119 3621 3175 di-

1972 3206 2159 3261 cimus
2191 3204 2345 3260 mala
2370 3221 2551 3276 supra
2585 3204 2752 3270 alios,
2772 3206 3111 3278 paenitentia
3132 3207 3190 3261 in
3214 3206 3360 3263 alios
3380 3212 3618 3262 causam

1893 3280 1936 3347 C
1974 3294 2303 3366 iniquitatis
2358 3292 2619 3361 relidere,
2644 3293 2801 3365 quod
2849 3293 3034 3349 Judaei
3066 3294 3296 3349 Christo
3336 3295 3622 3359 iecerunt,

1976 3384 2116 3437 dum
2148 3381 2600 3438 destructionem
2646 3381 2895 3438 civitatis
2941 3385 2998 3438 et
3037 3380 3230 3453 gentis
3254 3381 3382 3437 vita:
3409 3380 3624 3437 Christi

1975 3471 2393 3542 ascripserunt,
2456 3470 2717 3526 dicentes
2765 3487 2779 3526 :
2833 3469 2893 3525 Si
2949 3470 3304 3527 dimittimus
3356 3485 3493 3527 eum
3540 3470 3626 3527 sic

1973 3564 2158 3628 (Joan.
2191 3559 2291 3627 xu),
2325 3562 2431 3615 etc.

1976 3649 2044 3702 12
2118 3648 2390 3715 Quoniam
2413 3663 2579 3719 pones
2604 3663 2691 3703 eos
2720 3646 2940 3705 dorsum
2964 3667 2985 3705 :

2114 3737 2177 3791 In
2210 3736 2463 3807 reliquiis
2493 3737 2603 3792 tuis
2627 3737 2971 3807 praeparabis
2999 3737 3209 3794 vultum
3234 3753 3441 3793 eorum.

2041 3826 2089 3881 A
2138 3824 2315 3881 Positi
2367 3827 2506 3879 sunt
2535 3823 2721 3880 Judazi
2754 3826 3016 3892 dorsum,
3047 3826 3280 3899 quando
3331 3824 3467 3881 vitio
3512 3840 3623 3880 suo

1973 3918 2204 3969 terrena
2223 3911 2536 3984 sapientes,
2563 3928 2681 3968 non
2704 3918 3044 3970 meruerunt
3062 3913 3321 3970 caelestia
3339 3912 3620 3970 contueri.

1972 4006 2022 4057 Η
2053 4000 2541 4071 Praeparabuntur
2570 3999 2828 4072 reliquiae
2871 4001 3229 4070 Judaeorum,
3261 4002 3495 4075 quando
3522 4016 3626 4073 per

1973 4088 2171 4146 Enoch
2203 4094 2260 4144 et
2288 4087 2475 4144 Etiam
2506 4087 2567 4144 in
2598 4088 2712 4145 ﬁne
2743 4090 3019 4146 credituri
3051 4094 3211 4162 sunt,
3232 4095 3289 4146 et
3310 4095 3451 4147 tunc
3479 4106 3624 4161 pra-

1975 4177 2211 4250 parabis
2240 4175 2472 4233 vultum
2502 4192 2729 4246 eorum,
2755 4177 2977 4234 scilicet
3004 4178 3065 4234 in
3086 4182 3142 4235 te
3160 4177 3541 4245 credentium,
3559 4180 3627 4239 ut

1977 4264 2197 4321 scilicet
2227 4267 2643 4320 convertantur
2672 4265 2848 4321 corda
2876 4269 3109 4337 patrum
3147 4264 3208 4322 in
3238 4264 3410 4321 ﬁlios.

1978 4356 2043 4409 13
2117 4353 2393 4418 Exaltare,
2426 4352 2671 4419 Domine,
2702 4354 2760 4408 in
2792 4355 2991 4409 virtute
3016 4359 3115 4409 tua
3136 4372 3157 4409 .-

308 4453 379 4509 Et
409 4470 474 4507 in
509 4448 924 4508 misericordia
954 4448 1227 4504 Altissimi
1253 4463 1361 4502 non
1392 4445 1830 4502 commovebitur.
2118 4440 2470 4496 Cantabimus
2497 4447 2551 4495 et
2574 4440 2872 4511 psaltemus
2902 4442 3131 4496 virtutes
3160 4448 3302 4497 tuas.

234 4540 277 4597 C
307 4542 439 4599 Bex
469 4545 576 4598 est
610 4540 756 4605 iste,
775 4539 876 4609 qui
908 4536 970 4593 in
1000 4536 1271 4609 passione
1303 4552 1412 4591 sua
1441 4534 1754 4606 ascriptus,
1772 4534 1871 4591 tri-
2048 4531 2094 4587 Η
2124 4529 2387 4585 Exaltare
2418 4528 2477 4583 in
2506 4528 2740 4594 virtute,
2765 4528 2823 4583 id
2846 4533 2937 4585 est
2957 4529 3295 4586 demonstra
3318 4530 3378 4585 in
3399 4529 3623 4601 judicio

171 4628 276 4685 bus
305 4629 551 4703 linguis
613 4626 947 4699 legebatur.
978 4624 1241 4696 Speravit
1283 4622 1342 4679 in
1374 4620 1639 4690 Domino,
1663 4637 1870 4678 secun-
1900 4641 1945 4705 Β
1980 4620 2346 4691 majestatem
2389 4620 2551 4672 tuam
2582 4621 2638 4671 et
2676 4621 3043 4688 potestatem,
3079 4618 3181 4689 qui
3225 4616 3390 4689 prius
3419 4617 3624 4673 venisti

171 4716 305 4774 dum
338 4718 709 4776 hominem.
744 4714 868 4770 Non
910 4711 1371 4769 commovebitur
1398 4713 1443 4766 A
1474 4710 1869 4766 misericordia
1976 4708 2034 4765 in
2066 4706 2415 4764 humilitate.
2440 4706 2482 4762 C
2511 4705 2757 4762 Cantare
2786 4709 2874 4762 est
2902 4706 3079 4761 verba
3107 4706 3333 4763 Domini
3364 4722 3461 4763 ore
3492 4716 3622 4778 pro-

172 4804 376 4875 Patris,
401 4807 565 4879 quia
599 4807 913 4877 protector
939 4807 1029 4858 est
1059 4800 1196 4857 olim
1232 4799 1593 4872 sperantium
1624 4798 1683 4854 in
1715 4816 1797 4856 se.
1981 4797 2156 4865 ferre;
2191 4794 2455 4869 psallere,
2480 4795 2756 4850 mandata
2787 4793 2982 4851 divina
3010 4794 3180 4852 bonis
3200 4793 3473 4868 operibus
3494 4809 3625 4850 con-

200 4896 232 4947 8
302 4895 673 4953 Inveniatur
704 4906 907 4946 manus
935 4894 1034 4944 tua
1065 4890 1317 4945 omnibus
1348 4887 1590 4943 inimicis
1623 4888 1730 4943 tuis
1761 4904 1779 4941 :
1982 4890 2203 4943 stanter
2233 4883 2492 4955 implere.

302 4986 567 5042 Dextera
598 4989 718 5040 tata
750 4980 998 5036 inveniat
1027 4984 1084 5043 -Ξυ
1109 4993 1292 5035 omnes
1333 4981 1348 5042 ζ
1391 4978 1489 5047 qui
1512 4984 1561 5032 te
1590 4974 1835 5032 oderunt.
2499 4987 2703 5028 onum
2733 4988 2803 5027 nx
2833 4988 2989 5028 PSAL.
3022 4989 3115 5027 xx.

234 5072 274 5129 C
308 5073 695 5131 Inveniatur
731 5084 945 5124 manus
977 5071 1096 5135 tua,
1134 5066 1189 5120 id
1235 5069 1325 5120 est
1369 5063 1623 5135 operatio
1656 5066 1756 5120 tua
1786 5078 1872 5119 re-
2053 5061 2324 5126 Benedic,
2384 5060 2650 5126 Domine,
2710 5060 3111 5117 benedictione
3160 5058 3527 5127 dulcedimis,
3571 5061 3631 5114 et

172 5163 453 5231 periatur.
494 5161 549 5218 Η
602 5158 693 5215 Ut
753 5159 1119 5214 revertantur
1162 5153 1407 5219 inimici,
1440 5151 1637 5209 afflicti
1691 5156 1886 5230 potes-_
1985 5150 2208 5223 comple
2236 5148 2343 5205 tibi
2380 5147 2656 5219 placitum
2689 5148 3045 5205 desiderium
3089 5152 3456 5216 nostrum,ut
3485 5147 3627 5202 dum

175 5253 280 5307 tate
312 5256 421 5308 tua
478 5251 547 5306 in
608 5248 879 5303 bonum.
912 5248 1158 5300 Dextera
1214 5241 1400 5297 Patris
1456 5239 1738 5296 Dominus
1792 5244 1880 5295 est
1980 5240 2202 5312 jugiter
2246 5237 2489 5292 virtutes
2536 5240 2667 5292 tuas
2714 5236 2878 5292 suavi
2930 5235 3324 5294 modulatione
3372 5233 3628 5291 concini-

175 5337 453 5397 Salvator.
491 5337 622 5404 Qui
669 5349 824 5390 eum
872 5332 1123 5389 oderunt
1168 5346 1338 5402 poena
1387 5332 1663 5400 perpetua
1708 5328 1879 5382 dam-
1989 5344 2140 5392 mus,
2191 5324 2615 5397 longitudinem
2642 5324 2770 5379 vitae
2829 5330 3116 5397 perpetua:
3173 5337 3625 5395 consequamur.

178 5429 345 5486 nandi
373 5432 555 5497 sunt,
595 5428 667 5484 et.
700 5420 839 5479 sine
882 5421 997 5477 ﬁne
1045 5436 1179 5474 cum
1228 5416 1460 5474 diabolo
1507 5422 1564 5472 et
1610 5415 1880 5473 satelliti-
1990 5416 2095 5471 Per
2124 5413 2438 5469 Dominum
2469 5416 2733 5469 nostrum
2763 5412 2987 5486 Jesum,
3019 5419 3127 5471 etc.

180 5513 277 5573 bus
316 5518 450 5575 suis
515 5518 590 5574 in
660 5508 915 5569 sternis
974 5506 1231 5565 tenebris
1288 5504 1619 5577 torquendi.
1656 5504 1881 5560 Inveni-
2553 5515 2882 5572 pSALMUS
2924 5518 3064 5573 xx},

179 5606 263 5660 tur
306 5606 502 5683 igitur
546 5601 672 5661 Dei
732 5613 956 5655 manus
1005 5597 1065 5653 in
1107 5595 1332 5668 judicio
1383 5594 1576 5651 futuro
1626 5590 1880 5649 inimicis

180 5692 318 5767 ejus.

180 3741 377 3796 omnis
410 3743 707 3796 creatura
755 3737 1044 3794 benedicit
1073 3754 1228 3792 cum.
1271 3736 1616 3793 Lmtit‘icabis
1641 3752 1774 3792 eum
1804 3735 1866 3790 in

174 3830 419 3900 gaudio,
434 3845 589 3885 cum
616 3827 949 3882 coadunata
972 3825 1147 3881 fuerit
1169 3824 1485 3879 multitudo
1506 3828 1862 3892 sanctorum,

176 3917 349 3989 eique
381 3922 752 3974 sanctorum
785 3931 1067 3971 numerus
1110 3913 1435 3970 restitutus.
1459 3916 1498 3968 C
1528 3913 1672 3969 Cum
1703 3911 1865 3968 vultu

170 4010 270 4063 tuo
299 4008 477 4076 dicit,
517 4012 595 4062 ut
644 4022 768 4061 una
816 4004 1176 4076 intelligatur
1231 4020 1478 4074 persona
1533 4003 1658 4060 sine
1689 4003 1866 4059 dubio

170 4111 296 4152 esse
326 4095 593 4163 Christi,
634 4093 781 4166 quia
820 4093 1162 4149 humanitas
1192 4092 1265 4148 de
1296 4091 1597 4148 divinitate
1627 4092 1864 4164 gaudet.

172 4185 459 4250 Quamvis
527 4184 729 4241 etiam
778 4182 849 4239 de
907 4181 1188 4238 membris
1236 4179 1381 4235 illud
1429 4179 1613 4252 accipi
1653 4178 1867 4235 Christi

172 4279 325 4330 recte
356 4271 594 4330 nossit.
1164 4330 1171 4337 ,

203 4364 237 4417 7
308 4364 629 4435 Quoniam
663 4376 769 4416 rex
793 4367 973 4432 sperat
1002 4360 1063 4414 in
1093 4359 1328 4416 Domino
1354 4376 1372 4412 :

2458 5603 2855 5644 ARGUIEN’I‘UM
2895 5604 3051 5643 PSAL.
3091 5603 3204 5641 XXI.

2060 5679 2102 5737 C
2132 5678 2195 5737 In
2225 5677 2333 5736 hoc
2372 5674 2597 5752 psalmo
2654 5671 2921 5730 Christus
2967 5673 3038 5729 de
3084 5670 3355 5743 passione
3402 5678 3515 5722 sua
3559 5658 3633 5715 ad

499 5820 823 5888 PATROL.
870 5810 1102 5874 CXLII.
3275 5793 3312 5851 4
