3936 6436
273 433 383 494 107

1173 432 1236 492 S.
1282 427 1689 491 BltUNONlS
1737 425 2362 488 HERBIPULENSIS
2408 427 2791 489 EPISCOPI.

3578 423 3698 486 108

270 565 494 622 Patrem
542 561 827 636 loquitur,
861 563 1256 636 admonetque
1289 559 1490 616 ﬁdeles
1538 558 1776 616 laudere
1816 559 1926 616 Do-
1955 557 2012 628 Α
2042 560 2264 631 quanto
2293 557 2552 632 amplius
2582 556 2770 616 ﬁlium
2815 562 2980 633 pater
3024 557 3234 616 liberat
3279 557 3418 614 dum
3470 555 3613 631 petit
3641 558 3700 614 et

268 669 456 724 mum,
491 652 632 725 quia
687 651 746 708 in
805 651 1234 708 resurrectione
1276 667 1385 706 sua
1409 648 1756 705 catholicam
1806 665 1928 706 res-

267 743 493 816 pexerit
521 741 743 798 Ecclesi
753 759 870 798 am.

339 849 455 907 TT.
496 851 557 906 In
598 850 767 922 ﬁnem
817 865 918 924 pro
973 851 1306 923 susceptione
1361 849 1634 904 matutina
1685 847 1930 920 psalmus

433 945 488 1006 ἐ·
511 938 688 995 David
727 946 742 1005 ζ

339 1028 382 1084 C
411 1027 477 1084 In
509 1028 720 1096 ﬁnem;
755 1029 874 1084 sive
902 1027 1195 1102 psalmus,
1217 1028 1335 1084 sive
1358 1024 1714 1098 David,quid
1741 1024 1934 1100 signet

271 1118 604 1192 expositum
637 1122 745 1174 est.
772 1118 1078 1193 Susceptio
1109 1117 1402 1173 matutina
1443 1121 1534 1172 est
1575 1120 1810 1188 tempus
1845 1131 1930 1170 re-

273 1207 674 1276 surrectionis,
697 1209 932 1281 quando
957 1207 1203 1264 mortale
1233 1223 1448 1280 corpus
1479 1206 1536 1262 in
1571 1221 1788 1277 magna
1815 1203 1934 1277 glo-

273 1295 360 1353 ria
387 1296 770 1354 clariﬁcatum
802 1297 1146 1371 assumpsit.
1179 1297 1534 1352 Matutinum
1567 1295 1787 1350 dictum
1819 1298 1928 1362 est,

273 1386 440 1458 quasi
486 1403 657 1442 manu
703 1387 1080 1459 primitivum,
1104 1386 1258 1458 quod
1316 1389 1552 1457 tempus
1599 1383 1934 1440 innumeris

271 1474 412 1532 locis
443 1475 516 1532 ad
547 1475 1034 1532 resurrectionem
1065 1474 1298 1531 Domini
1331 1478 1564 1530 constat
1595 1478 1884 1546 aptatum.

305 1581 330 1638 1
409 1581 572 1652 Deus,
619 1584 762 1640 Deus
815 1599 969 1639 meus
997 1591 1053 1650 -Ξιο
1091 1584 1298 1656 respice
1346 1582 1403 1637 in
1430 1597 1540 1669 'me
1581 1587 1593 1647 ζ
1631 1597 1802 1654 quare
1846 1595 1934 1636 me

479 1671 828 1747 dereliquisti
858 1691 877 1728 :

410 1764 592 1834 Longe
623 1779 656 1818 a
683 1762 863 1818 salute
888 1779 1012 1818 mea
1046 1762 1207 1818 verba
1241 1760 1563 1816 delictorum
1593 1775 1859 1814 meorum.

339 1869 380 1924 C
410 1868 566 1924 Deus
595 1885 788 1926 sermo
816 1869 1048 1926 Graecus
1079 1873 1190 1935 est,
1212 1872 1270 1924 et
1298 1867 1717 1940 interpretatur
1747 1867 1929 1921 timor.

269 1957 433 2016 Unde
463 1959 706 2031 quidam
737 1959 819 2015 ait
862 1958 1172 2032 gentilium
1227 1935 1530 2030 poetarum
1563 1974 1580 2010 :
1613 1955 1843 2028 primus
1874 1953 1934 2010 in
1963 1935 2014 2002 Β

268 2047 403 2104 orbe
435 2048 574 2106 deos
622 2049 755 2105 fecit
806 2047 1012 2116 timor;
1047 2048 1203 2103 unde
1233 2045 1524 2112 Christus,
1545 2045 1714 2117 quasi
1746 2044 1936 2100 vicina

268 2127 542 2211 passione
563 2141 888 2209 permotus.
912 2153 980 2193 ex
1009 2134 1379 2192 humanitate
1409 2133 1624 2189 clamat
1651 2150 1664 2190 :
1693 2133 1933 2206 Respice

269 2227 332 2282 in
356 2225 808 2299 mo,deprecans
831 2223 942 2281 sibi
965 2224 1339 2281 celerrimum
1362 2222 1646 2278 auxilium
1673 2239 1764 2278 res
1776 2238 1934 2278 urre-

269 2314 500 2372 ctionis.
525 2315 573 2370 Η
594 2313 758 2380 Quod
792 2331 854 2370 se
877 2313 1019 2370 dicit
1037 2312 1402 2382 derelictum,
1427 2330 1544 2368 non
1573 2328 1643 2368 ex
1673 2310 1930 2385 propria,

269 2403 374 2460 sed
407 2421 477 2460 ex
505 2402 707 2476 populi
737 2403 829 2460 sui
881 2419 1132 2476 persona
1173 2401 1453 2474 loquitur,
1477 2402 1648 2473 cujus
1697 2406 1934 2475 peccata

269 2493 396 2573 ipse
426 2492 707 2565 suscepit.
732 2492 774 2548 C
795 2492 945 2548 Dicit
974 2509 1008 2548 a
1041 2507 1102 2548 se
1132 2490 1302 2564 longe
1334 2491 1456 2546 ﬁeri
1478 2492 1653 2547 verba
1674 2508 1802 2564 quae
1832 2491 1930 2546 de-

270 2579 412 2636 licta
432 2581 788 2653 parturiunt,
805 2585 860 2636 et
891 2580 1102 2636 iterum
1127 2597 1233 2636 sua
1253 2580 1394 2635 dicit
1413 2597 1542 2636 esse
1567 2584 1802 2652 peccata
1825 2597 1931 2634 no-

271 2673 395 2724 stra
424 2667 656 2738 delicta,
681 2669 780 2742 qui
814 2685 929 2725 non
959 2668 1168 2724 habuit
1213 2673 1469 2742 peccata.
1504 2671 1548 2724 A
1579 2668 1718 2724 dicit
1753 2668 1934 2742 igitur

271 2773 335 2814 se
364 2755 708 2813 derelictum
749 2757 808 2812 in
851 2775 1104 2832 persona
1149 2758 1574 2827 membrorum,
1602 2775 1728 2831 quae
1773 2758 1929 2830 quod

269 2849 480 2920 petunt
498 2863 613 2902 non
633 2839 951 2920 accipiunt,
966 2864 1031 2904 eo
1053 2849 1207 2922 quod
1231 2847 1406 2903 verba
1420 2846 1770 2903 delictorum
1792 2850 1934 2902 sunt

269 2935 582 3012 petitiones
614 2951 838 3004 eorum,
863 2935 1004 2992 dum
1035 2937 1121 2992 vel
1168 2941 1376 3010 petunt
1431 2942 1632 2992 contra
1679 2935 1930 2992 salutem

267 3023 359 3082 vel
393 3041 506 3082 non
537 3042 669 3082 mox
700 3025 953 3083 exauditi
998 3031 1395 3096 murmurant,
1429 3031 1485 3082 et
1532 3025 1840 3083 derelictos
1871 3043 1932 3082 se

269 3105 734 3192 conquerantur.

302 3224 340 3278 2
410 3224 551 3280 Deus
575 3239 749 3281 meus.
780 3225 1028 3282 clamabo
1053 3239 1154 3298 per
1191 3224 1338 3280 diem
1365 3232 1416 3280 et
1442 3241 1554 3280 non
1582 3223 1842 3281 exaudies
1873 3241 1894 3279 :

406 3311 472 3370 Et
497 3321 648 3370 nocte
673 3319 860 3372 etnon
891 3314 964 3370 ad
993 3315 1382 3386 insipientiam
1409 3313 1569 3368 mihi.

337 3419 380 3476 C
406 3419 710 3478 Clamabat
731 3420 1076 3478 humanitas
1093 3419 1266 3476 Verbi
1291 3437 1395 3492 per
1414 3419 1592 3474 diem.
1609 3437 1789 3492 quam
1814 3437 1930 3476 non

269 3509 716 3566 circumdabant
745 3510 995 3566 tenebrae
1037 3515 1432 3582 peccatorum.
1457 3509 1502 3564 H
1536 3525 1653 3564 non
1691 3509 1932 3564 exaudi-

268 3601 370 3654 tur
401 3615 415 3653 :
451 3603 688 3670 propter
715 3598 1042 3654 destinatos
1073 3602 1144 3652 ad
1178 3601 1450 3661 mortem,
1479 3598 1580 3669 qui
1611 3598 1799 3654 noctis
1828 3615 1932 3654 no—

272 3685 429 3742 mine
450 3687 800 3744 vocitantur.
818 3687 859 3742 C
881 3687 1006 3742 Non
1040 3687 1110 3740 ad
1135 3685 1554 3758 insipientiam.
1580 3686 1935 3743 subaudien-

269 3775 409 3831 dum
439 3774 740 3847 reputabis
768 3773 936 3841 mihi,
961 3774 1018 3829 id
1043 3780 1130 3830 est
1154 3774 1322 3830 Pater
1343 3773 1504 3841 Filio,
1529 3773 1763 3847 petebat
1791 3792 1930 3849 ergo

267 3861 557 3920 mediator
585 3861 688 3919 Dei
714 3865 773 3918 et
801 3861 1110 3919 hominum
1141 3879 1255 3919 non
1288 3862 1632 3936 insipienter
1663 3863 1764 3921 sed
1797 3881 1930 3936 pru-

265 3951 490 4022 denter,
523 3955 580 4009 et
609 3955 809 4009 tamen
854 3970 968 4008 non
1014 3956 1243 4009 constat
1273 3953 1562 4022 auditum,
1599 3953 1739 4025 quia
1780 3953 1925 4025 peti-

263 4039 423 4098 tione
445 4045 502 4098 et
522 4040 800 4114 passione
821 4042 1110 4098 mundum
1133 4046 1256 4098 erat
1285 4043 1720 4116 redempturus.
1741 4041 1788 4098 H
1813 4043 1855 4098 C
1878 4044 1926 4100 A

260 4128 362 4187 Vel
385 4129 511 4187 dies
539 4147 840 4205 prospera,
865 4149 977 4188 nox
1007 4132 1250 4188 advorsa
1278 4132 1591 4205 signiﬁcat.
1619 4132 1682 4188 In
1707 4132 1925 4204 quibus

256 4219 608 4294 quandoque
637 4224 908 4294 petentes
937 4221 1094 4278 Deus
1139 4238 1254 4278 non
1285 4221 1544 4294 exaudit,
1576 4225 1635 4278 et
1663 4221 1773 4278 hoc
1805 4239 1922 4278 non

257 4309 330 4366 ad
353 4309 756 4384 insipientiam
778 4326 1002 4378 eorum,
1026 4309 1129 4367 sed
1156 4316 1221 4366 ut
1249 4310 1334 4367 sic
1365 4309 1659 4384 sapientes
1689 4311 1836 4367 ﬁant
1864 4315 1923 4368 et

256 4387 489 4455 discant
517 4397 813 4472 sapienter
845 4404 1060 4473 petere,
1096 4417 1213 4457 non
1245 4404 1477 4457 terrena
1505 4400 1608 4456 sed
1639 4398 1916 4471 cmlestia,

257 4485 348 4544 vel
380 4490 610 4544 terrena
639 4487 711 4545 ad
745 4487 994 4546 salutem
1027 4489 1260 4546 animae.

289 4575 326 4632 3
401 4576 534 4632 Cum
562 4585 744 4634 autem
774 4579 835 4634 in
862 4585 1052 4636 sancto
1083 4578 1305 4636 habitas
1339 4597 1356 4632 :

398 4665 541 4723 Laus
569 4667 758 4724 Israel.

325 4755 366 4812 C
397 4755 459 4812 In
489 4761 693 4814 sancto
723 4755 956 4814 habitas
994 4755 1144 4825 laus,
1181 4756 1644 4814 incarnationem
1674 4773 1778 4829 per
1807 4757 1918 4817 hoc

253 4842 471 4900 Christi
509 4844 821 4901 declaravit
858 4845 1166 4918 prepheta,
1197 4843 1340 4917 quia
1385 4840 1445 4900 in
1493 4843 1639 4902 Filio
1687 4844 1916 4906 habitat

251 4931 402 5002 laus,
428 4933 484 4988 id
517 4938 603 4990 est.
634 4934 803 4990 Pater
823 4933 924 5006 qui
953 4936 1041 4990 est
1069 4933 1201 4988 laus
1232 4931 1430 5002 Israel,
1451 4932 1508 4988 id
1530 4937 1620 4989 est
1643 4934 1909 4994 Ecclesiae

247 5021 496 5078 videntis
529 5041 630 5096 per
659 5023 835 5080 ﬁdem
866 5026 941 5080 te.
969 5022 1102 5079 Ideo
1131 5021 1310 5079 etiam
1338 5038 1452 5076 non
1476 5023 1813 5082 exauditam
1843 5041 1908 5087 se

249 5112 526 5182 ostendit,
554 5129 669 5168 non
701 5116 938 5186 propter
967 5111 1389 5185 insipientiam,
1423 5112 1524 5168 sed
1555 5118 1792 5187 propter
1821 5133 1912 5173 sa-

246 5199 428 5257 lutem
459 5202 690 5275 generis
723 5201 965 5258 humani
1007 5219 1110 5274 per
1159 5199 1492 5274 passionem
1540 5219 1709 5258 suam
1764 5204 1908 5263 alias

245 5289 462 5347 factam
510 5289 1092 5362 sanctam,quoniam
1125 5289 1296 5344 Pater
1344 5306 1574 5363 semper
1621 5293 1786 5349 audit
1815 5294 1906 5351 Fi-

245 5377 392 5437 lium
419 5380 477 5436 in
511 5397 627 5452 quo
659 5395 894 5450 semper
921 5377 1168 5433 habitat.

279 5469 314 5526 4
386 5469 452 5526 In
479 5477 530 5526 te
555 5474 912 5543 speraverant
935 5473 1122 5538 patres
1149 5469 1326 5524 nostri
1353 5487 1372 5524 :

387 5558 760 5632 Speraverunt
784 5564 836 5612 et
867 5555 1117 5612 liberasti
1143 5571 1248 5612 eos.

313 5647 362 5704 Η
392 5648 786 5722 Speraverunt
839 5641 1218 5718 patriarchzn,
1271 5650 1326 5701 et
1373 5646 1640 5704 liberavit
1689 5668 1786 5706 eos
1835 5653 1905 5708 de

243 5734 508 5812 Egypto.
534 5734 576 5794 ll
621 5732 1011 5809 Speraverunt
1039 5727 1100 5788 in
1132 5730 1362 5794 deserto
1391 5739 1449 5792 et
1486 5733 1712 5804 liberati
1744 5744 1902 5814 sunt,

2041 647 2166 703 vult
2188 647 2446 704 liberari.

2073 739 2110 793 5
2181 737 2262 792 Ad
2289 746 2340 792 te
2367 737 2742 794 clamauerunt
2771 747 2825 794 et
2853 739 2998 794 salvi
3023 738 3161 810 facti
3184 743 3315 793 sunt
3339 755 3358 792 :

2187 826 2247 882 In
2279 834 2328 883 te
2355 835 2747 901 separaverunt
2777 836 2827 884 et
2857 843 2966 885 non
2996 835 3126 884 sunt
3154 827 3392 899 confusi.

2113 917 2152 971 C
2182 914 2591 976 Clamaverunt
2621 921 2910 992 martyres
2939 917 3008 973 ad
3042 916 3341 973 Christum
3377 932 3390 970 :
3429 913 3570 970 dum
3601 929 3700 970 eos

2041 1005 2360 1078 corporalis
2391 1022 2560 1078 poena
2584 1007 2974 1080 consumpsit,
2998 1010 3055 1062 et
3083 1005 3446 1079 putabantur
3469 1002 3542 1060 ab
3571 1002 3701 1060 inﬁ-

2041 1094 2273 1151 delibus
2303 1112 2418 1150 non
2451 1095 2735 1162 exaudiri,
2760 1097 2860 1154 sed
2910 1095 2993 1151 illi
3043 1095 3239 1168 potius
3287 1091 3456 1151 valde
3511 1091 3697 1149 auditi

2041 1189 2200 1250 sunt,
2227 1183 2366 1258 quia
2396 1202 2669 1242 coronam
2704 1186 3000 1259 percipere
3035 1187 3394 1241 meruerunt.
3418 1181 3532 1239 Nec
3562 1184 3698 1238 sunt

2041 1274 2268 1332 confusi
2303 1291 2316 1330 :
2351 1291 2500 1347 quos
2543 1278 2774 1331 constat
2818 1275 3048 1330 venisse
3099 1273 3170 1329 ad
3222 1273 3549 1346 praemium,
3581 1287 3696 1326 non

2041 1364 2198 1420 enim
2230 1365 2632 1432 confunditur,
2667 1363 2768 1436 qui
2804 1368 3084 1421 aeternum
3117 1377 3364 1436 regnum
3394 1359 3700 1434 consequi-

2039 1458 2158 1510 tur.

2073 1543 2110 1596 6
2183 1543 2304 1612 Ego
2333 1549 2516 1599 autem
2538 1559 2662 1598 sum
2691 1543 2891 1600 remis
2914 1551 2966 1600 et
2995 1559 3106 1600 non
3136 1541 3293 1599 homo
3325 1559 3343 1597 :

2185 1629 2551 1704 Opprobrium
2585 1631 2872 1688 hominum
2899 1639 2950 1688 et
2976 1633 3207 1704 abjectio
3231 1630 3427 1703 plebis.

2111 1720 2153 1775 C
2183 1720 2377 1776 Vermi
2399 1721 2555 1776 enim
2589 1723 2966 1794 comparatur
2995 1719 3289 1785 Christus,
3312 1718 3451 1792 quia
3480 1721 3699 1774 morta-

2041 1807 2116 1864 lis
2137 1810 2285 1864 etde
2306 1825 2478 1865 carne
2501 1811 2628 1866 sine
2649 1810 2926 1866 mistione
2945 1808 3191 1866 seminis
3211 1812 3386 1864 natus
3405 1811 3511 1865 est.
3533 1807 3701 1863 Simi-

2045 1898 2174 1954 liter
2193 1898 2406 1954 vermis
2428 1899 2554 1954 sine
2590 1899 2905 1955 ooncubitu
2938 1896 3221 1954 nascitur.
3253 1896 3380 1952 Non
3410 1895 3606 1952 homo‘
3639 1895 3696 1950 id

2044 1993 2133 2044 est
2159 2005 2275 2044 non
2309 1993 2595 2060 peccator,
2617 1989 2774 2060 quod
2807 1988 2868 2044 in
2898 1987 2998 2044 illo
3038 2003 3168 2044 esse
3199 2002 3316 2044 non
3346 1985 3554 2060 potuit.
3585 1985 3696 2058 0p-

2044 2077 2346 2150 probrium
2379 2076 2689 2133 hominum
2725 2093 2738 2132 :
2773 2077 3011 2150 quando
3042 2076 3102 2132 in
3133 2091 3268 2132 eum
3300 2075 3612 2148 spuebant.
3641 2078 3698 2132 et

2043 2165 2232 2240 alapis
2280 2167 2687 2224 verberabant.
2739 2166 3021 2238 Abjectio,
3068 2181 3202 2222 cum
3249 2163 3550 2239 elegerunt
3595 2164 3698 2220 Ba-

2043 2256 2310 2323 rabbam,
2342 2254 2641 2312 Christum
2674 2255 3034 2328 abjecerunt.

2074 2347 2110 2399 7
2184 2345 2382 2400 Omnes
2411 2346 2652 2402 videntes
2679 2363 2766 2402 τηε
2793 2345 3104 2402 deriserunt
3127 2359 3215 2401 me
3246 2361 3260 2400 :

2185 2434 2374 2490 Locuti
2398 2443 2526 2490 sunt
2557 2434 2739 2491 labiis.
2775 2436 2838 2491 Et
2865 2441 3152 2493 moverunt
3177 2440 3362 2505 caput.

2111 2523 2152 2578 C
2174 2522 2411 2594 Omnes,
2427 2523 2498 2578 de
2520 2522 2694 2580 malis
2727 2522 3168 2596 suscipiendum
3191 2527 3281 2577 est
3303 2537 3316 2576 :
3341 2520 3694 2578 deriserunt.

2042 2629 2158 2667 non
2191 2611 2480 2668 credendo
2519 2611 2578 2666 in
2610 2611 2932 2667 Christum.
2961 2609 3007 2666 H
3041 2609 3243 2666 Locuti
3292 2615 3433 2666 sunt
3477 2607 3648 2666 labiis
3679 2625 3694 2665 :

2041 2701 2098 2756 Si
2133 2700 2312 2756 Filius
2342 2700 2442 2756 Dei
2474 2707 2565 2756 est
2605 2701 2925 2756 descendat
2963 2699 3034 2755 de
3072 2715 3245 2756 cruce
3266 2699 3471 2771 (Matth.
3495 2699 3693 2767 xxvn).

2042 2789 2346 2846 Moverunt
2366 2794 2564 2862 caput.
2586 2789 2628 2845 C
2653 2789 2756 2845 Per
2787 2787 3152 2845 iracundiam
3179 2805 3193 2844 :
3219 2787 3374 2860 quod
3406 2786 3698 2846 minantes

2043 2878 2268 2934 faciunt
2289 2895 2403 2934 non
2419 2878 2760 2950 judicantes
2779 2893 2848 2933 ex
2869 2877 3065 2944 corde,
3088 2892 3186 2933 ore
3207 2875 3366 2932 enim
3387 2893 3505 2932 non
3527 2875 3701 2932 corde

2040 2967 2450 3040 loquebantur,
2467 2965 2686 3040 quibus
2708 2983 2822 3022 non
2851 2966 3118 3038 provenit
3136 2982 3204 3022 ex
3230 2965 3399 3022 ﬁrma
3419 2963 3701 3022 delibera-

2040 3058 2198 3114 tione
2228 3057 2538 3114 sententia.

2079 3149 2114 3202 8
2185 3146 2436 3219 Speravit
2467 3147 2528 3202 in
2552 3147 2782 3202 Domino
2809 3145 3013 3218 eripiat
3037 3161 3159 3200 eum
3191 3161 3212 3201 :

2181 3236 2408 3292 Salvum
2435 3236 2607 3308 faciat
2635 3251 2761 3292 eum
2784 3236 3044 3306 quoniam
3070 3233 3190 3290 vult
3219 3247 3364 3290 eum.
3445 3223 3456 3239 ’

1960 3305 2004 3374 C
2112 3325 2160 3382 Η
2190 3324 2313 3382 Vox
2340 3305 2657 3398 prophetae.
2691 3305 2977 3396 Speravit,
3013 3322 3124 3380 hoc
3153 3327 3244 3378 est
3269 3319 3608 3377 humanitas
3635 3319 3697 3376 in

2042 3413 2425 3471 divinitatem.
2458 3412 2698 3486 Eripiat,
2732 3412 2790 3468 id
2839 3417 2930 3469 est
2975 3411 3046 3468 de
3094 3410 3334 3478 Judaeis,
3365 3408 3492 3465 vult
3536 3424 3694 3477 eum,

2042 3505 2322 3576 quoniam
2344 3503 2498 3560 Deus
2519 3501 2688 3558 Pater
2709 3501 2882 3558 talem
2905 3500 3111 3558 Filium
3132 3500 3348 3557 habere
3369 3497 3547 3554 voluit
3569 3497 3696 3554 sine

2040 3597 2297 3666 peccato,
2339 3609 2442 3664 per
2485 3608 2661 3664 quem
2710 3595 2948 3664 peccata
2994 3589 3224 3646 tolleret
3270 3586 3494 3644 mundi.
3525 3585 3566 3643 C
3594 3584 3696 3642 Vel

2041 3682 2256 3740 melius
2285 3681 2394 3738 hoc
2425 3698 2528 3755 per
2563 3679 2815 3737 ironiam
2863 3680 3088 3737 dictum
3118 3683 3208 3736 est
3235 3695 3268 3735 a
3296 3675 3538 3743 Judieis,
3569 3691 3699 3748 quas

2041 3772 2231 3845 ﬁgura
2267 3769 2446 3826 latine
2495 3771 2687 3827 irrisio
2742 3769 2977 3839 dicitur,
3002 3767 3160 3824 aliud
3219 3783 3398 3840 quam
3455 3765 3703 3822 conatur

2041 3861 2176 3934 quis
2204 3859 2539 3918 ostendens.

2071 3951 2109 4004 9
2183 3950 2453 4019 Quoniam
2481 3957 2541 4005 tu
2571 3964 2625 4006 es
2653 3949 2752 4022 qui
2777 3948 3076 4005 ertraxisti
3099 3963 3188 4003 me
3217 3944 3282 4002 de
3309 3952 3494 4002 ventre
3521 3962 3542 4000 :

2179 4040 2309 4113 Spes
2337 4055 2460 4094 mea
2489 4039 2560 4094 ab
2589 4038 2857 4095 uberibus
2894 4037 3090 4094 matris
3135 4051 3272 4094 mea?
3295 4054 3316 4092 .·
3351 4037 3409 4090 in
3438 4042 3488 4092 te
3510 4033 3700 4107 proje-

2250 4137 2366 4186 ctus
2393 4144 2520 4186 sum
2546 4145 2616 4184 ea:
2644 4136 2820 4184 utero.
3264 4185 3267 4188 .

2106 4218 2152 4274 Η
2185 4218 2305 4275 Vox
2352 4217 2762 4287 humanitatis,
2803 4215 3058 4273 eduxisti
3115 4231 3210 4272 me
3265 4219 3482 4276 ventre,
3515 4209 3574 4267 id
3603 4215 3699 4268 est

2033 4309 2102 4365 de
2151 4312 2316 4365 utero
2365 4311 2577 4364 sancta
2628 4306 2909 4364 Mariaz.C
2939 4305 3086 4370 Quia
3110 4309 3251 4361 tunc
3299 4303 3374 4360 ab
3420 4300 3695 4374 originali

2029 4397 2253 4471 peccati
2269 4396 2408 4454 vitio
2427 4399 2831 4469 sequestratus
2859 4399 3174 4468 :tanquam
3195 4409 3449 4467 sponsus
3469 4406 3697 4464 proces-

2029 4487 2108 4545 sit
2137 4488 2209 4544 de
2242 4486 2520 4543 thalamo.
2544 4486 2690 4558 Spes
2721 4501 2852 4542 mea
2883 4485 2957 4542 ab
2989 4483 3291 4552 uberibus,
3317 4481 3362 4538 H
3389 4479 3447 4536 id
3478 4483 3570 4536 est
3597 4495 3691 4536 se-

2027 4577 2289 4634 cundum
2320 4575 2771 4644 humanitatem,
2803 4574 3129 4632 secundum
3159 4588 3339 4646 quam
3373 4585 3489 4626 non
3518 4567 3687 4624 dedi-

1947 4680 1993 4745 Ι)
2022 4670 2238 4740 gnatus
2253 4671 2344 4722 est
2368 4681 2577 4738 sugere
2601 4663 2781 4720 ubera
2802 4663 3030 4720 matris.
3049 4662 3112 4718 In
3132 4667 3190 4718 te
3211 4659 3507 4735 projectus
3529 4673 3692 4714 sum.

2028 4757 2070 4813 Ο
2091 4755 2356 4814 Ostendit
2379 4772 2440 4813 se
2465 4755 2649 4812 fuisse
2670 4755 2742 4811 ab
2765 4753 3030 4811 humana
3049 4751 3358 4824 iniquitate
3378 4748 3652 4806 divisum.

2026 4847 2096 4904 lO
2165 4841 2238 4903 De
2266 4853 2450 4903 ventre
2477 4846 2673 4901 matris
2699 4859 2840 4902 meae
2871 4847 3017 4901 Deus
3047 4857 3199 4900 meus
3226 4857 3283 4898 es
3311 4847 3370 4896 tu
3401 4856 3418 4892 :

2115 4935 2121 4941 ’
2168 4937 2244 4993 Ne
2271 4935 2582 4992 discesseris
2613 4950 2647 4989 a
2673 4949 2781 4990 me.

2094 5025 2135 5080 C
2163 5024 2306 5082 Cum
2338 5024 2484 5080 dicit
2513 5023 2587 5080 de
2607 5027 2805 5080 ventre
2835 5021 3042 5080 matris
3076 5037 3216 5078 mese
3241 5035 3254 5076 :
3281 5015 3537 5075 ostendit
3566 5031 3690 5072 non

2019 5114 2202 5172 fuisse
2231 5114 2358 5172 sine
2389 5114 2504 5170 Deo
2530 5127 2635 5168 nec
2657 5113 2847 5186 ipsam
2879 5110 3321 5184 conceptionem
3352 5104 3568 5163 carnis.
3601 5104 3692 5161 Ne

2017 5205 2288 5261 discedas
2320 5221 2354 5260 a
2384 5220 2496 5260 me.
2529 5202 2577 5258 Η
2612 5203 2676 5258 In
2706 5201 2799 5258 die
2829 5199 3146 5275 passionis.

2018 5295 2082 5350 11
2163 5294 2435 5364 Quoniam
2465 5291 2752 5348 tribulatio
2777 5293 3037 5364 proxima
3066 5299 3146 5346 est
3173 5306 3192 5346 :

2163 5385 2435 5452 Quoniam
2461 5398 2572 5438 non
2602 5389 2684 5438 est
2708 5382 2807 5454 qui
2833 5380 3070 5454 adjuvet.
3157 5436 3162 5440 .

2088 5473 2135 5528 ll
2166 5471 2452 5538 Quoniam
2482 5471 2748 5544 proxima
2769 5473 2862 5528 est
2895 5467 3222 5534 tribulatio,
3243 5471 3310 5522 ut
3340 5465 3466 5538 ipse
3495 5461 3646 5519 dixit
3664 5474 3683 5544 ξ

2015 5534 2270 5635 Surgite,
2295 5534 2520 5628 eamus,
2541 5577 2670 5617 ecce
2703 5557 3209 5633 appropinquabit
3237 5554 3338 5628 qui
3363 5534 3461 5610 ine
3490 5534 3686 5608 tradet

2015 5651 2224 5726 (Matth.
2249 5651 2424 5721 XXVI).
2451 5650 2573 5705 Non
2625 5653 2714 5705 est
2746 5649 2847 5724 qui
2879 5648 3136 5722 adjuvet,
3171 5661 3364 5720 neque
3411 5639 3685 5717 angelus,

2015 5755 2206 5815 neque
2234 5739 2434 5811 homo,
2470 5738 2582 5796 nisi
2614 5742 2698 5810 tu,
2734 5739 2918 5800 Pater.
