3936 6438
238 571 352 631 109

234 704 297 757 12
374 700 857 758 Circumdederunt
883 718 973 756 me
1000 700 1164 756 vituli
1192 700 1352 757 multi
1379 720 1400 756 .°

378 791 543 845 Tauri
566 792 796 862 pingues
824 789 1149 845 obsederunt
1176 805 1273 845 me.

297 877 339 933 C
393 878 572 933 Vituli
624 877 820 951 populi
868 878 1224 944 Judzeorum,
1274 878 1371 950 qui
1422 877 1685 951 ignorate
1733 879 1878 951 jugo

231 967 325 1023 Dei
364 984 380 1022 :
414 966 845 1023 inconsiderata
870 965 1219 1039 procacitate
1250 965 1761 1035 lasciviunt,simul
1786 983 1880 1039 pe-

228 1054 483 1110 tulantes
514 1059 571 1110 et
593 1055 733 1111 fatui
748 1055 863 1127 ,qui
889 1071 1128 1127 gressus
1146 1072 1285 1109 suos
1305 1055 1464 1111 nulla
1485 1053 1878 1111 moderatione

228 1144 728 1215 distinguunt,sed
762 1142 889 1216 vagi
921 1160 985 1198 ac
1017 1144 1253 1215 penduli
1277 1162 1289 1199 :
1317 1145 1385 1199 ad
1412 1144 1614 1216 iniqua
1636 1141 1880 1199 consilia

226 1231 582 1303 quibusdam
615 1232 864 1287 saltibus
895 1232 1418 1289 etl‘eruntur.Tauri
1450 1232 1748 1304 principes
1776 1232 1876 1287 Ju-

224 1320 482 1374 dzeorum
514 1320 842 1393 designant.
876 1318 1113 1375 Addidit
1160 1319 1431 1393 pingues,
1480 1320 1619 1391 quia
1662 1321 1880 1377 feroces

223 1408 741 1463 circumdederunt
770 1407 1068 1463 Christum
1101 1424 1232 1461 cum
1265 1408 1478 1480 gladiis
1522 1413 1577 1462 et
1600 1408 1876 1475 fustibus,

220 1494 439 1551 animal
470 1495 625 1551 enim
658 1496 1092 1569 impinguatum
1128 1512 1141 1549 :
1177 1495 1505 1568 inquietum
1538 1501 1598 1551 et
1628 1496 1783 1553 ferox
1804 1496 1880 1551 ef-

220 1585 437 1642 ﬁcitur.

220 1673 288 1727 13
364 1673 708 1744 Aperuerunt
733 1688 895 1745 super
918 1689 1005 1727 me
1033 1688 1089 1727 os
1118 1689 1277 1727 suum
1311 1689 1325 1729 :

359 1759 519 1815 Sicut
549 1762 630 1815 leo
659 1762 884 1832 rapiens
909 1766 961 1816 et
992 1762 1233 1829 rugiens.
1390 1752 1397 1757 ’

286 1849 332 1903 C
393 1853 764 1920 Aperuerunt
817 1849 999 1905 Judzei
1054 1866 1118 1906 os
1178 1849 1435 1904 dicentes
1496 1866 1508 1903 :
1567 1846 1867 1919 Cruciﬁge,

208 1936 503 2009 crucifige
528 1936 929 2005 (Hatth.xxvn.)
946 1941 1127 1991 Suum
1147 1936 1430 2002 videlicet,
1446 1937 1595 2008 quod
1624 1952 1737 1989 non
1756 1934 1869 1990 illis

206 2025 515 2097 sapientia
544 2026 791 2098 aperuit,
821 2027 919 2082 sed
955 2025 1224 2097 cogitatio
1250 2025 1545 2080 scelerata.
1568 2024 1817 2095 Rapiens
1849 2040 1862 2077 :

200 2114 478 2186 pertinet
520 2113 591 2169 ad
649 2111 1083 2169 insanissimum
1147 2112 1489 2169 seditionem
1522 2128 1669 2167 cum
1729 2128 1862 2167 eum

200 2206 460 2275 raptum
492 2205 790 2257 traxerunt
818 2202 888 2256 ad
922 2200 1254 2257 tribunalia.
1289 2201 1546 2274 Rugiens
1572 2219 1583 2255 :
1612 2201 1683 2256 ad
1713 2201 1863 2256 blas-

196 2290 467 2363 phemas
494 2306 684 2359 voces,
730 2290 944 2363 quibus
993 2288 1303 2347 dicebant:
1336 2288 1642 2362 Crucillge,
1672 2289 1860 2345 cruci-

198 2378 337 2452 fige.

200 2469 265 2524 14
344 2467 511 2523 Sicut
539 2484 681 2539 aqua
708 2466 915 2541 effusus
941 2483 1063 2524 sum
1092 2484 1105 2523 :

346 2556 419 2611 Et
449 2555 697 2627 dispersa
726 2560 857 2611 sunt
884 2558 1069 2613 omnia
1097 2572 1218 2612 ossa
1243 2573 1386 2612 mea.

264 2644 313 2700 H
348 2644 508 2699 Ossa
536 2642 754 2698 Christi
783 2643 1029 2716 apostoli
1059 2644 1354 2712 dicuntur,
1388 2643 1429 2699 C
1477 2644 1577 2716 qui
1610 2643 1858 2715 dispersi

192 2737 337 2790 sunt
366 2737 431 2788 et
461 2731 636 2787 etl‘usi
656 2731 810 2788 sicut
838 2732 1117 2805 aqua,qui
1139 2734 1337 2788 orbem
1356 2738 1640 2789 terrarum
1663 2733 1858 2788 divino

192 2820 385 2877 imbre
418 2820 713 2877 satiantes
738 2836 752 2878 :
785 2837 820 2876 a
840 2820 1114 2877 sordibus
1137 2826 1503 2893 peccatorum
1526 2820 1854 2889 ablueruut,

184 2912 231 2965 A
257 2909 351 2966 vel
376 2908 659 2965 Christus
686 2909 771 2966 ita
816 2908 1008 2965 viliter
1035 2910 1284 2979 occisus,
1318 2910 1469 2966 sicut
1500 2926 1652 2981 aqua
1672 2909 1856 2965 etfun-

184 2998 370 3064 ditur,
405 3002 471 3054 et
491 2998 630 3069 ejus
649 2997 960 3070 sanguinis
985 2996 1191 3054 eﬂusio
1216 3015 1320 3053 nos
1342 2997 1547 3070 rigavit
1575 3002 1632 3053 et
1651 2997 1854 3067 abluit,

180 3092 236 3143 et
267 3086 539 3158 dispersi
575 3090 715 3142 sunt
746 3087 805 3141 in
838 3090 1026 3142 morte
1049 3087 1179 3157 ejus
1210 3086 1502 3159 discipuli.

186 3178 252 3231 15
328 3179 572 3233 Factum
600 3179 683 3232 est
710 3192 802 3231 cor
846 3192 1028 3231 meum
1057 3182 1317 3247 tanquam
1353 3192 1480 3230 cera
1510 3175 1807 3247 liquescens
1837 3192 1857 3229 :

324 3266 391 3322 In
422 3264 619 3320 medio
647 3265 855 3319 ventris
885 3266 1011 3320 mei.

249 3352 296 3408 Η
330 3353 451 3409 Cor
484 3369 694 3421 suum,
741 3351 1091 3424 sapientiam
1139 3343 1305 3409 suam
1355 3351 1518 3417 dixit,
1564 3367 1689 3423 quae
1721 3355 1853 3407 ante

176 3441 532 3515 passionem
570 3417 741 3496 suam
779 3417 895 3497 non
927 3439 1435 3513 intelligebatur.C
1463 3417 1853 3511 lmpletavero
1882 3417 1925 3486 C-

176 3530 461 3602 passione
497 3529 706 3586 omnis
734 3528 949 3585 veritas
981 3530 1271 3601 promissa
1303 3526 1551 3583 revelata
1581 3527 1855 3585 est.Bene

178 3619 472 3689 mysteria
500 3617 662 3692 legis
691 3621 1029 3689 comparata
1058 3620 1195 3673 sunt
1224 3633 1383 3684 cerae,
1407 3633 1534 3688 qua:
1566 3620 1703 3672 tunc
1730 3616 1855 3672 red-

174 3706 259 3762 dit
288 3707 694 3781 splendorem
725 3704 988 3773 luminis,
1024 3723 1151 3763 cum
1192 3722 1225 3762 a
1255 3704 1440 3761 calore
1472 3704 1808 3761 dissolvitur
1839 3723 1852 3760 :

175 3795 258 3852 sic
297 3813 413 3869 per
464 3796 684 3870 ignem
726 3792 1018 3867 passionis
1056 3793 1288 3862 Christi,
1340 3793 1670 3850 illuminata
1718 3798 1857 3850 sunt

173 3885 462 3957 mysteria
496 3885 682 3957 legis.
714 3884 992 3939 Ventrem
1017 3881 1275 3939 Ecclesia
1304 3882 1465 3938 dicit.

173 3973 237 4027 16
307 3976 487 4031 Aruit
534 3978 815 4045 tanquam
864 3976 999 4027 testa
1047 3973 1217 4026 virtas
1245 3987 1364 4027 mea
1394 3978 1444 4026 et
1490 3972 1681 4041 lingua
1734 3987 1857 4027 mea

388 4061 654 4119 adhaesit
682 4062 938 4131 faucibus
962 4061 1099 4115 meis
1130 4078 1148 4113 :

310 4151 380 4205 Et
415 4152 485 4205 in
512 4150 818 4222 pulverem
846 4149 1037 4203 mortis
1064 4146 1345 4202 deduxisti
1370 4162 1474 4202 me.

235 4239 281 4294 ll
314 4240 358 4296 C
392 4239 623 4293 Virtus
656 4235 873 4293 Christi
905 4239 1065 4292 testae
1097 4238 1489 4307 comparatur,
1523 4234 1663 4306 quia
1709 4233 1860 4289 sicut

172 4325 265 4381 illa
292 4327 437 4401 igne
472 4326 761 4391 decocta,
795 4323 996 4379 fortior
1043 4323 1172 4390 erit,
1220 4322 1369 4378 sicut
1414 4322 1600 4376 virtus
1647 4320 1857 4376 Christi

171 4414 223 4469 in
253 4417 551 4489 passione
587 4412 839 4471 solidita
868 4419 1109 4484 est,qum
1141 4410 1307 4485 prius
1339 4409 1504 4481 quasi
1526 4408 1682 4465 lutea
1708 4409 1861 4463 vide-

171 4502 341 4560 batur
371 4500 753 4560 incredulis.
789 4500 831 4557 C
856 4500 1087 4573 Lingua
1130 4516 1233 4555 sua
1271 4514 1282 4553 :
1318 4498 1610 4571 significat
1651 4495 1857 4570 praedi-

170 4597 411 4661 catores,
482 4592 599 4667 qui
650 4589 956 4646 adha'rent
1014 4587 1281 4643 faucibus
1338 4587 1481 4653 suis,
1540 4586 1683 4641 dum
1731 4585 1859 4657 ejus

170 4681 445 4737 mandata
469 4677 934 4737 custodiunt.ln
967 4674 1260 4751 pulverem
1286 4673 1596 4730 deductum
1620 4673 1857 4739 dicit,ad

170 4767 537 4826 voluntatem
574 4765 1061 4837 Judzeorum,qui
1094 4763 1203 4819 hoc
1233 4762 1570 4818 nitebantur
1602 4768 1657 4819 et
1686 4779 1747 4818 se
1777 4762 1858 4819 t'e-
1890 4781 1937 4846 ι)

169 4856 307 4914 cisse
336 4860 687 4933 putabant,
727 4855 870 4928 quia
914 4853 1043 4925 ejus
1092 4852 1576 4909 resurrectionem
1629 4852 1861 4908 credere

171 4946 507 5017 noluerunt,
545 4947 665 5005 sed
706 4961 772 5000 se
800 4943 1086 5016 putabant
1108 4940 1339 4997 Christo
1360 4944 1603 4996 mortem
1635 4940 1865 4997 dedisse

173 5049 578 5103 communem,
614 5038 691 5090 ut.
729 5048 919 5104 usque
948 5028 1007 5086 in
1042 5030 1336 5103 pulverem
1366 5029 1708 5102 perductum
1740 5046 1863 5085 cre-

175 5122 386 5183 derent.

179 5212 305 5278 17—}
334 5217 633 5285 Quoniam
686 5219 704 5279 ζ
752 5206 1225 5264 circumdederunt
1247 5223 1334 5260 me
1358 5221 1515 5261 canes
1545 5212 1594 5271 ἢ·
1629 5207 1796 5261 multi
1833 5211 1847 5271 ζ

448 5301 806 5362 Concilium
836 5297 1272 5366 malignantium
1303 5294 1505 5350 obsedit
1523 5311 1627 5349 me.

1450 567 1864 630 EXPOSITIO
1908 566 2418 631 PSALMORUM.

1906 701 1960 769 Α
1994 699 2057 755 18
2131 699 2397 755 Fuderunt
2425 716 2619 755 manus
2648 716 2793 756 meas
2823 707 2873 756 et
2895 698 3055 772 pelles
3084 716 3227 771 meos
3252 718 3272 758 :

3513 571 3632 630 110

2133 790 2627 844 Dinumm'averunt
2654 790 2845 845 omnia
2874 805 2992 843 ossa
3019 806 3159 844 mea.

2059 877 2431 932 HFoderunt
2461 893 2692 941 manus,
2723 876 2780 931 id
2812 876 3104 945 est,clavis
3137 876 3477 946 fixerunt,et
3508 877 3626 933 t‘ru-

1989 969 2147 1020 ctum
2179 981 2457 1037 magnum
2486 966 2828 1021 invenerunt
2856 966 2913 1021 id
2943 970 3050 1034 est,
3080 965 3325 1022 salutem
3366 967 3628 1023 omnium

1988 1053 2269 1125 gentium.
2296 1052 2336 1107 C
2367 1052 2891 1109 Dinumeraverunt
2929 1070 3062 1109 ossa
3092 1054 3241 1125 ejus,
3273 1055 3536 1127 mystice,
3571 1055 3628 1109 id

1988 1145 2094 1209 est,
2130 1140 2427 1213 apostolos
2448 1158 2550 1197 seu
2582 1141 2838 1213 reliquos
2869 1140 3249 1211 Christianos,
3294 1159 3439 1215 quos
3467 1159 3629 1215 quie-

1986 1231 2191 1285 rebant
2220 1229 2403 1286 Judaei
2438 1231 2836 1302 persecutione
2866 1230 3013 1286 facta
3050 1231 3430 1303 exstinguere,
3465 1247 3535 1287 ne
3563 1230 3624 1288 in

1988 1319 2207 1391 majore
2240 1334 2550 1374 numerum
2599 1317 3082 1374 convalescerent.
3113 1318 3217 1373 Vel
3259 1336 3465 1391 corpus
3496 1321 3623 1392 ejus

1987 1407 2072 1461 sic
2103 1407 2485 1462 extenderunt
2516 1407 2573 1462 in
2605 1424 2798 1476 cruce,
2826 1411 2889 1461 ut
2917 1423 3051 1463 ossa
3080 1407 3207 1479 ejus
3238 1407 3625 1464 numerabilia

1984 1496 2337 1552 viderentur.
3236 1502 3237 1509 ‘

1988 1603 2054 1655 19
2124 1604 2237 1673 Ipsi
2263 1617 2383 1656 vero
2412 1602 2888 1658 consideraverunt
2916 1610 2968 1658 et
2996 1604 3349 1674 inspexerunt
3375 1620 3461 1659 me
3490 1623 3509 1659 :

2122 1692 2438 1745 Diviserunt
2463 1692 2572 1746 sibi
2598 1692 2919 1747 vestimenta
2963 1706 3105 1759 mea,
3138 1694 3193 1746 et
3236 1706 3398 1764 super
3423 1696 3623 1748 vestem

2191 1795 2370 1835 meam
2398 1780 2665 1835 miserunt
2694 1788 2909 1836 sortem.

2050 1866 2090 1919 C
2120 1866 2269 1921 Dicit
2296 1869 2522 1924 Judasos
2553 1868 2918 1924 considerare
2949 1867 3270 1923 secundum
3306 1866 3617 1925 incrudeli-

1976 1960 2153 2010 tatem
2186 1962 2480 2021 eorum,ut
2506 1974 2616 2012 non
2638 1956 3396 2028 transitorievelcasualiter
3409 1958 3618 2013 fecisse

1896 2061 1943 2127 Β
1977 2044 2409 2115 videantur,sed
2442 2046 2748 2118 diligenter
2777 2046 3180 2101 considerasse
3218 2042 3617 2118 etinspexisse

1972 2131 2042 2187 ad
2078 2148 2145 2187 ea
2171 2149 2296 2205 qua":
2321 2133 2618 2200 fiebant,et
2639 2138 2832 2188 tamen
2861 2150 2959 2188 cor
2977 2149 3177 2189 eorum
3214 2133 3512 2205 lapideum
3530 2139 3615 2191 tot

1973 2219 2273 2275 miraculis
2304 2236 2419 2275 non
2453 2221 2633 2276 fuisse
2654 2220 3283 2276 molitum.Diviserunt
3309 2220 3420 2295 sibi
3440 2222 3615 2277 vesti-

1971 2310 2167 2361 menta
2202 2323 2331 2361 mea
2362 2306 2692 2375 (Job.x1x).H
2714 2307 2830 2362 Hoc
2849 2306 2907 2361 in
2930 2308 3201 2378 passione
3222 2307 3438 2365 Christi
3462 2324 3614 2364 com-

1971 2392 2190 2465 pletum
2208 2395 2558 2466 est,quando
2591 2395 3614 2468 fecerunt,quatuorpartes,quatuor

1969 2480 2431 2538 milites.Tunica
2454 2487 2647 2537 tamen
2666 2499 2779 2538 non
2795 2485 2882 2538 est
2912 2483 3097 2538 divisa
3118 2483 3457 2556 signiﬁcans
3478 2484 3609 2540 uni-

1967 2574 2144 2626 tatem
2180 2570 2461 2639 Ecclesiae,
2497 2588 2623 2643 quae
2656 2588 2770 2627 non
2804 2571 3106 2641 scinditur,
3127 2572 3394 2645 quamvis
3426 2571 3607 2629 haere-

1966 2657 2064 2713 tici
2094 2674 2220 2714 eam
2254 2659 2516 2716 scindere
2541 2660 2914 2715 contendant.

1966 2768 2034 2818 20
2109 2765 2183 2819 Tu
2237 2774 2436 2830 autem,
2494 2767 2737 2831 Domine,
2802 2783 2873 2821 ne
2930 2767 3266 2840 elonqaveris
3326 2769 3606 2824 auxilium

2173 2869 2354 2908 meum
2384 2872 2403 2907 .⁶

2106 2940 2185 2995 Ad
2210 2941 2571 3011 defensionem
2599 2959 2776 2998 meum
2803 2944 3050 3015 conspice
3079 2962 3098 3000 :

2036 3028 2082 3082 H
2115 3028 2212 3083 llic
2252 3028 2586 3085 humanitas
2632 3031 2704 3085 ad
2746 3031 3104 3087 divinitatem
3158 3031 3438 3105 loquitur.
3470 3032 3512 3089 C
3538 3032 3607 3088 Et
3717 3049 3720 3052 ’

1964 3116 2446 3172 resurrectionem
2472 3118 2836 3173 celerrimum
2858 3120 3203 3191 deprecatur
3222 3138 3234 3176 :
3251 3124 3316 3177 ut
3342 3122 3604 3177 veniente

1964 3202 2065 3259 tali
2086 3205 2649 3276 gloria,perﬁdorum
2673 3206 3051 3263 incredulitas
3067 3209 3366 3264 destruatu
3376 3210 3601 3264 r.Auxi-

1963 3292 2108 3348 lium
2140 3293 2334 3365 signat
2362 3294 2843 3349 resurrectionem
2894 3293 3130 3363 Christi,
3162 3312 3289 3368 qua:
3334 3294 3602 3368 elongata

1964 3397 2078 3436 non
2106 3387 2195 3436 est
2227 3398 2239 3435 :
2272 3382 2504 3452 quando
2552 3382 2825 3436 triduana
2855 3381 3134 3453 provenit.
3175 3383 3217 3438 C
3267 3383 3351 3438 Ad
3403 3384 3598 3439 defen-

1962 3466 2207 3536 sionem,
2241 3485 2312 3525 ne
2341 3469 2479 3541 quid
2532 3469 2836 3542 praevaleat
2874 3470 2935 3525 in
2968 3487 3059 3527 me
3088 3488 3222 3544 pars
3252 3470 3352 3527 illa
3381 3473 3602 3529 vocatis

1963 3558 2194 3613 inferni.

1960 3664 2025 3719 21
2103 3665 2245 3719 Erue
2272 3681 2305 3719 a
2330 3666 2543 3736 framea
2562 3668 2807 3721 animam
2835 3683 3012 3723 meam
3044 3686 3062 3721 :

2101 3758 2156 3819 -ἓο
2200 3754 2265 3808 Et
2307 3759 2320 3818 ζ
2365 3753 2429 3808 de
2456 3770 2625 3809 manu
2655 3770 2808 3810 canis
2839 3757 3061 3810 unicam
3087 3773 3283 3812 meam.

2033 3842 2074 3897 C
2106 3840 2362 3897 Liberari
2396 3859 2457 3898 se
2508 3842 2765 3915 postulat
2797 3859 2830 3898 a
2858 3848 3041 3898 morte
3086 3860 3264 3915 quam
3291 3842 3488 3900 subire
3514 3861 3609 3900 vo-

1966 3928 2349 3985 luit.Framea
2378 3934 2572 3985 autem
2608 3930 2899 4002 significat
2925 3931 3021 3986 hic
3068 3930 3349 3989 malitiam
3383 3932 3611 3988 Judazo-

1964 4018 2205 4074 rum.De
2237 4034 2413 4073 manu
2447 4019 2609 4074 canis
2641 4018 2786 4073 dixit
2816 4035 2981 4074 :cum
3035 4018 3197 4076 canis
3242 4037 3456 4076 manus
3492 4036 3607 4075 non

1964 4106 2196 4171 habeat,
2229 4106 2327 4160 sed
2361 4102 2486 4160 vult
2517 4105 2760 4177 intelligi
2792 4110 3138 4179 potestatem
3174 4107 3529 4163 Judaeorum.
3562 4107 3609 4162 ll

1965 4194 2210 4249 Unicum
2246 4194 2387 4247 dicit
2416 4193 2672 4249 animam
2705 4210 3025 4266 suam,quae
3046 4211 3159 4250 non
3192 4195 3612 4268 habeatpecca-

1963 4287 2091 4338 tum
2124 4299 2136 4338 :
2170 4282 2257 4337 vel
2287 4281 2599 4337 Ecclesium
2650 4281 3018 4337 catholicam.
3064 4283 3105 4338 C
3136 4282 3208 4337 Ut
3254 4280 3611 4357 inielligatur

1966 4370 2261 4427 doetrinas
2292 4386 2473 4425 novas
2527 4373 2584 4425 et
2641 4368 3030 4426 conciliabula
3086 4370 3446 4443 perditorum
3492 4388 3608 4429 res-

1965 4458 2184 4531 puisse.

1962 4564 2034 4620 23
2106 4564 2265 4621 Salva
2288 4580 2374 4620 me
2403 4580 2472 4619 ex
2499 4579 2591 4620 ore
2621 4565 2789 4620 leonis
2812 4582 2831 4620 .·

2108 4654 2173 4708 Et
2201 4670 2234 4708 a
2264 4654 2521 4709 cornibus
2556 4654 2906 4710 unicornium
2932 4652 3296 4709 humilitatem
3324 4671 3520 4710 meam.

2039 4741 2079 4797 C
2104 4741 2183 4798 De
2213 4757 2306 4797 cre
2338 4741 2522 4798 leonis
2559 4760 2572 4798 :
2606 4742 2676 4797 de
2724 4745 3006 4815 potestate
3057 4741 3269 4798 diaboli
3319 4743 3476 4811 dicit,
3508 4744 3609 4817 qui

1969 4830 2115 4887 bene
2147 4834 2517 4903 comparatur
2548 4832 2706 4899 feris,
2741 4830 3018 4903 quoniam
3056 4830 3331 4887 humanis
3359 4833 3612 4891 existens

1976 4936 2207 4992 semper
2235 4919 2574 4975 delectatur.
2608 4922 2651 4974 A
2684 4919 2979 4989 cornibus,
3012 4920 3069 4975 id
3119 4923 3207 4975 est
3252 4936 3285 4975 a
3323 4921 3611 4994 superbis.

1974 5007 2481 5080 Unicornium,qui
2514 5008 2696 5064 nimia
2725 5008 2971 5064 elatione
3002 5011 3309 5080 surgentes
3346 5028 3358 5065 :
3393 5008 3617 5067 similes

1977 5096 2164 5153 socios
2222 5095 2369 5152 ferre
2429 5113 2541 5151 non
2583 5099 2830 5168 possunt
2859 5112 2893 5150 a
2939 5094 3158 5155 talibus
3204 5096 3423 5153 secerni
3477 5114 3615 5154 suos

1974 5182 2229 5240 humiles
2259 5184 2524 5238 Christus
2555 5182 2891 5256 postulavit,
2920 5182 3059 5239 talia
3087 5186 3301 5258 quippe
3340 5184 3616 5241 animalia

1964 5268 2097 5345 quas
2131 5288 2248 5327 uno
2277 5287 2457 5327 cornu
2488 5275 2810 5337 armantur,
2841 5271 3025 5328 multo
3071 5274 3325 5345 fortiores
3354 5276 3492 5329 sunt
3520 5269 3613 5327 his

1977 5361 2192 5433 quibus
2221 5359 2477 5431 duplicia
2498 5358 2852 5415 tribuuntur.

238 5389 279 5446 ll
307 5392 549 5449 Canum
599 5391 843 5446 natura
873 5388 962 5442 est
994 5402 1007 5440 :
1040 5382 1308 5439 dominos
1340 5387 1763 5452 amare,contra
1787 5379 1869 5437 la-

181 5480 357 5539 trones
384 5481 627 5540 latrare
667 5497 684 5535 :
725 5478 973 5533 econtra
1010 5472 1195 5529 Judaei
1226 5475 1425 5527 contra
1454 5488 1627 5526 suum
1673 5470 1870 5527 Domi-

190 5584 313 5625 num
343 5589 459 5627 non
528 5567 877 5641 loquentes
931 5566 1105 5627 recta,
1164 5560 1262 5615 sed
1313 5558 1592 5615 latrantes
1647 5558 1866 5629 iniqua,

195 5652 458 5718 lationem
502 5655 868 5732 elegerunt.
911 5650 952 5705 C
998 5648 1319 5705 Concilium
1372 5646 1867 5720 malignantium:

193 5751 399 5815 quando
449 5743 835 5825 cogitabant
884 5739 1085 5795 Jesum
1131 5736 1260 5794 dolo
1319 5740 1534 5807 tenere,
1581 5735 1871 5809 mortique

193 5834 416 5899 trahere.

1975 5465 2047 5521 23
2116 5465 2363 5521 Narrabr
2388 5481 2583 5521 nomen
2612 5473 2765 5521 tuum
2790 5467 3056 5537 fratribus
3075 5469 3211 5524 meis
3239 5485 3259 5524 :

2118 5559 2183 5610 In
2212 5553 2388 5610 medio
2417 5555 2683 5611 Ecclesia?
2711 5554 2942 5611 laudabo
2971 5564 3036 5612 le.

2047 5644 2087 5699 C
2119 5644 2254 5699 Post
2272 5659 2496 5699 sacram
2513 5642 2843 5715 passionem
2871 5643 3009 5698 dicit
3028 5641 3271 5713 gloriam
3294 5629 3613 5693 divinitatis

1976 5736 2096 5789 toto
2126 5734 2261 5789 orbe
2293 5729 3016 5805 vulgandam.Narrabo,id
3036 5731 3123 5782 est
3144 5722 3364 5780 narrari
3387 5717 3613 5808 faciam.

1978 5822 2205 5883 Fratres
2241 5797 2518 5881 dicuntur
2532 5817 2633 5895 qui
2652 5815 2906 5891 diligunt
2922 5820 2978 5873 et
2992 5807 3403 5884 diliguntur.ln
3426 5797 3617 5855 medio
