  <div class='ocr_page' id='page_1' title='image "/cluster/home/n/w/nwhite01/storage/ocr_20150623/142-143/uc1.31175018423130/063.png"; bbox 0 0 3936 6420; ppageno 0'>
   <div class='ocr_carea' id='block_1_1' title="bbox 161 523 268 588">
    <p class='ocr_par' dir='ltr' id='par_1_1' title="bbox 161 523 268 588">
     <span class='ocr_line' id='line_1_1' title="bbox 161 523 268 588; baseline -0.028 0"><span class='ocrx_word' id='word_1_1' title='bbox 161 523 268 588; x_wconf 81' lang='lat' dir='ltr'>iii</span> 
     </span>
    </p>
   </div>
   <div class='ocr_carea' id='block_1_2' title="bbox 1071 490 2672 580">
    <p class='ocr_par' dir='ltr' id='par_1_2' title="bbox 1071 490 2672 580">
     <span class='ocr_line' id='line_1_2' title="bbox 1071 490 2672 580; baseline -0.016 -6"><span class='ocrx_word' id='word_1_2' title='bbox 1071 518 1134 574; x_wconf 63' lang='grc' dir='ltr'>Β.</span> <span class='ocrx_word' id='word_1_3' title='bbox 1183 509 1576 574; x_wconf 76' lang='lat' dir='ltr'>BRUNUNIS</span> <span class='ocrx_word' id='word_1_4' title='bbox 1623 494 2245 580; x_wconf 41' lang='lat' dir='ltr'>llEllBlPtllilCNSlS</span> <span class='ocrx_word' id='word_1_5' title='bbox 2292 490 2672 554; x_wconf 83' lang='lat' dir='ltr'>El&#39;lSCOPI.</span> 
     </span>
    </p>
   </div>
   <div class='ocr_carea' id='block_1_3' title="bbox 3465 478 3576 542">
    <p class='ocr_par' dir='ltr' id='par_1_3' title="bbox 3465 478 3576 542">
     <span class='ocr_line' id='line_1_3' title="bbox 3465 478 3576 542; baseline -0.036 -1"><span class='ocrx_word' id='word_1_6' title='bbox 3465 478 3576 542; x_wconf 76' lang='grc'>112</span> 
     </span>
    </p>
   </div>
   <div class='ocr_carea' id='block_1_4' title="bbox 150 611 3578 718">
    <p class='ocr_par' dir='ltr' id='par_1_4' title="bbox 150 611 3578 718">
     <span class='ocr_line' id='line_1_4' title="bbox 150 611 3578 718; baseline -0.013 -5"><span class='ocrx_word' id='word_1_7' title='bbox 150 656 432 713; x_wconf 72' lang='lat' dir='ltr'>Ecclesiae.</span> <span class='ocrx_word' id='word_1_8' title='bbox 463 659 512 710; x_wconf 83' lang='grc' dir='ltr'><em>Η</em></span> <span class='ocrx_word' id='word_1_9' title='bbox 547 657 609 710; x_wconf 90' lang='lat' dir='ltr'>ln</span> <span class='ocrx_word' id='word_1_10' title='bbox 642 651 835 708; x_wconf 89' lang='lat' dir='ltr'>medio</span> <span class='ocrx_word' id='word_1_11' title='bbox 865 648 1228 707; x_wconf 82' lang='lat' dir='ltr'>credentium</span> <span class='ocrx_word' id='word_1_12' title='bbox 1279 642 1627 718; x_wconf 89' lang='lat' dir='ltr'>populorum</span> <span class='ocrx_word' id='word_1_13' title='bbox 1657 652 1803 708; x_wconf 66' lang='lat' dir='ltr'>praa-</span> <span class='ocrx_word' id='word_1_14' title='bbox 1835 635 1889 700; x_wconf 73' lang='grc' dir='ltr'><strong>Α</strong></span> <span class='ocrx_word' id='word_1_15' title='bbox 1920 629 2194 699; x_wconf 74' lang='lat' dir='ltr'>religiosa</span> <span class='ocrx_word' id='word_1_16' title='bbox 2240 623 2528 718; x_wconf 45' lang='lat' dir='ltr'>doctrina</span> <span class='ocrx_word' id='word_1_17' title='bbox 2562 621 2636 718; x_wconf 71' lang='lat' dir='ltr'>ad</span> <span class='ocrx_word' id='word_1_18' title='bbox 2671 635 2888 718; x_wconf 47' lang='lat' dir='ltr'>verum</span> <span class='ocrx_word' id='word_1_19' title='bbox 2937 615 3240 718; x_wconf 78' lang='lat' dir='ltr'>Christum</span> <span class='ocrx_word' id='word_1_20' title='bbox 3269 611 3416 669; x_wconf 87' lang='lat' dir='ltr'>alios</span> <span class='ocrx_word' id='word_1_21' title='bbox 3444 628 3578 670; x_wconf 67' lang='grc' dir='ltr'>σου·-</span> 
     </span>
    </p>
   </div>
   <div class='ocr_carea' id='block_1_5' title="bbox 150 742 916 804">
    <p class='ocr_par' dir='ltr' id='par_1_5' title="bbox 150 742 916 804">
     <span class='ocr_line' id='line_1_5' title="bbox 150 742 916 804; baseline -0.01 -1"><span class='ocrx_word' id='word_1_22' title='bbox 150 746 356 804; x_wconf 85' lang='lat' dir='ltr'>dicabo</span> <span class='ocrx_word' id='word_1_23' title='bbox 386 749 443 800; x_wconf 90' lang='lat' dir='ltr'>te</span> <span class='ocrx_word' id='word_1_24' title='bbox 472 747 530 800; x_wconf 88' lang='lat' dir='ltr'>et</span> <span class='ocrx_word' id='word_1_25' title='bbox 558 742 812 800; x_wconf 81' lang='lat' dir='ltr'>laudabo</span> <span class='ocrx_word' id='word_1_26' title='bbox 837 745 916 796; x_wconf 89' lang='lat' dir='ltr'>te.</span> 
     </span>
    </p>
   </div>
   <div class='ocr_carea' id='block_1_6' title="bbox 151 844 1402 923">
    <p class='ocr_par' dir='ltr' id='par_1_6' title="bbox 151 844 1402 923">
     <span class='ocr_line' id='line_1_6' title="bbox 151 844 1402 923; baseline -0.015 -10"><span class='ocrx_word' id='word_1_27' title='bbox 151 855 222 912; x_wconf 77' lang='grc'>24</span> <span class='ocrx_word' id='word_1_28' title='bbox 298 853 404 923; x_wconf 84' lang='lat' dir='ltr'>Qui</span> <span class='ocrx_word' id='word_1_29' title='bbox 433 852 638 910; x_wconf 80' lang='lat' dir='ltr'>timetis</span> <span class='ocrx_word' id='word_1_30' title='bbox 658 850 952 908; x_wconf 85' lang='lat' dir='ltr'>Dominum</span> <span class='ocrx_word' id='word_1_31' title='bbox 977 844 1200 901; x_wconf 78' lang='lat' dir='ltr'>laudate</span> <span class='ocrx_word' id='word_1_32' title='bbox 1227 857 1352 898; x_wconf 85' lang='lat' dir='ltr'>eum</span> <span class='ocrx_word' id='word_1_33' title='bbox 1383 856 1402 894; x_wconf 89' lang='lat'><em>:</em></span> 
     </span>
    </p>
   </div>
   <div class='ocr_carea' id='block_1_7' title="bbox 299 935 1510 1004">
    <p class='ocr_par' dir='ltr' id='par_1_7' title="bbox 299 935 1510 1004">
     <span class='ocr_line' id='line_1_7' title="bbox 299 935 1510 1004; baseline -0.015 -4"><span class='ocrx_word' id='word_1_34' title='bbox 299 944 622 1000; x_wconf 74' lang='lat' dir='ltr'>Universum</span> <span class='ocrx_word' id='word_1_35' title='bbox 639 956 820 997; x_wconf 87' lang='lat' dir='ltr'>semen</span> <span class='ocrx_word' id='word_1_36' title='bbox 847 937 1008 995; x_wconf 78' lang='lat' dir='ltr'>Iacob</span> <span class='ocrx_word' id='word_1_37' title='bbox 1037 935 1340 1004; x_wconf 79' lang='lat' dir='ltr'>gloriﬁcate</span> <span class='ocrx_word' id='word_1_38' title='bbox 1365 945 1510 984; x_wconf 87' lang='lat' dir='ltr'>eum.</span> 
     </span>
    </p>
   </div>
   <div class='ocr_carea' id='block_1_8' title="bbox 227 1015 1810 1102">
    <p class='ocr_par' dir='ltr' id='par_1_8' title="bbox 227 1015 1810 1102">
     <span class='ocr_line' id='line_1_8' title="bbox 227 1015 1810 1102; baseline -0.014 -14"><span class='ocrx_word' id='word_1_39' title='bbox 227 1033 494 1090; x_wconf 89' lang='lat' dir='ltr'>CTimor</span> <span class='ocrx_word' id='word_1_40' title='bbox 527 1029 624 1087; x_wconf 90' lang='lat' dir='ltr'>Dei</span> <span class='ocrx_word' id='word_1_41' title='bbox 657 1030 898 1102; x_wconf 85' lang='lat' dir='ltr'>:justus</span> <span class='ocrx_word' id='word_1_42' title='bbox 947 1029 1036 1080; x_wconf 89' lang='lat' dir='ltr'>est</span> <span class='ocrx_word' id='word_1_43' title='bbox 1081 1027 1138 1079; x_wconf 89' lang='lat' dir='ltr'>et</span> <span class='ocrx_word' id='word_1_44' title='bbox 1187 1025 1401 1086; x_wconf 88' lang='lat' dir='ltr'>rectus,</span> <span class='ocrx_word' id='word_1_45' title='bbox 1455 1015 1810 1084; x_wconf 80' lang='lat' dir='ltr'>laudemque</span> 
     </span>
    </p>
   </div>
   <div class='ocr_carea' id='block_1_9' title="bbox 157 1101 1813 1195">
    <p class='ocr_par' dir='ltr' id='par_1_9' title="bbox 157 1101 1813 1195">
     <span class='ocr_line' id='line_1_9' title="bbox 157 1101 1813 1195; baseline -0.014 -16"><span class='ocrx_word' id='word_1_46' title='bbox 157 1126 416 1195; x_wconf 78' lang='lat' dir='ltr'>generat,</span> <span class='ocrx_word' id='word_1_47' title='bbox 449 1101 714 1177; x_wconf 79' lang='lat' dir='ltr'>amorem</span> <span class='ocrx_word' id='word_1_48' title='bbox 743 1114 1034 1183; x_wconf 84' lang='lat' dir='ltr'>tribuit,et</span> <span class='ocrx_word' id='word_1_49' title='bbox 1063 1111 1331 1167; x_wconf 89' lang='lat' dir='ltr'>ardorem</span> <span class='ocrx_word' id='word_1_50' title='bbox 1373 1104 1676 1162; x_wconf 84' lang='lat' dir='ltr'>eharitatis</span> <span class='ocrx_word' id='word_1_51' title='bbox 1727 1101 1813 1156; x_wconf 86' lang='lat' dir='ltr'>in-</span> 
     </span>
    </p>
   </div>
   <div class='ocr_carea' id='block_1_10' title="bbox 159 1191 1812 1276">
    <p class='ocr_par' dir='ltr' id='par_1_10' title="bbox 159 1191 1812 1276">
     <span class='ocr_line' id='line_1_10' title="bbox 159 1191 1812 1276; baseline -0.015 -7"><span class='ocrx_word' id='word_1_52' title='bbox 159 1191 442 1269; x_wconf 72' lang='lat' dir='ltr'>ilammat.</span> <span class='ocrx_word' id='word_1_53' title='bbox 476 1211 684 1266; x_wconf 83' lang='lat' dir='ltr'>Semen</span> <span class='ocrx_word' id='word_1_54' title='bbox 717 1206 922 1273; x_wconf 85' lang='lat' dir='ltr'>Jacob,</span> <span class='ocrx_word' id='word_1_55' title='bbox 952 1202 1053 1276; x_wconf 88' lang='lat' dir='ltr'>qui</span> <span class='ocrx_word' id='word_1_56' title='bbox 1103 1199 1237 1255; x_wconf 80' lang='lat' dir='ltr'>ﬁdei</span> <span class='ocrx_word' id='word_1_57' title='bbox 1267 1197 1468 1262; x_wconf 87' lang='lat' dir='ltr'>Jacob,</span> <span class='ocrx_word' id='word_1_58' title='bbox 1507 1191 1812 1249; x_wconf 85' lang='lat' dir='ltr'>devotione</span> 
     </span>
    </p>
   </div>
   <div class='ocr_carea' id='block_1_11' title="bbox 161 1282 1814 1369">
    <p class='ocr_par' dir='ltr' id='par_1_11' title="bbox 161 1282 1814 1369">
     <span class='ocr_line' id='line_1_11' title="bbox 161 1282 1814 1369; baseline -0.013 -13"><span class='ocrx_word' id='word_1_59' title='bbox 161 1300 556 1368; x_wconf 88' lang='lat' dir='ltr'>consentiunt,</span> <span class='ocrx_word' id='word_1_60' title='bbox 587 1303 646 1354; x_wconf 86' lang='lat' dir='ltr'>et</span> <span class='ocrx_word' id='word_1_61' title='bbox 675 1293 1151 1369; x_wconf 88' lang='lat' dir='ltr'>supplantatores</span> <span class='ocrx_word' id='word_1_62' title='bbox 1183 1288 1454 1344; x_wconf 91' lang='lat' dir='ltr'>vitiorum</span> <span class='ocrx_word' id='word_1_63' title='bbox 1489 1289 1646 1339; x_wconf 86' lang='lat' dir='ltr'>sunt.</span> <span class='ocrx_word' id='word_1_64' title='bbox 1668 1282 1814 1336; x_wconf 85' lang='lat' dir='ltr'>Lau-</span> 
     </span>
    </p>
   </div>
   <div class='ocr_carea' id='block_1_12' title="bbox 161 1369 1814 1463">
    <p class='ocr_par' dir='ltr' id='par_1_12' title="bbox 161 1369 1814 1463">
     <span class='ocr_line' id='line_1_12' title="bbox 161 1369 1814 1463; baseline -0.015 -15"><span class='ocrx_word' id='word_1_65' title='bbox 161 1392 291 1448; x_wconf 88' lang='lat' dir='ltr'>date</span> <span class='ocrx_word' id='word_1_66' title='bbox 320 1389 522 1463; x_wconf 82' lang='lat' dir='ltr'>igitur,</span> <span class='ocrx_word' id='word_1_67' title='bbox 553 1387 655 1460; x_wconf 87' lang='lat' dir='ltr'>qui</span> <span class='ocrx_word' id='word_1_68' title='bbox 687 1384 928 1452; x_wconf 78' lang='lat' dir='ltr'>timetis,</span> <span class='ocrx_word' id='word_1_69' title='bbox 963 1383 1020 1437; x_wconf 88' lang='lat' dir='ltr'>id</span> <span class='ocrx_word' id='word_1_70' title='bbox 1052 1385 1138 1436; x_wconf 85' lang='lat' dir='ltr'>est</span> <span class='ocrx_word' id='word_1_71' title='bbox 1171 1375 1552 1434; x_wconf 80' lang='lat' dir='ltr'>reverentiam</span> <span class='ocrx_word' id='word_1_72' title='bbox 1586 1369 1814 1463; x_wconf 81' lang='lat' dir='ltr'>habetis</span> 
     </span>
    </p>
   </div>
   <div class='ocr_carea' id='block_1_13' title="bbox 161 1461 1811 1550">
    <p class='ocr_par' dir='ltr' id='par_1_13' title="bbox 161 1461 1811 1550">
     <span class='ocr_line' id='line_1_13' title="bbox 161 1461 1811 1550; baseline -0.013 -13"><span class='ocrx_word' id='word_1_73' title='bbox 161 1461 416 1536; x_wconf 74' lang='lat' dir='ltr'>nominis</span> <span class='ocrx_word' id='word_1_74' title='bbox 443 1479 594 1550; x_wconf 86' lang='lat' dir='ltr'>ejus,</span> <span class='ocrx_word' id='word_1_75' title='bbox 645 1475 785 1550; x_wconf 86' lang='lat' dir='ltr'>quia</span> <span class='ocrx_word' id='word_1_76' title='bbox 824 1491 962 1530; x_wconf 91' lang='lat' dir='ltr'>eum</span> <span class='ocrx_word' id='word_1_77' title='bbox 1015 1487 1133 1526; x_wconf 89' lang='lat' dir='ltr'>non</span> <span class='ocrx_word' id='word_1_78' title='bbox 1178 1470 1436 1524; x_wconf 87' lang='lat' dir='ltr'>meretur</span> <span class='ocrx_word' id='word_1_79' title='bbox 1477 1461 1811 1537; x_wconf 63' lang='lat' dir='ltr'>praedicare,</span> 
     </span>
    </p>
   </div>
   <div class='ocr_carea' id='block_1_14' title="bbox 160 1561 1147 1642">
    <p class='ocr_par' dir='ltr' id='par_1_14' title="bbox 160 1561 1147 1642">
     <span class='ocr_line' id='line_1_14' title="bbox 160 1561 1147 1642; baseline -0.013 -15"><span class='ocrx_word' id='word_1_80' title='bbox 160 1570 276 1627; x_wconf 83' lang='lat' dir='ltr'>nisi</span> <span class='ocrx_word' id='word_1_81' title='bbox 305 1568 406 1642; x_wconf 87' lang='lat' dir='ltr'>qui</span> <span class='ocrx_word' id='word_1_82' title='bbox 437 1565 810 1642; x_wconf 82' lang='lat' dir='ltr'>cognoscitur</span> <span class='ocrx_word' id='word_1_83' title='bbox 834 1566 892 1618; x_wconf 89' lang='lat' dir='ltr'>et</span> <span class='ocrx_word' id='word_1_84' title='bbox 919 1561 1147 1616; x_wconf 89' lang='lat' dir='ltr'>timere.</span> 
     </span>
    </p>
   </div>
   <div class='ocr_carea' id='block_1_15' title="bbox 159 1666 1333 1736">
    <p class='ocr_par' dir='ltr' id='par_1_15' title="bbox 159 1666 1333 1736">
     <span class='ocr_line' id='line_1_15' title="bbox 159 1666 1333 1736; baseline -0.014 -1"><span class='ocrx_word' id='word_1_85' title='bbox 159 1679 233 1734; x_wconf 84' lang='lat'>25</span> <span class='ocrx_word' id='word_1_86' title='bbox 307 1678 524 1736; x_wconf 62' lang='lat' dir='ltr'>Timent</span> <span class='ocrx_word' id='word_1_87' title='bbox 554 1690 681 1730; x_wconf 86' lang='lat' dir='ltr'>eum</span> <span class='ocrx_word' id='word_1_88' title='bbox 709 1687 868 1728; x_wconf 87' lang='lat' dir='ltr'>omne</span> <span class='ocrx_word' id='word_1_89' title='bbox 893 1684 1078 1726; x_wconf 90' lang='lat' dir='ltr'>semen</span> <span class='ocrx_word' id='word_1_90' title='bbox 1107 1666 1276 1724; x_wconf 84' lang='lat' dir='ltr'>Israel</span> <span class='ocrx_word' id='word_1_91' title='bbox 1317 1670 1333 1730; x_wconf 76' lang='grc' dir='ltr'>ζ</span> 
     </span>
    </p>
   </div>
   <div class='ocr_carea' id='block_1_16' title="bbox 310 1748 1816 1836">
    <p class='ocr_par' dir='ltr' id='par_1_16' title="bbox 310 1748 1816 1836">
     <span class='ocr_line' id='line_1_16' title="bbox 310 1748 1816 1836; baseline -0.015 -13"><span class='ocrx_word' id='word_1_92' title='bbox 310 1767 582 1836; x_wconf 82' lang='lat' dir='ltr'>Quoniam</span> <span class='ocrx_word' id='word_1_93' title='bbox 608 1780 718 1819; x_wconf 88' lang='lat' dir='ltr'>non</span> <span class='ocrx_word' id='word_1_94' title='bbox 747 1761 951 1834; x_wconf 86' lang='lat' dir='ltr'>sprevit</span> <span class='ocrx_word' id='word_1_95' title='bbox 993 1773 1166 1830; x_wconf 85' lang='lat' dir='ltr'>neque</span> <span class='ocrx_word' id='word_1_96' title='bbox 1195 1754 1440 1826; x_wconf 67' lang='lat' dir='ltr'>despexit</span> <span class='ocrx_word' id='word_1_97' title='bbox 1486 1748 1816 1824; x_wconf 84' lang='lat' dir='ltr'>deprecatio-</span> 
     </span>
    </p>
   </div>
   <div class='ocr_carea' id='block_1_17' title="bbox 379 1853 1669 1928">
    <p class='ocr_par' dir='ltr' id='par_1_17' title="bbox 379 1853 1669 1928">
     <span class='ocr_line' id='line_1_17' title="bbox 379 1853 1669 1928; baseline -0.009 -18"><span class='ocrx_word' id='word_1_98' title='bbox 379 1871 506 1910; x_wconf 86' lang='lat' dir='ltr'>nem</span> <span class='ocrx_word' id='word_1_99' title='bbox 530 1853 811 1928; x_wconf 86' lang='lat' dir='ltr'>pauperis.</span> <span class='ocrx_word' id='word_1_100' title='bbox 1665 1863 1669 1866; x_wconf 46' lang='grc' dir='ltr'>λ</span> 
     </span>
    </p>
   </div>
   <div class='ocr_carea' id='block_1_18' title="bbox 238 1932 1819 2004">
    <p class='ocr_par' dir='ltr' id='par_1_18' title="bbox 238 1932 1819 2004">
     <span class='ocr_line' id='line_1_18' title="bbox 238 1932 1819 2004; baseline -0.014 -1"><span class='ocrx_word' id='word_1_101' title='bbox 238 1945 287 2003; x_wconf 85' lang='grc' dir='ltr'>Η</span> <span class='ocrx_word' id='word_1_102' title='bbox 317 1945 548 2004; x_wconf 87' lang='lat' dir='ltr'>Timeat</span> <span class='ocrx_word' id='word_1_103' title='bbox 573 1959 708 1999; x_wconf 90' lang='lat' dir='ltr'>eum</span> <span class='ocrx_word' id='word_1_104' title='bbox 735 1955 908 1998; x_wconf 90' lang='lat' dir='ltr'>omne</span> <span class='ocrx_word' id='word_1_105' title='bbox 938 1954 1137 1995; x_wconf 86' lang='lat' dir='ltr'>semen</span> <span class='ocrx_word' id='word_1_106' title='bbox 1169 1932 1365 1999; x_wconf 79' lang='lat' dir='ltr'>Israel,</span> <span class='ocrx_word' id='word_1_107' title='bbox 1397 1932 1456 1987; x_wconf 91' lang='lat' dir='ltr'>id</span> <span class='ocrx_word' id='word_1_108' title='bbox 1488 1933 1596 1997; x_wconf 87' lang='lat' dir='ltr'>est,</span> <span class='ocrx_word' id='word_1_109' title='bbox 1629 1943 1819 1984; x_wconf 87' lang='lat' dir='ltr'>unus-</span> 
     </span>
    </p>
   </div>
   <div class='ocr_carea' id='block_1_19' title="bbox 1918 705 3296 788">
    <p class='ocr_par' dir='ltr' id='par_1_19' title="bbox 1918 705 3296 788">
     <span class='ocr_line' id='line_1_19' title="bbox 1918 705 3296 788; baseline -0.012 -13"><span class='ocrx_word' id='word_1_110' title='bbox 1918 723 2140 775; x_wconf 78' lang='lat' dir='ltr'>vertcre</span> <span class='ocrx_word' id='word_1_111' title='bbox 2169 718 2447 788; x_wconf 78' lang='lat' dir='ltr'>satagunt</span> <span class='ocrx_word' id='word_1_112' title='bbox 2472 710 2688 770; x_wconf 76' lang='lat' dir='ltr'>Christi</span> <span class='ocrx_word' id='word_1_113' title='bbox 2717 709 2837 766; x_wconf 90' lang='lat' dir='ltr'>veri</span> <span class='ocrx_word' id='word_1_114' title='bbox 2865 705 3296 784; x_wconf 73' lang='lat' dir='ltr'>praedicatores.</span> 
     </span>
    </p>
   </div>
   <div class='ocr_carea' id='block_1_20' title="bbox 1918 816 3060 892">
    <p class='ocr_par' dir='ltr' id='par_1_20' title="bbox 1918 816 3060 892">
     <span class='ocr_line' id='line_1_20' title="bbox 1918 816 3060 892; baseline -0.01 -10"><span class='ocrx_word' id='word_1_115' title='bbox 1918 828 1990 882; x_wconf 89' lang='lat' dir='ltr'>3O</span> <span class='ocrx_word' id='word_1_116' title='bbox 2059 827 2126 882; x_wconf 82' lang='lat' dir='ltr'>Et</span> <span class='ocrx_word' id='word_1_117' title='bbox 2151 823 2460 880; x_wconf 87' lang='lat' dir='ltr'>adorabunt</span> <span class='ocrx_word' id='word_1_118' title='bbox 2493 822 2548 876; x_wconf 87' lang='lat' dir='ltr'>in</span> <span class='ocrx_word' id='word_1_119' title='bbox 2577 824 2866 892; x_wconf 84' lang='lat' dir='ltr'>conspectu</span> <span class='ocrx_word' id='word_1_120' title='bbox 2892 816 3012 889; x_wconf 84' lang='lat' dir='ltr'>ejus</span> <span class='ocrx_word' id='word_1_121' title='bbox 3045 832 3060 871; x_wconf 90' lang='lat'><strong>:</strong></span> 
     </span>
    </p>
   </div>
   <div class='ocr_carea' id='block_1_21' title="bbox 2066 909 2912 984">
    <p class='ocr_par' dir='ltr' id='par_1_21' title="bbox 2066 909 2912 984">
     <span class='ocr_line' id='line_1_21' title="bbox 2066 909 2912 984; baseline -0.013 -13"><span class='ocrx_word' id='word_1_122' title='bbox 2066 915 2344 971; x_wconf 64' lang='lat' dir='ltr'>Universae</span> <span class='ocrx_word' id='word_1_123' title='bbox 2372 911 2615 984; x_wconf 70' lang='lat' dir='ltr'>familiae</span> <span class='ocrx_word' id='word_1_124' title='bbox 2645 909 2912 978; x_wconf 83' lang='lat' dir='ltr'>gentium.</span> 
     </span>
    </p>
   </div>
   <div class='ocr_carea' id='block_1_22' title="bbox 1993 991 3582 1070">
    <p class='ocr_par' dir='ltr' id='par_1_22' title="bbox 1993 991 3582 1070">
     <span class='ocr_line' id='line_1_22' title="bbox 1993 991 3582 1070; baseline -0.008 -11"><span class='ocrx_word' id='word_1_125' title='bbox 1993 1004 2034 1059; x_wconf 92' lang='lat' dir='ltr'>C</span> <span class='ocrx_word' id='word_1_126' title='bbox 2067 1003 2153 1060; x_wconf 86' lang='lat' dir='ltr'>Illi</span> <span class='ocrx_word' id='word_1_127' title='bbox 2185 1003 2432 1058; x_wconf 87' lang='lat' dir='ltr'>adorant</span> <span class='ocrx_word' id='word_1_128' title='bbox 2481 1001 2540 1056; x_wconf 89' lang='lat' dir='ltr'>in</span> <span class='ocrx_word' id='word_1_129' title='bbox 2575 1000 2893 1070; x_wconf 87' lang='lat' dir='ltr'>conspectu</span> <span class='ocrx_word' id='word_1_130' title='bbox 2936 992 3189 1062; x_wconf 88' lang='lat' dir='ltr'>Domini,</span> <span class='ocrx_word' id='word_1_131' title='bbox 3223 992 3323 1066; x_wconf 87' lang='lat' dir='ltr'>qui</span> <span class='ocrx_word' id='word_1_132' title='bbox 3356 991 3582 1048; x_wconf 79' lang='lat' dir='ltr'>sincera</span> 
     </span>
    </p>
   </div>
   <div class='ocr_carea' id='block_1_23' title="bbox 1923 1079 3580 1164">
    <p class='ocr_par' dir='ltr' id='par_1_23' title="bbox 1923 1079 3580 1164">
     <span class='ocr_line' id='line_1_23' title="bbox 1923 1079 3580 1164; baseline -0.007 -16"><span class='ocrx_word' id='word_1_133' title='bbox 1923 1093 2037 1148; x_wconf 84' lang='lat' dir='ltr'>ﬁde</span> <span class='ocrx_word' id='word_1_134' title='bbox 2067 1097 2124 1147; x_wconf 88' lang='lat' dir='ltr'>et</span> <span class='ocrx_word' id='word_1_135' title='bbox 2152 1091 2428 1164; x_wconf 84' lang='lat' dir='ltr'>operibus</span> <span class='ocrx_word' id='word_1_136' title='bbox 2459 1088 2757 1144; x_wconf 83' lang='lat' dir='ltr'>Christum</span> <span class='ocrx_word' id='word_1_137' title='bbox 2794 1087 3024 1158; x_wconf 82' lang='lat' dir='ltr'>rogant.</span> <span class='ocrx_word' id='word_1_138' title='bbox 3051 1083 3410 1157; x_wconf 88' lang='lat' dir='ltr'>Conspectus</span> <span class='ocrx_word' id='word_1_139' title='bbox 3424 1079 3580 1136; x_wconf 87' lang='lat' dir='ltr'>enim</span> 
     </span>
    </p>
   </div>
   <div class='ocr_carea' id='block_1_24' title="bbox 1923 1171 3577 1250">
    <p class='ocr_par' dir='ltr' id='par_1_24' title="bbox 1923 1171 3577 1250">
     <span class='ocr_line' id='line_1_24' title="bbox 1923 1171 3577 1250; baseline -0.008 -13"><span class='ocrx_word' id='word_1_140' title='bbox 1923 1181 2084 1238; x_wconf 90' lang='lat' dir='ltr'>illius</span> <span class='ocrx_word' id='word_1_141' title='bbox 2134 1197 2250 1237; x_wconf 92' lang='lat' dir='ltr'>non</span> <span class='ocrx_word' id='word_1_142' title='bbox 2300 1184 2391 1236; x_wconf 86' lang='lat' dir='ltr'>est</span> <span class='ocrx_word' id='word_1_143' title='bbox 2438 1178 2550 1234; x_wconf 89' lang='lat' dir='ltr'>nisi</span> <span class='ocrx_word' id='word_1_144' title='bbox 2607 1193 2788 1250; x_wconf 84' lang='lat' dir='ltr'>supra</span> <span class='ocrx_word' id='word_1_145' title='bbox 2840 1173 3218 1230; x_wconf 83' lang='lat' dir='ltr'>ﬁdelissimos</span> <span class='ocrx_word' id='word_1_146' title='bbox 3261 1176 3318 1227; x_wconf 92' lang='lat' dir='ltr'>et</span> <span class='ocrx_word' id='word_1_147' title='bbox 3359 1171 3577 1226; x_wconf 89' lang='lat' dir='ltr'>beatos.</span> 
     </span>
    </p>
   </div>
   <div class='ocr_carea' id='block_1_25' title="bbox 1925 1257 3579 1334">
    <p class='ocr_par' dir='ltr' id='par_1_25' title="bbox 1925 1257 3579 1334">
     <span class='ocr_line' id='line_1_25' title="bbox 1925 1257 3579 1334; baseline -0.008 -7"><span class='ocrx_word' id='word_1_148' title='bbox 1925 1271 2217 1327; x_wconf 85' lang='lat' dir='ltr'>Universae</span> <span class='ocrx_word' id='word_1_149' title='bbox 2241 1268 2496 1334; x_wconf 66' lang='lat' dir='ltr'>familiae,</span> <span class='ocrx_word' id='word_1_150' title='bbox 2537 1269 2779 1322; x_wconf 87' lang='lat' dir='ltr'>cunctos</span> <span class='ocrx_word' id='word_1_151' title='bbox 2808 1263 3109 1320; x_wconf 76' lang='lat' dir='ltr'>credentes</span> <span class='ocrx_word' id='word_1_152' title='bbox 3137 1257 3446 1327; x_wconf 85' lang='lat' dir='ltr'>conclusit,</span> <span class='ocrx_word' id='word_1_153' title='bbox 3481 1257 3579 1332; x_wconf 88' lang='lat' dir='ltr'>qui</span> 
     </span>
    </p>
   </div>
   <div class='ocr_carea' id='block_1_26' title="bbox 1926 1359 2344 1432">
    <p class='ocr_par' dir='ltr' id='par_1_26' title="bbox 1926 1359 2344 1432">
     <span class='ocr_line' id='line_1_26' title="bbox 1926 1359 2344 1432; baseline -0.007 -15"><span class='ocrx_word' id='word_1_154' title='bbox 1926 1360 2072 1417; x_wconf 90' lang='lat' dir='ltr'>nihil</span> <span class='ocrx_word' id='word_1_155' title='bbox 2102 1359 2344 1432; x_wconf 78' lang='lat' dir='ltr'>excepit.</span> 
     </span>
    </p>
   </div>
   <div class='ocr_carea' id='block_1_27' title="bbox 1924 1466 3013 1538">
    <p class='ocr_par' dir='ltr' id='par_1_27' title="bbox 1924 1466 3013 1538">
     <span class='ocr_line' id='line_1_27' title="bbox 1924 1466 3013 1538; baseline -0.01 -12"><span class='ocrx_word' id='word_1_156' title='bbox 1924 1470 1988 1525; x_wconf 91' lang='grc'>31</span> <span class='ocrx_word' id='word_1_157' title='bbox 2069 1469 2343 1538; x_wconf 76' lang='lat' dir='ltr'>Quoniam</span> <span class='ocrx_word' id='word_1_158' title='bbox 2373 1466 2600 1523; x_wconf 87' lang='lat' dir='ltr'>Domini</span> <span class='ocrx_word' id='word_1_159' title='bbox 2627 1468 2707 1520; x_wconf 86' lang='lat' dir='ltr'>est</span> <span class='ocrx_word' id='word_1_160' title='bbox 2736 1478 2962 1533; x_wconf 79' lang='lat' dir='ltr'>regnum</span> <span class='ocrx_word' id='word_1_161' title='bbox 2991 1478 3013 1516; x_wconf 90' lang='lat'><strong><em>:</em></strong></span> 
     </span>
    </p>
   </div>
   <div class='ocr_carea' id='block_1_28' title="bbox 2067 1551 3154 1630">
    <p class='ocr_par' dir='ltr' id='par_1_28' title="bbox 2067 1551 3154 1630">
     <span class='ocr_line' id='line_1_28' title="bbox 2067 1551 3154 1630; baseline -0.01 -14"><span class='ocrx_word' id='word_1_162' title='bbox 2067 1562 2213 1625; x_wconf 70' lang='lat' dir='ltr'>Et—j—</span> <span class='ocrx_word' id='word_1_163' title='bbox 2259 1560 2376 1630; x_wconf 87' lang='lat' dir='ltr'>ipse</span> <span class='ocrx_word' id='word_1_164' title='bbox 2421 1561 2435 1623; x_wconf 75' lang='grc' dir='ltr'>ζ</span> <span class='ocrx_word' id='word_1_165' title='bbox 2477 1553 2856 1612; x_wconf 77' lang='lat' dir='ltr'>dominabitur</span> <span class='ocrx_word' id='word_1_166' title='bbox 2883 1551 3154 1622; x_wconf 77' lang='lat' dir='ltr'>gentium.</span> 
     </span>
    </p>
   </div>
   <div class='ocr_carea' id='block_1_29' title="bbox 1997 1637 3585 1716">
    <p class='ocr_par' dir='ltr' id='par_1_29' title="bbox 1997 1637 3585 1716">
     <span class='ocr_line' id='line_1_29' title="bbox 1997 1637 3585 1716; baseline -0.009 -11"><span class='ocrx_word' id='word_1_167' title='bbox 1997 1649 2040 1705; x_wconf 92' lang='lat' dir='ltr'>C</span> <span class='ocrx_word' id='word_1_168' title='bbox 2068 1647 2358 1716; x_wconf 82' lang='lat' dir='ltr'>Quoniam</span> <span class='ocrx_word' id='word_1_169' title='bbox 2389 1643 2622 1703; x_wconf 88' lang='lat' dir='ltr'>Domini</span> <span class='ocrx_word' id='word_1_170' title='bbox 2671 1647 2761 1700; x_wconf 86' lang='lat' dir='ltr'>est</span> <span class='ocrx_word' id='word_1_171' title='bbox 2791 1656 3062 1714; x_wconf 85' lang='lat' dir='ltr'>regnum,</span> <span class='ocrx_word' id='word_1_172' title='bbox 3094 1637 3235 1712; x_wconf 86' lang='lat' dir='ltr'>quia</span> <span class='ocrx_word' id='word_1_173' title='bbox 3281 1653 3397 1694; x_wconf 90' lang='lat' dir='ltr'>non</span> <span class='ocrx_word' id='word_1_174' title='bbox 3445 1639 3585 1693; x_wconf 82' lang='lat' dir='ltr'>sunt</span> 
     </span>
    </p>
   </div>
   <div class='ocr_carea' id='block_1_30' title="bbox 1927 1728 3586 1812">
    <p class='ocr_par' dir='ltr' id='par_1_30' title="bbox 1927 1728 3586 1812">
     <span class='ocr_line' id='line_1_30' title="bbox 1927 1728 3586 1812; baseline -0.009 -17"><span class='ocrx_word' id='word_1_175' title='bbox 1927 1738 2193 1812; x_wconf 83' lang='lat' dir='ltr'>gentium</span> <span class='ocrx_word' id='word_1_176' title='bbox 2224 1752 2424 1810; x_wconf 88' lang='lat' dir='ltr'>regna,</span> <span class='ocrx_word' id='word_1_177' title='bbox 2459 1733 2561 1790; x_wconf 90' lang='lat' dir='ltr'>sed</span> <span class='ocrx_word' id='word_1_178' title='bbox 2610 1730 2862 1799; x_wconf 89' lang='lat' dir='ltr'>Domini,</span> <span class='ocrx_word' id='word_1_179' title='bbox 2915 1729 3017 1802; x_wconf 87' lang='lat' dir='ltr'>qui</span> <span class='ocrx_word' id='word_1_180' title='bbox 3065 1731 3353 1802; x_wconf 76' lang='lat' dir='ltr'>potestate</span> <span class='ocrx_word' id='word_1_181' title='bbox 3391 1743 3503 1782; x_wconf 87' lang='lat' dir='ltr'>sua</span> <span class='ocrx_word' id='word_1_182' title='bbox 3529 1728 3586 1780; x_wconf 90' lang='lat' dir='ltr'>et</span> 
     </span>
    </p>
   </div>
   <div class='ocr_carea' id='block_1_31' title="bbox 1929 1814 3590 1898">
    <p class='ocr_par' dir='ltr' id='par_1_31' title="bbox 1929 1814 3590 1898">
     <span class='ocr_line' id='line_1_31' title="bbox 1929 1814 3590 1898; baseline -0.008 -13"><span class='ocrx_word' id='word_1_183' title='bbox 1929 1831 2120 1885; x_wconf 83' lang='lat' dir='ltr'>mutat</span> <span class='ocrx_word' id='word_1_184' title='bbox 2151 1842 2317 1898; x_wconf 84' lang='lat' dir='ltr'>reges</span> <span class='ocrx_word' id='word_1_185' title='bbox 2347 1828 2404 1881; x_wconf 86' lang='lat' dir='ltr'>et</span> <span class='ocrx_word' id='word_1_186' title='bbox 2431 1823 2707 1880; x_wconf 83' lang='lat' dir='ltr'>continet.</span> <span class='ocrx_word' id='word_1_187' title='bbox 2733 1821 2804 1877; x_wconf 90' lang='lat' dir='ltr'>Et</span> <span class='ocrx_word' id='word_1_188' title='bbox 2845 1835 3084 1878; x_wconf 87' lang='lat' dir='ltr'>necesse</span> <span class='ocrx_word' id='word_1_189' title='bbox 3123 1821 3215 1874; x_wconf 85' lang='lat' dir='ltr'>est</span> <span class='ocrx_word' id='word_1_190' title='bbox 3259 1817 3458 1890; x_wconf 86' lang='lat' dir='ltr'>ipsum</span> <span class='ocrx_word' id='word_1_191' title='bbox 3490 1814 3590 1872; x_wconf 82' lang='lat' dir='ltr'>de-</span> 
     </span>
    </p>
   </div>
   <div class='ocr_carea' id='block_1_32' title="bbox 1927 1905 3587 1988">
    <p class='ocr_par' dir='ltr' id='par_1_32' title="bbox 1927 1905 3587 1988">
     <span class='ocr_line' id='line_1_32' title="bbox 1927 1905 3587 1988; baseline -0.008 -13"><span class='ocrx_word' id='word_1_192' title='bbox 1927 1919 2064 1974; x_wconf 88' lang='lat' dir='ltr'>bere</span> <span class='ocrx_word' id='word_1_193' title='bbox 2091 1916 2310 1988; x_wconf 86' lang='lat' dir='ltr'>ubique</span> <span class='ocrx_word' id='word_1_194' title='bbox 2341 1912 2450 1971; x_wconf 90' lang='lat' dir='ltr'>coli</span> <span class='ocrx_word' id='word_1_195' title='bbox 2487 1931 2500 1970; x_wconf 90' lang='lat'><strong>:</strong></span> <span class='ocrx_word' id='word_1_196' title='bbox 2533 1928 2712 1986; x_wconf 86' lang='lat' dir='ltr'>quem</span> <span class='ocrx_word' id='word_1_197' title='bbox 2742 1913 2972 1968; x_wconf 81' lang='lat' dir='ltr'>constat</span> <span class='ocrx_word' id='word_1_198' title='bbox 3000 1906 3250 1980; x_wconf 79' lang='lat' dir='ltr'>intelligi</span> <span class='ocrx_word' id='word_1_199' title='bbox 3277 1905 3587 1963; x_wconf 88' lang='lat' dir='ltr'>Dominum</span> 
     </span>
    </p>
   </div>
   <div class='ocr_carea' id='block_1_33' title="bbox 169 2006 2451 2110">
    <p class='ocr_par' dir='ltr' id='par_1_33' title="bbox 169 2006 2451 2110">
     <span class='ocr_line' id='line_1_33' title="bbox 169 2006 2451 2110; baseline -0.015 -18"><span class='ocrx_word' id='word_1_200' title='bbox 169 2037 422 2110; x_wconf 87' lang='lat' dir='ltr'>quisque</span> <span class='ocrx_word' id='word_1_201' title='bbox 451 2035 690 2090; x_wconf 86' lang='lat' dir='ltr'>renatus</span> <span class='ocrx_word' id='word_1_202' title='bbox 717 2047 824 2104; x_wconf 89' lang='lat' dir='ltr'>per</span> <span class='ocrx_word' id='word_1_203' title='bbox 868 2027 1254 2101; x_wconf 89' lang='lat' dir='ltr'>baptismum,</span> <span class='ocrx_word' id='word_1_204' title='bbox 1299 2027 1358 2078; x_wconf 90' lang='lat' dir='ltr'>et</span> <span class='ocrx_word' id='word_1_205' title='bbox 1400 2025 1595 2077; x_wconf 89' lang='lat' dir='ltr'>mente</span> <span class='ocrx_word' id='word_1_206' title='bbox 1643 2018 1825 2073; x_wconf 87' lang='lat' dir='ltr'>Deum</span> <span class='ocrx_word' id='word_1_207' title='bbox 1857 2014 1904 2080; x_wconf 85' lang='grc' dir='ltr'><strong>Β</strong></span> <span class='ocrx_word' id='word_1_208' title='bbox 1935 2006 2201 2064; x_wconf 90' lang='lat' dir='ltr'>omnium</span> <span class='ocrx_word' id='word_1_209' title='bbox 2233 2020 2451 2060; x_wconf 89' lang='lat' dir='ltr'>rerum.</span> 
     </span>
    </p>
   </div>
   <div class='ocr_carea' id='block_1_34' title="bbox 171 2105 1826 2190">
    <p class='ocr_par' dir='ltr' id='par_1_34' title="bbox 171 2105 1826 2190">
     <span class='ocr_line' id='line_1_34' title="bbox 171 2105 1826 2190; baseline -0.013 -9"><span class='ocrx_word' id='word_1_210' title='bbox 171 2105 693 2190; x_wconf 60' lang='lat' dir='ltr'>vidensouoniam</span> <span class='ocrx_word' id='word_1_211' title='bbox 723 2137 841 2178; x_wconf 88' lang='lat' dir='ltr'>non</span> <span class='ocrx_word' id='word_1_212' title='bbox 891 2117 1113 2190; x_wconf 87' lang='lat' dir='ltr'>sprevit</span> <span class='ocrx_word' id='word_1_213' title='bbox 1149 2129 1352 2188; x_wconf 87' lang='lat' dir='ltr'>preces</span> <span class='ocrx_word' id='word_1_214' title='bbox 1381 2124 1730 2185; x_wconf 88' lang='lat' dir='ltr'>pauperum.</span> <span class='ocrx_word' id='word_1_215' title='bbox 1764 2105 1826 2161; x_wconf 92' lang='lat' dir='ltr'>Id</span> 
     </span>
    </p>
   </div>
   <div class='ocr_carea' id='block_1_35' title="bbox 173 2195 1830 2276">
    <p class='ocr_par' dir='ltr' id='par_1_35' title="bbox 173 2195 1830 2276">
     <span class='ocr_line' id='line_1_35' title="bbox 173 2195 1830 2276; baseline -0.014 -4"><span class='ocrx_word' id='word_1_216' title='bbox 173 2218 265 2272; x_wconf 90' lang='lat' dir='ltr'>est</span> <span class='ocrx_word' id='word_1_217' title='bbox 293 2213 502 2271; x_wconf 87' lang='lat' dir='ltr'>filium.</span> <span class='ocrx_word' id='word_1_218' title='bbox 535 2212 577 2269; x_wconf 87' lang='lat' dir='ltr'>C</span> <span class='ocrx_word' id='word_1_219' title='bbox 603 2211 767 2269; x_wconf 85' lang='lat' dir='ltr'>sicut</span> <span class='ocrx_word' id='word_1_220' title='bbox 796 2211 984 2268; x_wconf 80' lang='lat' dir='ltr'>facere</span> <span class='ocrx_word' id='word_1_221' title='bbox 1014 2205 1206 2263; x_wconf 88' lang='lat' dir='ltr'>solent</span> <span class='ocrx_word' id='word_1_222' title='bbox 1224 2201 1542 2276; x_wconf 80' lang='lat' dir='ltr'>gloriantes</span> <span class='ocrx_word' id='word_1_223' title='bbox 1564 2197 1624 2253; x_wconf 92' lang='lat' dir='ltr'>in</span> <span class='ocrx_word' id='word_1_224' title='bbox 1654 2195 1830 2252; x_wconf 85' lang='lat' dir='ltr'>istius</span> 
     </span>
    </p>
   </div>
   <div class='ocr_carea' id='block_1_36' title="bbox 176 2289 1830 2374">
    <p class='ocr_par' dir='ltr' id='par_1_36' title="bbox 176 2289 1830 2374">
     <span class='ocr_line' id='line_1_36' title="bbox 176 2289 1830 2374; baseline -0.013 -12"><span class='ocrx_word' id='word_1_225' title='bbox 176 2303 384 2361; x_wconf 89' lang='lat' dir='ltr'>mundi</span> <span class='ocrx_word' id='word_1_226' title='bbox 415 2303 654 2369; x_wconf 86' lang='lat' dir='ltr'>honore,</span> <span class='ocrx_word' id='word_1_227' title='bbox 683 2313 960 2374; x_wconf 85' lang='lat' dir='ltr'>spernere</span> <span class='ocrx_word' id='word_1_228' title='bbox 988 2311 1275 2370; x_wconf 86' lang='lat' dir='ltr'>pauperes</span> <span class='ocrx_word' id='word_1_229' title='bbox 1297 2297 1354 2348; x_wconf 90' lang='lat' dir='ltr'>ct</span> <span class='ocrx_word' id='word_1_230' title='bbox 1369 2289 1668 2362; x_wconf 89' lang='lat' dir='ltr'>despicere</span> <span class='ocrx_word' id='word_1_231' title='bbox 1693 2301 1830 2374; x_wconf 88' lang='lat' dir='ltr'>sup-</span> 
     </span>
    </p>
   </div>
   <div class='ocr_carea' id='block_1_37' title="bbox 177 2373 1828 2469">
    <p class='ocr_par' dir='ltr' id='par_1_37' title="bbox 177 2373 1828 2469">
     <span class='ocr_line' id='line_1_37' title="bbox 177 2373 1828 2469; baseline -0.013 -19"><span class='ocrx_word' id='word_1_232' title='bbox 177 2394 483 2469; x_wconf 87' lang='lat' dir='ltr'>plicantes,</span> <span class='ocrx_word' id='word_1_233' title='bbox 516 2373 872 2462; x_wconf 83' lang='lat' dir='ltr'>causamque</span> <span class='ocrx_word' id='word_1_234' title='bbox 903 2389 975 2444; x_wconf 89' lang='lat' dir='ltr'>de</span> <span class='ocrx_word' id='word_1_235' title='bbox 1000 2386 1242 2442; x_wconf 89' lang='lat' dir='ltr'>habitus</span> <span class='ocrx_word' id='word_1_236' title='bbox 1293 2379 1574 2469; x_wconf 83' lang='lat' dir='ltr'>qualitate</span> <span class='ocrx_word' id='word_1_237' title='bbox 1614 2373 1828 2469; x_wconf 80' lang='lat' dir='ltr'>metiri,</span> 
     </span>
    </p>
   </div>
   <div class='ocr_carea' id='block_1_38' title="bbox 179 2463 1832 2546">
    <p class='ocr_par' dir='ltr' id='par_1_38' title="bbox 179 2463 1832 2546">
     <span class='ocr_line' id='line_1_38' title="bbox 179 2463 1832 2546; baseline -0.013 -6"><span class='ocrx_word' id='word_1_238' title='bbox 179 2463 244 2540; x_wconf 77' lang='lat' dir='ltr'>ut</span> <span class='ocrx_word' id='word_1_239' title='bbox 269 2483 321 2539; x_wconf 90' lang='lat' dir='ltr'>si</span> <span class='ocrx_word' id='word_1_240' title='bbox 351 2482 429 2540; x_wconf 91' lang='lat' dir='ltr'>sit</span> <span class='ocrx_word' id='word_1_241' title='bbox 447 2481 709 2540; x_wconf 85' lang='lat' dir='ltr'>vestibus</span> <span class='ocrx_word' id='word_1_242' title='bbox 741 2479 963 2535; x_wconf 87' lang='lat' dir='ltr'>nitidus</span> <span class='ocrx_word' id='word_1_243' title='bbox 998 2494 1012 2533; x_wconf 89' lang='lat'>:</span> <span class='ocrx_word' id='word_1_244' title='bbox 1052 2491 1227 2531; x_wconf 81' lang='lat' dir='ltr'>verax</span> <span class='ocrx_word' id='word_1_245' title='bbox 1256 2467 1578 2546; x_wconf 87' lang='lat' dir='ltr'>putetur,si</span> <span class='ocrx_word' id='word_1_246' title='bbox 1611 2463 1832 2522; x_wconf 88' lang='lat' dir='ltr'>amictu</span> 
     </span>
    </p>
   </div>
   <div class='ocr_carea' id='block_1_39' title="bbox 181 2565 1369 2630">
    <p class='ocr_par' dir='ltr' id='par_1_39' title="bbox 181 2565 1369 2630">
     <span class='ocr_line' id='line_1_39' title="bbox 181 2565 1369 2630; baseline -0.012 0"><span class='ocrx_word' id='word_1_247' title='bbox 181 2573 456 2630; x_wconf 88' lang='lat' dir='ltr'>sordidus</span> <span class='ocrx_word' id='word_1_248' title='bbox 489 2590 503 2629; x_wconf 73' lang='grc' dir='ltr'>ε</span> <span class='ocrx_word' id='word_1_249' title='bbox 535 2567 1034 2628; x_wconf 85' lang='lat' dir='ltr'>mendacissimus</span> <span class='ocrx_word' id='word_1_250' title='bbox 1063 2565 1369 2620; x_wconf 84' lang='lat' dir='ltr'>habeatur.</span> 
     </span>
    </p>
   </div>
   <div class='ocr_carea' id='block_1_40' title="bbox 179 2677 1284 2749">
    <p class='ocr_par' dir='ltr' id='par_1_40' title="bbox 179 2677 1284 2749">
     <span class='ocr_line' id='line_1_40' title="bbox 179 2677 1284 2749; baseline -0.012 -12"><span class='ocrx_word' id='word_1_251' title='bbox 179 2683 252 2736; x_wconf 88' lang='lat'>26</span> <span class='ocrx_word' id='word_1_252' title='bbox 324 2681 430 2736; x_wconf 85' lang='lat' dir='ltr'>Nec</span> <span class='ocrx_word' id='word_1_253' title='bbox 453 2679 652 2734; x_wconf 85' lang='lat' dir='ltr'>avertit</span> <span class='ocrx_word' id='word_1_254' title='bbox 679 2677 882 2749; x_wconf 84' lang='lat' dir='ltr'>faciem</span> <span class='ocrx_word' id='word_1_255' title='bbox 909 2689 1069 2730; x_wconf 89' lang='lat' dir='ltr'>suam</span> <span class='ocrx_word' id='word_1_256' title='bbox 1095 2688 1130 2726; x_wconf 93' lang='lat' dir='ltr'>a</span> <span class='ocrx_word' id='word_1_257' title='bbox 1159 2686 1246 2726; x_wconf 83' lang='lat' dir='ltr'>me</span> <span class='ocrx_word' id='word_1_258' title='bbox 1265 2688 1284 2724; x_wconf 90' lang='lat'><strong><em>:</em></strong></span> 
     </span>
    </p>
   </div>
   <div class='ocr_carea' id='block_1_41' title="bbox 327 2757 1670 2828">
    <p class='ocr_par' dir='ltr' id='par_1_41' title="bbox 327 2757 1670 2828">
     <span class='ocr_line' id='line_1_41' title="bbox 327 2757 1670 2828; baseline -0.012 -4"><span class='ocrx_word' id='word_1_259' title='bbox 327 2771 538 2824; x_wconf 85' lang='lat' dir='ltr'>Etcum</span> <span class='ocrx_word' id='word_1_260' title='bbox 563 2766 861 2828; x_wconf 80' lang='lat' dir='ltr'>clamarem</span> <span class='ocrx_word' id='word_1_261' title='bbox 889 2763 960 2819; x_wconf 89' lang='lat' dir='ltr'>ad</span> <span class='ocrx_word' id='word_1_262' title='bbox 987 2778 1114 2818; x_wconf 86' lang='lat' dir='ltr'>eum</span> <span class='ocrx_word' id='word_1_263' title='bbox 1139 2757 1426 2816; x_wconf 72' lang='lat' dir='ltr'>exaudivit</span> <span class='ocrx_word' id='word_1_264' title='bbox 1453 2762 1508 2822; x_wconf 57' lang='grc' dir='ltr'><em>ξι</em></span> <span class='ocrx_word' id='word_1_265' title='bbox 1526 2770 1612 2810; x_wconf 86' lang='lat' dir='ltr'>me</span> <span class='ocrx_word' id='word_1_266' title='bbox 1657 2760 1670 2820; x_wconf 75' lang='grc' dir='ltr'>ζ</span> 
     </span>
    </p>
   </div>
   <div class='ocr_carea' id='block_1_42' title="bbox 257 2845 1840 2920">
    <p class='ocr_par' dir='ltr' id='par_1_42' title="bbox 257 2845 1840 2920">
     <span class='ocr_line' id='line_1_42' title="bbox 257 2845 1840 2920; baseline -0.013 -6"><span class='ocrx_word' id='word_1_267' title='bbox 257 2859 304 2914; x_wconf 86' lang='grc' dir='ltr'>Η</span> <span class='ocrx_word' id='word_1_268' title='bbox 336 2857 453 2913; x_wconf 88' lang='lat' dir='ltr'>Nec</span> <span class='ocrx_word' id='word_1_269' title='bbox 481 2854 686 2912; x_wconf 83' lang='lat' dir='ltr'>avertit</span> <span class='ocrx_word' id='word_1_270' title='bbox 712 2854 942 2920; x_wconf 87' lang='lat' dir='ltr'>faciem,</span> <span class='ocrx_word' id='word_1_271' title='bbox 971 2851 1072 2906; x_wconf 90' lang='lat' dir='ltr'>sed</span> <span class='ocrx_word' id='word_1_272' title='bbox 1105 2845 1472 2904; x_wconf 87' lang='lat' dir='ltr'>resuscitavit</span> <span class='ocrx_word' id='word_1_273' title='bbox 1502 2860 1593 2900; x_wconf 89' lang='lat' dir='ltr'>me</span> <span class='ocrx_word' id='word_1_274' title='bbox 1623 2859 1658 2896; x_wconf 90' lang='lat' dir='ltr'>a</span> <span class='ocrx_word' id='word_1_275' title='bbox 1689 2856 1840 2896; x_wconf 88' lang='lat' dir='ltr'>mor-</span> 
     </span>
    </p>
   </div>
   <div class='ocr_carea' id='block_1_43' title="bbox 183 2929 1838 3011">
    <p class='ocr_par' dir='ltr' id='par_1_43' title="bbox 183 2929 1838 3011">
     <span class='ocr_line' id='line_1_43' title="bbox 183 2929 1838 3011; baseline -0.012 -9"><span class='ocrx_word' id='word_1_276' title='bbox 183 2943 475 3002; x_wconf 90' lang='lat' dir='ltr'>tuis.Cum</span> <span class='ocrx_word' id='word_1_277' title='bbox 504 2942 844 3008; x_wconf 87' lang='lat' dir='ltr'>clamarem,</span> <span class='ocrx_word' id='word_1_278' title='bbox 896 2936 1200 3011; x_wconf 76' lang='lat' dir='ltr'>respondit</span> <span class='ocrx_word' id='word_1_279' title='bbox 1232 2953 1244 2991; x_wconf 90' lang='lat'><strong>:</strong></span> <span class='ocrx_word' id='word_1_280' title='bbox 1279 2931 1602 2990; x_wconf 84' lang='lat' dir='ltr'>Clariiicavi</span> <span class='ocrx_word' id='word_1_281' title='bbox 1653 2933 1710 2985; x_wconf 89' lang='lat' dir='ltr'>et</span> <span class='ocrx_word' id='word_1_282' title='bbox 1739 2929 1838 2983; x_wconf 89' lang='lat' dir='ltr'>ite-</span> 
     </span>
    </p>
   </div>
   <div class='ocr_carea' id='block_1_44' title="bbox 183 3017 1841 3103">
    <p class='ocr_par' dir='ltr' id='par_1_44' title="bbox 183 3017 1841 3103">
     <span class='ocr_line' id='line_1_44' title="bbox 183 3017 1841 3103; baseline -0.011 -13"><span class='ocrx_word' id='word_1_283' title='bbox 183 3051 319 3091; x_wconf 86' lang='lat' dir='ltr'>rum</span> <span class='ocrx_word' id='word_1_284' title='bbox 345 3031 680 3090; x_wconf 81' lang='lat' dir='ltr'>clarificabo</span> <span class='ocrx_word' id='word_1_285' title='bbox 714 3032 900 3103; x_wconf 85' lang='lat' dir='ltr'>(Joan.</span> <span class='ocrx_word' id='word_1_286' title='bbox 949 3026 1074 3098; x_wconf 78' lang='lat' dir='ltr'>xu).</span> <span class='ocrx_word' id='word_1_287' title='bbox 1109 3028 1148 3082; x_wconf 90' lang='lat' dir='ltr'>C</span> <span class='ocrx_word' id='word_1_288' title='bbox 1195 3023 1296 3080; x_wconf 88' lang='lat' dir='ltr'>Vel</span> <span class='ocrx_word' id='word_1_289' title='bbox 1345 3022 1532 3088; x_wconf 87' lang='lat' dir='ltr'>aliter,</span> <span class='ocrx_word' id='word_1_290' title='bbox 1567 3017 1841 3075; x_wconf 85' lang='lat' dir='ltr'>clamavit</span> 
     </span>
    </p>
   </div>
   <div class='ocr_carea' id='block_1_45' title="bbox 186 3111 1841 3194">
    <p class='ocr_par' dir='ltr' id='par_1_45' title="bbox 186 3111 1841 3194">
     <span class='ocr_line' id='line_1_45' title="bbox 186 3111 1841 3194; baseline -0.01 -16"><span class='ocrx_word' id='word_1_291' title='bbox 186 3123 384 3194; x_wconf 86' lang='lat' dir='ltr'>itaque</span> <span class='ocrx_word' id='word_1_292' title='bbox 417 3137 430 3176; x_wconf 89' lang='lat'><strong>:</strong></span> <span class='ocrx_word' id='word_1_293' title='bbox 464 3123 530 3176; x_wconf 90' lang='lat' dir='ltr'>ut</span> <span class='ocrx_word' id='word_1_294' title='bbox 558 3134 718 3174; x_wconf 87' lang='lat' dir='ltr'>mors</span> <span class='ocrx_word' id='word_1_295' title='bbox 750 3120 950 3174; x_wconf 88' lang='lat' dir='ltr'>nostra</span> <span class='ocrx_word' id='word_1_296' title='bbox 979 3115 1106 3188; x_wconf 83' lang='lat' dir='ltr'>ejus</span> <span class='ocrx_word' id='word_1_297' title='bbox 1125 3117 1311 3169; x_wconf 89' lang='lat' dir='ltr'>morte</span> <span class='ocrx_word' id='word_1_298' title='bbox 1342 3111 1692 3174; x_wconf 84' lang='lat' dir='ltr'>ﬁniretur,et</span> <span class='ocrx_word' id='word_1_299' title='bbox 1712 3123 1841 3194; x_wconf 88' lang='lat' dir='ltr'>pec-</span> 
     </span>
    </p>
   </div>
   <div class='ocr_carea' id='block_1_46' title="bbox 187 3193 1843 3274">
    <p class='ocr_par' dir='ltr' id='par_1_46' title="bbox 187 3193 1843 3274">
     <span class='ocr_line' id='line_1_46' title="bbox 187 3193 1843 3274; baseline -0.01 -8"><span class='ocrx_word' id='word_1_300' title='bbox 187 3193 385 3267; x_wconf 87' lang='lat' dir='ltr'>catum</span> <span class='ocrx_word' id='word_1_301' title='bbox 415 3205 627 3264; x_wconf 83' lang='lat' dir='ltr'>veteris</span> <span class='ocrx_word' id='word_1_302' title='bbox 655 3204 945 3274; x_wconf 86' lang='lat' dir='ltr'>hominis;</span> <span class='ocrx_word' id='word_1_303' title='bbox 979 3201 1368 3260; x_wconf 88' lang='lat' dir='ltr'>redimeretur</span> <span class='ocrx_word' id='word_1_304' title='bbox 1387 3197 1576 3272; x_wconf 89' lang='lat' dir='ltr'>pretio</span> <span class='ocrx_word' id='word_1_305' title='bbox 1598 3193 1843 3254; x_wconf 87' lang='lat' dir='ltr'>sanctis-</span> 
     </span>
    </p>
   </div>
   <div class='ocr_carea' id='block_1_47' title="bbox 191 3288 701 3371">
    <p class='ocr_par' dir='ltr' id='par_1_47' title="bbox 191 3288 701 3371">
     <span class='ocr_line' id='line_1_47' title="bbox 191 3288 701 3371; baseline -0.008 -15"><span class='ocrx_word' id='word_1_306' title='bbox 191 3299 357 3356; x_wconf 73' lang='lat' dir='ltr'>simae</span> <span class='ocrx_word' id='word_1_307' title='bbox 383 3288 701 3371; x_wconf 84' lang='lat' dir='ltr'>passionis.</span> 
     </span>
    </p>
   </div>
   <div class='ocr_carea' id='block_1_48' title="bbox 187 3383 1452 3461">
    <p class='ocr_par' dir='ltr' id='par_1_48' title="bbox 187 3383 1452 3461">
     <span class='ocr_line' id='line_1_48' title="bbox 187 3383 1452 3461; baseline -0.008 -17"><span class='ocrx_word' id='word_1_308' title='bbox 187 3391 258 3444; x_wconf 88' lang='lat'>27</span> <span class='ocrx_word' id='word_1_309' title='bbox 331 3387 484 3461; x_wconf 81' lang='lat' dir='ltr'>Apud</span> <span class='ocrx_word' id='word_1_310' title='bbox 513 3394 563 3443; x_wconf 85' lang='lat' dir='ltr'>te</span> <span class='ocrx_word' id='word_1_311' title='bbox 591 3393 711 3443; x_wconf 88' lang='lat' dir='ltr'>taus</span> <span class='ocrx_word' id='word_1_312' title='bbox 738 3400 859 3442; x_wconf 87' lang='lat' dir='ltr'>mea</span> <span class='ocrx_word' id='word_1_313' title='bbox 889 3387 944 3442; x_wconf 85' lang='lat' dir='ltr'>in</span> <span class='ocrx_word' id='word_1_314' title='bbox 975 3383 1218 3440; x_wconf 79' lang='lat' dir='ltr'>Ecclesia</span> <span class='ocrx_word' id='word_1_315' title='bbox 1245 3395 1452 3450; x_wconf 88' lang='lat' dir='ltr'>magna</span> 
     </span>
    </p>
   </div>
   <div class='ocr_carea' id='block_1_49' title="bbox 339 3469 1768 3545">
    <p class='ocr_par' dir='ltr' id='par_1_49' title="bbox 339 3469 1768 3545">
     <span class='ocr_line' id='line_1_49' title="bbox 339 3469 1768 3545; baseline -0.011 -10"><span class='ocrx_word' id='word_1_316' title='bbox 339 3479 468 3535; x_wconf 75' lang='lat' dir='ltr'>Vota</span> <span class='ocrx_word' id='word_1_317' title='bbox 493 3493 620 3532; x_wconf 86' lang='lat' dir='ltr'>mea</span> <span class='ocrx_word' id='word_1_318' title='bbox 649 3475 872 3534; x_wconf 86' lang='lat' dir='ltr'>reddam</span> <span class='ocrx_word' id='word_1_319' title='bbox 899 3476 962 3530; x_wconf 89' lang='lat' dir='ltr'>in</span> <span class='ocrx_word' id='word_1_320' title='bbox 989 3480 1268 3545; x_wconf 85' lang='lat' dir='ltr'>conspectu</span> <span class='ocrx_word' id='word_1_321' title='bbox 1289 3469 1603 3527; x_wconf 81' lang='lat' dir='ltr'>timentium</span> <span class='ocrx_word' id='word_1_322' title='bbox 1625 3481 1768 3521; x_wconf 87' lang='lat' dir='ltr'>eum.</span> 
     </span>
    </p>
   </div>
   <div class='ocr_carea' id='block_1_50' title="bbox 266 3553 1845 3638">
    <p class='ocr_par' dir='ltr' id='par_1_50' title="bbox 266 3553 1845 3638">
     <span class='ocr_line' id='line_1_50' title="bbox 266 3553 1845 3638; baseline -0.009 -16"><span class='ocrx_word' id='word_1_323' title='bbox 266 3567 308 3622; x_wconf 90' lang='lat' dir='ltr'>C</span> <span class='ocrx_word' id='word_1_324' title='bbox 338 3565 504 3638; x_wconf 86' lang='lat' dir='ltr'>Apud</span> <span class='ocrx_word' id='word_1_325' title='bbox 533 3569 590 3621; x_wconf 89' lang='lat' dir='ltr'>te</span> <span class='ocrx_word' id='word_1_326' title='bbox 621 3564 916 3638; x_wconf 82' lang='lat' dir='ltr'>signiﬁcat</span> <span class='ocrx_word' id='word_1_327' title='bbox 943 3562 1013 3617; x_wconf 90' lang='lat' dir='ltr'>de</span> <span class='ocrx_word' id='word_1_328' title='bbox 1043 3565 1118 3628; x_wconf 90' lang='lat' dir='ltr'>te,</span> <span class='ocrx_word' id='word_1_329' title='bbox 1152 3558 1282 3615; x_wconf 87' lang='lat' dir='ltr'>laus</span> <span class='ocrx_word' id='word_1_330' title='bbox 1320 3575 1452 3614; x_wconf 89' lang='lat' dir='ltr'>mea</span> <span class='ocrx_word' id='word_1_331' title='bbox 1479 3555 1538 3610; x_wconf 90' lang='lat' dir='ltr'>in</span> <span class='ocrx_word' id='word_1_332' title='bbox 1569 3553 1845 3620; x_wconf 83' lang='lat' dir='ltr'>Ecclesia,</span> 
     </span>
    </p>
   </div>
   <div class='ocr_carea' id='block_1_51' title="bbox 199 3641 1846 3724">
    <p class='ocr_par' dir='ltr' id='par_1_51' title="bbox 199 3641 1846 3724">
     <span class='ocr_line' id='line_1_51' title="bbox 199 3641 1846 3724; baseline -0.009 -13"><span class='ocrx_word' id='word_1_333' title='bbox 199 3655 422 3713; x_wconf 86' lang='lat' dir='ltr'>scilicet</span> <span class='ocrx_word' id='word_1_334' title='bbox 469 3651 776 3718; x_wconf 89' lang='lat' dir='ltr'>catholica,</span> <span class='ocrx_word' id='word_1_335' title='bbox 816 3667 1032 3724; x_wconf 87' lang='lat' dir='ltr'>magna</span> <span class='ocrx_word' id='word_1_336' title='bbox 1059 3649 1216 3706; x_wconf 89' lang='lat' dir='ltr'>enim</span> <span class='ocrx_word' id='word_1_337' title='bbox 1248 3652 1306 3704; x_wconf 90' lang='lat' dir='ltr'>et</span> <span class='ocrx_word' id='word_1_338' title='bbox 1343 3644 1730 3720; x_wconf 86' lang='lat' dir='ltr'>amplitudine</span> <span class='ocrx_word' id='word_1_339' title='bbox 1760 3641 1846 3698; x_wconf 92' lang='lat' dir='ltr'>di-</span> 
     </span>
    </p>
   </div>
   <div class='ocr_carea' id='block_1_52' title="bbox 198 3729 1850 3810">
    <p class='ocr_par' dir='ltr' id='par_1_52' title="bbox 198 3729 1850 3810">
     <span class='ocr_line' id='line_1_52' title="bbox 198 3729 1850 3810; baseline -0.01 -8"><span class='ocrx_word' id='word_1_340' title='bbox 198 3745 353 3802; x_wconf 90' lang='lat' dir='ltr'>citur</span> <span class='ocrx_word' id='word_1_341' title='bbox 371 3747 428 3800; x_wconf 88' lang='lat' dir='ltr'>et</span> <span class='ocrx_word' id='word_1_342' title='bbox 447 3742 1230 3810; x_wconf 84' lang='lat' dir='ltr'>honore.Vota,sacramenta</span> <span class='ocrx_word' id='word_1_343' title='bbox 1253 3735 1512 3810; x_wconf 89' lang='lat' dir='ltr'>corporis</span> <span class='ocrx_word' id='word_1_344' title='bbox 1533 3737 1590 3791; x_wconf 88' lang='lat' dir='ltr'>et</span> <span class='ocrx_word' id='word_1_345' title='bbox 1618 3729 1850 3804; x_wconf 86' lang='lat' dir='ltr'>sangui-</span> 
     </span>
    </p>
   </div>
   <div class='ocr_carea' id='block_1_53' title="bbox 198 3823 1849 3907">
    <p class='ocr_par' dir='ltr' id='par_1_53' title="bbox 198 3823 1849 3907">
     <span class='ocr_line' id='line_1_53' title="bbox 198 3823 1849 3907; baseline -0.008 -17"><span class='ocrx_word' id='word_1_346' title='bbox 198 3835 450 3907; x_wconf 69' lang='lat' dir='ltr'>nis,qute</span> <span class='ocrx_word' id='word_1_347' title='bbox 479 3831 598 3888; x_wconf 91' lang='lat' dir='ltr'>illis</span> <span class='ocrx_word' id='word_1_348' title='bbox 629 3829 1014 3905; x_wconf 65' lang='lat' dir='ltr'>praesentibus</span> <span class='ocrx_word' id='word_1_349' title='bbox 1044 3828 1372 3885; x_wconf 90' lang='lat' dir='ltr'>redduntur</span> <span class='ocrx_word' id='word_1_350' title='bbox 1401 3845 1414 3882; x_wconf 91' lang='lat'>:</span> <span class='ocrx_word' id='word_1_351' title='bbox 1439 3824 1540 3899; x_wconf 89' lang='lat' dir='ltr'>qui</span> <span class='ocrx_word' id='word_1_352' title='bbox 1562 3823 1612 3880; x_wconf 90' lang='lat' dir='ltr'>ei</span> <span class='ocrx_word' id='word_1_353' title='bbox 1646 3824 1849 3878; x_wconf 89' lang='lat' dir='ltr'>sancto</span> 
     </span>
    </p>
   </div>
   <div class='ocr_carea' id='block_1_54' title="bbox 197 3911 1851 3994">
    <p class='ocr_par' dir='ltr' id='par_1_54' title="bbox 197 3911 1851 3994">
     <span class='ocr_line' id='line_1_54' title="bbox 197 3911 1851 3994; baseline -0.007 -14"><span class='ocrx_word' id='word_1_354' title='bbox 197 3923 408 3980; x_wconf 86' lang='lat' dir='ltr'>timore</span> <span class='ocrx_word' id='word_1_355' title='bbox 437 3919 681 3994; x_wconf 87' lang='lat' dir='ltr'>subjecti</span> <span class='ocrx_word' id='word_1_356' title='bbox 711 3922 871 3990; x_wconf 90' lang='lat' dir='ltr'>sunt,</span> <span class='ocrx_word' id='word_1_357' title='bbox 913 3919 1165 3992; x_wconf 89' lang='lat' dir='ltr'>denique</span> <span class='ocrx_word' id='word_1_358' title='bbox 1212 3934 1338 3990; x_wconf 81' lang='lat' dir='ltr'>quae</span> <span class='ocrx_word' id='word_1_359' title='bbox 1384 3915 1504 3974; x_wconf 89' lang='lat' dir='ltr'>sint</span> <span class='ocrx_word' id='word_1_360' title='bbox 1554 3917 1687 3970; x_wconf 89' lang='lat' dir='ltr'>vota</span> <span class='ocrx_word' id='word_1_361' title='bbox 1737 3911 1851 3968; x_wconf 81' lang='lat' dir='ltr'>ista</span> 
     </span>
    </p>
   </div>
   <div class='ocr_carea' id='block_1_55' title="bbox 197 4010 1212 4086">
    <p class='ocr_par' dir='ltr' id='par_1_55' title="bbox 197 4010 1212 4086">
     <span class='ocr_line' id='line_1_55' title="bbox 197 4010 1212 4086; baseline -0.006 -16"><span class='ocrx_word' id='word_1_362' title='bbox 197 4011 525 4086; x_wconf 82' lang='lat' dir='ltr'>subjungit.</span> <span class='ocrx_word' id='word_1_363' title='bbox 557 4010 742 4066; x_wconf 89' lang='lat' dir='ltr'>Edent</span> <span class='ocrx_word' id='word_1_364' title='bbox 770 4025 1076 4083; x_wconf 89' lang='lat' dir='ltr'>pauperes,</span> <span class='ocrx_word' id='word_1_365' title='bbox 1105 4013 1212 4064; x_wconf 90' lang='lat' dir='ltr'>etc.</span> 
     </span>
    </p>
   </div>
   <div class='ocr_carea' id='block_1_56' title="bbox 195 4108 1850 4192">
    <p class='ocr_par' dir='ltr' id='par_1_56' title="bbox 195 4108 1850 4192">
     <span class='ocr_line' id='line_1_56' title="bbox 195 4108 1850 4192; baseline -0.008 -14"><span class='ocrx_word' id='word_1_366' title='bbox 195 4121 270 4178; x_wconf 86' lang='lat'>28</span> <span class='ocrx_word' id='word_1_367' title='bbox 343 4119 519 4177; x_wconf 83' lang='lat' dir='ltr'>Edent</span> <span class='ocrx_word' id='word_1_368' title='bbox 538 4134 804 4192; x_wconf 83' lang='lat' dir='ltr'>pauperes</span> <span class='ocrx_word' id='word_1_369' title='bbox 830 4124 881 4176; x_wconf 92' lang='lat' dir='ltr'>et</span> <span class='ocrx_word' id='word_1_370' title='bbox 909 4117 1306 4174; x_wconf 83' lang='lat' dir='ltr'>saturabuntur</span> <span class='ocrx_word' id='word_1_371' title='bbox 1335 4134 1352 4170; x_wconf 87' lang='lat'><strong><em>:</em></strong></span> <span class='ocrx_word' id='word_1_372' title='bbox 1380 4121 1436 4184; x_wconf 66' lang='lat'>+-</span> <span class='ocrx_word' id='word_1_373' title='bbox 1478 4117 1534 4170; x_wconf 88' lang='lat' dir='ltr'>et</span> <span class='ocrx_word' id='word_1_374' title='bbox 1577 4119 1591 4180; x_wconf 76' lang='grc' dir='ltr'>ζ</span> <span class='ocrx_word' id='word_1_375' title='bbox 1647 4108 1850 4167; x_wconf 83' lang='lat' dir='ltr'>lauda-</span> 
     </span>
    </p>
   </div>
   <div class='ocr_carea' id='block_1_57' title="bbox 411 4207 1518 4280">
    <p class='ocr_par' dir='ltr' id='par_1_57' title="bbox 411 4207 1518 4280">
     <span class='ocr_line' id='line_1_57' title="bbox 411 4207 1518 4280; baseline -0.005 -16"><span class='ocrx_word' id='word_1_376' title='bbox 411 4209 542 4266; x_wconf 86' lang='lat' dir='ltr'>bant</span> <span class='ocrx_word' id='word_1_377' title='bbox 570 4210 869 4266; x_wconf 85' lang='lat' dir='ltr'>Dominum</span> <span class='ocrx_word' id='word_1_378' title='bbox 897 4208 995 4280; x_wconf 89' lang='lat' dir='ltr'>qui</span> <span class='ocrx_word' id='word_1_379' title='bbox 1023 4207 1314 4280; x_wconf 85' lang='lat' dir='ltr'>requirunt</span> <span class='ocrx_word' id='word_1_380' title='bbox 1341 4222 1468 4262; x_wconf 87' lang='lat' dir='ltr'>eum</span> <span class='ocrx_word' id='word_1_381' title='bbox 1500 4222 1518 4258; x_wconf 86' lang='lat'><strong>:</strong></span> 
     </span>
    </p>
   </div>
   <div class='ocr_carea' id='block_1_58' title="bbox 341 4291 1706 4360">
    <p class='ocr_par' dir='ltr' id='par_1_58' title="bbox 341 4291 1706 4360">
     <span class='ocr_line' id='line_1_58' title="bbox 341 4291 1706 4360; baseline -0.007 -3"><span class='ocrx_word' id='word_1_382' title='bbox 341 4300 530 4357; x_wconf 75' lang='lat' dir='ltr'>Vivent</span> <span class='ocrx_word' id='word_1_383' title='bbox 558 4298 730 4356; x_wconf 86' lang='lat' dir='ltr'>corda</span> <span class='ocrx_word' id='word_1_384' title='bbox 760 4314 946 4355; x_wconf 82' lang='lat' dir='ltr'>eorum</span> <span class='ocrx_word' id='word_1_385' title='bbox 977 4299 1040 4354; x_wconf 88' lang='lat' dir='ltr'>in</span> <span class='ocrx_word' id='word_1_386' title='bbox 1066 4297 1334 4355; x_wconf 72' lang='lat' dir='ltr'>saeculum</span> <span class='ocrx_word' id='word_1_387' title='bbox 1359 4301 1414 4360; x_wconf 61' lang='lat' dir='ltr'>v2—</span> <span class='ocrx_word' id='word_1_388' title='bbox 1458 4291 1653 4351; x_wconf 62' lang='grc' dir='ltr'>διεσπιὶ</span> <span class='ocrx_word' id='word_1_389' title='bbox 1692 4295 1706 4356; x_wconf 76' lang='grc' dir='ltr'>ζ</span> 
     </span>
    </p>
   </div>
   <div class='ocr_carea' id='block_1_59' title="bbox 266 4381 1851 4464">
    <p class='ocr_par' dir='ltr' id='par_1_59' title="bbox 266 4381 1851 4464">
     <span class='ocr_line' id='line_1_59' title="bbox 266 4381 1851 4464; baseline -0.008 -18"><span class='ocrx_word' id='word_1_390' title='bbox 266 4390 308 4446; x_wconf 95' lang='lat' dir='ltr'>C</span> <span class='ocrx_word' id='word_1_391' title='bbox 336 4389 647 4464; x_wconf 88' lang='lat' dir='ltr'>Pauperes,</span> <span class='ocrx_word' id='word_1_392' title='bbox 682 4388 740 4444; x_wconf 88' lang='lat' dir='ltr'>id</span> <span class='ocrx_word' id='word_1_393' title='bbox 770 4391 879 4461; x_wconf 90' lang='lat' dir='ltr'>est,</span> <span class='ocrx_word' id='word_1_394' title='bbox 911 4403 1158 4462; x_wconf 83' lang='lat' dir='ltr'>regnum</span> <span class='ocrx_word' id='word_1_395' title='bbox 1192 4385 1292 4443; x_wconf 86' lang='lat' dir='ltr'>Dei</span> <span class='ocrx_word' id='word_1_396' title='bbox 1321 4383 1665 4442; x_wconf 87' lang='lat' dir='ltr'>esurientes.</span> <span class='ocrx_word' id='word_1_397' title='bbox 1685 4381 1851 4436; x_wconf 88' lang='lat' dir='ltr'>Satu-</span> 
     </span>
    </p>
   </div>
   <div class='ocr_carea' id='block_1_60' title="bbox 196 4466 1853 4550">
    <p class='ocr_par' dir='ltr' id='par_1_60' title="bbox 196 4466 1853 4550">
     <span class='ocr_line' id='line_1_60' title="bbox 196 4466 1853 4550; baseline -0.006 -16"><span class='ocrx_word' id='word_1_398' title='bbox 196 4478 311 4534; x_wconf 90' lang='lat' dir='ltr'>rari</span> <span class='ocrx_word' id='word_1_399' title='bbox 343 4477 500 4534; x_wconf 89' lang='lat' dir='ltr'>enim</span> <span class='ocrx_word' id='word_1_400' title='bbox 549 4493 667 4534; x_wconf 91' lang='lat' dir='ltr'>non</span> <span class='ocrx_word' id='word_1_401' title='bbox 723 4481 974 4550; x_wconf 89' lang='lat' dir='ltr'>possunt</span> <span class='ocrx_word' id='word_1_402' title='bbox 1030 4475 1146 4532; x_wconf 89' lang='lat' dir='ltr'>nisi</span> <span class='ocrx_word' id='word_1_403' title='bbox 1201 4491 1351 4548; x_wconf 92' lang='lat' dir='ltr'>quos</span> <span class='ocrx_word' id='word_1_404' title='bbox 1395 4471 1532 4528; x_wconf 89' lang='lat' dir='ltr'>talis</span> <span class='ocrx_word' id='word_1_405' title='bbox 1589 4466 1853 4543; x_wconf 88' lang='lat' dir='ltr'>possidet</span> 
     </span>
    </p>
   </div>
   <div class='ocr_carea' id='block_1_61' title="bbox 195 4555 1854 4640">
    <p class='ocr_par' dir='ltr' id='par_1_61' title="bbox 195 4555 1854 4640">
     <span class='ocr_line' id='line_1_61' title="bbox 195 4555 1854 4640; baseline -0.007 -16"><span class='ocrx_word' id='word_1_406' title='bbox 195 4568 441 4625; x_wconf 88' lang='lat' dir='ltr'>esuries.</span> <span class='ocrx_word' id='word_1_407' title='bbox 474 4567 764 4640; x_wconf 89' lang='lat' dir='ltr'>Pauperes</span> <span class='ocrx_word' id='word_1_408' title='bbox 813 4566 1058 4624; x_wconf 88' lang='lat' dir='ltr'>saturati</span> <span class='ocrx_word' id='word_1_409' title='bbox 1105 4565 1287 4622; x_wconf 88' lang='lat' dir='ltr'>Deum</span> <span class='ocrx_word' id='word_1_410' title='bbox 1336 4560 1601 4628; x_wconf 85' lang='lat' dir='ltr'>laudant,</span> <span class='ocrx_word' id='word_1_411' title='bbox 1643 4555 1854 4613; x_wconf 84' lang='lat' dir='ltr'>divites</span> 
     </span>
    </p>
   </div>
   <div class='ocr_carea' id='block_1_62' title="bbox 199 4649 1851 4736">
    <p class='ocr_par' dir='ltr' id='par_1_62' title="bbox 199 4649 1851 4736">
     <span class='ocr_line' id='line_1_62' title="bbox 199 4649 1851 4736; baseline -0.008 -22"><span class='ocrx_word' id='word_1_412' title='bbox 199 4656 548 4730; x_wconf 88' lang='lat' dir='ltr'>semetipsos</span> <span class='ocrx_word' id='word_1_413' title='bbox 577 4655 851 4713; x_wconf 82' lang='lat' dir='ltr'>exaltant.</span> <span class='ocrx_word' id='word_1_414' title='bbox 887 4657 928 4711; x_wconf 78' lang='lat' dir='ltr'>ll</span> <span class='ocrx_word' id='word_1_415' title='bbox 961 4654 1069 4721; x_wconf 88' lang='lat' dir='ltr'>Qui</span> <span class='ocrx_word' id='word_1_416' title='bbox 1099 4653 1409 4736; x_wconf 73' lang='lat' dir='ltr'>reqpirunt</span> <span class='ocrx_word' id='word_1_417' title='bbox 1437 4649 1551 4705; x_wconf 82' lang='lat' dir='ltr'>ﬁde</span> <span class='ocrx_word' id='word_1_418' title='bbox 1582 4651 1639 4704; x_wconf 89' lang='lat' dir='ltr'>et</span> <span class='ocrx_word' id='word_1_419' title='bbox 1659 4661 1851 4718; x_wconf 87' lang='lat' dir='ltr'>opere,</span> 
     </span>
    </p>
   </div>
   <div class='ocr_carea' id='block_1_63' title="bbox 198 4733 1930 4837">
    <p class='ocr_par' dir='ltr' id='par_1_63' title="bbox 198 4733 1930 4837">
     <span class='ocr_line' id='line_1_63' title="bbox 198 4733 1930 4837; baseline -0.008 -35"><span class='ocrx_word' id='word_1_420' title='bbox 198 4745 613 4837; x_wconf 83' lang='lat' dir='ltr'>intelligentes,</span> <span class='ocrx_word' id='word_1_421' title='bbox 667 4762 795 4818; x_wconf 68' lang='lat' dir='ltr'>qua:</span> <span class='ocrx_word' id='word_1_422' title='bbox 849 4745 978 4817; x_wconf 87' lang='lat' dir='ltr'>ipse</span> <span class='ocrx_word' id='word_1_423' title='bbox 1031 4746 1121 4798; x_wconf 91' lang='lat' dir='ltr'>est</span> <span class='ocrx_word' id='word_1_424' title='bbox 1184 4733 1355 4814; x_wconf 80' lang='lat' dir='ltr'>panis</span> <span class='ocrx_word' id='word_1_425' title='bbox 1425 4737 1546 4836; x_wconf 39' lang='lat' dir='ltr'>qui.</span> <span class='ocrx_word' id='word_1_426' title='bbox 1586 4736 1656 4792; x_wconf 90' lang='lat' dir='ltr'>de</span> <span class='ocrx_word' id='word_1_427' title='bbox 1709 4733 1853 4837; x_wconf 46' lang='lat' dir='ltr'>caelo</span> <span class='ocrx_word' id='word_1_428' title='bbox 1883 4773 1930 4837; x_wconf 67' lang='grc' dir='ltr'>Β</span> 
     </span>
    </p>
   </div>
   <div class='ocr_carea' id='block_1_64' title="bbox 199 4823 1856 4902">
    <p class='ocr_par' dir='ltr' id='par_1_64' title="bbox 199 4823 1856 4902">
     <span class='ocr_line' id='line_1_64' title="bbox 199 4823 1856 4902; baseline -0.008 -9"><span class='ocrx_word' id='word_1_429' title='bbox 199 4835 520 4892; x_wconf 88' lang='lat' dir='ltr'>descendit.</span> <span class='ocrx_word' id='word_1_430' title='bbox 552 4833 712 4888; x_wconf 68' lang='lat' dir='ltr'>Vivit</span> <span class='ocrx_word' id='word_1_431' title='bbox 739 4851 857 4900; x_wconf 89' lang='lat' dir='ltr'>cor,</span> <span class='ocrx_word' id='word_1_432' title='bbox 884 4833 942 4888; x_wconf 90' lang='lat' dir='ltr'>id</span> <span class='ocrx_word' id='word_1_433' title='bbox 977 4835 1085 4896; x_wconf 89' lang='lat' dir='ltr'>est,</span> <span class='ocrx_word' id='word_1_434' title='bbox 1118 4847 1253 4902; x_wconf 86' lang='lat' dir='ltr'>spes</span> <span class='ocrx_word' id='word_1_435' title='bbox 1287 4843 1489 4884; x_wconf 84' lang='lat' dir='ltr'>eorum</span> <span class='ocrx_word' id='word_1_436' title='bbox 1533 4823 1856 4881; x_wconf 88' lang='lat' dir='ltr'>immobilis</span> 
     </span>
    </p>
   </div>
   <div class='ocr_carea' id='block_1_65' title="bbox 199 4913 1854 4999">
    <p class='ocr_par' dir='ltr' id='par_1_65' title="bbox 199 4913 1854 4999">
     <span class='ocr_line' id='line_1_65' title="bbox 199 4913 1854 4999; baseline -0.008 -17"><span class='ocrx_word' id='word_1_437' title='bbox 199 4929 519 4999; x_wconf 81' lang='lat' dir='ltr'>vegetatur.</span> <span class='ocrx_word' id='word_1_438' title='bbox 555 4922 706 4978; x_wconf 87' lang='lat' dir='ltr'>Illud</span> <span class='ocrx_word' id='word_1_439' title='bbox 737 4922 928 4977; x_wconf 87' lang='lat' dir='ltr'>vivere</span> <span class='ocrx_word' id='word_1_440' title='bbox 958 4919 1212 4975; x_wconf 87' lang='lat' dir='ltr'>dicimus</span> <span class='ocrx_word' id='word_1_441' title='bbox 1242 4915 1525 4972; x_wconf 84' lang='lat' dir='ltr'>veraciter</span> <span class='ocrx_word' id='word_1_442' title='bbox 1557 4933 1569 4971; x_wconf 91' lang='lat'><strong>:</strong></span> <span class='ocrx_word' id='word_1_443' title='bbox 1605 4914 1759 4988; x_wconf 92' lang='lat' dir='ltr'>quod</span> <span class='ocrx_word' id='word_1_444' title='bbox 1795 4913 1854 4968; x_wconf 90' lang='lat' dir='ltr'>in</span> 
     </span>
    </p>
   </div>
   <div class='ocr_carea' id='block_1_66' title="bbox 200 5011 1124 5086">
    <p class='ocr_par' dir='ltr' id='par_1_66' title="bbox 200 5011 1124 5086">
     <span class='ocr_line' id='line_1_66' title="bbox 200 5011 1124 5086; baseline -0.009 -15"><span class='ocrx_word' id='word_1_445' title='bbox 200 5013 523 5071; x_wconf 79' lang='lat' dir='ltr'>divinitatis</span> <span class='ocrx_word' id='word_1_446' title='bbox 555 5011 742 5086; x_wconf 87' lang='lat' dir='ltr'>graiia</span> <span class='ocrx_word' id='word_1_447' title='bbox 771 5012 1124 5084; x_wconf 85' lang='lat' dir='ltr'>perseverat.</span> 
     </span>
    </p>
   </div>
   <div class='ocr_carea' id='block_1_67' title="bbox 199 5113 1740 5178">
    <p class='ocr_par' dir='ltr' id='par_1_67' title="bbox 199 5113 1740 5178">
     <span class='ocr_line' id='line_1_67' title="bbox 199 5113 1740 5178; baseline -0.005 -2"><span class='ocrx_word' id='word_1_448' title='bbox 199 5124 268 5178; x_wconf 83' lang='lat'>29</span> <span class='ocrx_word' id='word_1_449' title='bbox 345 5122 785 5178; x_wconf 80' lang='lat' dir='ltr'>Reminisceniur</span> <span class='ocrx_word' id='word_1_450' title='bbox 813 5125 865 5175; x_wconf 87' lang='lat' dir='ltr'>et</span> <span class='ocrx_word' id='word_1_451' title='bbox 889 5118 1274 5174; x_wconf 80' lang='lat' dir='ltr'>convertentur</span> <span class='ocrx_word' id='word_1_452' title='bbox 1301 5113 1371 5171; x_wconf 84' lang='lat' dir='ltr'>ad</span> <span class='ocrx_word' id='word_1_453' title='bbox 1399 5114 1691 5172; x_wconf 81' lang='lat' dir='ltr'>Dominum</span> <span class='ocrx_word' id='word_1_454' title='bbox 1722 5131 1740 5168; x_wconf 87' lang='lat'><strong><em>:</em></strong></span> 
     </span>
    </p>
   </div>
   <div class='ocr_carea' id='block_1_68' title="bbox 347 5209 981 5279">
    <p class='ocr_par' dir='ltr' id='par_1_68' title="bbox 347 5209 981 5279">
     <span class='ocr_line' id='line_1_68' title="bbox 347 5209 981 5279; baseline -0.006 -11"><span class='ocrx_word' id='word_1_455' title='bbox 347 5210 602 5268; x_wconf 82' lang='lat' dir='ltr'>Universi</span> <span class='ocrx_word' id='word_1_456' title='bbox 629 5209 767 5279; x_wconf 74' lang='lat' dir='ltr'>fines</span> <span class='ocrx_word' id='word_1_457' title='bbox 798 5213 981 5264; x_wconf 64' lang='lat' dir='ltr'>terra}.</span> 
     </span>
    </p>
   </div>
   <div class='ocr_carea' id='block_1_69' title="bbox 271 5293 1864 5365">
    <p class='ocr_par' dir='ltr' id='par_1_69' title="bbox 271 5293 1864 5365">
     <span class='ocr_line' id='line_1_69' title="bbox 271 5293 1864 5365; baseline -0.007 -8"><span class='ocrx_word' id='word_1_458' title='bbox 271 5299 314 5356; x_wconf 87' lang='lat' dir='ltr'>C</span> <span class='ocrx_word' id='word_1_459' title='bbox 346 5295 667 5357; x_wconf 82' lang='lat' dir='ltr'>Reminisci</span> <span class='ocrx_word' id='word_1_460' title='bbox 722 5295 856 5350; x_wconf 86' lang='lat' dir='ltr'>illos</span> <span class='ocrx_word' id='word_1_461' title='bbox 909 5293 1164 5348; x_wconf 81' lang='lat' dir='ltr'>dicimus</span> <span class='ocrx_word' id='word_1_462' title='bbox 1197 5310 1210 5348; x_wconf 90' lang='lat'><strong>:</strong></span> <span class='ocrx_word' id='word_1_463' title='bbox 1243 5309 1390 5365; x_wconf 85' lang='lat' dir='ltr'>quos</span> <span class='ocrx_word' id='word_1_464' title='bbox 1443 5296 1670 5350; x_wconf 86' lang='lat' dir='ltr'>constat</span> <span class='ocrx_word' id='word_1_465' title='bbox 1731 5294 1864 5364; x_wconf 86' lang='lat' dir='ltr'>post</span> 
     </span>
    </p>
   </div>
   <div class='ocr_carea' id='block_1_70' title="bbox 204 5380 1862 5444">
    <p class='ocr_par' dir='ltr' id='par_1_70' title="bbox 204 5380 1862 5444">
     <span class='ocr_line' id='line_1_70' title="bbox 204 5380 1862 5444; baseline -0.005 0"><span class='ocrx_word' id='word_1_466' title='bbox 204 5388 559 5444; x_wconf 88' lang='lat' dir='ltr'>oblivionem</span> <span class='ocrx_word' id='word_1_467' title='bbox 591 5382 802 5437; x_wconf 86' lang='lat' dir='ltr'>Christi</span> <span class='ocrx_word' id='word_1_468' title='bbox 835 5383 1055 5437; x_wconf 79' lang='lat' dir='ltr'>redisse</span> <span class='ocrx_word' id='word_1_469' title='bbox 1085 5382 1156 5437; x_wconf 86' lang='lat' dir='ltr'>ad</span> <span class='ocrx_word' id='word_1_470' title='bbox 1179 5400 1372 5438; x_wconf 77' lang='lat' dir='ltr'>verum</span> <span class='ocrx_word' id='word_1_471' title='bbox 1403 5380 1862 5439; x_wconf 85' lang='lat' dir='ltr'>medicinam.Et</span> 
     </span>
    </p>
   </div>
   <div class='ocr_carea' id='block_1_71' title="bbox 207 5467 1858 5548">
    <p class='ocr_par' dir='ltr' id='par_1_71' title="bbox 207 5467 1858 5548">
     <span class='ocr_line' id='line_1_71' title="bbox 207 5467 1858 5548; baseline -0.004 -16"><span class='ocrx_word' id='word_1_472' title='bbox 207 5477 444 5548; x_wconf 88' lang='lat' dir='ltr'>quando</span> <span class='ocrx_word' id='word_1_473' title='bbox 469 5480 625 5530; x_wconf 86' lang='lat' dir='ltr'>Deus</span> <span class='ocrx_word' id='word_1_474' title='bbox 641 5471 728 5526; x_wconf 76' lang='lat' dir='ltr'>~ab</span> <span class='ocrx_word' id='word_1_475' title='bbox 761 5470 879 5526; x_wconf 89' lang='lat' dir='ltr'>illis</span> <span class='ocrx_word' id='word_1_476' title='bbox 911 5471 1160 5526; x_wconf 72' lang='lat' dir='ltr'>ﬁdeliter</span> <span class='ocrx_word' id='word_1_477' title='bbox 1187 5474 1576 5546; x_wconf 73' lang='lat' dir='ltr'>cognoscitur,</span> <span class='ocrx_word' id='word_1_478' title='bbox 1602 5475 1756 5528; x_wconf 88' lang='lat' dir='ltr'>recte</span> <span class='ocrx_word' id='word_1_479' title='bbox 1787 5467 1858 5526; x_wconf 89' lang='lat' dir='ltr'>ab</span> 
     </span>
    </p>
   </div>
   <div class='ocr_carea' id='block_1_72' title="bbox 207 5559 1858 5625">
    <p class='ocr_par' dir='ltr' id='par_1_72' title="bbox 207 5559 1858 5625">
     <span class='ocr_line' id='line_1_72' title="bbox 207 5559 1858 5625; baseline -0.002 -7"><span class='ocrx_word' id='word_1_480' title='bbox 207 5565 293 5619; x_wconf 89' lang='lat' dir='ltr'>eis</span> <span class='ocrx_word' id='word_1_481' title='bbox 324 5561 538 5617; x_wconf 88' lang='lat' dir='ltr'>dicitur</span> <span class='ocrx_word' id='word_1_482' title='bbox 571 5559 959 5625; x_wconf 85' lang='lat' dir='ltr'>reminisci,ut</span> <span class='ocrx_word' id='word_1_483' title='bbox 981 5561 1049 5615; x_wconf 84' lang='lat' dir='ltr'>ad</span> <span class='ocrx_word' id='word_1_484' title='bbox 1080 5559 1242 5616; x_wconf 88' lang='lat' dir='ltr'>illum</span> <span class='ocrx_word' id='word_1_485' title='bbox 1275 5563 1514 5617; x_wconf 82' lang='lat' dir='ltr'>redeant</span> <span class='ocrx_word' id='word_1_486' title='bbox 1538 5559 1820 5616; x_wconf 86' lang='lat' dir='ltr'>veraciter</span> <span class='ocrx_word' id='word_1_487' title='bbox 1845 5575 1858 5614; x_wconf 91' lang='lat'>:</span> 
     </span>
    </p>
   </div>
   <div class='ocr_carea' id='block_1_73' title="bbox 211 5647 1858 5722">
    <p class='ocr_par' dir='ltr' id='par_1_73' title="bbox 211 5647 1858 5722">
     <span class='ocr_line' id='line_1_73' title="bbox 211 5647 1858 5722; baseline -0.001 -18"><span class='ocrx_word' id='word_1_488' title='bbox 211 5665 388 5721; x_wconf 89' lang='lat' dir='ltr'>quem</span> <span class='ocrx_word' id='word_1_489' title='bbox 481 5647 648 5721; x_wconf 87' lang='lat' dir='ltr'>prius</span> <span class='ocrx_word' id='word_1_490' title='bbox 733 5663 1006 5720; x_wconf 81' lang='lat' dir='ltr'>perversa</span> <span class='ocrx_word' id='word_1_491' title='bbox 1083 5650 1377 5706; x_wconf 80' lang='lat' dir='ltr'>voluntate</span> <span class='ocrx_word' id='word_1_492' title='bbox 1460 5649 1858 5722; x_wconf 83' lang='lat' dir='ltr'>neglexerunt.</span> 
     </span>
    </p>
   </div>
   <div class='ocr_carea' id='block_1_74' title="bbox 213 5735 1861 5810">
    <p class='ocr_par' dir='ltr' id='par_1_74' title="bbox 213 5735 1861 5810">
     <span class='ocr_line' id='line_1_74' title="bbox 213 5735 1861 5810; baseline 0 -18"><span class='ocrx_word' id='word_1_493' title='bbox 213 5735 677 5802; x_wconf 83' lang='lat' dir='ltr'>Universifines,</span> <span class='ocrx_word' id='word_1_494' title='bbox 709 5735 770 5792; x_wconf 91' lang='lat' dir='ltr'>id</span> <span class='ocrx_word' id='word_1_495' title='bbox 823 5741 912 5793; x_wconf 89' lang='lat' dir='ltr'>est</span> <span class='ocrx_word' id='word_1_496' title='bbox 961 5739 1308 5794; x_wconf 87' lang='lat' dir='ltr'>universalis</span> <span class='ocrx_word' id='word_1_497' title='bbox 1363 5739 1642 5806; x_wconf 85' lang='lat' dir='ltr'>Ecclesia,</span> <span class='ocrx_word' id='word_1_498' title='bbox 1684 5753 1861 5810; x_wconf 86' lang='lat' dir='ltr'>quam</span> 
     </span>
    </p>
   </div>
   <div class='ocr_carea' id='block_1_75' title="bbox 216 5824 1865 5902">
    <p class='ocr_par' dir='ltr' id='par_1_75' title="bbox 216 5824 1865 5902">
     <span class='ocr_line' id='line_1_75' title="bbox 216 5824 1865 5902; baseline -0.001 -18"><span class='ocrx_word' id='word_1_499' title='bbox 216 5841 372 5884; x_wconf 85' lang='lat' dir='ltr'>nunc</span> <span class='ocrx_word' id='word_1_500' title='bbox 401 5829 633 5885; x_wconf 87' lang='lat' dir='ltr'>constat</span> <span class='ocrx_word' id='word_1_501' title='bbox 663 5829 780 5884; x_wconf 88' lang='lat' dir='ltr'>toto</span> <span class='ocrx_word' id='word_1_502' title='bbox 811 5827 946 5886; x_wconf 86' lang='lat' dir='ltr'>orbe</span> <span class='ocrx_word' id='word_1_503' title='bbox 976 5845 1104 5887; x_wconf 84' lang='lat' dir='ltr'>esse</span> <span class='ocrx_word' id='word_1_504' title='bbox 1127 5827 1474 5886; x_wconf 75' lang='lat' dir='ltr'>dilfusaniJI</span> <span class='ocrx_word' id='word_1_505' title='bbox 1507 5829 1573 5886; x_wconf 76' lang='lat' dir='ltr'>Et.</span> <span class='ocrx_word' id='word_1_506' title='bbox 1605 5824 1865 5902; x_wconf 78' lang='lat' dir='ltr'>quotidie</span> 
     </span>
    </p>
   </div>
   <div class='ocr_carea' id='block_1_76' title="bbox 1939 2105 3590 2178">
    <p class='ocr_par' dir='ltr' id='par_1_76' title="bbox 1939 2105 3590 2178">
     <span class='ocr_line' id='line_1_76' title="bbox 1939 2105 3590 2178; baseline -0.007 -7"><span class='ocrx_word' id='word_1_507' title='bbox 1939 2117 2008 2172; x_wconf 90' lang='lat'>32</span> <span class='ocrx_word' id='word_1_508' title='bbox 2079 2114 2545 2170; x_wconf 72' lang='lat' dir='ltr'>Manducaverunt</span> <span class='ocrx_word' id='word_1_509' title='bbox 2595 2114 2649 2167; x_wconf 86' lang='lat' dir='ltr'>et</span> <span class='ocrx_word' id='word_1_510' title='bbox 2703 2109 3070 2165; x_wconf 86' lang='lat' dir='ltr'>adoraverunt</span> <span class='ocrx_word' id='word_1_511' title='bbox 3125 2122 3310 2162; x_wconf 85' lang='lat' dir='ltr'>omnes</span> <span class='ocrx_word' id='word_1_512' title='bbox 3358 2105 3590 2178; x_wconf 81' lang='lat' dir='ltr'>pingues</span> 
     </span>
    </p>
   </div>
   <div class='ocr_carea' id='block_1_77' title="bbox 2152 2208 2370 2260">
    <p class='ocr_par' dir='ltr' id='par_1_77' title="bbox 2152 2208 2370 2260">
     <span class='ocr_line' id='line_1_77' title="bbox 2152 2208 2370 2260; baseline -0.014 -1"><span class='ocrx_word' id='word_1_513' title='bbox 2152 2208 2320 2260; x_wconf 71' lang='lat' dir='ltr'>terrae</span> <span class='ocrx_word' id='word_1_514' title='bbox 2353 2220 2370 2256; x_wconf 90' lang='lat'><strong><em>:</em></strong></span> 
     </span>
    </p>
   </div>
   <div class='ocr_carea' id='block_1_78' title="bbox 2081 2282 3597 2365">
    <p class='ocr_par' dir='ltr' id='par_1_78' title="bbox 2081 2282 3597 2365">
     <span class='ocr_line' id='line_1_78' title="bbox 2081 2282 3597 2365; baseline -0.006 -16"><span class='ocrx_word' id='word_1_515' title='bbox 2081 2296 2144 2350; x_wconf 85' lang='lat' dir='ltr'>In</span> <span class='ocrx_word' id='word_1_516' title='bbox 2173 2299 2461 2365; x_wconf 83' lang='lat' dir='ltr'>conspectu</span> <span class='ocrx_word' id='word_1_517' title='bbox 2502 2291 2622 2362; x_wconf 82' lang='lat' dir='ltr'>ejus</span> <span class='ocrx_word' id='word_1_518' title='bbox 2667 2287 2863 2345; x_wconf 85' lang='lat' dir='ltr'>cadent</span> <span class='ocrx_word' id='word_1_519' title='bbox 2907 2302 3091 2344; x_wconf 82' lang='lat' dir='ltr'>omnes</span> <span class='ocrx_word' id='word_1_520' title='bbox 3138 2286 3236 2358; x_wconf 79' lang='lat' dir='ltr'>qui</span> <span class='ocrx_word' id='word_1_521' title='bbox 3271 2282 3597 2341; x_wconf 82' lang='lat' dir='ltr'>descendunt</span> 
     </span>
    </p>
   </div>
   <div class='ocr_carea' id='block_1_79' title="bbox 2154 2385 2474 2438">
    <p class='ocr_par' dir='ltr' id='par_1_79' title="bbox 2154 2385 2474 2438">
     <span class='ocr_line' id='line_1_79' title="bbox 2154 2385 2474 2438; baseline -0.006 0"><span class='ocrx_word' id='word_1_522' title='bbox 2154 2385 2215 2438; x_wconf 85' lang='lat' dir='ltr'>in</span> <span class='ocrx_word' id='word_1_523' title='bbox 2246 2389 2474 2438; x_wconf 83' lang='lat' dir='ltr'>terram.</span> 
     </span>
    </p>
   </div>
   <div class='ocr_carea' id='block_1_80' title="bbox 2014 2460 3594 2538">
    <p class='ocr_par' dir='ltr' id='par_1_80' title="bbox 2014 2460 3594 2538">
     <span class='ocr_line' id='line_1_80' title="bbox 2014 2460 3594 2538; baseline -0.007 -9"><span class='ocrx_word' id='word_1_524' title='bbox 2014 2473 2083 2530; x_wconf 83' lang='grc' dir='ltr'>Η.</span> <span class='ocrx_word' id='word_1_525' title='bbox 2117 2471 2615 2528; x_wconf 78' lang='lat' dir='ltr'>Manducaverunt</span> <span class='ocrx_word' id='word_1_526' title='bbox 2641 2484 2846 2526; x_wconf 87' lang='lat' dir='ltr'>omnes</span> <span class='ocrx_word' id='word_1_527' title='bbox 2873 2466 3104 2534; x_wconf 86' lang='lat' dir='ltr'>divites,</span> <span class='ocrx_word' id='word_1_528' title='bbox 3137 2465 3196 2521; x_wconf 90' lang='lat' dir='ltr'>id</span> <span class='ocrx_word' id='word_1_529' title='bbox 3231 2467 3322 2520; x_wconf 84' lang='lat' dir='ltr'>est</span> <span class='ocrx_word' id='word_1_530' title='bbox 3350 2460 3594 2538; x_wconf 87' lang='lat' dir='ltr'>apostoli</span> 
     </span>
    </p>
   </div>
   <div class='ocr_carea' id='block_1_81' title="bbox 1943 2552 3597 2632">
    <p class='ocr_par' dir='ltr' id='par_1_81' title="bbox 1943 2552 3597 2632">
     <span class='ocr_line' id='line_1_81' title="bbox 1943 2552 3597 2632; baseline -0.005 -15"><span class='ocrx_word' id='word_1_531' title='bbox 1943 2563 2032 2619; x_wconf 83' lang='lat' dir='ltr'>vel</span> <span class='ocrx_word' id='word_1_532' title='bbox 2063 2561 2253 2618; x_wconf 62' lang='lat' dir='ltr'>caeteri</span> <span class='ocrx_word' id='word_1_533' title='bbox 2283 2561 2470 2617; x_wconf 88' lang='lat' dir='ltr'>sancti</span> <span class='ocrx_word' id='word_1_534' title='bbox 2519 2575 2734 2632; x_wconf 88' lang='lat' dir='ltr'>corpus</span> <span class='ocrx_word' id='word_1_535' title='bbox 2777 2556 3015 2614; x_wconf 89' lang='lat' dir='ltr'>Christi.</span> <span class='ocrx_word' id='word_1_536' title='bbox 3057 2555 3456 2611; x_wconf 85' lang='lat' dir='ltr'>Adoraverunt</span> <span class='ocrx_word' id='word_1_537' title='bbox 3487 2571 3500 2609; x_wconf 90' lang='lat'><strong>:</strong></span> <span class='ocrx_word' id='word_1_538' title='bbox 3534 2552 3597 2608; x_wconf 89' lang='lat' dir='ltr'>in</span> 
     </span>
    </p>
   </div>
   <div class='ocr_carea' id='block_1_82' title="bbox 1945 2641 3595 2725">
    <p class='ocr_par' dir='ltr' id='par_1_82' title="bbox 1945 2641 3595 2725">
     <span class='ocr_line' id='line_1_82' title="bbox 1945 2641 3595 2725; baseline -0.007 -17"><span class='ocrx_word' id='word_1_539' title='bbox 1945 2653 2059 2710; x_wconf 85' lang='lat' dir='ltr'>fide</span> <span class='ocrx_word' id='word_1_540' title='bbox 2087 2656 2146 2708; x_wconf 90' lang='lat' dir='ltr'>et</span> <span class='ocrx_word' id='word_1_541' title='bbox 2175 2650 2531 2725; x_wconf 87' lang='lat' dir='ltr'>operatione.</span> <span class='ocrx_word' id='word_1_542' title='bbox 2569 2647 2936 2705; x_wconf 88' lang='lat' dir='ltr'>Descendunt</span> <span class='ocrx_word' id='word_1_543' title='bbox 2968 2664 2982 2703; x_wconf 93' lang='lat'>:</span> <span class='ocrx_word' id='word_1_544' title='bbox 3016 2662 3051 2702; x_wconf 87' lang='lat' dir='ltr'>a</span> <span class='ocrx_word' id='word_1_545' title='bbox 3073 2641 3350 2718; x_wconf 86' lang='lat' dir='ltr'>superbia</span> <span class='ocrx_word' id='word_1_546' title='bbox 3379 2641 3595 2710; x_wconf 67' lang='lat' dir='ltr'>saeculi,</span> 
     </span>
    </p>
   </div>
   <div class='ocr_carea' id='block_1_83' title="bbox 1945 2731 3596 2810">
    <p class='ocr_par' dir='ltr' id='par_1_83' title="bbox 1945 2731 3596 2810">
     <span class='ocr_line' id='line_1_83' title="bbox 1945 2731 3596 2810; baseline -0.007 -11"><span class='ocrx_word' id='word_1_547' title='bbox 1945 2747 2011 2799; x_wconf 91' lang='lat' dir='ltr'>ut</span> <span class='ocrx_word' id='word_1_548' title='bbox 2041 2741 2285 2798; x_wconf 88' lang='lat' dir='ltr'>adorent</span> <span class='ocrx_word' id='word_1_549' title='bbox 2314 2741 2375 2796; x_wconf 89' lang='lat' dir='ltr'>in</span> <span class='ocrx_word' id='word_1_550' title='bbox 2403 2737 2738 2795; x_wconf 88' lang='lat' dir='ltr'>humilitate</span> <span class='ocrx_word' id='word_1_551' title='bbox 2757 2735 2976 2810; x_wconf 86' lang='lat' dir='ltr'>pura.H</span> <span class='ocrx_word' id='word_1_552' title='bbox 3006 2736 3053 2791; x_wconf 84' lang='lat' dir='ltr'><strong>A</strong></span> <span class='ocrx_word' id='word_1_553' title='bbox 3072 2733 3178 2790; x_wconf 82' lang='lat' dir='ltr'>Vel</span> <span class='ocrx_word' id='word_1_554' title='bbox 3200 2733 3295 2789; x_wconf 88' lang='lat' dir='ltr'>hic</span> <span class='ocrx_word' id='word_1_555' title='bbox 3321 2731 3596 2806; x_wconf 82' lang='lat' dir='ltr'>pingues:</span> 
     </span>
    </p>
   </div>
   <div class='ocr_carea' id='block_1_84' title="bbox 1944 2820 3600 2900">
    <p class='ocr_par' dir='ltr' id='par_1_84' title="bbox 1944 2820 3600 2900">
     <span class='ocr_line' id='line_1_84' title="bbox 1944 2820 3600 2900; baseline -0.007 -14"><span class='ocrx_word' id='word_1_556' title='bbox 1944 2831 2156 2886; x_wconf 86' lang='lat' dir='ltr'>divites</span> <span class='ocrx_word' id='word_1_557' title='bbox 2213 2835 2402 2897; x_wconf 71' lang='lat' dir='ltr'>terrae,</span> <span class='ocrx_word' id='word_1_558' title='bbox 2463 2827 2564 2900; x_wconf 91' lang='lat' dir='ltr'>qui</span> <span class='ocrx_word' id='word_1_559' title='bbox 2620 2827 2797 2882; x_wconf 91' lang='lat' dir='ltr'>etiam</span> <span class='ocrx_word' id='word_1_560' title='bbox 2845 2827 3281 2882; x_wconf 88' lang='lat' dir='ltr'>sacramentum</span> <span class='ocrx_word' id='word_1_561' title='bbox 3340 2820 3600 2894; x_wconf 84' lang='lat' dir='ltr'>corporis</span> 
     </span>
    </p>
   </div>
   <div class='ocr_carea' id='block_1_85' title="bbox 1943 2913 3601 2988">
    <p class='ocr_par' dir='ltr' id='par_1_85' title="bbox 1943 2913 3601 2988">
     <span class='ocr_line' id='line_1_85' title="bbox 1943 2913 3601 2988; baseline -0.007 -12"><span class='ocrx_word' id='word_1_562' title='bbox 1943 2919 2162 2976; x_wconf 89' lang='lat' dir='ltr'>Christi</span> <span class='ocrx_word' id='word_1_563' title='bbox 2193 2918 2574 2988; x_wconf 77' lang='lat' dir='ltr'>manducent,</span> <span class='ocrx_word' id='word_1_564' title='bbox 2605 2915 2705 2972; x_wconf 88' lang='lat' dir='ltr'>sed</span> <span class='ocrx_word' id='word_1_565' title='bbox 2739 2930 2857 2971; x_wconf 87' lang='lat' dir='ltr'>non</span> <span class='ocrx_word' id='word_1_566' title='bbox 2904 2913 3328 2971; x_wconf 87' lang='lat' dir='ltr'>saturabuntur</span> <span class='ocrx_word' id='word_1_567' title='bbox 3365 2915 3430 2966; x_wconf 90' lang='lat' dir='ltr'>ut</span> <span class='ocrx_word' id='word_1_568' title='bbox 3459 2925 3601 2984; x_wconf 83' lang='lat' dir='ltr'>pau-</span> 
     </span>
    </p>
   </div>
   <div class='ocr_carea' id='block_1_86' title="bbox 1948 2998 3606 3084">
    <p class='ocr_par' dir='ltr' id='par_1_86' title="bbox 1948 2998 3606 3084">
     <span class='ocr_line' id='line_1_86' title="bbox 1948 2998 3606 3084; baseline -0.008 -17"><span class='ocrx_word' id='word_1_569' title='bbox 1948 3027 2116 3084; x_wconf 87' lang='lat' dir='ltr'>peres</span> <span class='ocrx_word' id='word_1_570' title='bbox 2148 3007 2386 3075; x_wconf 90' lang='lat' dir='ltr'>Christi,</span> <span class='ocrx_word' id='word_1_571' title='bbox 2419 3009 2802 3078; x_wconf 87' lang='lat' dir='ltr'>aderantque,</span> <span class='ocrx_word' id='word_1_572' title='bbox 2831 3005 2933 3061; x_wconf 90' lang='lat' dir='ltr'>sed</span> <span class='ocrx_word' id='word_1_573' title='bbox 2965 3003 3390 3060; x_wconf 82' lang='lat' dir='ltr'>fraternitatem</span> <span class='ocrx_word' id='word_1_574' title='bbox 3421 2998 3606 3057; x_wconf 84' lang='lat' dir='ltr'>chari-</span> 
     </span>
    </p>
   </div>
   <div class='ocr_carea' id='block_1_87' title="bbox 1949 3091 3605 3167">
    <p class='ocr_par' dir='ltr' id='par_1_87' title="bbox 1949 3091 3605 3167">
     <span class='ocr_line' id='line_1_87' title="bbox 1949 3091 3605 3167; baseline -0.007 -11"><span class='ocrx_word' id='word_1_575' title='bbox 1949 3099 2087 3156; x_wconf 88' lang='lat' dir='ltr'>tatis</span> <span class='ocrx_word' id='word_1_576' title='bbox 2131 3115 2248 3155; x_wconf 90' lang='lat' dir='ltr'>non</span> <span class='ocrx_word' id='word_1_577' title='bbox 2297 3097 2518 3153; x_wconf 82' lang='lat' dir='ltr'>habent</span> <span class='ocrx_word' id='word_1_578' title='bbox 2551 3115 2564 3153; x_wconf 89' lang='lat'><strong>:</strong></span> <span class='ocrx_word' id='word_1_579' title='bbox 2598 3100 2654 3151; x_wconf 90' lang='lat' dir='ltr'>et</span> <span class='ocrx_word' id='word_1_580' title='bbox 2684 3095 2813 3152; x_wconf 81' lang='lat' dir='ltr'>ideo</span> <span class='ocrx_word' id='word_1_581' title='bbox 2857 3093 2996 3167; x_wconf 88' lang='lat' dir='ltr'>quia</span> <span class='ocrx_word' id='word_1_582' title='bbox 3023 3097 3219 3149; x_wconf 90' lang='lat' dir='ltr'>mente</span> <span class='ocrx_word' id='word_1_583' title='bbox 3265 3091 3324 3146; x_wconf 90' lang='lat' dir='ltr'>in</span> <span class='ocrx_word' id='word_1_584' title='bbox 3375 3093 3605 3146; x_wconf 79' lang='lat' dir='ltr'>terrena</span> 
     </span>
    </p>
   </div>
   <div class='ocr_carea' id='block_1_88' title="bbox 1949 3184 3022 3256">
    <p class='ocr_par' dir='ltr' id='par_1_88' title="bbox 1949 3184 3022 3256">
     <span class='ocr_line' id='line_1_88' title="bbox 1949 3184 3022 3256; baseline -0.007 -10"><span class='ocrx_word' id='word_1_585' title='bbox 1949 3189 2336 3256; x_wconf 88' lang='lat' dir='ltr'>descendunt,</span> <span class='ocrx_word' id='word_1_586' title='bbox 2371 3187 2583 3244; x_wconf 88' lang='lat' dir='ltr'>cadent</span> <span class='ocrx_word' id='word_1_587' title='bbox 2611 3185 2670 3241; x_wconf 92' lang='lat' dir='ltr'>in</span> <span class='ocrx_word' id='word_1_588' title='bbox 2702 3184 3022 3241; x_wconf 84' lang='lat' dir='ltr'>infernum.</span> 
     </span>
    </p>
   </div>
   <div class='ocr_carea' id='block_1_89' title="bbox 1950 3293 2855 3354">
    <p class='ocr_par' dir='ltr' id='par_1_89' title="bbox 1950 3293 2855 3354">
     <span class='ocr_line' id='line_1_89' title="bbox 1950 3293 2855 3354; baseline -0.007 0"><span class='ocrx_word' id='word_1_589' title='bbox 1950 3298 2020 3354; x_wconf 90' lang='lat'>33</span> <span class='ocrx_word' id='word_1_590' title='bbox 2093 3299 2160 3354; x_wconf 82' lang='lat' dir='ltr'>At</span> <span class='ocrx_word' id='word_1_591' title='bbox 2191 3298 2382 3354; x_wconf 78' lang='lat' dir='ltr'>anima</span> <span class='ocrx_word' id='word_1_592' title='bbox 2408 3311 2532 3350; x_wconf 89' lang='lat' dir='ltr'>mea</span> <span class='ocrx_word' id='word_1_593' title='bbox 2561 3294 2652 3349; x_wconf 81' lang='lat' dir='ltr'>illi</span> <span class='ocrx_word' id='word_1_594' title='bbox 2681 3293 2855 3349; x_wconf 83' lang='lat' dir='ltr'>vivet:</span> 
     </span>
    </p>
   </div>
   <div class='ocr_carea' id='block_1_90' title="bbox 2098 3382 2967 3454">
    <p class='ocr_par' dir='ltr' id='par_1_90' title="bbox 2098 3382 2967 3454">
     <span class='ocr_line' id='line_1_90' title="bbox 2098 3382 2967 3454; baseline -0.006 -11"><span class='ocrx_word' id='word_1_595' title='bbox 2098 3389 2164 3443; x_wconf 82' lang='lat' dir='ltr'>Et</span> <span class='ocrx_word' id='word_1_596' title='bbox 2187 3402 2373 3442; x_wconf 87' lang='lat' dir='ltr'>semen</span> <span class='ocrx_word' id='word_1_597' title='bbox 2401 3401 2584 3440; x_wconf 85' lang='lat' dir='ltr'>meum</span> <span class='ocrx_word' id='word_1_598' title='bbox 2611 3383 2810 3440; x_wconf 85' lang='lat' dir='ltr'>serviet</span> <span class='ocrx_word' id='word_1_599' title='bbox 2838 3382 2967 3454; x_wconf 86' lang='lat' dir='ltr'>ipsi.</span> 
     </span>
    </p>
   </div>
   <div class='ocr_carea' id='block_1_91' title="bbox 2025 3466 3607 3534">
    <p class='ocr_par' dir='ltr' id='par_1_91' title="bbox 2025 3466 3607 3534">
     <span class='ocr_line' id='line_1_91' title="bbox 2025 3466 3607 3534; baseline -0.007 -1"><span class='ocrx_word' id='word_1_600' title='bbox 2025 3475 2366 3534; x_wconf 84' lang='lat' dir='ltr'>CAnimam</span> <span class='ocrx_word' id='word_1_601' title='bbox 2406 3490 2544 3530; x_wconf 87' lang='lat' dir='ltr'>vero</span> <span class='ocrx_word' id='word_1_602' title='bbox 2589 3489 2762 3529; x_wconf 87' lang='lat' dir='ltr'>suam</span> <span class='ocrx_word' id='word_1_603' title='bbox 2816 3469 2960 3527; x_wconf 83' lang='lat' dir='ltr'>dicit</span> <span class='ocrx_word' id='word_1_604' title='bbox 3006 3469 3123 3526; x_wconf 90' lang='lat' dir='ltr'>Deo</span> <span class='ocrx_word' id='word_1_605' title='bbox 3181 3467 3338 3524; x_wconf 88' lang='lat' dir='ltr'>Patri</span> <span class='ocrx_word' id='word_1_606' title='bbox 3395 3466 3607 3534; x_wconf 87' lang='lat' dir='ltr'>vivere,</span> 
     </span>
    </p>
   </div>
   <div class='ocr_carea' id='block_1_92' title="bbox 1958 3555 3612 3640">
    <p class='ocr_par' dir='ltr' id='par_1_92' title="bbox 1958 3555 3612 3640">
     <span class='ocr_line' id='line_1_92' title="bbox 1958 3555 3612 3640; baseline -0.007 -17"><span class='ocrx_word' id='word_1_607' title='bbox 1958 3566 2237 3640; x_wconf 84' lang='lat' dir='ltr'>quoniam</span> <span class='ocrx_word' id='word_1_608' title='bbox 2258 3565 2418 3621; x_wconf 88' lang='lat' dir='ltr'>hunc</span> <span class='ocrx_word' id='word_1_609' title='bbox 2449 3561 2740 3619; x_wconf 91' lang='lat' dir='ltr'>mundum</span> <span class='ocrx_word' id='word_1_610' title='bbox 2764 3557 3141 3615; x_wconf 85' lang='lat' dir='ltr'>immaculata</span> <span class='ocrx_word' id='word_1_611' title='bbox 3173 3555 3612 3614; x_wconf 81' lang='lat' dir='ltr'>conversatione</span> 
     </span>
    </p>
   </div>
   <div class='ocr_carea' id='block_1_93' title="bbox 1957 3645 3616 3718">
    <p class='ocr_par' dir='ltr' id='par_1_93' title="bbox 1957 3645 3616 3718">
     <span class='ocr_line' id='line_1_93' title="bbox 1957 3645 3616 3718; baseline -0.006 -8"><span class='ocrx_word' id='word_1_612' title='bbox 1957 3653 2248 3712; x_wconf 87' lang='lat' dir='ltr'>transivit.</span> <span class='ocrx_word' id='word_1_613' title='bbox 2284 3654 2331 3710; x_wconf 89' lang='lat' dir='ltr'><strong>H</strong></span> <span class='ocrx_word' id='word_1_614' title='bbox 2377 3654 2589 3708; x_wconf 90' lang='lat' dir='ltr'>Semen</span> <span class='ocrx_word' id='word_1_615' title='bbox 2633 3666 2854 3718; x_wconf 88' lang='lat' dir='ltr'>meum,</span> <span class='ocrx_word' id='word_1_616' title='bbox 2889 3647 2992 3704; x_wconf 84' lang='lat' dir='ltr'>filii</span> <span class='ocrx_word' id='word_1_617' title='bbox 3032 3645 3303 3704; x_wconf 71' lang='lat' dir='ltr'>Ecclesiae</span> <span class='ocrx_word' id='word_1_618' title='bbox 3349 3645 3616 3703; x_wconf 78' lang='lat' dir='ltr'>serviunt</span> 
     </span>
    </p>
   </div>
   <div class='ocr_carea' id='block_1_94' title="bbox 1957 3733 3616 3814">
    <p class='ocr_par' dir='ltr' id='par_1_94' title="bbox 1957 3733 3616 3814">
     <span class='ocr_line' id='line_1_94' title="bbox 1957 3733 3616 3814; baseline -0.006 -14"><span class='ocrx_word' id='word_1_619' title='bbox 1957 3744 2208 3812; x_wconf 89' lang='lat' dir='ltr'>Christo,</span> <span class='ocrx_word' id='word_1_620' title='bbox 2270 3743 2312 3798; x_wconf 90' lang='lat' dir='ltr'>C</span> <span class='ocrx_word' id='word_1_621' title='bbox 2367 3741 2456 3798; x_wconf 87' lang='lat' dir='ltr'>vel</span> <span class='ocrx_word' id='word_1_622' title='bbox 2509 3757 2684 3814; x_wconf 83' lang='lat' dir='ltr'>opera</span> <span class='ocrx_word' id='word_1_623' title='bbox 2739 3737 2953 3804; x_wconf 85' lang='lat' dir='ltr'>Christi</span> <span class='ocrx_word' id='word_1_624' title='bbox 3002 3735 3255 3793; x_wconf 89' lang='lat' dir='ltr'>servient</span> <span class='ocrx_word' id='word_1_625' title='bbox 3319 3733 3616 3792; x_wconf 83' lang='lat' dir='ltr'>laudando</span> 
     </span>
    </p>
   </div>
   <div class='ocr_carea' id='block_1_95' title="bbox 1958 3839 2164 3891">
    <p class='ocr_par' dir='ltr' id='par_1_95' title="bbox 1958 3839 2164 3891">
     <span class='ocr_line' id='line_1_95' title="bbox 1958 3839 2164 3891; baseline -0.015 0"><span class='ocrx_word' id='word_1_626' title='bbox 1958 3839 2164 3891; x_wconf 86' lang='lat' dir='ltr'>Deum.</span> 
     </span>
    </p>
   </div>
   <div class='ocr_carea' id='block_1_96' title="bbox 1956 3916 3415 4007">
    <p class='ocr_par' dir='ltr' id='par_1_96' title="bbox 1956 3916 3415 4007">
     <span class='ocr_line' id='line_1_96' title="bbox 1956 3916 3415 4007; baseline -0.006 -9"><span class='ocrx_word' id='word_1_627' title='bbox 1956 3943 2029 3998; x_wconf 83' lang='grc'><strong>34</strong></span> <span class='ocrx_word' id='word_1_628' title='bbox 2100 3941 2540 3998; x_wconf 78' lang='lat' dir='ltr'>Annuntiabitur</span> <span class='ocrx_word' id='word_1_629' title='bbox 2565 3938 2796 3994; x_wconf 80' lang='lat' dir='ltr'>Domino</span> <span class='ocrx_word' id='word_1_630' title='bbox 2825 3935 3106 4007; x_wconf 87' lang='lat' dir='ltr'>generatio</span> <span class='ocrx_word' id='word_1_631' title='bbox 3135 3916 3380 3992; x_wconf 73' lang='lat' dir='ltr'>ventich</span> <span class='ocrx_word' id='word_1_632' title='bbox 3402 3950 3415 3989; x_wconf 91' lang='lat'><strong>:</strong></span> 
     </span>
    </p>
   </div>
   <div class='ocr_carea' id='block_1_97' title="bbox 2101 4021 3623 4099">
    <p class='ocr_par' dir='ltr' id='par_1_97' title="bbox 2101 4021 3623 4099">
     <span class='ocr_line' id='line_1_97' title="bbox 2101 4021 3623 4099; baseline -0.006 -13"><span class='ocrx_word' id='word_1_633' title='bbox 2101 4032 2166 4087; x_wconf 89' lang='lat' dir='ltr'>Et</span> <span class='ocrx_word' id='word_1_634' title='bbox 2195 4029 2609 4086; x_wconf 84' lang='lat' dir='ltr'>annuntiabunt</span> <span class='ocrx_word' id='word_1_635' title='bbox 2635 4027 2760 4083; x_wconf 69' lang='lat' dir='ltr'>caeli</span> <span class='ocrx_word' id='word_1_636' title='bbox 2798 4025 3079 4099; x_wconf 84' lang='lat' dir='ltr'>justitiam</span> <span class='ocrx_word' id='word_1_637' title='bbox 3126 4024 3247 4096; x_wconf 83' lang='lat' dir='ltr'>ejus</span> <span class='ocrx_word' id='word_1_638' title='bbox 3290 4021 3490 4096; x_wconf 77' lang='lat' dir='ltr'>populo</span> <span class='ocrx_word' id='word_1_639' title='bbox 3517 4021 3623 4092; x_wconf 88' lang='lat' dir='ltr'>qui</span> 
     </span>
    </p>
   </div>
   <div class='ocr_carea' id='block_1_98' title="bbox 2171 4115 3215 4190">
    <p class='ocr_par' dir='ltr' id='par_1_98' title="bbox 2171 4115 3215 4190">
     <span class='ocr_line' id='line_1_98' title="bbox 2171 4115 3215 4190; baseline -0.002 -16"><span class='ocrx_word' id='word_1_640' title='bbox 2171 4125 2448 4186; x_wconf 84' lang='lat' dir='ltr'>nascetur,</span> <span class='ocrx_word' id='word_1_641' title='bbox 2470 4133 2630 4190; x_wconf 82' lang='lat' dir='ltr'>quem</span> <span class='ocrx_word' id='word_1_642' title='bbox 2657 4117 2788 4188; x_wconf 82' lang='lat' dir='ltr'>fecit</span> <span class='ocrx_word' id='word_1_643' title='bbox 2813 4120 2868 4182; x_wconf 57' lang='grc' dir='ltr'>ᾧ·</span> <span class='ocrx_word' id='word_1_644' title='bbox 2887 4115 3158 4172; x_wconf 72' lang='lat' dir='ltr'>Dominus</span> <span class='ocrx_word' id='word_1_645' title='bbox 3201 4119 3215 4179; x_wconf 75' lang='grc' dir='ltr'>ζ</span> 
     </span>
    </p>
   </div>
   <div class='ocr_carea' id='block_1_99' title="bbox 2031 4203 3616 4282">
    <p class='ocr_par' dir='ltr' id='par_1_99' title="bbox 2031 4203 3616 4282">
     <span class='ocr_line' id='line_1_99' title="bbox 2031 4203 3616 4282; baseline -0.006 -16"><span class='ocrx_word' id='word_1_646' title='bbox 2031 4209 2078 4266; x_wconf 87' lang='grc' dir='ltr'><strong>Η</strong></span> <span class='ocrx_word' id='word_1_647' title='bbox 2119 4208 2161 4264; x_wconf 94' lang='lat' dir='ltr'>C</span> <span class='ocrx_word' id='word_1_648' title='bbox 2213 4207 2504 4282; x_wconf 88' lang='lat' dir='ltr'>Propheta</span> <span class='ocrx_word' id='word_1_649' title='bbox 2559 4205 2704 4262; x_wconf 91' lang='lat' dir='ltr'>dicit</span> <span class='ocrx_word' id='word_1_650' title='bbox 2758 4203 3198 4279; x_wconf 86' lang='lat' dir='ltr'>generationem</span> <span class='ocrx_word' id='word_1_651' title='bbox 3256 4203 3616 4260; x_wconf 83' lang='lat' dir='ltr'>venturam:</span> 
     </span>
    </p>
   </div>
   <div class='ocr_carea' id='block_1_100' title="bbox 1960 4289 3624 4373">
    <p class='ocr_par' dir='ltr' id='par_1_100' title="bbox 1960 4289 3624 4373">
     <span class='ocr_line' id='line_1_100' title="bbox 1960 4289 3624 4373; baseline -0.007 -17"><span class='ocrx_word' id='word_1_652' title='bbox 1960 4297 2246 4373; x_wconf 89' lang='lat' dir='ltr'>populum</span> <span class='ocrx_word' id='word_1_653' title='bbox 2299 4297 2590 4370; x_wconf 84' lang='lat' dir='ltr'>gentium,</span> <span class='ocrx_word' id='word_1_654' title='bbox 2635 4311 2765 4367; x_wconf 80' lang='lat' dir='ltr'>quae</span> <span class='ocrx_word' id='word_1_655' title='bbox 2812 4309 2884 4350; x_wconf 85' lang='lat' dir='ltr'>ex</span> <span class='ocrx_word' id='word_1_656' title='bbox 2929 4309 3084 4366; x_wconf 88' lang='lat' dir='ltr'>aqua</span> <span class='ocrx_word' id='word_1_657' title='bbox 3127 4294 3186 4349; x_wconf 88' lang='lat' dir='ltr'>et</span> <span class='ocrx_word' id='word_1_658' title='bbox 3225 4289 3448 4362; x_wconf 88' lang='lat' dir='ltr'>Spiritu</span> <span class='ocrx_word' id='word_1_659' title='bbox 3493 4293 3624 4344; x_wconf 79' lang='lat' dir='ltr'>erat</span> 
     </span>
    </p>
   </div>
   <div class='ocr_carea' id='block_1_101' title="bbox 1961 4377 3626 4464">
    <p class='ocr_par' dir='ltr' id='par_1_101' title="bbox 1961 4377 3626 4464">
     <span class='ocr_line' id='line_1_101' title="bbox 1961 4377 3626 4464; baseline -0.007 -18"><span class='ocrx_word' id='word_1_660' title='bbox 1961 4388 2340 4464; x_wconf 89' lang='lat' dir='ltr'>procreanda,</span> <span class='ocrx_word' id='word_1_661' title='bbox 2399 4385 2524 4443; x_wconf 65' lang='lat' dir='ltr'>hrec</span> <span class='ocrx_word' id='word_1_662' title='bbox 2583 4382 3032 4441; x_wconf 88' lang='lat' dir='ltr'>annuntiabitur</span> <span class='ocrx_word' id='word_1_663' title='bbox 3086 4379 3352 4448; x_wconf 91' lang='lat' dir='ltr'>Domino,</span> <span class='ocrx_word' id='word_1_664' title='bbox 3412 4377 3472 4434; x_wconf 91' lang='lat' dir='ltr'>id</span> <span class='ocrx_word' id='word_1_665' title='bbox 3527 4381 3626 4434; x_wconf 81' lang='lat' dir='ltr'>est</span> 
     </span>
    </p>
   </div>
   <div class='ocr_carea' id='block_1_102' title="bbox 1960 4465 3624 4540">
    <p class='ocr_par' dir='ltr' id='par_1_102' title="bbox 1960 4465 3624 4540">
     <span class='ocr_line' id='line_1_102' title="bbox 1960 4465 3624 4540; baseline -0.008 -4"><span class='ocrx_word' id='word_1_666' title='bbox 1960 4477 2365 4536; x_wconf 89' lang='lat' dir='ltr'>annuntiando</span> <span class='ocrx_word' id='word_1_667' title='bbox 2387 4479 2759 4532; x_wconf 80' lang='lat' dir='ltr'>convertatur</span> <span class='ocrx_word' id='word_1_668' title='bbox 2789 4472 3057 4540; x_wconf 89' lang='lat' dir='ltr'>Domino,</span> <span class='ocrx_word' id='word_1_669' title='bbox 3081 4469 3193 4528; x_wconf 89' lang='lat' dir='ltr'>hoc</span> <span class='ocrx_word' id='word_1_670' title='bbox 3221 4473 3312 4526; x_wconf 88' lang='lat' dir='ltr'>est</span> <span class='ocrx_word' id='word_1_671' title='bbox 3341 4469 3401 4524; x_wconf 89' lang='lat' dir='ltr'>in</span> <span class='ocrx_word' id='word_1_672' title='bbox 3430 4465 3624 4524; x_wconf 81' lang='lat' dir='ltr'>bono-</span> 
     </span>
    </p>
   </div>
   <div class='ocr_carea' id='block_1_103' title="bbox 1960 4554 3625 4630">
    <p class='ocr_par' dir='ltr' id='par_1_103' title="bbox 1960 4554 3625 4630">
     <span class='ocr_line' id='line_1_103' title="bbox 1960 4554 3625 4630; baseline -0.008 -4"><span class='ocrx_word' id='word_1_673' title='bbox 1960 4586 2084 4626; x_wconf 85' lang='lat' dir='ltr'>rem</span> <span class='ocrx_word' id='word_1_674' title='bbox 2117 4566 2366 4624; x_wconf 90' lang='lat' dir='ltr'>Domini.</span> <span class='ocrx_word' id='word_1_675' title='bbox 2416 4565 2461 4622; x_wconf 86' lang='lat' dir='ltr'>H</span> <span class='ocrx_word' id='word_1_676' title='bbox 2501 4562 2869 4620; x_wconf 87' lang='lat' dir='ltr'>Annuntiant</span> <span class='ocrx_word' id='word_1_677' title='bbox 2913 4559 3063 4629; x_wconf 84' lang='lat' dir='ltr'>coeli,</span> <span class='ocrx_word' id='word_1_678' title='bbox 3109 4559 3166 4616; x_wconf 91' lang='lat' dir='ltr'>id</span> <span class='ocrx_word' id='word_1_679' title='bbox 3211 4562 3322 4628; x_wconf 89' lang='lat' dir='ltr'>est,</span> <span class='ocrx_word' id='word_1_680' title='bbox 3370 4554 3625 4630; x_wconf 83' lang='lat' dir='ltr'>apostoli</span> 
     </span>
    </p>
   </div>
   <div class='ocr_carea' id='block_1_104' title="bbox 1959 4644 3622 4731">
    <p class='ocr_par' dir='ltr' id='par_1_104' title="bbox 1959 4644 3622 4731">
     <span class='ocr_line' id='line_1_104' title="bbox 1959 4644 3622 4731; baseline -0.007 -19"><span class='ocrx_word' id='word_1_681' title='bbox 1959 4655 2279 4731; x_wconf 82' lang='lat' dir='ltr'>praedicant</span> <span class='ocrx_word' id='word_1_682' title='bbox 2309 4652 2520 4710; x_wconf 84' lang='lat' dir='ltr'>Filium</span> <span class='ocrx_word' id='word_1_683' title='bbox 2551 4651 2675 4720; x_wconf 91' lang='lat' dir='ltr'>Dei,</span> <span class='ocrx_word' id='word_1_684' title='bbox 2699 4651 2827 4725; x_wconf 90' lang='lat' dir='ltr'>ipse</span> <span class='ocrx_word' id='word_1_685' title='bbox 2847 4654 2936 4706; x_wconf 89' lang='lat' dir='ltr'>est</span> <span class='ocrx_word' id='word_1_686' title='bbox 2953 4649 3108 4706; x_wconf 91' lang='lat' dir='ltr'>enim</span> <span class='ocrx_word' id='word_1_687' title='bbox 3132 4647 3369 4721; x_wconf 78' lang='lat' dir='ltr'>justitia</span> <span class='ocrx_word' id='word_1_688' title='bbox 3397 4644 3622 4702; x_wconf 88' lang='lat' dir='ltr'>Putris.</span> 
     </span>
    </p>
   </div>
   <div class='ocr_carea' id='block_1_105' title="bbox 1960 4733 3624 4818">
    <p class='ocr_par' dir='ltr' id='par_1_105' title="bbox 1960 4733 3624 4818">
     <span class='ocr_line' id='line_1_105' title="bbox 1960 4733 3624 4818; baseline -0.008 -16"><span class='ocrx_word' id='word_1_689' title='bbox 1960 4746 2002 4802; x_wconf 92' lang='lat' dir='ltr'>C</span> <span class='ocrx_word' id='word_1_690' title='bbox 2058 4748 2202 4818; x_wconf 90' lang='lat' dir='ltr'>Apte</span> <span class='ocrx_word' id='word_1_691' title='bbox 2258 4760 2392 4800; x_wconf 87' lang='lat' dir='ltr'>vero</span> <span class='ocrx_word' id='word_1_692' title='bbox 2447 4743 2669 4798; x_wconf 90' lang='lat' dir='ltr'>dictum</span> <span class='ocrx_word' id='word_1_693' title='bbox 2727 4743 2818 4797; x_wconf 88' lang='lat' dir='ltr'>est</span> <span class='ocrx_word' id='word_1_694' title='bbox 2869 4737 3272 4796; x_wconf 77' lang='lat' dir='ltr'>Christianum</span> <span class='ocrx_word' id='word_1_695' title='bbox 3331 4733 3624 4810; x_wconf 85' lang='lat' dir='ltr'>populum</span> 
     </span>
    </p>
   </div>
   <div class='ocr_carea' id='block_1_106' title="bbox 1964 4825 3626 4904">
    <p class='ocr_par' dir='ltr' id='par_1_106' title="bbox 1964 4825 3626 4904">
     <span class='ocr_line' id='line_1_106' title="bbox 1964 4825 3626 4904; baseline -0.007 -11"><span class='ocrx_word' id='word_1_696' title='bbox 1964 4833 2278 4893; x_wconf 90' lang='lat' dir='ltr'>Dominum</span> <span class='ocrx_word' id='word_1_697' title='bbox 2311 4829 2824 4904; x_wconf 80' lang='lat' dir='ltr'>fecisse,quoniam</span> <span class='ocrx_word' id='word_1_698' title='bbox 2856 4846 2993 4886; x_wconf 90' lang='lat' dir='ltr'>eum</span> <span class='ocrx_word' id='word_1_699' title='bbox 3023 4825 3459 4902; x_wconf 67' lang='lat' dir='ltr'>praedestinavit</span> <span class='ocrx_word' id='word_1_700' title='bbox 3486 4829 3626 4882; x_wconf 78' lang='lat' dir='ltr'>ante</span> 
     </span>
    </p>
   </div>
   <div class='ocr_carea' id='block_1_107' title="bbox 1965 4917 3630 4980">
    <p class='ocr_par' dir='ltr' id='par_1_107' title="bbox 1965 4917 3630 4980">
     <span class='ocr_line' id='line_1_107' title="bbox 1965 4917 3630 4980; baseline -0.006 0"><span class='ocrx_word' id='word_1_701' title='bbox 1965 4924 2178 4980; x_wconf 72' lang='lat' dir='ltr'>saecula</span> <span class='ocrx_word' id='word_1_702' title='bbox 2207 4928 2264 4980; x_wconf 89' lang='lat' dir='ltr'>et</span> <span class='ocrx_word' id='word_1_703' title='bbox 2293 4921 2508 4978; x_wconf 86' lang='lat' dir='ltr'>creavit</span> <span class='ocrx_word' id='word_1_704' title='bbox 2529 4919 2698 4978; x_wconf 91' lang='lat' dir='ltr'>illum</span> <span class='ocrx_word' id='word_1_705' title='bbox 2729 4925 2786 4976; x_wconf 89' lang='lat' dir='ltr'>et</span> <span class='ocrx_word' id='word_1_706' title='bbox 2808 4917 3058 4976; x_wconf 88' lang='lat' dir='ltr'>redemit</span> <span class='ocrx_word' id='word_1_707' title='bbox 3072 4922 3129 4974; x_wconf 91' lang='lat' dir='ltr'>et</span> <span class='ocrx_word' id='word_1_708' title='bbox 3156 4934 3264 4974; x_wconf 88' lang='lat' dir='ltr'>suo</span> <span class='ocrx_word' id='word_1_709' title='bbox 3283 4917 3484 4974; x_wconf 87' lang='lat' dir='ltr'>sancto</span> <span class='ocrx_word' id='word_1_710' title='bbox 3501 4930 3630 4972; x_wconf 87' lang='lat' dir='ltr'>oor-</span> 
     </span>
    </p>
   </div>
   <div class='ocr_carea' id='block_1_108' title="bbox 1968 5007 2921 5088">
    <p class='ocr_par' dir='ltr' id='par_1_108' title="bbox 1968 5007 2921 5088">
     <span class='ocr_line' id='line_1_108' title="bbox 1968 5007 2921 5088; baseline -0.007 -17"><span class='ocrx_word' id='word_1_711' title='bbox 1968 5030 2106 5088; x_wconf 91' lang='lat' dir='ltr'>pore</span> <span class='ocrx_word' id='word_1_712' title='bbox 2135 5031 2169 5068; x_wconf 87' lang='lat' dir='ltr'>a</span> <span class='ocrx_word' id='word_1_713' title='bbox 2198 5010 2452 5086; x_wconf 89' lang='lat' dir='ltr'>peccatis</span> <span class='ocrx_word' id='word_1_714' title='bbox 2482 5009 2734 5067; x_wconf 86' lang='lat' dir='ltr'>liberum</span> <span class='ocrx_word' id='word_1_715' title='bbox 2765 5007 2921 5065; x_wconf 87' lang='lat' dir='ltr'>fecit.</span> 
     </span>
    </p>
   </div>
   <div class='ocr_carea' id='block_1_109' title="bbox 2467 5161 3121 5202">
    <p class='ocr_par' dir='ltr' id='par_1_109' title="bbox 2467 5161 3121 5202">
     <span class='ocr_line' id='line_1_109' title="bbox 2467 5161 3121 5202; baseline -0.005 0"><span class='ocrx_word' id='word_1_716' title='bbox 2467 5161 2672 5202; x_wconf 78' lang='lat' dir='ltr'>ORATIO</span> <span class='ocrx_word' id='word_1_717' title='bbox 2709 5161 2780 5201; x_wconf 75' lang='lat' dir='ltr'>EX</span> <span class='ocrx_word' id='word_1_718' title='bbox 2809 5162 2969 5201; x_wconf 74' lang='lat' dir='ltr'>PSAL.</span> <span class='ocrx_word' id='word_1_719' title='bbox 3005 5161 3121 5200; x_wconf 71' lang='lat' dir='ltr'><strong>XXI.</strong></span> 
     </span>
    </p>
   </div>
   <div class='ocr_carea' id='block_1_110' title="bbox 2043 5261 3634 5354">
    <p class='ocr_par' dir='ltr' id='par_1_110' title="bbox 2043 5261 3634 5354">
     <span class='ocr_line' id='line_1_110' title="bbox 2043 5261 3634 5354; baseline -0.003 -18"><span class='ocrx_word' id='word_1_720' title='bbox 2043 5282 2227 5354; x_wconf 83' lang='lat' dir='ltr'>Caput</span> <span class='ocrx_word' id='word_1_721' title='bbox 2255 5279 2666 5338; x_wconf 64' lang='lat' dir='ltr'>misericordiae</span> <span class='ocrx_word' id='word_1_722' title='bbox 2684 5278 2840 5338; x_wconf 91' lang='lat' dir='ltr'>Deus</span> <span class='ocrx_word' id='word_1_723' title='bbox 2870 5279 2971 5352; x_wconf 91' lang='lat' dir='ltr'>qui</span> <span class='ocrx_word' id='word_1_724' title='bbox 2993 5279 3234 5352; x_wconf 86' lang='lat' dir='ltr'>propter</span> <span class='ocrx_word' id='word_1_725' title='bbox 3253 5292 3360 5332; x_wconf 89' lang='lat' dir='ltr'>nos</span> <span class='ocrx_word' id='word_1_726' title='bbox 3391 5261 3634 5332; x_wconf 85' lang='lat' dir='ltr'>descen-</span> 
     </span>
    </p>
   </div>
   <div class='ocr_carea' id='block_1_111' title="bbox 1969 5365 3635 5444">
    <p class='ocr_par' dir='ltr' id='par_1_111' title="bbox 1969 5365 3635 5444">
     <span class='ocr_line' id='line_1_111' title="bbox 1969 5365 3635 5444; baseline -0.005 -16"><span class='ocrx_word' id='word_1_727' title='bbox 1969 5372 2115 5428; x_wconf 87' lang='lat' dir='ltr'>dens</span> <span class='ocrx_word' id='word_1_728' title='bbox 2145 5372 2205 5426; x_wconf 89' lang='lat' dir='ltr'>in</span> <span class='ocrx_word' id='word_1_729' title='bbox 2236 5376 2471 5428; x_wconf 86' lang='lat' dir='ltr'>uterum</span> <span class='ocrx_word' id='word_1_730' title='bbox 2501 5369 2746 5444; x_wconf 87' lang='lat' dir='ltr'>virginis</span> <span class='ocrx_word' id='word_1_731' title='bbox 2793 5368 3064 5426; x_wconf 88' lang='lat' dir='ltr'>addictus</span> <span class='ocrx_word' id='word_1_732' title='bbox 3101 5365 3283 5440; x_wconf 84' lang='lat' dir='ltr'>ligno,</span> <span class='ocrx_word' id='word_1_733' title='bbox 3325 5365 3635 5439; x_wconf 79' lang='lat' dir='ltr'>perfossus</span> 
     </span>
    </p>
   </div>
   <div class='ocr_carea' id='block_1_112' title="bbox 1969 5453 3637 5532">
    <p class='ocr_par' dir='ltr' id='par_1_112' title="bbox 1969 5453 3637 5532">
     <span class='ocr_line' id='line_1_112' title="bbox 1969 5453 3637 5532; baseline -0.005 -13"><span class='ocrx_word' id='word_1_734' title='bbox 1969 5461 2153 5529; x_wconf 89' lang='lat' dir='ltr'>clavo,</span> <span class='ocrx_word' id='word_1_735' title='bbox 2184 5459 2554 5517; x_wconf 86' lang='lat' dir='ltr'>vestimentis</span> <span class='ocrx_word' id='word_1_736' title='bbox 2584 5461 2829 5532; x_wconf 89' lang='lat' dir='ltr'>insuper</span> <span class='ocrx_word' id='word_1_737' title='bbox 2857 5463 3013 5516; x_wconf 88' lang='lat' dir='ltr'>sorte</span> <span class='ocrx_word' id='word_1_738' title='bbox 3044 5455 3270 5524; x_wconf 87' lang='lat' dir='ltr'>divisis,</span> <span class='ocrx_word' id='word_1_739' title='bbox 3321 5453 3637 5512; x_wconf 75' lang='lat' dir='ltr'>surrexisti</span> 
     </span>
    </p>
   </div>
   <div class='ocr_carea' id='block_1_113' title="bbox 1968 5542 3636 5622">
    <p class='ocr_par' dir='ltr' id='par_1_113' title="bbox 1968 5542 3636 5622">
     <span class='ocr_line' id='line_1_113' title="bbox 1968 5542 3636 5622; baseline -0.005 -16"><span class='ocrx_word' id='word_1_740' title='bbox 1968 5549 2118 5606; x_wconf 91' lang='lat' dir='ltr'>liber</span> <span class='ocrx_word' id='word_1_741' title='bbox 2143 5550 2214 5605; x_wconf 90' lang='lat' dir='ltr'>ab</span> <span class='ocrx_word' id='word_1_742' title='bbox 2247 5549 2448 5605; x_wconf 86' lang='lat' dir='ltr'>inferis</span> <span class='ocrx_word' id='word_1_743' title='bbox 2483 5567 2495 5606; x_wconf 92' lang='lat'><strong>:</strong></span> <span class='ocrx_word' id='word_1_744' title='bbox 2520 5565 2848 5622; x_wconf 69' lang='lat' dir='ltr'>praecamur</span> <span class='ocrx_word' id='word_1_745' title='bbox 2870 5553 2934 5605; x_wconf 91' lang='lat' dir='ltr'>ut</span> <span class='ocrx_word' id='word_1_746' title='bbox 2953 5546 3134 5619; x_wconf 81' lang='lat' dir='ltr'>hujus</span> <span class='ocrx_word' id='word_1_747' title='bbox 3157 5542 3494 5602; x_wconf 87' lang='lat' dir='ltr'>commercii</span> <span class='ocrx_word' id='word_1_748' title='bbox 3512 5558 3636 5599; x_wconf 89' lang='lat' dir='ltr'>non</span> 
     </span>
    </p>
   </div>
   <div class='ocr_carea' id='block_1_114' title="bbox 1970 5631 3638 5712">
    <p class='ocr_par' dir='ltr' id='par_1_114' title="bbox 1970 5631 3638 5712">
     <span class='ocr_line' id='line_1_114' title="bbox 1970 5631 3638 5712; baseline -0.005 -17"><span class='ocrx_word' id='word_1_749' title='bbox 1970 5639 2304 5706; x_wconf 90' lang='lat' dir='ltr'>immemor,</span> <span class='ocrx_word' id='word_1_750' title='bbox 2346 5637 2428 5694; x_wconf 90' lang='lat' dir='ltr'>sis</span> <span class='ocrx_word' id='word_1_751' title='bbox 2473 5637 2706 5712; x_wconf 88' lang='lat' dir='ltr'>populis</span> <span class='ocrx_word' id='word_1_752' title='bbox 2750 5639 2824 5694; x_wconf 88' lang='lat' dir='ltr'>ab</span> <span class='ocrx_word' id='word_1_753' title='bbox 2866 5655 2965 5694; x_wconf 89' lang='lat' dir='ltr'>ore</span> <span class='ocrx_word' id='word_1_754' title='bbox 3015 5635 3202 5694; x_wconf 90' lang='lat' dir='ltr'>leonis</span> <span class='ocrx_word' id='word_1_755' title='bbox 3245 5638 3498 5706; x_wconf 87' lang='lat' dir='ltr'>ereptor,</span> <span class='ocrx_word' id='word_1_756' title='bbox 3529 5631 3638 5706; x_wconf 82' lang='lat' dir='ltr'>qui</span> 
     </span>
    </p>
   </div>
   <div class='ocr_carea' id='block_1_115' title="bbox 1973 5718 3641 5802">
    <p class='ocr_par' dir='ltr' id='par_1_115' title="bbox 1973 5718 3641 5802">
     <span class='ocr_line' id='line_1_115' title="bbox 1973 5718 3641 5802; baseline -0.002 -18"><span class='ocrx_word' id='word_1_757' title='bbox 1973 5729 2136 5784; x_wconf 82' lang='lat' dir='ltr'>fuisti</span> <span class='ocrx_word' id='word_1_758' title='bbox 2167 5718 2466 5802; x_wconf 84' lang='lat' dir='ltr'>quondam</span> <span class='ocrx_word' id='word_1_759' title='bbox 2498 5727 2766 5802; x_wconf 88' lang='lat' dir='ltr'>patribus</span> <span class='ocrx_word' id='word_1_760' title='bbox 2798 5728 2858 5785; x_wconf 92' lang='lat' dir='ltr'>in</span> <span class='ocrx_word' id='word_1_761' title='bbox 2900 5733 2955 5785; x_wconf 90' lang='lat' dir='ltr'>te</span> <span class='ocrx_word' id='word_1_762' title='bbox 3003 5723 3381 5800; x_wconf 87' lang='lat' dir='ltr'>sperantibus</span> <span class='ocrx_word' id='word_1_763' title='bbox 3411 5721 3641 5780; x_wconf 83' lang='lat' dir='ltr'>libera-</span> 
     </span>
    </p>
   </div>
   <div class='ocr_carea' id='block_1_116' title="bbox 1973 5818 2649 5888">
    <p class='ocr_par' dir='ltr' id='par_1_116' title="bbox 1973 5818 2649 5888">
     <span class='ocr_line' id='line_1_116' title="bbox 1973 5818 2649 5888; baseline 0.001 -13"><span class='ocrx_word' id='word_1_764' title='bbox 1973 5824 2077 5876; x_wconf 67' lang='lat' dir='ltr'>tor.</span> <span class='ocrx_word' id='word_1_765' title='bbox 2118 5819 2224 5888; x_wconf 67' lang='lat' dir='ltr'>Qui</span> <span class='ocrx_word' id='word_1_766' title='bbox 2259 5818 2402 5874; x_wconf 72' lang='lat' dir='ltr'>vivis</span> <span class='ocrx_word' id='word_1_767' title='bbox 2433 5821 2507 5888; x_wconf 85' lang='lat' dir='ltr'>et,</span> <span class='ocrx_word' id='word_1_768' title='bbox 2541 5821 2649 5876; x_wconf 89' lang='lat' dir='ltr'>ctc.</span> 
     </span>
    </p>
   </div>
  </div>
