3988 6438
276 436 385 499 H3

861 573 1189 633 PSALMUS
1228 574 1391 632 XXII.

717 680 1133 721 ARGUMENTUM
1172 681 1327 721 PSAL.
1367 681 1503 720 XXII.

338 753 381 810 Ο
437 752 549 808 Per
615 756 820 810 totum
876 751 1177 825 psalmum
1233 756 1472 809 renatus
1530 752 1588 807 in
1648 750 1939 824 baptismo

268 841 644 899 Christianus
674 842 905 915 gratias
932 841 1053 913 agit
1084 859 1098 896 :
1132 858 1252 913 qua
1288 843 1360 897 de
1408 840 1674 897 ariditate
1723 841 1937 912 peccati

266 932 338 987 ad
371 931 502 987 loca
531 945 769 1003 pascua:
801 933 860 984 et
898 930 972 985 ad
1002 945 1189 1002 aquas
1231 929 1560 986 refectionis
1609 929 1687 985 sit
1735 929 1937 983 induc-

267 1026 385 1077 tus.

414 1109 534 1164 TT.
564 1108 834 1163 Psalmus
864 1107 1060 1162 David.

341 1198 386 1253 C
426 1195 700 1253 Psalmizs
748 1195 959 1263 David,
1011 1210 1116 1268 per
1161 1198 1349 1250 totum
1407 1195 1588 1250 istum
1645 1194 1942 1267 psalmum

267 1284 674 1343 Christianum
705 1282 909 1340 ﬁdelis
939 1283 1160 1356 gratias
1190 1282 1311 1354 agit
1340 1282 1605 1351 Domino,
1631 1283 1771 1355 quia
1798 1282 1942 1337 libe-

271 1379 439 1430 ratus
502 1375 805 1428 vetustate
872 1372 1139 1443 deposita
1187 1387 1200 1426 :
1258 1372 1329 1427 ad
1404 1370 1531 1426 loca
1595 1387 1823 1442 pascuae
1886 1374 1945 1425 et

269 1476 488 1535 aquam
521 1459 866 1516 reiectionis
894 1459 1142 1515 Domino
1172 1458 1451 1532 largiente
1493 1459 1572 1514 sit
1603 1460 1940 1530 perductus.

270 1554 299 1608 1
416 1552 695 1607 Dominus
722 1549 871 1619 regit
899 1564 988 1604 me
1010 1555 1068 1615 -ξι
1111 1555 1163 1604 et
1207 1553 1222 1591 ε
1270 1549 1417 1603 nihil
1443 1549 1589 1604 mihi
1619 1547 1834 1603 deerit:

413 1642 476 1696 In
505 1640 624 1694 loco
647 1650 884 1709 pascua:
914 1637 998 1692 ibi
1024 1643 1081 1702 σί-
1122 1652 1210 1692 me
1252 1643 1268 1703 ζ
1326 1637 1629 1692 collocavit.

345 1728 388 1784 Ι.
420 1726 712 1800 Loquitur
739 1725 840 1781 hic
884 1724 1148 1780 Ecclesia
1196 1722 1545 1780 ﬁducialiter
1593 1740 1696 1796 per
1746 1724 1937 1779 ﬁdem.

275 1817 565 1876 Dominus
612 1814 767 1887 regit
809 1829 929 1879 me,
969 1814 1112 1886 quia
1156 1815 1293 1867 ante
1340 1812 1655 1868 adventum
1705 1811 1939 1881 Christi,

1520 440 1934 504 EXI‘OSITIO
1977 439 2487 504 PSAIMOBUM.

1974 577 2020 642 Α
2054 572 2275 629 ﬁdeles.
2310 575 2356 631 H
2388 577 2430 631 A
2460 576 2637 649 Virga
2666 580 2821 635 certe
2853 579 3027 636 etiam
3063 580 3430 640 consolatur:
3463 586 3693 657 quando

3581 447 3695 509 IH

2057 664 2396 737 corrigendo
2427 670 2782 738 peccatorem
2815 667 2875 724 in
2905 669 3059 725 viam
3094 669 3299 726 salutis
3330 671 3505 729 ducit.

2045 752 2081 805 6
2187 755 2408 809 Parasti
2438 756 2492 809 in
2523 765 2806 827 conspectu
2834 773 2949 813 meo
2977 775 3217 814 mensam
3239 777 3262 814 .·

2190 841 2456 898 Adversus
2485 860 2570 899 eos
2598 846 2697 917 qui
2724 847 2997 903 tribulam
3020 865 3124 903 me.

2121 928 2162 983 C
2193 930 2437 996 Parasti,
2466 932 2520 986 id
2566 938 2674 1001 est,
2725 936 3117 1005 praedestinati
3169 936 3352 991 altare
3401 942 3691 1005 sanctum,

2053 1034 2318 1074 mensam
2347 1019 2505 1075 dicta
2535 1037 2570 1075 a
2612 1038 2831 1090 mense,
2863 1024 3139 1095 quoniam
3190 1024 3447 1097 quolibet
3494 1043 3695 1084 mense

2052 1105 2242 1177 primo
2268 1107 2382 1174 die,
2412 1108 2673 1165 convivia
2703 1111 2817 1166 ritu
2849 1112 3113 1184 gentium
3144 1116 3690 1185 exercebantur,etc.

2052 1195 2099 1249 Η
2130 1195 2433 1267 Signiﬁcat
2460 1198 2821 1270 Scripturam
2852 1204 3138 1256 sanctam.
3159 1203 3451 1258 Adversus
3479 1220 3599 1270 eos,
3634 1204 3691 1260 id

2053 1286 2158 1348 est,
2174 1282 2473 1348 haereticos
2505 1284 2603 1357 qui
2632 1286 2917 1343 tribulant
2944 1289 3282 1359 Ecclesiam,
3303 1290 3391 1346 vel
3424 1308 3691 1363 persecu-

2051 1375 2207 1426 tores
2240 1372 2501 1427 Ecclesiae
2533 1379 2589 1429 et
2618 1375 2930 1432 dznmones.

2052 1461 2088 1513 7
2196 1462 2546 1532 Impugnain
2569 1469 2625 1528 ἐς·
2667 1466 2727 1519 in
2765 1472 2779 1529 ζ
2838 1466 2951 1521 oleo
2976 1473 3140 1537 caput
3163 1482 3343 1523 meum
3372 1486 3391 1523 :

2191 1555 2246 1614 σξη
2290 1557 2342 1604 et
2382 1557 2395 1610 ;
2455 1551 2607 1606 calix
2633 1568 2785 1608 meus
2810 1553 3088 1611 inebrians
3111 1562 3167 1621 ~3—
3212 1572 3377 1627 quam
3387 1558 3691 1629 praetoriis

2264 1644 2346 1693 est
2387 1687 2409 1709 ,

2125 1724 2171 1780 Η
2203 1725 2325 1782 Vox
2354 1725 2641 1783 Ecclesiae.
2676 1728 3002 1785 Lietiiicasti
3034 1731 3292 1803 caput,id
3322 1735 3411 1788 cst
3436 1738 3689 1790 mentem

2053 1814 2396 1871 meam.oleo
2426 1815 2534 1870 hoc
2564 1820 2656 1871 est
2674 1816 2919 1887 spiritali
2950 1816 3693 1893 laetitia.Calixintelligitur

275 1905 571 1985 mundum
601 1901 882 1958 diabolus
913 1901 1174 1974 regebat.
1206 1899 1363 1998 l‘iibil
1392 1900 1578 1998 deerit
1607 1900 1743 1956 boni
1761 1900 1817 1998 ei
1842 1899 1939 1998 qui
1976 1933 2024 1998 Β
2053 1901 2292 1998 verbum
2314 1902 2424 1998 _Dei
2458 1904 2885 1998 quodinebriat
2916 1911 3170 1962 mentem
3202 1906 3690 1965 hominis.CPras-

273 1980 533 2051 adhaeret
564 1991 776 2047 Deo.ln
805 1990 936 2046 loco
964 1988 1291 2061 pascuae,id
1321 1994 1411 2043 est
1440 1989 1501 2044 in
1534 1989 1732 2043 futura
1761 1988 1942 2044 beati-

277 2083 484 2139 tudine
512 2096 655 2137 eum
686 2077 1127 2145 collocabit,sed
1150 2078 1278 2148 jam
1300 2078 1361 2131 in
1392 2093 1493 2148 spe
1522 2077 1787 2147 ejusdem
1819 2077 1948 2130 hea-

279 2169 553 2227 titudinis
580 2165 909 2234 collocavit,
942 2165 1029 2222 vel
1060 2165 1122 2221 in
1153 2164 1419 2221 Ecclesia:
1453 2169 1511 2220 et
1558 2165 1691 2221 ﬁdei
1724 2165 1947 2220 unitate

280 2275 447 2333 spem
476 2272 679 2316 meam
710 2254 1067 2327 composuit.

281 2353 316 2404 2
424 2347 607 2419 Super
634 2360 841 2417 aquam
871 2344 1184 2415 refectionis
1211 2342 1459 2399 educavit
1486 2358 1569 2397 me
1597 2359 1619 2396 .-

426 2438 697 2493 Animam
725 2448 913 2489 meam
941 2431 1219 2488 convertit.

354 2525 401 2581 Η
432 2525 478 2581 C
522 2526 695 2596 Aqua
741 2520 1126 2578 refectionis:
1168 2523 1258 2575 est
1305 2519 1583 2591 baptismi
1630 2519 1944 2585 lavacrum,

282 2630 399 2687 quo
431 2612 636 2668 anima
665 2608 890 2667 sterilis
920 2607 1577 2680 irrigatur.Educavit,C
1606 2607 1660 2662 id
1694 2611 1783 2664 est
1809 2625 1949 2680 pau-

282 2702 450 2759 latim
482 2700 754 2765 nutrivit,
788 2697 962 2771 quasi
992 2696 1268 2769 parvulos
1294 2701 1352 2752 et
1381 2701 1613 2753 renatos
1660 2698 1944 2753 doctrina.

284 2792 331 2849 II
358 2789 841 2847 Patriarcharum
873 2790 932 2842 et
962 2785 1377 2859 prophetarum
1399 2786 1516 2842 sive
1529 2787 1944 2858 apostolorum,

282 2880 326 2936 (Ξ
373 2878 676 2937 Convertit
734 2875 931 2931 ﬁdelis
980 2874 1240 2929 animam
1292 2874 1361 2928 ad
1420 2874 1762 2929 Christum:
1819 2891 1947 2947 quae

282 2969 514 3024 dudum
547 2966 663 3022 sub
694 2963 930 3019 diabolo
960 2963 1246 3035 probatur
1273 2978 1402 3018 esse
1431 2963 1675 3035 captiva.

279 3057 316 3112 3
426 3055 671 3112 Deduxit
698 3069 788 3109 me
813 3067 982 3126 super
1002 3053 1224 3108 semitas
1242 3052 1485 3121 justitia:
1512 3070 1531 3106 :

423 3146 661 3217 Propter
685 3156 887 3199 nomen
914 3156 1099 3196 suum.

353 3234 396 3290 C
424 3234 661 3289 Semitas
686 3229 962 3302 justitiai,
994 3232 1136 3284 sunt
1163 3226 1279 3283 duo
1310 3232 1595 3302 praecepta
1642 3228 1941 3295 salutaria,

282 3325 340 3381 id
374 3327 489 3387 est,
526 3291 765 3376 dilectio
795 3318 898 3374 Dei
930 3291 987 3373 ei
1018 3315 1285 3389 proximi.
1311 3291 1450 3381 ὸυω
1489 3291 1709 3373 semitae
1739 3291 1942 3373 dicun;
1974 3291 2017 3356 C

282 3417 402 3483 tur,
433 3410 577 3483 quia
609 3411 771 3463 arcta
799 3410 891 3461 est
920 3405 1014 3461 via
1041 3405 1112 3460 ad
1145 3421 1389 3477 regnum
1430 3405 1708 3461 ccelorum
1741 3405 1942 3476 (Matth.

281 3500 663 3573 vn).Propter
691 3509 906 3550 nomen
939 3508 1115 3549 suum
1146 3493 1362 3565 gaudet
1392 3510 1453 3547 se
1468 3492 1946 3548 famulusChristi

280 3590 611 3647 deductum
644 3600 776 3640 esse
804 3584 875 3637 ad
909 3581 1074 3636 illam
1105 3581 1429 3648 scientiam,
1463 3585 1527 3636 ut
1572 3582 1758 3653 possit
1776 3582 1950 3652 jussa

280 3678 380 3735 Dei
408 3674 745 3747 vulgare,et
770 3671 883 3727 hoc
913 3686 1030 3726 non
1063 3668 1189 3725 suis
1218 3669 1573 3737 meritis,sed
1603 3669 1797 3725 divina
1825 3688 1950 3742 gra-

276 3768 361 3822 tia
390 3763 511 3820 sibi
544 3774 889 3818 concessam
921 3773 1145 3825 esse;ac
1174 3756 1225 3812 si
1254 3757 1788 3818 diceret:deductus
1817 3772 1949 3813 sum

278 3855 339 3912 in
399 3852 655 3909 semitas
711 3848 1154 3913 mandatorum,
1206 3862 1324 3901 non
1382 3850 1618 3918 propter
1675 3846 1948 3901 meritum

280 3958 511 4009 meum,
545 3939 651 3996 sed
684 3941 923 4010 propter
952 3949 1165 3991 nomen
1197 3948 1393 3989 suum.

280 4034 314 4088 ι
424 4032 575 4087 Nam
623 4027 728 4083 etsi
776 4024 1131 4080 ambularem
1170 4023 1232 4077 in
1279 4022 1456 4079 medio
1503 4023 1719 4079 umbra:
1763 4024 1953 4079 mortis

502 4132 619 4173 non
644 4115 853 4170 timebo
880 4112 1055 4167 mala.

430 4205 716 4276 Quoniam
745 4210 805 4257 tu
833 4216 1052 4256 mecum
1069 4215 1143 4254 es.

350 4300 393 4351 C
424 4293 587 4351 Dicit
616 4288 968 4354 catholicus,
996 4286 1047 4343 si
1080 4284 1450 4342 ambulavero
1474 4286 1629 4342 inter
1656 4286 1955 4343 hiereticos

281 4385 410 4459 (qui
470 4384 633 4443 recte
695 4378 920 4434 umbra:
973 4374 1181 4431 mortis
1229 4375 1525 4446 dicuntur)
1573 4392 1689 4431 non
1743 4377 1956 4431 timebo

282 4490 492 4532 eorum
526 4485 744 4545 pravas
775 4465 1107 4531 suasioues,
1142 4463 1419 4536 quoniam
1449 4469 1514 4518 tu
1545 4480 1660 4533 me,
1691 4463 1953 4520 Domine.

282 4561 579 4621 defendis.
616 4558 663 4613 Η
691 4556 797 4612 Vel
830 4556 986 4610 inter
1015 4552 1210 4608 seculi
1240 4552 1650 4620 obscuritates,
1686 4552 1954 4624 ignoran-

2058 1989 2277 2045 clarum
2311 1991 2507 2062 itaque
2538 1990 2675 2063 quia
2703 1992 2774 2047 ad
2807 2009 3052 2064 regnum
3096 1994 3373 2051 ccslorum
3406 1998 3689 2068 perducit.

2056 2078 2157 2133 Vel
2199 2078 2346 2134 calix
2392 2079 2631 2151 sanguis
2676 2079 2911 2151 Christi,
2962 2082 3060 2152 qui
3109 2082 3283 2155 digne
3323 2085 3692 2142 sumentihus

2055 2166 2368 2239 praeclarus
2394 2172 2501 2224 est.

2056 2257 2090 2310 8
2197 2257 2262 2310 Et
2288 2256 2665 2312 misericordia
2695 2264 2788 2312 tua
2816 2257 3171 2329 subsequelur
3196 2276 3282 2316 me
3305 2279 3324 2315 :

2198 2343 2457 2401 Omnibus
2486 2344 2676 2400 diebus
2702 2348 2833 2403 vita
2864 2362 3011 2401 mete.

2125 2432 2166 2488 C
2196 2433 2584 2505 Subsequitur
2614 2433 3035 2501 misericordia,
3069 2434 3181 2489 ﬁde
3214 2436 3416 2508 utique
3464 2438 3535 2493 ad
3588 2455 3689 2495 cu-

2057 2522 2433 2587 stodiam,sed
2467 2521 2738 2593 praecedit
2768 2522 2838 2576 ad
2870 2521 3116 2593 gratiam
3133 2523 3688 2582 conferendam.Nisi

2056 2609 2285 2665 Domini
2318 2608 2711 2666 misericordia
2744 2611 3223 2681 subsequeretur:
3250 2612 3413 2667 lacile
3434 2613 3692 2670 humana

2056 2698 2340 2771 fragilitas
2368 2698 2895 2770 deeiperetur,quia
2924 2716 2957 2752 a
2985 2704 3145 2771 tergo
3159 2700 3425 2755 diabolus
3444 2701 3692 2758 insidias

2056 2790 2265 2860 parat:
2301 2786 2564 2859 quandiu
2594 2785 2653 2840 in
2694 2785 2800 2841 hoc
2847 2803 3085 2859 corpore
3130 2788 3358 2843 mortali
3407 2795 3687 2859 versatur,

2056 2876 2211 2931 unde
2237 2875 2412 2931 nimis
2443 2875 2836 2930 necessarium
2864 2879 2972 2942 est,
3006 2880 3069 2931 ut
3097 2891 3328 2949 semper
3356 2894 3464 2934 nos
3506 2880 3693 2951 gratia

2058 2965 2155 3019 Dei
2189 2965 2489 3037 praecedat.
2521 2968 2578 3019 et
2607 2963 3004 3019 misericordia
3030 2966 3441 3037 subsequatur.

2056 3054 2093 3107 6
2295 3054 2360 3107 Et
2404 3059 2416 3119 ζ
2469 3059 2524 3117 {-c
2569 3060 2629 3108 ut
2669 3058 2683 3118 ζ
2735 3052 3033 3109 inhabilem
3056 3055 3117 3109 in
3145 3054 3300 3111 domo
3319 3056 3583 3111 Domini:

2200 3143 2262 3197 In
2291 3141 2629 3209 longitudine
2655 3140 2887 3196 dierum.

2128 3231 2169 3284 Α
2203 3229 2335 3284 Ideo
2367 3226 2468 3283 illa
2498 3244 2773 3284 concessa
2801 3228 3076 3300 sibi,quaa
3106 3229 3260 3285 dicta
3288 3234 3427 3287 sunt
3455 3231 3686 3302 fatetur,

2057 3321 2122 3373 ut
2149 3316 2454 3384 inhabitet,
2476 3321 2583 3371 etc.
2607 3316 2891 3372 Dominus
2923 3318 3137 3389 quippe
3167 3316 3687 3376 Domini:futuram

2055 3407 2247 3477 signat
2280 3404 2638 3461 Hierusalem
2670 3421 2795 3476 qum
2829 3404 3097 3460 consistit
3128 3404 3689 3477 inlongitudinedie-

2055 3511 2207 3562 rum,
2240 3494 2377 3565 quia
2404 3494 2461 3547 in
2494 3493 2623 3566 ipsa
2651 3498 2738 3547 est
2769 3498 3046 3565 perpetua
3076 3492 3273 3548 latitia
3301 3498 3360 3549 et
3386 3495 3686 3552 beatitudo

2056 3583 2180 3638 sine
2211 3584 2343 3637 ﬁne.

2528 3687 2731 3725 ORATIO
2772 3688 2839 3724 EX
2881 3686 3038 3725 PSAL.
3079 3688 3214 3725 XXII.

2129 3760 2281 3831 Rege
2311 3757 2704 3825 nos,D0mine,
2724 3758 3000 3813 suavibus
3033 3762 3142 3814 tuae
3165 3758 3571 3833 praeceptionis
3594 3760 3698 3816 ha-

2059 3847 2245 3914 benis,
2280 3851 2345 3901 ut
2372 3846 2569 3901 aeterni
2598 3846 2953 3901 tabernaculi
2986 3846 3341 3905 habitatione
3377 3852 3649 3921 percepta
3680 3866 3693 3904 :

2060 3934 2420 4009 plenitudine
2470 3934 2740 4005 perennis
2782 3934 2969 4005 poculi
3002 3934 3349 4007 repleamur.
3374 3936 3481 3992 Per
3508 3936 3703 3992 Domi-

2062 4040 2205 4078 num
2256 4026 2518 4077 nostrum
2560 4022 2762 4079 Jesum
2812 4022 3107 4079 Christum
3158 4023 3343 4081 ﬁlium
3374 4029 3543 4082 tuum
3577 4025 3700 4096 qui,

2062 4115 2170 4167 etc.

2608 4197 2934 4254 PSALMUS
2972 4198 3159 4255 XXIII.

2486 4302 2888 4342 ARGUMENTUM
2920 4302 3078 4342 PSAL.
3114 4305 3274 4343 XXIII.

2134 4376 2176 4431 C
2207 4374 2491 4447 Propheta
2522 4379 2765 4429 testatur
2786 4373 2999 4430 Christi
3025 4375 3227 4429 ditioui
3263 4376 3597 4432 universum
3616 4394 3705 4433 or-

2065 4465 2196 4520 bem
2239 4479 2367 4520 esse
2412 4463 2741 4533 subjectum
2795 4463 3081 4517 deﬁniens
3130 4462 3344 4534 quibus
3389 4464 3703 4520 virtutibus

2066 4554 2288 4626 praediti
2321 4556 2460 4607 sunt
2490 4551 2547 4605 in
2578 4552 2705 4619 ejus
2737 4550 2993 4606 Ecclesia
3031 4552 3328 4606 constituti
3341 4551 3703 4624 ,alloquitur-

280 4652 396 4709 tias
425 4655 489 4707 et
520 4648 766 4721 peccata
795 4660 810 4700 :
843 4644 1086 4716 peccata
1113 4640 1269 4695 enim
1301 4640 1514 4696 umbra
1560 4641 1765 4695 mortis
1796 4644 1952 4706 sunt,
1988 4647 2034 4710 [)
2065 4658 2177 4713 que
2205 4640 2639 4713 superstitiosos
2674 4644 2738 4693 ut
2763 4656 2893 4695 vero
2925 4639 3171 4695 Domino
3205 4638 3578 4696 famulentur.

281 4741 423 4814 quia
451 4735 805 4809 exprimunt
833 4728 1287 4788 similitudinem
1317 4729 1541 4785 mortis.
1581 4728 1692 4785 Sed
1739 4734 1797 4783 et
1827 4728 1958 4783 ideo

284 4847 396 4887 non
433 4825 688 4890 timebo,
722 4820 865 4893 quia
893 4818 1060 4889 virga
1088 4820 1209 4882 tua,
1241 4819 1350 4872 etc.

277 4919 316 4974 5
426 4916 598 4986 Virga
627 4917 731 4966 tua
761 4917 814 4965 et
845 4906 1077 4963 baculus
1105 4912 1232 4959 tuus
1253 4922 1272 4959 :

424 5005 551 5077 Ipsa
580 5016 669 5056 me
697 4996 985 5055 consolati:
1011 4998 1161 5049 sunt.

349 5095 393 5150 C
424 5092 609 5163 Virga
638 5088 803 5145 enim
831 5085 904 5141 ad
921 5081 1223 5155 justitiam
1240 5082 1297 5135 et
1310 5079 1706 5135 fortitudinem
1726 5079 1956 5136 Domini

281 5181 607 5239 Salvatoris
638 5168 1186 5250 pertinet.Baculus
1219 5184 1233 5222 :
1267 5169 1336 5224 ad
1369 5168 1724 5238 adiutorium
1758 5168 1959 5223 huma-

280 5289 423 5328 num
457 5286 581 5344 quo
611 5264 991 5340 gubernatur
1018 5261 1076 5314 et
1105 5274 1139 5311 a
1184 5256 1300 5312 Deo
1347 5259 1714 5312 sustentatur
1758 5255 1953 5323 homo,

282 5361 435 5417 sicut
468 5359 752 5417 inﬁrmus
781 5346 1005 5408 baculo
1037 5345 1383 5410 sustinetur,
1417 5361 1532 5416 quo
1574 5348 1631 5399 et
1660 5361 1761 5416 pes
1791 5350 1958 5401 caute

282 5449 643 5523 deﬁgitur,et
675 5447 875 5500 totum
908 5450 1129 5523 corpus
1158 5434 1409 5523 desuper
1423 5431 1687 5523 innixum
1710 5433 1957 5487 sustine.

282 5519 562 5595 turilstis
593 5551 736 5607 ergo
767 5524 1018 5587 duabus
1050 5522 1223 5577 rebus
1253 5521 1440 5576 ﬁdelis
1470 5519 1957 5587 consolatur,una

284 5633 367 5683 est
395 5625 692 5683 districtio
724 5636 865 5696 qum
897 5610 1153 5671 conterit
1182 5610 1338 5677 vitia,
1363 5613 1419 5664 et
1449 5608 1634 5664 malos
1666 5611 1763 5679 qui
1790 5611 1958 5665 bonis

288 5732 483 5773 ποοετε
527 5713 783 5790 cupiunt
820 5727 836 5764 ε
897 5700 1089 5757 altera
1135 5698 1498 5771 gubernatio,
1533 5715 1657 5768 qua:
1710 5698 1960 5753 sustinet

2255 4729 2368 4784 TT.
2403 4729 2652 4783 Psalmus
2683 4728 2853 4783 David
2880 4734 2934 4794 ρέα
2980 4729 3171 4783 Prima
3198 4727 3428 4784 Sabbati
3466 4735 3485 4795 ζ

2134 4817 2176 4873 C
2206 4818 2399 4874 Prima
2430 4816 2666 4872 Sabbati
2698 4815 2989 4887 signiﬁcat
3010 4816 3163 4870 diem
3197 4814 3707 4887 Dominicum,quo

2067 4906 2348 4961 Dominus
2379 4903 2722 4969 surrexit,et
2753 4903 3109 4975 resurgendo
3140 4903 3235 4959 isti
3266 4902 3476 4960 saeculo
3507 4905 3708 4961 subve-

2067 4993 2174 5061 nit,
2208 4995 2614 5063 mundumquc
2646 4992 2773 5063 ipso
2800 4991 2891 5047 die
2922 4991 3154 5057 creavit,
3187 4991 3285 5063 qui
3336 4996 3569 5065 propter
3610 5009 3707 5049 ex-

2067 5081 2393 5138 cellentiam
2424 5081 2570 5136 tanti
2605 5078 2869 5135 miraculi
2906 5097 2919 5135 :
2957 5079 3186 5153 proprie
3231 5081 3355 5135 dies
3404 5080 3709 5136 Dominica‘

2067 5175 2460 5242 nuncupatur,
2505 5169 2562 5223 id
2612 5173 2698 5223 est
2752 5168 2999 5237 Domini,
3033 5169 3297 5241 quamvis
3338 5186 3542 5226 omnes
3588 5168 3709 5225 sint

2068 5258 2319 5313 Domini.

2068 5346 2094 5399 1
2214 5346 2441 5401 Domini
2463 5353 2543 5399 est
2568 5352 2713 5399 terra
2741 5353 2792 5400 et
2816 5345 3097 5417 plenitudo
3113 5346 3229 5417 ejus
3255 5364 3278 5400 ,ο

2211 5436 2656 5490 Orbisterrarum
2681 5441 2798 5496 et+
2828 5435 3074 5489 universi
3115 5441 3128 5498 ζ
3188 5432 3540 5503 quihabitant
3555 5435 3613 5486 in
3627 5444 3706 5485 eo.

2139 5522 2180 5576 C
2216 5521 2441 5577 Domini
2474 5525 2562 5575 est.
2590 5525 2758 5588 terra,
2794 5521 2848 5576 id
2882 5527 2989 5589 est,
3018 5520 3272 5575 Ecclesia
3299 5537 3425 5590 quas
3466 5517 3710 5574 Domino

2078 5611 2408 5681 specialiter
2439 5626 2579 5679 pura
2614 5616 2773 5663 ment
2820 5608 3149 5664 famulatur.
3177 5608 3322 5661 Nam
3352 5606 3481 5659 licet
3518 5602 3713 5659 omnia

2070 5700 2140 5754 ab
2172 5700 2297 5771 ipso
2330 5699 2446 5753 sint
2475 5698 2708 5753 condita
2741 5714 2753 5751 :
2791 5703 2983 5752 tamen
3016 5694 3203 5765 ipsius
3233 5708 3361 5747 esse
3409 5689 3709 5762 proprium
