3988 6470
228 417 362 482 illi

1156 414 1222 479 S.
1267 412 1668 479 BRUNONIS
1713 412 2342 512 HERBIPOLENSIS
2385 411 2765 476 EPISCOPI.

3554 413 3670 476 116
3746 360 3752 366 ⁸

225 552 498 610 dicimus
524 547 668 606 illud
698 549 853 622 quod
879 567 1015 605 eum
1046 553 1356 605 veneratur
1382 547 1898 604 ancterem.Plcni-
1930 550 1978 617 Α
2019 547 2241 619 pellatm
2273 551 2430 614 sunt,
2461 563 2638 619 quam
2669 565 2769 620 per
2797 565 2866 602 ea
2887 551 3191 604 transeant
3208 552 3540 621 peccatores
3563 566 3672 603 sua

225 641 471 708 tudo,id
498 637 942 706 est,multitudo
969 643 1174 696 sancta
1204 655 1324 710 qua
1347 637 1604 711 repletur
1629 635 1905 692 Ecclesia.

227 729 346 789 Ille
371 727 604 785 habitat
644 727 985 796 Ecclesiam,
1015 725 1116 800 qui
1157 745 1343 800 usque
1369 727 1443 783 ad
1471 727 1698 783 obitum
1731 742 1908 782 suum

230 820 302 876 in
332 815 448 874 tlde
479 819 637 872 recta
661 820 1016 888 perseverat,
1043 815 1307 872 habitare
1349 814 1508 872 enim
1559 831 1796 871 manere
1820 813 1907 870 di-

236 907 464 966 cimus.

238 1009 281 1062 2
393 1004 538 1073 Quia
566 1005 682 1076 ipse
710 1019 873 1076 super
898 1005 1082 1060 maria
1111 1002 1368 1075 fundavit
1394 1019 1539 1058 eum.

395 1095 466 1150 Et
490 1108 656 1164 super
679 1093 915 1164 ﬂumina
935 1094 1276 1166 praeparavit
1301 1109 1445 1148 eum.

324 1183 367 1240 C
393 1181 540 1248 Quid
572 1187 662 1238 est
689 1198 868 1255 super
891 1181 1080 1239 maria
1109 1181 1356 1242 fundare
1389 1199 1402 1237 :
1437 1181 1551 1238 nisi
1591 1197 1770 1254 super
1791 1186 1912 1238 tre-

247 1270 449 1330 mulos
481 1271 694 1328 ﬂuctus
723 1270 1020 1340 vitiorum,
1047 1271 1368 1328 Ecclesiam
1393 1271 1453 1328 in
1482 1272 1652 1328 ﬁrma
1681 1270 1795 1328 ﬁde
1823 1287 1915 1328 so-

248 1361 440 1418 lidare
472 1359 742 1416 flumina:
776 1360 822 1416 H
855 1361 1126 1417 Potentes
1155 1359 1352 1416 saeculi
1383 1359 1470 1416 vel
1501 1359 1915 1432 cupidi.Super

252 1451 374 1508 ista
404 1447 652 1506 ﬂumina
679 1453 770 1507 est
791 1448 1070 1519 Ecclesia,
1103 1453 1170 1506 ut
1199 1448 1319 1506 illis
1349 1449 1642 1522 pradicet,
1673 1453 1732 1506 et
1775 1467 1912 1506 con-

249 1541 580 1603 vertantur.

251 1638 290 1694 3
401 1638 510 1707 Qui
537 1637 791 1694 ascendet
819 1637 879 1692 in
907 1641 1147 1694 montem
1178 1639 1401 1694 Domini
1429 1657 1448 1694 :

405 1731 518 1784 Aut
544 1727 669 1800 quis
695 1727 864 1785 stabit
885 1728 945 1782 in
975 1727 1088 1784 loco
1114 1736 1300 1785 sancto
1327 1729 1444 1800 ejus
1460 1732 1486 1782 .9

327 1828 372 1882 C
395 1825 546 1890 Quia
576 1826 778 1884 omnia
807 1843 935 1898 quae
967 1827 1229 1884 condidit
1259 1827 1490 1884 Domini
1537 1845 1666 1885 esse
1715 1830 1917 1886 docuit

256 1916 576 1987 sequenter
617 1915 1033 1988 interrogando
1081 1915 1338 1972 ostendit
1385 1915 1590 1989 quales
1637 1934 1766 1974 esse
1816 1921 1916 1975 de-
1945 1927 1994 1992 Β

2022 639 2171 693 facta
2201 641 2518 709 portantes,
2543 642 2600 693 et
2631 655 2732 710 per
2761 655 2829 694 ea
2854 636 3125 694 diabolus
3157 639 3229 694 ad
3263 638 3439 694 corda
3469 637 3667 694 intrat.

2019 727 2324 799 Siquidem
2353 745 2388 783 a
2411 727 2682 799 portando
2711 732 2881 800 porta
2909 727 3064 784 dicta
3085 729 3270 784 est.Et
3301 729 3514 785 iterum
3534 745 3674 802 pres-

2019 816 2174 888 cepit
2201 816 2428 874 elevare
2459 822 2676 889 portas,
2707 817 2767 873 id
2799 822 2909 886 est,
2928 818 2974 874 H
3010 817 3187 874 fidem
3218 822 3278 875 et
3299 816 3670 887 charitatem,

2021 922 2154 979 quae
2182 906 2485 966 aiternales
2516 913 2658 964 sunt
2698 908 2889 977 dictae,
2922 907 3064 980 quia
3107 923 3212 980 per
3257 923 3359 965 eas
3403 906 3676 965 Christus

2020 994 2284 1052 introivit
2312 997 2382 1051 ad
2414 995 2754 1053 Ecclesium.

2020 1087 2055 1141 8
2167 1085 2299 1154 Qui:
2329 1094 2408 1142 est
2436 1087 2541 1142 iste
2560 1102 2661 1142 rea:
2687 1086 2886 1158 glorise
2906 1090 2934 1140 .9

2165 1176 2428 1232 Dominus
2475 1177 2634 1246 fortis
2686 1179 2739 1232 et
2787 1180 2998 1248 petens.
3047 1175 3313 1232 Dominus
3369 1181 3564 1248 potens
3613 1180 3673 1234 in

2233 1265 2454 1334 praelia.

2095 1351 2140 1407 H
2166 1352 2289 1408 Vox
2317 1353 2674 1408 daemonum.
2691 1353 2772 1408 Ac
2798 1353 2846 1408 si
2879 1351 3156 1421 dicerent,
3177 1357 3445 1410 nostrum
3478 1371 3675 1429 regem

2021 1439 2314 1498 habemus
2343 1441 2664 1500 diabolum.
2698 1441 2814 1498 Iste
2855 1459 2956 1500 rex
3003 1440 3102 1514 qui
3145 1441 3277 1498 est?
3305 1459 3415 1499 vox
3463 1443 3675 1500 iterum

2022 1529 2365 1604 angelorum
2397 1532 2885 1600 bonorum,t'ortis
2913 1529 3453 1606 est,quiaalligavit
3481 1533 3678 1592 diabo—
3707 1597 3718 1606 _

2022 1619 2145 1676 lum
2179 1621 2679 1694 (Luc.x1).Pot-ens
2711 1638 2845 1678 cum
2878 1619 3014 1678 vicit
3043 1619 3362 1678 infernum.
3384 1621 3447 1678 In
3477 1623 3676 1695 prailio

2024 1713 2231 1782 potens
2279 1726 2414 1768 cum
2464 1709 2738 1783 spoliavit
2786 1713 3095 1770 tartarum.
3128 1709 3222 1766 Sic
3269 1727 3530 1784 quaerere
3566 1712 3677 1770 visi

2025 1803 2166 1854 sunt
2187 1797 2429 1867 diaboli,
2461 1817 2495 1854 a
2519 1800 2785 1873 gentium
2819 1799 3114 1867 cordibus,
3151 1799 3396 1874 imperio
3439 1799 3674 1870 Christi,

2024 1893 2081 1942 et
2109 1888 2522 1960 przedicatione
2552 1892 2610 1946 et
2631 1890 2820 1964 gratia
2850 1888 3102 1962 expulsi.

255 1977 439 2060 beant
469 2020 483 2058 :
517 2003 619 2076 qui
651 2020 714 2060 se
743 1977 934 2076 ipsius
965 2005 1293 2078 nuncupari
1318 1977 1728 2064 desiderantH
1742 2008 1812 2063 Et
1826 2011 1918 2064 est
1945 1977 1974 1992 ι

2167 1978 2412 2034 Attollite
2435 1982 2646 2051 portas,
2674 1979 2974 2052 principes,
3016 1992 3219 2036 vestras
3239 1998 3258 2036 :
3279 1987 3332 2036 et
3383 1981 3680 2037 elevamini

257 2110 370 2150 vox
397 2093 692 2166 prephetie
724 2093 1174 2168 interrogantis:
1207 2095 1316 2160 Qui
1348 2097 1625 2152 ascendet
1655 2096 1715 2152 in
1745 2114 1916 2154 mon-

257 2186 400 2250 tem,
432 2181 492 2238 id
523 2187 632 2252 est,
667 2182 962 2240 caelestem
994 2183 1456 2242 Hierusalem.C.
1491 2185 1592 2242 Vel
1614 2185 1914 2259 justitiam

259 2272 335 2329 ad
368 2289 548 2346 quam
581 2290 795 2348 magno
827 2274 958 2330 nisu
993 2275 1316 2336 tendimus.
1345 2275 1624 2348 quoniam
1658 2278 1916 2350 peccatis

259 2362 637 2420 obviantibus
667 2363 1044 2437 impedimur.
1078 2364 1146 2420 Η.
1179 2367 1294 2420 Aut
1321 2365 1456 2438 quis
1487 2366 1688 2433 stabit,
1711 2367 1767 2422 id
1801 2372 1911 2434 est,

260 2451 396 2525 quis
422 2453 817 2524 perseverabit
847 2453 904 2508 in
929 2453 1189 2525 juititia.
1223 2456 1264 2510 C
1305 2453 1486 2510 Multo
1535 2454 1751 2529 quippe
1800 2455 1916 2512 uti-

257 2541 378 2600 lius
407 2548 499 2600 est
529 2543 590 2598 in
621 2548 826 2600 sancto
855 2543 981 2600 loco
1013 2549 1187 2610 stare,
1222 2561 1399 2616 quam
1453 2545 1524 2600 ad
1573 2547 1704 2617 ejus
1751 2547 1913 2602 fasti-

257 2632 422 2705 gium
455 2633 780 2705 pervenire.
809 2633 854 2688 Η
886 2633 1036 2700 Quia
1066 2632 1238 2688 multi
1272 2635 1618 2700 ascendunt,
1652 2636 1751 2691 sed
1795 2652 1911 2692 non

258 2724 652 2794 perseverant.
684 2722 826 2787 Quis
858 2721 1040 2796 igitur
1067 2739 1174 2795 pro
1207 2723 1444 2779 raritate
1475 2724 1730 2796 ponitur.

259 2820 292 2876 4
401 2819 663 2876 Innocens
691 2820 950 2877 manibus
978 2825 1033 2876 et
1061 2821 1266 2877 mundo
1293 2822 1452 2877 corde
1479 2841 1499 2878 :
1529 2824 1627 2896 qni
1671 2839 1780 2879 non
1819 2839 1911 2879 ac-

472 2911 616 2982 cepit
646 2911 705 2966 in
735 2923 877 2966 vano
907 2911 1157 2966 animam
1184 2927 1342 2966 suam
1375 2930 1392 2966 .-

401 3000 507 3056 Nec
526 2999 745 3072 juravit
773 3001 834 3055 in
857 2999 978 3057 dolo
1003 3001 1260 3073 proximo
1283 3017 1399 3057 suo.

331 3097 374 3154 C
402 3097 686 3155 Innocens
715 3098 992 3154 manibus
1024 3100 1309 3172 estzcujus
1333 3100 1594 3172 operatio
1615 3099 1911 3158 neminem

259 3187 544 3255 laedit,sed
571 3189 781 3261 juvare
803 3191 1346 3246 contendit.Mundo
1377 3191 1632 3248 corde.H
1665 3191 1916 3248 Sanctus

261 3275 322 3332 in
354 3273 720 3349 cogitatione.
748 3275 851 3334 Ille
881 3293 996 3333 non
1029 3277 1241 3351 accipit
1267 3276 1329 3333 in
1377 3294 1597 3334 vanum
1652 3277 1912 3334 animam
1943 3305 1987 3372 α

261 3381 451 3434 suam,
485 3366 585 3439 qui
615 3383 792 3439 opera
823 3367 978 3424 bona
1006 3366 1144 3441 agit.
1167 3367 1210 3423 C
1243 3370 1350 3422 Per
1379 3366 1582 3423 dolum
1607 3366 1809 3440 itaque
1821 3369 1916 3440 ju-

261 3458 354 3511 rat
385 3471 399 3510 :
433 3455 706 3529 quisquis
736 3455 905 3512 aliter
935 3457 1200 3512 facturus
1239 3459 1329 3510 est
1370 3471 1550 3528 quam
1599 3457 1912 3528 promittit,

258 3544 504 3600 credens
541 3544 870 3617 perjurium
925 3561 1039 3599 non
1088 3561 1258 3601 esse:
1293 3544 1595 3616 decepisse
1646 3543 1918 3616 nequiter

259 3633 550 3690 credentis
580 3650 858 3690 errorem.

255 3731 292 3786 5
397 3737 454 3796 ᾧ·
498 3732 598 3786 Hic
641 3738 654 3795 ζ
715 3731 944 3802 accipiet
971 3731 1399 3787 benedictionem
1428 3749 1462 3786 α
1492 3732 1743 3787 Domino.

337 3861 342 3866 -
401 3821 468 3876 Et
494 3817 936 3876 misericordiam
966 3837 1000 3874 a
1027 3819 1132 3876 Deo
1161 3820 1402 3876 salutari
1427 3836 1544 3876 suo.

327 3917 370 3974 C
400 3917 549 3991 Ergo
582 3915 792 3990 accipit
819 3917 1287 3974 benedictionem
1319 3935 1432 3974 non
1466 3919 1538 3975 ab
1570 3917 1705 3990 alio,
1731 3920 1830 3974 sed
1883 3937 1916 3974 a

253 4004 521 4061 Domino.
558 4003 604 4060 Η
634 4003 740 4068 Qui
776 4021 838 4061 se
867 4004 1211 4060 custodierit
1257 4005 1329 4060 ab
1379 4005 1508 4063 istis
1559 4007 1914 4079 supradictis

257 4093 528 4160 maculis,
562 4093 608 4150 H
639 4091 918 4152 salutaris
968 4111 1106 4168 ergo
1140 4098 1338 4152 noster
1370 4113 1382 4152 :
1417 4095 1686 4152 Christus
1737 4101 1847 4165 est,
1881 4115 1914 4154 a

255 4199 372 4256 quo
401 4188 458 4238 et
485 4183 784 4243 beatitudo
814 4183 1096 4240 tribuitur
1126 4189 1182 4240 et
1193 4185 1786 4258 peccatalaxanturJl
1812 4187 1914 4242 Mi-

255 4271 635 4329 sericordiam
667 4290 702 4331 a
731 4273 848 4330 Deo
880 4273 1042 4330 solus
1066 4273 1163 4330 ille
1189 4275 1700 4350 consequitur,qui
1723 4295 1786 4334 se
1809 4278 1914 4334 mi-

257 4377 454 4418 serum
488 4362 724 4435 putat,C
755 4368 812 4420 et
843 4359 1042 4420 nullus
1073 4362 1381 4420 hominum
1417 4369 1505 4421 est
1536 4365 1638 4439 qui
1671 4366 1782 4423 sibi
1803 4367 1910 4423 mi-

257 4449 584 4508 sereri'non
617 4457 804 4528 egeat.

253 4550 290 4605 6
399 4555 529 4608 Ilzec
556 4560 635 4609 est
661 4554 943 4623 generatio
973 4555 1342 4626 quaerentium
1367 4571 1491 4610 eum
1524 4574 1542 4610 :

398 4643 782 4714 Quwrentium
809 4643 1010 4712 faciem
1043 4645 1152 4698 Dei
1177 4644 1365 4701 Iacob.
1401 4643 1740 4716 Diapsalma.

2233 2076 2405 2140 portae
2427 2069 2714 2125 :rternules
2735 2085 2756 2121 ,ο

2166 2159 2233 2214 Et
2263 2159 2516 2214 introibit
2541 2175 2647 2214 rex
2669 2159 2889 2231 plorim.

2094 2250 2135 2305 C
2165 2248 2451 2304 Admonet
2481 2248 2695 2303 iterum
2726 2249 3003 2322 degentes
3032 2247 3092 2304 in
3111 2248 3360 2306 diversis
3381 2249 3680 2306 erroribus

2023 2338 2252 2394 auferre
2281 2337 2538 2394 claustra
2568 2338 2858 2406 mortis,H
2891 2337 3004 2394 hoc
3033 2343 3121 2394 est
3151 2339 3490 2412 superbiam
3508 2343 3565 2394 et
3585 2356 3680 2394 cu-

2025 2427 2332 2500 piditatem
2373 2431 2430 2482 et
2461 2425 2788 2494 avaritiam,
2820 2427 2964 2498 quia
3014 2443 3116 2498 per
3165 2427 3273 2484 has
3321 2432 3440 2482 tres
3484 2428 3680 2484 omnis

2024 2517 2200 2574 homo
2231 2517 2304 2573 ad
2329 2515 2625 2572 infernum
2656 2515 3068 2572 descendebat.
3085 2514 3329 2572 Elevatss
3345 2520 3486 2572 sunt
3501 2521 3679 2589 portae

2025 2604 2347 2672 mternales,
2382 2609 2422 2659 Ο
2452 2605 2509 2660 id
2542 2609 2652 2667 est,
2678 2603 2874 2676 gratia
2901 2603 3492 2676 baptismatis,honor
3519 2604 3680 2662 chri-

2024 2693 2420 2759 smatis,salus
2451 2692 2905 2766 praedicationis,
2923 2709 3029 2766 per
3051 2709 3201 2765 quas
3232 2709 3329 2749 rex
3359 2693 3556 2768 gloria
3589 2695 3677 2750 di-

2022 2787 2238 2857 gnatus
2267 2787 2356 2838 est
2385 2782 2647 2840 introire.

2026 2874 2093 2930 10
2165 2874 2303 2944 Quis
2333 2880 2410 2928 est
2440 2874 2540 2928 iste
2570 2887 2672 2928 rex
2697 2872 2899 2943 gloria:
2921 2876 2948 2927 .9

2165 2964 2428 3020 Dominus
2460 2963 2725 3019 virtutum
2755 2963 2870 3035 ipse
2897 2965 2974 3018 est
3004 2979 3104 3019 rex
3148 2962 3365 3032 glorise.
3549 2963 3680 3020 Dia-

2232 3053 2454 3126 psalma
2490 3057 2504 3120 ζ
3712 3117 3720 3124 .

2094 3142 2140 3198 Η
2173 3142 2376 3200 Merito
2406 3143 2692 3198 virtutum
2728 3139 3042 3198 Dominum
3073 3139 3288 3208 dictus,
3305 3141 3447 3215 quia
3469 3141 3682 3198 virtute

2023 3249 2133 3290 sua
2162 3231 2515 3290 conculcans
2545 3231 2784 3299 inferos,
2819 3247 2954 3288 cum
2999 3229 3301 3304 triumpho
3346 3231 3579 3287 rediens
3607 3232 3678 3286 ad

2025 3339 2291 3394 superos.
2329 3322 2448 3378 Rex
2483 3321 2702 3396 gloriae,
2735 3321 2776 3378 C
2823 3321 2926 3394 qui
2975 3319 3131 3389 facit,
3165 3337 3228 3376 se
3275 3317 3676 3394 gloriﬁcando,

2023 3410 2332 3486 gloriosos.

2049 3550 2053 3555 .
2489 3517 2694 3555 ORATIO
2733 3517 2801 3554 EX
2849 3517 3008 3556 PSAL.
3051 3516 3214 3555 XXIII.

2097 3587 2402 3644 Stabilitor
2426 3587 2806 3661 terrae,Deus(
2814 3588 2907 3644 cui
2923 3592 3132 3644 cuncta
3144 3589 3352 3645 mundi
3374 3587 3678 3662 plenitudo

2025 3678 2302 3748 deservit)
2330 3675 2573 3733 restitue
2596 3695 2702 3733 nos
2729 3678 2788 3734 in
2817 3678 3209 3734 innocentiam
3236 3679 3459 3744 vitae,ut
3489 3678 3682 3751 possi-

2028 3784 2182 3834 mus,
2207 3772 2261 3824 te
2287 3769 2520 3840 praivio,
2550 3773 2809 3825 montem
2837 3767 3318 3825 sanctificationis
3345 3768 3679 3825 ascendere.

2025 3857 2135 3914 Per
2161 3859 2473 3913 Dominum
2501 3863 2768 3914 nostrum
2792 3859 3001 3914 Jesum
3027 3857 3350 3925 Christum,
3381 3862 3489 3914 etc.

2562 3947 2893 4004 PSALMUS
2946 3947 3141 4002 XXIV.

2454 4052 2858 4104 ARGUMENTUM
2900 4054 3059 4094 PSAL.
3099 4051 3252 4093 xxxv.

2095 4130 2136 4182 C
2166 4127 2274 4182 Per
2297 4130 2484 4182 totum
2511 4127 2668 4182 hunc
2700 4125 2996 4200 psalmum
3038 4127 3382 4200 deprecatur
3426 4125 3690 4182 Ecclesia

2025 4233 2097 4272 ne
2121 4221 2254 4272 ante
2275 4221 2652 4288 conspectum
2679 4217 2911 4273 Domini
2933 4215 3392 4290 contemptibilis
3409 4218 3688 4288 appareat

2023 4306 2304 4362 inimicis.
2327 4353 2331 4358 .

2164 4397 2277 4452 TT.
2306 4398 2366 4452 In
2393 4398 2559 4466 ﬁnem
2590 4398 2832 4470 psalmus
2864 4396 3057 4453 David.

2025 4487 2048 4540 1
2165 4487 2258 4542 .ίὰ
2287 4495 2357 4551 te,
2390 4487 2637 4554 Domine,
2671 4488 2851 4542 levavi
2875 4487 3125 4540 animam
3149 4500 3330 4542 meam
3360 4503 3380 4540 :

2166 4575 2303 4632 Deus
2328 4593 2501 4644 meus,
2529 4577 2591 4630 in
2619 4583 2666 4631 te
2690 4574 2920 4645 conﬁdo,
2951 4589 3062 4629 non
3091 4575 3426 4630 erubescam.

1945 4682 1990 4748 Ι)
2091 4667 2131 4718 C
2159 4664 2304 4720 Dicit
2331 4670 2518 4720 mater
2544 4663 2798 4719 Ecclesia
2826 4679 2889 4718 se
2915 4659 3140 4717 levasse
3177 4661 3438 4717 animam
3484 4679 3678 4731 suam,

327 4739 372 4794 H
403 4739 712 4797 Generatio
744 4739 853 4796 hoc
882 4745 973 4795 est
1003 4739 1260 4812 populus
1309 4739 1780 4797 Christianorum
1811 4745 1910 4814 qui
1945 4739 1984 4748 “’
2023 4753 2094 4807 ad
2131 4753 2686 4824 contemplationem
2730 4749 3057 4806 crnlestium
3099 4766 3298 4805 rerum
3343 4765 3446 4822 per
3488 4767 3678 4822 spem,

246 4827 436 4900 jacuit
464 4828 521 4884 in
557 4828 944 4895 tenebris,sed
979 4844 1136 4883 nunc
1165 4846 1435 4900 quaerens
1460 4829 1798 4897 Dominum,
1828 4851 1912 4889 re-

2021 4843 2197 4898 {idem
2223 4847 2282 4898 et
2303 4840 2816 4912 charitatem,quia
2842 4838 3106 4894 humana
3129 4836 3678 4910 faciledespicitqui

253 4915 435 4988 quiﬁt
460 4917 666 4973 faelem
699 4913 802 4972 Dei
831 4933 938 4989 P9P
969 4917 1144 4972 ﬁdem
1173 4921 1232 4972 et
1278 4917 1697 4989 operationem,
1734 4920 1786 4975 id
1822 4929 1911 4978 est
2019 4932 2219 4986 divina
2248 4928 2633 5000 conspexerit.
2667 4928 3021 4983 Erubescere
3047 4930 3137 4984 est
3183 4925 3490 4998 repentina
3535 4943 3669 4982 con-

252 5004 464 5061 Christi
487 5023 588 5078 per
603 5005 764 5063 illius
782 5004 1298 5072 illuminationem,
1323 5007 1423 5079 qui
1451 5009 1746 5080 posterius
1771 5016 1907 5070 nato
2018 5020 2352 5076 turbatione
2378 5016 2559 5072 animi
2613 5015 2914 5085 confundi;
2937 5015 3092 5088 quod
3122 5032 3237 5072 non
3265 5014 3458 5072 evenit
3483 5015 3677 5072 Eccle-

252 5093 574 5165 primatum
595 5095 756 5151 dedit
782 5093 1279 5164 honoris,scilicet
1307 5095 1638 5154 Christiano
1666 5100 1903 5174 populo,

251 5183 408 5254 quod
442 5200 545 5255 per
573 5183 751 5241 Jacob
785 5183 1033 5256 intelligi
1057 5183 1282 5240 occulte
1313 5185 1490 5242 dedit.

248 5279 287 5333 7
394 5279 639 5336 Attollite
683 5290 867 5353 portas
915 5282 1193 5353 principes
1242 5287 1446 5340 vestras
1472 5303 1492 5340 :
1521 5295 1572 5343 et
1610 5288 1910 5345 elevamini

389 5373 570 5440 portae
598 5371 892 5426 mternales
921 5389 938 5426 :

393 5459 458 5513 Et
491 5460 749 5515 introibit
778 5476 876 5514 rex
896 5460 1113 5530 gloriw.

321 5550 359 5601 C
388 5547 654 5621 Praecipit
683 5549 838 5604 enim
874 5549 1158 5622 propheta
1183 5558 1381 5622 portas
1415 5555 1620 5610 mortis
1651 5558 1897 5622 auferre,

2018 5109 2138 5177 sine,
2167 5108 2306 5180 quia
2332 5107 2391 5161 in
2420 5111 2602 5162 Deum
2627 5107 2888 5161 confidit.

2014 5200 2050 5251 2
2155 5198 2342 5266 Neque
2369 5194 2643 5250 irrideant
2669 5211 2756 5250 me
2786 5195 3005 5250 inimici
3037 5197 3150 5251 mei
3177 5215 3196 5251 :

2160 5285 2374 5340 Etenim
2420 5286 2683 5352 universi,
2719 5287 2817 5358 qui
2857 5286 3136 5342 sustinent
3177 5294 3248 5352 te,
3284 5301 3396 5342 non
3438 5287 3675 5357 confun-

2229 5373 2450 5429 dentur.

2084 5467 2124 5518 C
2155 5463 2362 5520 Ridere
2389 5463 2738 5538 plerumque
2765 5466 3025 5538 benigni,
3042 5466 3284 5522 irridere
3303 5469 3500 5520 autem
3516 5481 3671 5521 sem-

2012 5569 2116 5625 per
2140 5554 2368 5609 adversi
2397 5560 2504 5609 est.
2534 5555 2579 5609 H
2610 5556 2835 5611 Inimici
2864 5554 3131 5612 Ecclesia:
3168 5559 3309 5610 sunt
3351 5554 3672 5619 daemones,

247 5636 307 5692 id
341 5641 448 5705 est,
483 5639 864 5711 cupiditatem
897 5643 954 5696 et
984 5639 1269 5698 malitiam
1314 5642 1543 5716 aliaque
1577 5646 1734 5712 vitia,
1770 5663 1897 5717 quae
2011 5644 2286 5709 haeretici,
2317 5643 2481 5709 vitia,
2513 5651 2766 5715 peccata.
2797 5647 2920 5701 Non
2949 5645 3406 5709 confundentur,
3435 5643 3536 5715 qui
3585 5661 3676 5698 ex-

247 5726 512 5800 principc
547 5728 778 5786 diabolo
810 5729 1010 5802 positis
1059 5736 1244 5799 erant,
1281 5747 1410 5804 qum
1439 5732 1755 5806 ideOportse
1795 5752 1894 5807 ap-

2007 5739 2275 5806 spectant
2301 5732 2641 5796 Dominum,
2673 5751 2861 5807 neque
2906 5734 2998 5790 hic
3047 5750 3236 5805 neque
3281 5733 3337 5787 in
3385 5732 3605 5787 futuro.
3639 5737 3678 5786 C
