3936 6460
295 459 395 518 ll'l
1492 458 1910 523 EXPOSITIO
1953 459 2461 527 PSALMORUM.
3557 466 3671 530 118

290 588 625 665 Exspectare
645 594 735 649 est
758 591 871 650 sub
896 590 1181 649 malorum
1209 594 1485 666 patientia
1528 595 1710 651 Deum
1736 595 1916 650 virili-
1944 595 2001 658 Α
2028 594 2278 652 cmlestis
2306 597 2453 654 vitae.
2488 592 2720 667 Rectus,
2753 597 2799 655 Η
2832 597 2971 672 quia
3000 598 3187 656 reddit
3206 582 3211 585 ⁵
3230 597 3545 673 unicuique
3576 618 3671 657 se-

287 686 368 739 ter
386 682 680 747 sustinere,
704 686 769 737 ut
794 681 889 739 ille
913 682 1151 739 veniens
1178 683 1235 739 in
1259 683 1481 756 judicio
1507 682 1710 739 reddat
1762 684 1917 756 quod
2024 684 2282 741 cundum
2326 703 2501 759 opera
2543 705 2667 744 sua.
2722 689 2932 761 Legem
2985 686 3292 744 charitatis
3335 689 3517 757 dabit,
3568 706 3671 762 per

288 772 468 828 devoti
497 770 732 827 animus
757 772 1147 844 exspectabat.
2025 790 2201 846 quam
2232 774 2590 833 dimittentes
2621 778 2900 833 offensam
2935 776 3528 834 reeonciliamurDeo.
3548 777 3667 834 Clu

286 863 319 916 3
418 860 844 932 Con/undantur
864 868 920 928 σξη
966 876 1149 916 omnes
1193 867 1207 928 ζ
1268 863 1458 934 iniqua
1487 870 1699 934 agentes
1729 880 1747 918 :
2021 860 2204 928 via,id
2226 868 2314 919 est
2342 866 2610 936 przesenti
2632 865 2765 933 vita,
2787 866 2882 922 ubi
2908 866 2997 921 lex
3018 865 3273 939 ponitur,
3299 864 3356 920 in
3381 882 3499 939 qua
3511 870 3665 924 recte

416 948 781 1022 Supervacua.
2021 951 2208 1007 vivere
2237 954 2701 1009 commonemur.

349 1038 392 1094 Η
423 1038 713 1111 Propheta
736 1038 878 1094 dicit
902 1055 1016 1094 non
1043 1040 1315 1111 optando,
1351 1040 1450 1095 sed
1477 1040 1873 1112 prophetando
1899 1058 1912 1096 :
2022 1041 2090 1095 10
2162 1037 2373 1111 Diriget
2401 1052 2711 1099 mansuetos
2744 1046 2803 1099 in
2822 1043 3034 1115 judicio
3065 1063 3082 1098 :

282 1126 1173 1183 confandantur.Coniundentur
1186 1128 1343 1183 enim
1357 1129 1726 1201 quiusquein
1739 1130 1914 1184 ﬁnem
2160 1130 2377 1185 Docebit
2401 1132 2555 1186 mites
2585 1133 2699 1185 vias
2726 1147 2869 1186 suas.

282 1216 337 1272 in
364 1215 586 1272 malitia
614 1220 1050 1288 perseverant.C
1072 1215 1303 1272 Vanum
1331 1217 1581 1273 dicimus
1601 1216 1918 1272 infructuo-
2092 1218 2406 1273 CDirectus
2437 1218 2652 1290 quippe
2679 1218 2893 1273 dicitur
2920 1219 3020 1291 qui
3045 1221 3117 1274 de
3132 1236 3303 1276 curvo
3324 1225 3515 1277 rectus
3532 1222 3654 1278 effi-

283 1321 407 1360 sum
437 1308 613 1377 atque
638 1320 909 1370 vacuum,
938 1305 1092 1377 quod
1120 1322 1153 1358 a
1177 1304 1426 1361 Domino
1463 1306 1742 1376 probatur
1786 1305 1917 1360 alic-
2023 1306 2191 1362 citur.
2226 1305 2511 1364 Mansueti
2543 1308 2837 1374 dicuntur,
2871 1308 3037 1379 quasi
3066 1325 3236 1364 manu
3261 1312 3521 1378 consueti,
3545 1310 3653 1367 hoc

2020 1398 2128 1465 est,
2159 1394 2469 1450 tolerantes
2495 1394 2761 1466 injurias,
2794 1412 2908 1451 non
2942 1396 3246 1455 reddentes
3293 1397 3511 1455 malum
3551 1416 3652 1472 pro

2021 1481 2196 1540 malo.
2226 1484 2395 1539 Mites
2427 1489 2584 1551 sunt,
2620 1482 2720 1557 qui
2751 1483 2912 1539 nullo
2956 1485 3151 1541 furore
3192 1486 3522 1553 turbantur,
3552 1489 3653 1545 sed

2019 1570 2256 1627 lenitate
2286 1572 2465 1627 animi
2498 1573 2721 1643 jugitcr
2750 1579 3148 1644 perseverant;
3177 1573 3308 1630 illos
3351 1574 3552 1649 dirigit
3590 1576 3648 1632 in

2007 1660 2250 1731 judicio,
2275 1659 2413 1732 quia
2441 1661 2512 1715 ad
2544 1660 2892 1732 promissam
2926 1661 3340 1719 beatitudinem
3371 1680 3470 1719 eos
3515 1664 3653 1721 facit

2010 1749 2326 1820 pervenire.
2341 1749 2473 1813 Quae
2495 1765 2626 1804 vero
2657 1750 2778 1805 sint
2804 1749 2909 1804 vim
2924 1750 3175 1818 Domini,
3195 1751 3462 1824 sequenti
3480 1768 3650 1810 versu

337 1834 529 1891 CVia:
573 1836 739 1891 dictae
789 1840 928 1891 sunt
967 1852 1000 1889 a
1042 1835 1295 1900 vehendo,
1337 1839 1393 1890 et
1436 1834 1767 1908 signiﬁcant
1814 1835 1907 1891 hic
2013 1837 2267 1909 exponit.

263 1925 570 1979 mandata.
589 1924 809 1979 Semita
832 1923 984 1978 dicta
1008 1924 1174 1996 quasi
1199 1924 1336 1978 semi
1362 1925 1473 1986 via,
1497 1922 1635 1994 quia
1659 1928 1888 1996 angustc

2030 1945 2070 2000 ll
2156 1947 2426 2002 Universze
2456 1947 2563 2001 viae
2594 1946 2816 2000 Domini
2843 1946 3218 2001 misericordia
3247 1954 3298 2001 et
3324 1948 3525 2003 veritas
3557 1967 3575 2003 :

260 2011 416 2107 ωηο
440 2012 849 2107 ξίίΐίείίξι-Ρέῖθο
876 2010 1045 2107 ""139
1071 2014 1205 2107 ηοίςδ
1222 2011 1445 2107 Αθεῗξεεεῗᾷ
1459 2010 1683 2067 οοθυίίο
1704 2012 1903 2107 illm“?
1933 2010 1979 2019 —
2154 2033 2568 2104 Requirentibus
2585 2039 2958 2088 testamentum
2975 2035 3088 2105 ejus
3106 2042 3158 2089 et
3188 2036 3495 2091 testimonia
3505 2036 3643 2107 ejus.

256 2100 626 2195 ambtilatgr-
654 2100 700 2195 ξι
725 2099 832 2195 1_’_er
861 2100 1127 2195 seﬁimm
1154 2097 1498 2195 intelligityr
1522 2105 1770 2172 angusta
1812 2102 1905 2195 vis
2081 2121 2123 2177 c
2153 2097 2443 2177 Universae
2468 2122 2570 2175 viae
2601 2121 2828 2179 Domini
2850 2097 3646 2195 misericordia,quiaprm:ve-

255 2206 388 2285 sese
415 2187 1097 2285 dUCi‘_&d_‘:itam-Ed0°?
1129 2203 1240 2243 τηε·
1268 2187 1439 2285 (ξλουί
1467 2204 1658 2285 εθῗξηο
1685 2206 1797 2244 Ποη
1830 2191 1901 2245 ad
2010 2210 2098 2265 nit
2127 2214 2338 2265 cuncta
2366 2209 2627 2266 bonitate
2654 2226 2779 2264 sua.
2811 2208 3058 2275 Veritas,
3087 2210 3225 2281 quia
3255 2187 3453 2266 omnia
3483 2213 3644 2283 juste

252 2276 468 2335 callem
495 2276 598 2332 sed
624 2276 695 2331 ad
722 2274 909 2347 legem
935 2276 1124 2348 magis
1150 2276 1408 2331 noscitur
1432 2277 1737 2347 pertinere.

2030 2298 2312 2370 lijudicat.
2363 2298 2584 2362 Quibus
2630 2313 2761 2351 vero
2801 2300 3046 2368 possunt
3114 2297 3257 2352 talia
3314 2300 3641 2366 convenire,

253 2367 290 2423 5
400 2366 597 2434 Dirige
626 2379 713 2419 me
742 2366 803 2420 in
828 2366 1055 2420 veritate
1085 2371 1177 2419 tua
1205 2371 1256 2420 et
1280 2364 1406 2420 doce
1436 2382 1519 2421 me
1548 2384 1568 2421 :

2030 2364 2311 2459 nequitur:
2346 2383 2776 2456 requirentibus
2804 2364 3306 2441 testamentum.ll
3335 2385 3396 2440 Id
3426 2364 3645 2455 estmo-

1268 863 1458 934 iniqua
1487 870 1699 934 agentes
1729 880 1747 918 .·

284 1411 442 1449 num.
469 1395 517 1448 A
541 1392 645 1449 Vel
675 1394 1399 1466 optative,confundantur
1421 1393 1513 1448 hic
1540 1410 1644 1465 pro
1668 1394 1915 1464 peccatis

281 1482 778 1547 salubriter.Quod
808 1482 857 1538 si
881 1482 975 1537 hic
992 1480 1657 1549 nolunt,conl'undantur
1680 1483 1912 1538 tandem

272 1567 639 1627 aeternaliter.

275 1660 307 1715 4
417 1662 557 1715 Vias
587 1667 727 1724 tuas,
762 1660 1012 1726 Domine,
1047 1658 1354 1715 demonstra
1383 1659 1521 1713 mihi
1548 1677 1567 1713 :

411 1753 468 1816 έ-
515 1750 580 1804 Et
622 1756 636 1816 ζ
695 1749 918 1803 semitas
947 1755 1068 1803 tuas
1092 1748 1246 1803 edoce
1275 1764 1377 1802 me.

398 2456 559 2527 Quia
588 2458 649 2508 tu
676 2469 732 2508 es
762 2453 900 2508 Deus
926 2454 1164 2509 salvator
1189 2469 1340 2509 meus
1371 2472 1390 2509 :
1418 2460 1473 2520 αξη
1517 2458 1570 2509 et
1613 2462 1627 2521 ζ
1689 2463 1737 2511 te
1780 2471 1899 2512 sus-

474 2544 630 2599 tinui
657 2545 770 2597 tota
796 2541 903 2598 die.

323 2632 365 2688 C
393 2632 594 2703 Dirige
620 2648 715 2686 me
737 2631 809 2685 ad
851 2631 1031 2685 vitam
1075 2632 1343 2703 pertinet,
1371 2633 1510 2688 doce
1538 2651 1551 2689 :
1597 2634 1668 2688 ad
1712 2635 1896 2691 scien-

247 2722 411 2776 tiam.
440 2721 489 2780 Η
527 2721 587 2776 ld
620 2723 710 2775 est
752 2723 818 2774 ut
840 2718 987 2773 nihil
1030 2736 1298 2792 perverse
1343 2738 1531 2793 agam.
1561 2720 1602 2776 C
1635 2722 1897 2779 Salutare

244 2813 334 2865 est
357 2808 792 2865 Christianozut
816 2807 1000 2863 Deum
1026 2808 1139 2863 sibi
1169 2808 1483 2864 salutarem
1509 2811 1722 2865 credat.
1756 2813 1898 2866 Tota

243 2898 356 2965 die,
382 2915 449 2953 ac
477 2898 532 2953 si
560 2898 809 2952 diceret:
830 2897 988 2951 omni
1015 2897 1128 2963 die,
1159 2897 1378 2952 scilicet
1416 2916 1528 2953 non
1558 2898 1896 2969 interposito

243 2986 355 3051 die,
369 2987 474 3042 sed
499 2985 784 3042 continua
794 2985 913 3040 vita
922 2986 1246 3058 exspectavi
1261 2986 1717 3041 misericordiam
1733 2992 1895 3042 tuam

241 3080 297 3130 et
320 3075 800 3132 retributionem.
828 3074 873 3127 Α
897 3072 1159 3128 Sustinui
1188 3073 1382 3145 itaque
1406 3077 1481 3139 te,
1508 3090 1681 3145 quem
1707 3074 1894 3130 homi-

242 3180 345 3220 nes
372 3167 593 3236 putant
618 3162 866 3217 oblitum
890 3177 1093 3217 eorum
1139 3162 1279 3216 dum
1310 3162 1530 3226 tardas,
1557 3166 1896 3235 exspectans

237 3253 533 3324 patienter
574 3250 973 3307 miserationis
1018 3253 1130 3305 tua:
1191 3249 1529 3306 dilationem
1574 3251 1631 3306 in
1682 3252 1891 3307 subve-

238 3340 474 3396 niendo.
1218 3332 1219 3335 “

232 3430 269 3487 6
376 3430 761 3485 Reminiseere
790 3427 1200 3483 miserationum
1232 3435 1472 3495 tuarum,
1506 3429 1729 3485 Domine
1758 3448 1777 3483 ,ο

378 3519 446 3573 Et
472 3514 1000 3573 misericordian
1051 3522 1273 3570 tuarum
1303 3530 1429 3587 quae
1456 3533 1489 3570 a
1518 3517 1719 3573 swculo
1749 3525 1893 3574 sunt.

301 3606 345 3663 C
375 3606 663 3661 Humano
690 3620 801 3658 usu
828 3602 921 3657 hic
944 3600 1177 3670 dicitur,
1207 3602 1597 3672 reminiscere,
1627 3605 1726 3679 qui
1753 3623 1897 3661 nun-

234 3711 413 3766 quam
443 3698 653 3765 potest
676 3691 897 3764 aliquid
925 3690 1204 3746 oblivisci.
1222 3690 1621 3749 Miserationes
1647 3695 1896 3766 pertinet

231 3782 297 3837 ad
326 3782 717 3854 operationes
744 3778 1292 3851 pias.Misericordia
1312 3795 1444 3834 vero
1469 3781 1538 3834 ad
1553 3780 1893 3857 clementem

232 3858 540 3934 naturam,
561 3868 851 3940 quoniam
878 3866 1181 3922 miseratio
1202 3866 1392 3938 operis
1416 3873 1539 3935 est;
1569 3870 1892 3926 misericor-

228 3958 344 4024 dia,
358 3958 592 4014 cordis.
610 3940 837 4011 Smcula
860 3955 1032 4021 dicta,
1049 3972 1162 4027 quo
1190 3955 1246 4010 in
1275 3972 1336 4011 se
1363 3956 1658 4012 revolvant
1674 3959 1897 4031 jugiter

227 4050 520 4120 tempora,
553 4063 593 4100 a
620 4043 894 4116 sequendo
925 4060 1054 4099 esse
1079 4042 1250 4098 dicta.

228 4135 260 4187 7
365 4134 599 4191 Delicta
619 4132 935 4204 juventutis
956 4145 1113 4188 meae.

367 4224 435 4278 Et
462 4221 833 4292 ignorantias
862 4236 1010 4275 meas
1039 4236 1052 4274 :
1086 4235 1156 4276 ne
1182 4222 1519 4277 memineris.

293 4314 334 4365 Ο
357 4310 676 4367 Delictum
706 4309 950 4380 quidam
977 4306 1178 4363 volunt
1201 4308 1387 4363 levius
1412 4325 1540 4364 esse
1575 4316 1893 4381 peccatum,

226 4400 395 4469 quasi
424 4398 821 4462 derelictum,
847 4396 1069 4452 dictum
1101 4398 1172 4451 ab
1196 4414 1263 4452 eo
1293 4398 1446 4468 quod
1476 4398 1625 4452 viam
1653 4399 1900 4454 derelin-

228 4493 367 4558 quat
392 4487 737 4560 azquitatis.
768 4486 814 4540 Η
840 4485 1195 4551 Juventutis,
1225 4485 1278 4539 id
1306 4491 1412 4551 est,
1442 4503 1566 4557 quae
1614 4487 1670 4540 in
1707 4487 1896 4542 adole-

226 4578 447 4631 scentia
473 4575 727 4649 gessi.C
762 4572 1445 4645 Ignorantiasdixit,quia
1460 4574 1642 4629 multa
1656 4575 1899 4630 facimus

2007 2492 2147 2532 vum
2171 2493 2185 2543 ;
2208 2479 2264 2530 et
2285 2472 2709 2537 testimonia,id
2736 2477 2824 2528 est
2855 2473 3008 2528 dicta
3036 2474 3481 2544 praecedentium
3516 2492 3643 2548 pro-

2006 2566 2335 2638 phetarum.
3560 2582 3565 2585 ~

2009 2671 2079 2729 12
2152 2672 2374 2741 PrOpter
2397 2684 2593 2723 nomen
2622 2675 2776 2724 tuum
2803 2675 2857 2732 -ξη
2904 2669 3131 2723 Domine
3174 2676 3188 2733 ξ

2215 2767 2427 2830 peccato
2451 2774 2569 2813 meo
2600 2777 2616 2812 :

2145 2847 2372 2901 Multum
2402 2852 2477 2900 est
2504 2845 2671 2899 enim.

2073 2935 2134 2990 Ο.
2170 2934 2284 2990 Hoc
2312 2934 2456 2988 bene
2487 2932 2731 2987 refertur
2761 2932 2831 2987 ad
2855 2949 3164 3003 personam
3192 2933 3322 2989 Eccl
3339 2934 3637 3007 esiae,quaa

2003 3040 2064 3079 se
2087 3021 2365 3079 salvatam
2388 3020 2527 3076 dicit
2544 3027 2777 3092 propter
2815 3038 3024 3076 nomen
3068 3021 3397 3093 Jesu,quod
3437 3022 3639 3097 lingua

2004 3116 2201 3168 nostra
2230 3110 2478 3166 Salvator
2506 3108 2938 3181 interpretatur.
2954 3109 3192 3164 Peccato
3223 3126 3351 3166 meo
3382 3111 3633 3168 multum

2003 3205 2092 3256 est
2121 3199 2298 3262 enim,
2330 3198 2468 3269 quia
2498 3197 2605 3251 nisi
2641 3195 3039 3267 fueritdivina
3075 3197 3443 3255 miseratione
3493 3198 3632 3255 sub;

3251 2671 3641 2741 propitiaberis

1920 3312 1966 3381 α
2002 3293 2261 3381 ventum,
2280 3290 2562 3381 quantum
2589 3284 3363 3381 vita-protenditurﬁantum
3377 3286 3636 3342 humana

2002 3373 2289 3448 fragilitas
2310 3373 2559 3446 peccatis
2588 3370 2915 3436 involvitur,
2930 3371 3203 3443 quoniam
3219 3389 3391 3429 cursu
3410 3377 3632 3445 tempo-

2004 3466 2086 3520 ris
2118 3478 2348 3534 semper
2380 3464 2642 3534 augetur.

1998 3572 2071 3627 43
2146 3570 2253 3638 Qui
2279 3577 2355 3624 est
2384 3570 2537 3624 home
2559 3569 2655 3639 quri
2682 3569 2833 3623 timet
2864 3567 3200 3621 Dominum?

2148 3660 2335 3727 Legem
2363 3658 2554 3713 statuit
2579 3658 2632 3712 ei
2659 3657 2717 3710 in
2746 3657 2834 3710 via
2864 3672 3025 3728 quam
3051 3656 3228 3727 elegit.

2072 3748 2112 3803 C
2136 3747 2291 3802 More
2320 3762 2426 3802 suo
2456 3744 2864 3815 interrogando
2897 3743 3037 3799 dicit
3066 3744 3531 3817 ProphetazQuis
3552 3752 3640 3803 est

2003 3836 2177 3892 homo
2210 3833 2308 3906 qui
2336 3834 2538 3889 timeat
2572 3832 2924 3889 Dominum?
2954 3833 3270 3888 constituta
3297 3837 3385 3889 est
3416 3833 3497 3889 illi
3525 3834 3637 3904 lex,

2004 3942 2073 3981 ne
2100 3923 2207 3979 sub
2240 3923 2550 3978 securitate
2583 3921 2918 3994 ignorantiae
2952 3925 3168 3992 peccet,
3202 3923 3260 3976 in
3310 3922 3419 3989 via,
3451 3922 3509 3977 id
3551 3929 3641 3980 est

2002 4012 2061 4068 in
2093 4010 2395 4069 sanctitate
2426 4010 2727 4082 propositi.
2761 4009 2805 4064 ll
2836 4007 2959 4077 Vel,
2996 4008 3050 4063 in
3085 4008 3175 4063 via
3206 4010 3357 4078 fidei,
3393 4010 3440 4067 si
3459 4011 3637 4079 enim,

2004 4101 2189 4167 timet,
2224 4097 2531 4154 securitate
2560 4112 2671 4151 non
2695 4096 3000 4168 decipitur.

2005 4206 2072 4262 14
2144 4205 2342 4259 Anima
2368 4204 2485 4274 ejus
2516 4204 2577 4257 in
2608 4202 2759 4258 bonis
2784 4202 3158 4257 demorabitur
3188 4221 3205 4256 :

2145 4293 2210 4347 Et
2236 4308 2412 4346 semen
2441 4290 2557 4361 ejus
2589 4289 2930 4344 lurreditabit
2952 4294 3175 4344 terram.

2079 4380 2125 4435 II
2154 4379 2364 4434 Anima
2385 4376 2530 4449 justi
2561 4375 2621 4430 in
2650 4377 2820 4431 bonis
2843 4375 3256 4448 demorabitur,
3272 4377 3380 4434 hoc
3409 4383 3497 4435 est
3518 4396 3641 4453 per-

2007 4466 2295 4524 severabit
2322 4466 2607 4539 sperando
2635 4464 2692 4519 in
2725 4463 2977 4535 praemiis
2994 4463 3205 4521 futuris
3221 4483 3414 4522 semen
3435 4470 3581 4540 ejus.
3601 4473 3640 4525 C

2009 4557 2070 4613 ld
2102 4562 2379 4627 estOpera
2413 4555 2565 4609 bona
2592 4553 3017 4608 bacreditabunt
3054 4556 3261 4609 terrsm
3300 4555 3637 4624 viventium,

228 4679 353 4735 qua:
384 4640 555 4719 mala
583 4677 726 4719 esse
755 4640 1073 4729 nescimus,
1104 4662 1230 4716 ideo
1273 4640 1541 4733 precatur
1581 4680 1653 4717 nc
1695 4663 1904 4718 delicta
1935 4677 1978 4741 [)
2011 4646 2067 4701 id
2097 4651 2184 4701 εει
2214 4642 2858 4741 ίῐξεωιοῗηδβθευνίίθξθ.
2880 4640 3320 4741 Γθθίᾨίθιξίιξῐξιοί
3347 4645 3640 4741 Ροδξδθδῗίο

224 4752 350 4823 ejus
377 4750 874 4815 meminerit,sed
905 4750 1099 4821 potius
1124 4752 1487 4821 memorejus
1512 4751 1589 4805 sit
1615 4767 1715 4823 per
1731 4769 1899 4807 suam

228 4841 743 4896 misericordiam.

224 4929 256 4982 8
360 4928 712 4985 Secundum
736 4926 1173 4982 misericordiam
1193 4934 1344 4982 tuam
1380 4931 1645 4982 memento
1674 4930 1785 4983 mei
1811 4932 1901 4984 tu:

361 5019 616 5088 Propter
651 5016 953 5071 bonitatem
984 5023 1155 5080 tuam,
1186 5015 1431 5070 Domine.

294 5103 337 5160 Η
374 5104 748 5162 Secundum
797 5108 960 5157 tuam
1006 5103 1485 5169 misericordiam,
1534 5103 1588 5157 id
1634 5107 1743 5168 est,
1787 5119 1900 5156 non
1938 5176 1943 5181 1

228 5200 467 5266 propter
494 5209 722 5249 meum
751 5191 1047 5260 meritum,
1074 5192 1173 5246 sed
1202 5198 1438 5263 propter
1478 5195 1639 5246 tuam
1685 5190 1904 5245 miseri-

2009 4736 2135 4806 ejus
2169 4732 2328 4788 nulla
2364 4732 2605 4787 ulterius
2637 4729 2972 4802 expulsione
3003 4729 3640 4804 turbabitur,quienim

2011 4822 2232 4895 aliquid
2262 4839 2329 4877 ex
2360 4820 2691 4877 haereditate
2722 4819 3251 4886 tcnet,ﬁrmissima
3278 4822 3644 4893 possessione

2010 4911 2311 4984 gloriatur.

2010 5019 2080 5073 45
2151 5020 2583 5072 Firmamentum
2611 5023 2689 5070 est
2716 5017 2975 5071 Dominus
3003 5017 3320 5072 timentibus
3341 5035 3464 5073 eum
3496 5037 3513 5084 ;

2151 5108 2215 5161 Et
2243 5113 2621 5161 testamentum
2650 5104 2819 5173 ipsius
2848 5113 2906 5158 ut
2937 5106 3315 5175 manifestetur
3334 5108 3466 5162 illis.

2083 5195 2133 5248 ll
2166 5194 2281 5248 Nos
2321 5190 2537 5246 infirmi
2585 5194 2640 5243 et
2681 5189 3084 5255 imbecilles,si
3124 5192 3401 5250 timemus
3444 5195 3646 5250 Domi-

228 5283 486 5339 cordiam
522 5297 774 5337 memor
797 5285 924 5335 esto
952 5280 1084 5335 mei.
1113 5283 1152 5333 Ο
1177 5280 1379 5335 Merito
1403 5280 1577 5333 etiam
1624 5279 1783 5334 illius
1811 5280 1905 5333 bo-

232 5369 378 5425 nitas
407 5371 817 5443 praedicatur,
845 5368 916 5423 de
943 5385 1058 5440 quo
1084 5368 1316 5433 dicitur,
1350 5384 1520 5422 nemo
1560 5369 1747 5422 bonus
1792 5366 1905 5420 nisi

233 5457 386 5515 solus
413 5461 586 5517 Deus
616 5456 845 5530 (Matth.
873 5457 1013 5527 χιχ).

231 5545 264 5596 9
363 5550 567 5605 Dulcis
602 5553 665 5603 et
698 5553 883 5601 rectus
916 5547 1183 5600 Dominus
1218 5563 1234 5598 :

368 5640 617 5711 Propter
651 5636 764 5690 hoc
792 5635 963 5703 legem
991 5633 1145 5688 dabit
1173 5633 1615 5706 delinyuentibus
1637 5634 1691 5685 in
1726 5634 1834 5686 via.

298 5728 336 5778 C
360 5727 576 5783 Dulcis
605 5723 865 5790 dicitur,
895 5738 927 5775 a
970 5739 1083 5793 quo
1127 5722 1329 5777 suavia
1368 5722 1521 5775 dona
1565 5724 1911 5790 prmstantur

2015 5298 2177 5346 num,
2211 5280 2319 5335 erit
2351 5284 2614 5334 nostrum
2648 5278 3102 5348 firmamentum,
3130 5298 3200 5337 ne
3226 5284 3298 5338 ab
3330 5283 3508 5352 hujus
3539 5298 3645 5337 sae-

2014 5368 2125 5424 culi
2161 5367 2433 5424 [luctibus
2480 5366 2832 5437 quatiamur.
2868 5368 2934 5422 Et
2972 5369 3384 5426 manifestatur
3426 5370 3516 5424 lex
3547 5385 3647 5422 no-

2014 5456 2105 5510 bis
2136 5456 2193 5509 in
2220 5455 2465 5519 Christo,
2500 5471 2623 5525 quae
2658 5454 2815 5525 prius
2847 5455 3031 5510 velata
3060 5462 3182 5510 crat
3225 5473 3326 5526 per
3371 5457 3645 5512 litteram.

2086 5544 2199 5598 CEt
2223 5543 2385 5599 valde
2402 5544 2471 5597 de
2492 5542 2660 5596 nobis
2692 5544 3106 5609 necessarium,
3124 5549 3186 5596 ut
3212 5544 3301 5598 lex
3323 5545 3450 5613 ejus
3465 5531 3651 5612 ipsius

2018 5649 2255 5687 munere
2285 5630 2609 5686 declaretur
2639 5630 2826 5696 Cobis,
2860 5629 2985 5685 sine
3034 5647 3149 5700 quo
3188 5646 3290 5684 nec
3326 5626 3644 5693 intelligere

2030 5719 2348 5791 quidquam
2384 5718 2539 5785 boni,
2576 5734 2677 5772 nec
2711 5720 2981 5787 perﬁcere
3004 5730 3339 5785 possumus.
