3988 6432
316 421 434 480 H9

317 555 389 612 16
464 553 622 612 Oculi
645 555 761 611 mei
787 571 998 627 semper
1025 554 1094 611 ad
1122 556 1416 612 Dominum
1447 574 1466 612 :

461 645 744 716 Quoniam
771 645 883 718 ipse
911 645 1102 700 evellet
1127 644 1194 700 de
1223 645 1412 716 laqueo
1436 645 1594 717 pedes
1622 662 1784 703 meos.

391 737 442 790 Il
466 731 628 790 Oculi
659 733 774 790 mei
805 733 878 789 ad
911 733 1246 802 Dominum,
1275 734 1331 790 id
1355 739 1443 790 est
1474 735 1624 791 oculi
1652 734 1968 803 cordis,vel

319 839 492 882 mens
537 839 669 879 mea
713 839 948 896 semper
983 823 1197 896 cogitet
1234 823 1538 890 Dominus,
1571 825 1849 898 quoniam
1897 825 1970 880 de

319 913 529 985 laqueo
559 911 774 968 diaboli
799 929 1010 969 sensus
1033 916 1263 983 meos(a
1275 930 1390 985 quo
1408 913 1570 987 prius
1586 931 1688 988 per
1703 915 1969 988 volupta-

319 1006 411 1059 tes
441 1001 638 1058 saculi
669 1002 962 1076 capiebar)
983 1001 1204 1060 evellet.

323 1110 394 1167 47
466 1109 686 1182 Respice
717 1112 777 1166 in
803 1126 890 1166 me
918 1117 970 1166 et
995 1112 1256 1167 miserere
1283 1111 1395 1166 mei
1426 1127 1439 1165 :

467 1199 616 1268 Quia
643 1201 837 1256 unicus
864 1206 916 1256 et
938 1215 1152 1272 pauper
1178 1215 1300 1255 sum
1328 1215 1446 1270 ego.

395 1305 731 1379 CSuperius
761 1305 1093 1375 dixit,oculi
1125 1307 1239 1363 mei
1268 1324 1501 1381 semper
1529 1308 1599 1364 ad
1631 1309 1969 1376 Dominum;

323 1411 482 1454 nunc
510 1395 672 1468 dicit,
704 1395 926 1470 respice
954 1395 1015 1452 in
1047 1412 1139 1452 me
1169 1397 1668 1468 quemadmodum
1691 1398 1870 1471 egoin
1892 1402 1968 1454 te.

323 1486 600 1544 Miserere
629 1485 766 1553 mei,
800 1486 845 1542 Η
877 1485 1017 1558 quia
1055 1485 1234 1542 miser
1280 1503 1434 1554 sum,
1471 1487 1680 1542 unicus
1729 1493 1818 1544 est
1866 1505 1969 1560 po-

323 1573 502 1649 pulus
529 1573 921 1632 Christianus.
955 1579 994 1630 C
1023 1575 1131 1639 Qui
1162 1574 1372 1632 unicus
1401 1580 1492 1632 est
1519 1576 1593 1646 ei,
1620 1577 1762 1650 quia
1809 1576 1972 1634 solus

325 1664 838 1724 sacramentafldei
851 1665 1128 1733 custodit,
1145 1682 1367 1739 pauper
1386 1683 1398 1722 :
1417 1665 1696 1738 quoniam
1712 1683 1746 1722 a
1763 1666 1970 1723 mundi

322 1754 613 1812 illecebris
643 1759 1006 1830 segregatus,
1038 1753 1202 1812 nulla
1231 1754 1426 1812 saculi
1454 1755 1772 1814 ambitione
1803 1757 1974 1814 refer-

321 1849 420 1903 tus
449 1849 558 1904 est.

325 1954 395 2010 18
470 1954 871 2010 Tribulationes
897 1952 1073 2010 cordis
1094 1953 1208 2008 mei
1231 1952 1619 2024 multiplicatae
1645 1956 1774 2010 sunt
1805 1973 1824 2010 :

463 2045 539 2102 De
566 2043 968 2102 necessitatibus
993 2045 1132 2100 meis
1159 2059 1288 2099 erue
1315 2058 1420 2098 me.

393 2152 434 2208 Ο
463 2151 857 2228 Multiplicata
887 2155 1027 2208 sunt
1048 2150 1454 2208 tribulationes
1502 2149 1788 2218 Ecclesia,
1824 2153 1967 2208 dum

319 2244 700 2320 cogitationes
729 2259 867 2300 suas
898 2259 1000 2315 per
1041 2240 1404 2298 calamitates
1463 2242 1669 2298 mundi
1702 2241 1824 2302 (ubi
1881 2247 1971 2297 est

318 2335 627 2407 seminata)
659 2333 973 2400 distendit;
1008 2348 1244 2388 necesse
1274 2335 1363 2388 est
1411 2331 1569 2387 enim
1623 2336 1687 2386 ut
1734 2330 1968 2404 copioso

318 2425 472 2481 fasce
502 2423 884 2498 deprimatur,
917 2422 1017 2496 qui
1052 2437 1156 2496 pro
1184 2421 1389 2476 multis
1419 2420 1720 2495 afﬂigitur.
1758 2425 1835 2476 De
1867 2437 1970 2476 ne-

317 2513 690 2572 cessitatibus
721 2513 884 2582 dicit,
916 2529 1066 2584 quas
1096 2515 1540 2584 persecutorum
1567 2514 1744 2582 atque
1787 2509 1967 2566 hare-

314 2604 563 2662 ticorum
593 2602 930 2676 patiebatur
956 2599 1212 2667 insidiis,
1235 2599 1296 2654 hi
1327 2603 1469 2654 sunt
1515 2599 1675 2654 enim
1719 2599 1822 2671 qui
1868 2616 1967 2656 ne-

313 2707 440 2750 cem
500 2692 748 2765 cupiunt
808 2688 1024 2746 inferre
1073 2687 1442 2744 Christianis.
1473 2687 1542 2742 Et
1589 2688 1969 2745 necessitates

312 2785 465 2839 recte
490 2779 870 2838 adversitates
901 2777 1200 2845 dicuntur,
1233 2776 1375 2848 quia
1432 2777 1771 2832 necessaria
1830 2782 1970 2833 sunt

311 2873 384 2929 ad
418 2886 664 2944 regnum
696 2867 976 2924 calorum
1022 2865 1422 2922 tendentibus.
1457 2865 1504 2922 G
1553 2864 1654 2921 Vel
1712 2865 1966 2922 necessi-

307 2942 763 3030 tates,_venialia
789 2955 932 3014 dicit
960 2959 1218 3029 peccata,
1241 2953 1365 3010 sine
1397 2954 1617 3028 quibus
1641 2955 1830 3012 vivere
1848 2973 1964 3012 non

307 3065 648 3125 possumus.

308 3158 376 3216 19
451 3157 587 3216 Vide
613 3155 982 3213 humilitatem
1008 3169 1187 3210 meam
1215 3159 1265 3208 et
1295 3152 1532 3208 laborem
1561 3169 1744 3208 meum
1773 3169 1794 3208 :

448 3249 515 3305 Et
542 3248 760 3306 dimitte
786 3248 1040 3302 universa
1070 3243 1271 3301 delicta
1297 3257 1439 3298 mea.

374 3357 422 3414 A
450 3357 493 3414 C
521 3356 686 3426 Vide,
720 3355 780 3411 id
809 3357 900 3411 est
928 3351 1222 3426 propitius
1252 3349 1496 3424 respice.
1521 3349 1836 3407 Humilltas
1866 3355 1960 3408 est

306 3446 590 3518 Ecclesia,
625 3443 862 3518 quando
895 3439 1369 3514 indisciplinatos
1401 3439 1660 3495 docendo
1683 3440 1956 3496 sustinet.

307 3537 350 3594 Ο
398 3535 589 3593 Lator
633 3534 822 3606 ipsius
870 3537 979 3599 est,
1013 3531 1152 3604 quia
1201 3528 1405 3585 multis
1451 3528 1960 3602 persecutionibus

306 3625 607 3700 fatigatur.
639 3622 844 3680 Merito
875 3620 986 3676 sibi
1018 3619 1218 3675 omnia
1250 3621 1487 3690 peccata
1515 3617 1959 3690 deprecaturdl-

306 3716 482 3787 mitti,
515 3713 658 3788 quia
686 3713 870 3768 durus
901 3709 1069 3764 labor
1090 3707 1409 3763 tolerantia
1441 3724 1674 3779 semper
1701 3707 1956 3764 clemen-

300 3807 448 3864 tiam
471 3801 694 3878 judicis
739 3803 1058 3872 exspectat,
1089 3796 1148 3852 id
1198 3799 1307 3864 est,
1342 3801 1578 3869 propter
1623 3796 1798 3852 istam
1846 3797 1955 3854 hu-

302 3893 614 3954 militatem
652 3893 710 3948 et
749 3888 1034 3955 laborem,
1069 3889 1328 3947 meretur
1374 3884 1806 3960 indulgentiam
1857 3889 1954 3944 de-

299 3983 596 4041 lictorum.

297 4092 369 4151 20
443 4091 662 4164 Respice
730 4089 986 4145 inimicos
1044 4101 1210 4152 meos,
1267 4087 1530 4158 quoniam
1593 4087 1956 4159 multiplicati

510 4183 642 4237 sunt
669 4197 688 4235 :

439 4273 506 4328 Et
531 4269 653 4327 odio
681 4269 871 4342 iniquo
899 4267 1132 4322 oderunt
1159 4281 1261 4321 me.

371 4379 417 4436 Η
439 4376 705 4452 Respice,
733 4393 844 4432 vox
874 4372 1142 4430 Ecclesia
1173 4389 1276 4446 pro
1309 4371 1804 4444 persecutoribus.

293 4473 356 4526 C.
390 4469 528 4526 Orat
559 4472 624 4523 ut
667 4466 926 4533 redeant,
962 4463 1104 4536 quia
1151 4479 1326 4535 quem
1379 4460 1476 4518 ille
1529 4462 1788 4534 respicit,
1821 4463 1949 4518 sine

294 4557 573 4616 dilatione
604 4553 904 4613 convertit.
939 4550 1313 4624 Multiplicati
1366 4554 1526 4618 sunt,
1565 4551 1622 4604 in
1669 4552 1945 4623 peccatis.

293 4649 436 4706 Orlio
487 4648 714 4719 iniquo,
745 4643 990 4711 addidit,
1033 4642 1174 4714 quia
1221 4645 1278 4695 et
1315 4641 1544 4710 justum
1594 4639 1794 4696 odium
1836 4646 1945 4708 est,

290 4743 356 4795 ut
411 4738 558 4796 illud
604 4740 694 4793 est
745 4753 758 4791 :
812 4733 1070 4790 Perfecto
1123 4729 1256 4785 odio
1298 4729 1538 4784 oderam
1584 4727 1718 4784 illos
1767 4731 1939 4799 (Psal.

286 4825 580 4897 cxxxvm).
614 4822 716 4881 Isti
745 4818 942 4878 autem
975 4835 1092 4874 non
1124 4816 1224 4871 illo
1246 4816 1411 4888 justo
1441 4815 1572 4872 odio
1605 4817 1704 4872 sed
1739 4816 1943 4894 iniquo

285 4915 536 4970 oderunt
567 4929 678 4968 me.

285 5023 350 5076 21
431 5019 655 5078 Custodi
685 5019 933 5074 animam
964 5031 1144 5070 meam
1171 5017 1223 5068 et
1251 5029 1381 5068 erue
1403 5029 1486 5069 mc
1517 5030 1536 5068 :

428 5111 546 5166 Non
567 5109 898 5173 erubescam,
935 5106 1197 5177 quoniam
1224 5104 1440 5175 speravi
1468 5104 1524 5158 in
1557 5111 1622 5160 te.

358 5216 409 5272 ll
437 5215 823 5281 Custodi,vox
851 5211 1122 5270 Ecclesia
1157 5207 1448 5283 supplicat
1467 5216 1528 5267 ut
1548 5213 1933 5270 custodiatur.

283 5307 332 5362 Α
358 5306 442 5361 Ne
468 5303 720 5361 declinet
750 5303 822 5360 ad
866 5301 1258 5359 imitationem
1309 5319 1532 5369 eorum,
1567 5307 1619 5358 et
1664 5305 1816 5375 eripe
1863 5304 1936 5359 ab

283 5393 446 5450 omni
477 5393 653 5450 malo.
679 5392 728 5448 Il
754 5393 833 5449 Ne
859 5391 1175 5466 confundor
1204 5408 1376 5464 neque
1407 5391 1722 5465 hic,ncque
1755 5391 1811 5446 in
1846 5392 1936 5447 fu-

280 5488 436 5552 turo,
469 5483 612 5556 quia
657 5482 718 5538 in
768 5486 824 5537 te
875 5482 1100 5555 speravi
1149 5485 1206 5538 et
1258 5486 1314 5538 te
1351 5482 1629 5538 invocavi.
1663 5483 1701 5536 C
1735 5482 1934 5554 Ipsum

278 5573 438 5630 enim
485 5572 662 5646 elegit
707 5572 995 5640 invocare,
1029 5572 1121 5629 cui
1169 5573 1356 5629 nescit
1413 5571 1506 5646 pie
1536 5571 1935 5644 supplicantes

273 5665 606 5736 objicere.A
636 5663 783 5728 Quia
813 5663 992 5736 igitur
1022 5680 1137 5720 non
1169 5663 1224 5720 in
1262 5662 1490 5730 me,sed
1526 5659 1583 5717 in
1607 5666 1659 5718 te
1681 5661 1930 5733 speravi,

271 5771 387 5815 non
419 5753 766 5812 confundar.

1226 422 1292 482 S.
1341 423 1737 484 BRUNONIS
1783 423 2400 487 HERBIPOLENSIS
2445 426 2815 488 EPISCOPI.

1995 559 2146 626 Αἳὲ

3617 427 3736 488 120

2219 561 2533 617 lnnocentes
2562 567 2611 617 et
2641 562 2781 617 recti
2806 560 3163 618 adhaeserunt
3187 561 3333 616 mihi
3358 577 3371 616 :

2223 650 2359 718 Quia
2390 651 2637 706 sustinui
2666 658 2734 706 te.

2150 751 2189 804 C
2238 749 2601 813 Innocentes,
2657 749 2934 822 parvulos
2979 749 3122 804 dicit
3168 765 3334 804 sacro
3384 749 3738 822 baptismate

2080 842 2472 910 regeneratos.
2503 838 2713 894 Rectos
2739 839 2838 912 qui
2860 840 2986 910 jam
3021 841 3254 894 matura
3285 841 3451 893 atate
3473 839 3736 896 conversi

2081 931 2223 983 sunt
2248 945 2280 981 a
2309 929 2578 1000 peccatis.
2610 929 2741 983 Ideo
2785 945 2921 984 vero
2946 927 3080 982 illos
3124 926 3444 984 adbasisse
3469 927 3610 983 dicit
3637 929 3738 983 Ec-

2077 1015 2257 1072 clesia
2282 1017 2412 1084 sibi,
2445 1018 2724 1090 quoniam
2752 1017 3038 1076 sustinuit
3064 1021 3272 1086 Deum,
3303 1017 3592 1091 patienter
3633 1017 3738 1074 ad-

2079 1106 2388 1162 versitates
2413 1107 2784 1163 sustinendo.

2079 1214 2151 1268 23
2225 1214 2442 1280 Libera,
2476 1218 2619 1270 Deus
2648 1213 2818 1270 Israel
2851 1231 2870 1268 :

2225 1303 2307 1358 Ea:
2334 1305 2586 1378 omnibus
2615 1303 3070 1360 tribulationibus
3093 1304 3231 1359 suis.

2153 1395 2192 1446 Ο
2219 1392 2425 1448 Libera
2450 1396 2601 1448 Deus
2629 1390 2826 1458 Israel,
2853 1392 2910 1447 id
2938 1397 3028 1449 est
3071 1392 3230 1449 Deus
3280 1397 3338 1448 te
3385 1392 3735 1452 videntium.

2079 1483 2126 1536 A
2150 1480 2276 1549 Vel,
2302 1498 2335 1536 ο
2361 1481 2537 1549 Deus,
2567 1481 2584 1537 l
2613 1482 2751 1538 bera
2777 1481 2974 1551 Israel,
3001 1482 3059 1537 id
3107 1485 3197 1538 est
3225 1480 3531 1555 populum,
3559 1499 3735 1554 quem

2082 1570 2152 1625 ad
2179 1571 2462 1628 visionem
2493 1576 2651 1627 tuam
2681 1571 3042 1644 praparasti.
3071 1574 3110 1626 C
3135 1571 3281 1636 Quia
3330 1571 3492 1644 ipsos
3540 1575 3738 1644 gratos

2080 1659 2276 1727 habet,
2305 1661 2522 1733 quibus
2547 1664 2924 1734 conspectum
2953 1678 3074 1717 sua
3100 1659 3612 1733 contemplationis
3657 1661 3741 1716 in-

2081 1748 2300 1824 dulget.

2557 1855 2763 1896 ORATIO
2802 1857 2870 1895 EX
2911 1857 3071 1896 PSAL.
3112 1857 3265 1896 XXIV.

1997 1937 2046 2006 Β
2149 1947 2356 2002 Libera
2381 1963 2488 2002 nos
2515 1947 2792 2003 omnibus
2819 1948 3110 2020 angustiis
3145 1947 3384 2016 nostris,
3418 1947 3738 2005 mitissime

2081 2041 2250 2104 Deus,
2271 2036 2412 2108 quia
2437 2037 2507 2090 ad
2540 2042 2595 2092 te
2622 2037 2851 2093 animas
2877 2041 3110 2093 nostras
3134 2037 3456 2110 erigimus:
3491 2035 3738 2094 Oblivis-

2077 2142 2227 2196 cere,
2273 2143 2636 2198 quasumus,
2666 2126 2876 2183 delicta
2911 2127 3241 2200 juventutis
3285 2131 3345 2183 et
3394 2127 3734 2199 ignorantia

2079 2216 2312 2290 prioris,
2358 2221 2414 2271 et
2459 2217 2508 2271 si
2558 2216 2698 2288 quid
2750 2215 3114 2290 negligenter
3159 2216 3586 2289 delinquimus,
3622 2216 3736 2272 cle-

2081 2310 2306 2361 menter
2374 2305 2628 2377 ignoscc.
2677 2305 2783 2360 Per
2829 2305 3146 2361 Dominum
3213 2309 3478 2362 nostrum
3531 2306 3736 2364 Jesum

2080 2394 2402 2462 Christum,
2435 2399 2544 2450 etc.

2641 2527 2972 2583 PSALMUS
3011 2527 3180 2582 XXV.

2517 2632 2922 2672 ARGUMENTUM
2963 2633 3123 2672 PSAL.
3161 2633 3294 2672 XXV.

2148 2738 2191 2790 C
2211 2735 2392 2790 Totus
2418 2732 2631 2806 psalmi
2658 2732 2839 2804 hujus
2867 2735 3058 2788 textus
3085 2733 3155 2788 ad
3186 2733 3506 2806 perfectum
3537 2738 3739 2807 aptan-

2077 2823 2190 2880 dus
2215 2827 2304 2880 est
2327 2822 2752 2888 Christianum,
2782 2822 2883 2895 qui
2909 2822 3276 2878 diversorum
3304 2821 3478 2879 laude
3504 2825 3737 2880 merito-

2077 2929 2210 2967 rum
2235 2911 2293 2967 in
2337 2910 2592 2968 Ecclesia
2634 2927 3014 2984 perseverans
3048 2929 3061 2968 :
3090 2911 3306 2968 divinis
3335 2928 3398 2969 se
3433 2913 3732 2970 beneﬁciis

2075 3000 2431 3058 consolatur.

2217 3109 2334 3164 TT.
2367 3110 2560 3181 Ipsirj—
2605 3108 2860 3164 Psalmus
2906 3115 2920 3174 ζ
2982 3108 3180 3164 David.

2144 3203 2184 3253 C
2207 3200 2390 3254 Totus
2417 3198 2509 3254 hic
2553 3197 2818 3270 psalmus
2865 3197 2935 3252 ad
2980 3198 3304 3270 perfectum
3338 3198 3612 3272 aptandus
3641 3205 3731 3256 est

1991 3312 2040 3382 ϐ
2074 3288 2470 3344 Christianum
2501 3305 2514 3356 ;
2542 3288 2646 3382 sed
2673 3292 2891 3382 tamen,
3084 3305 3117 3342 a
3145 3287 3244 3382 tali
3293 3288 3549 3382 hymnus
3582 3289 3726 3382 dici-

2073 3383 2189 3444 tur,
2218 3393 2453 3433 necesse
2479 3383 2568 3431 est
2594 3381 2656 3431 ut
2688 3377 2758 3431 ad
2802 3376 3098 3432 Christum
3150 3378 3462 3434 Dominum
3511 3377 3723 3434 intelli-

2069 3467 2281 3539 gentia
2313 3466 2527 3520 virtute
2555 3466 2857 3521 referatur.

2070 3575 2095 3628 1
2209 3573 2400 3629 Judica
2427 3588 2532 3638 me,
2569 3573 2812 3639 Domine,
2845 3574 3112 3644 quoniam
3160 3590 3254 3644 ego
3304 3575 3364 3629 in
3413 3575 3724 3630 innocentia

2282 3679 2402 3718 mea
2435 3664 2716 3731 ingressus
2746 3679 2870 3717 sum
2899 3680 2920 3718 :

2209 3754 2275 3808 Et
2301 3754 2360 3807 in
2393 3752 2624 3807 Domino
2653 3767 2880 3824 sperans
2907 3767 3018 3808 non
3046 3753 3389 3823 inﬁrmabor.

2137 3845 2177 3897 C
2202 3841 2412 3897 Judica
2439 3858 2550 3908 me,
2578 3839 2823 3896 Domine
2847 3858 2860 3909 ;
2887 3841 3147 3914 postulat
3172 3842 3329 3897 enim
3362 3841 3450 3897 vir
3485 3846 3724 3900 sanctus

2057 3931 2304 4004 judicia,
2339 3931 2477 4004 quia
2503 3935 2699 3987 certus
2738 3935 2863 3986 erat
2910 3931 2982 3986 de
3029 3932 3160 4003 ejus
3210 3931 3628 3988 misericordia.
3659 3934 3720 3990 In

2065 4021 2398 4077 innocentia
2429 4020 2773 4094 ingreditur,
2804 4020 2859 4075 id
2888 4023 2980 4076 est
3010 4021 3163 4076 inter
3197 4026 3526 4094 peccatores
3554 4020 3721 4077 habi-

2063 4115 2196 4167 tans
2223 4129 2336 4166 non
2363 4115 2578 4182 peccat.
2610 4111 2732 4165 Non
2764 4109 3006 4166 confidit
3049 4110 3227 4166 etiam
3271 4109 3332 4166 in
3380 4125 3520 4167 suas
3568 4111 3720 4168 vires

2061 4201 2164 4258 sed
2193 4201 2252 4256 in
2281 4204 2482 4266 Deum,
2514 4199 2644 4255 ideo
2677 4216 2792 4254 non
2825 4199 3243 4256 inﬁrmabitur.

2057 4311 2093 4363 2
2201 4306 2384 4364 Proba
2411 4322 2516 4374 me,
2549 4307 2796 4372 Domine,
2829 4315 2879 4362 et
2911 4313 3059 4362 tenta
3088 4321 3176 4362 me
3205 4323 3218 4362 :

2205 4398 2322 4454 Una
2353 4412 2505 4452 renes
2532 4412 2676 4450 meos
2703 4399 2756 4450 et
2779 4411 2872 4450 cor
2899 4411 3100 4450 meum.
3453 4439 3459 4448 .

2131 4485 2199 4542 Η.
2227 4486 2464 4540 Probari
2495 4501 2556 4541 se
2589 4488 2754 4556 rogat
2779 4481 3053 4550 Ecclesia,
3085 4487 3150 4538 ut
3189 4498 3253 4539 se
3295 4487 3610 4557 cognoscat
3656 4489 3715 4540 et

2059 4577 2130 4631 ab
2157 4574 2290 4630 aliis
2315 4577 2721 4647 cognoscatur.
2749 4577 2790 4626 C
2837 4571 2974 4626 Dua
3022 4575 3162 4627 sunt
3207 4572 3564 4629 tentationes
3600 4591 3719 4629 una

2059 4665 2310 4731 Domini,
2363 4681 2479 4736 qua
2532 4664 2716 4717 bonos
2768 4662 2954 4715 tentat
3001 4663 3066 4715 ut
3094 4676 3201 4716 nos
3233 4661 3499 4729 erudiat;
3537 4661 3719 4717 altera

2053 4751 2292 4820 diaboli,
2322 4769 2447 4824 qua
2476 4763 2708 4822 semper
2737 4747 2900 4802 ducit
2945 4748 3016 4802 ad
3069 4752 3338 4804 mortem.
3369 4749 3480 4806 Ure
3523 4767 3712 4807 renes.

2053 4843 2098 4899 H
2127 4843 2186 4898 Id
2215 4845 2324 4908 est,
2354 4839 2639 4912 Spiritum
2667 4840 2935 4892 sanetum
2963 4836 3176 4892 adhibe
3201 4837 3711 4897 delectationibus.

2051 4933 2121 4988 Et
2145 4948 2244 4986 cor
2271 4945 2490 4995 meum,
2523 4925 2579 4980 id
2607 4930 2696 4981 est
2729 4925 3186 4998 cogitationibus
3231 4925 3380 4982 meis
3423 4927 3711 5000 Spiritum

2050 5024 2318 5077 sanctum
2348 5016 2581 5070 adhibe.

2046 5128 2082 5182 3
2193 5124 2471 5196 Quoniam
2502 5121 2884 5177 misericordia
2914 5129 3010 5178 tua
3043 5126 3173 5179 ante
3200 5123 3380 5180 oculos
3411 5139 3554 5180 meos
3584 5132 3660 5180 est
3690 5143 3707 5178 :

2189 5213 2254 5268 Et
2280 5212 2591 5284 complacui
2621 5213 2683 5266 in
2712 5213 2946 5267 veritate
2979 5221 3095 5269 tua.

2117 5306 2157 5357 C
2181 5301 2327 5367 Quia
2351 5301 2584 5357 Domini
2614 5301 3077 5358 misericordiam
3111 5307 3246 5360 ante
3279 5303 3480 5360 oculos
3506 5304 3700 5361 cordis

2047 5391 2337 5464 Propheta
2362 5390 2632 5458 habebat,
2663 5393 2790 5449 ideo
2842 5392 3102 5466 pericula
3144 5395 3536 5452 tentationum
3589 5411 3704 5450 non

2043 5482 2306 5536 timebat.
2333 5481 2728 5553 Complacere,
2752 5487 2840 5538 est
2867 5499 3002 5538 cum
3028 5484 3247 5539 sanctis
3273 5488 3550 5540 atcrnam
3574 5500 3704 5557 gra-

2041 5574 2186 5628 tiam
2215 5572 2556 5646 promereri.
2588 5572 2631 5626 ll
2661 5576 2700 5627 C
2728 5574 2787 5628 ln
2822 5573 3089 5641 veritate,
3119 5574 3176 5629 id
3208 5577 3298 5630 est
3345 5574 3403 5629 in
3453 5573 3702 5642 Christo,

2043 5662 2140 5736 qui
2169 5666 2258 5719 est
2283 5662 2517 5716 veritas.
2540 5662 2736 5717 Gratia
2766 5662 2945 5736 igitur
2969 5663 3447 5734 illustratus,Deo
3475 5663 3704 5735 sibique

2043 5750 2400 5826 complacuit
2430 5750 2490 5807 in
2521 5754 2733 5808 mente.
