3936 6484
214 444 307 506 ω
1403 446 1823 508 EXPOSITIO

2025 448 2337 511 LMORUM
2349 493 2362 509 .
3459 445 3575 514 ΜΞ)

234 577 264 632 4
328 576 446 631 Non
472 573 590 632 sedi
616 576 678 633 in
703 578 932 636 concilio
959 580 1218 637 vanitatis
1248 595 1261 635 :
1851 578 1908 644 Α
1938 577 2173 635 aeribus
2202 579 2438 637 faciunt.
2458 580 2505 637 Η
2533 581 2580 637 Α
2610 581 2771 648 Quod
2820 580 2976 638 enim
3021 581 3105 638 eis
3152 581 3357 639 datum
3385 589 3475 642 est
3502 584 3574 641 ad

331 665 390 719 Et
417 680 546 719 cum
573 667 770 738 iniqua
796 670 1107 737 gerentibus
1136 685 1247 724 non
1276 668 1531 724 introibo.
1937 667 2273 739 accipienda
2299 673 2511 735 aeterna
2539 672 2883 725 convertunt
2908 670 2982 726 ad
3014 669 3209 726 seculi
3241 670 3413 739 dona,
3437 674 3575 728 esti-

266 754 309 810 H
337 754 459 809 Non
491 754 614 811 sedi
647 754 708 810 in
739 756 1006 826 concilio,
1028 757 1089 813 id
1119 761 1211 814 est
1240 775 1357 814 non
1403 774 1533 813 sum
1582 756 1827 828 conjun-
1936 760 2165 813 mentes
2195 762 2477 829 quaestum
2512 772 2640 814 esse
2677 757 2970 829 pietatem.
3205 775 3209 780 '

204 848 321 900 ctus
348 842 466 909 his,
488 841 590 914 qui
617 848 818 900 contra
845 845 1140 902 Christum
1180 863 1378 903 meum
1404 862 1618 901 vanum
1649 846 1831 916 agunt
1939 845 1998 899 11
2078 847 2187 916 Ego
2215 854 2395 902 autem
2422 848 2483 902 in
2514 849 2825 903 innocentia
2847 864 2967 904 mea
2996 849 3266 920 ingressus
3291 863 3456 905 sum:

202 930 526 989 concilium.
548 932 824 989 lntroitus
852 934 946 989 hic
976 934 1211 990 initium
1237 935 1528 1007 signiﬁcat
1547 931 1829 1005 operatio-
2084 935 2301 990 Redime
2327 952 2414 990 me
2441 944 2493 991 et
2518 938 2776 992 miserere
2800 939 2928 992 mei.

201 1020 288 1077 nis
308 1018 498 1087 malm,
522 1021 678 1092 quod
706 1022 793 1077 vir
812 1026 1050 1080 sanctus
1068 1039 1105 1078 a
1124 1039 1187 1078 se
1219 1024 1526 1096 proﬁtetur
1553 1020 1829 1076 alienum.
2012 1021 2059 1078 Η
2088 1022 2206 1094 Ego
2237 1027 2432 1079 autem
2459 1023 2521 1079 in
2550 1024 2898 1081 innocentia.
2924 1023 3177 1082 Ecclesia
3198 1024 3456 1099 loquitur
3474 1038 3577 1100 pro

200 1108 336 1163 Vani
367 1112 565 1165 autem
587 1114 748 1179 sunt,
770 1110 868 1182 qui
900 1111 1141 1167 caducis
1162 1110 1643 1183 inquisitionibus
1665 1125 1834 1165 occu-
1941 1114 2104 1183 parte
2134 1111 2444 1168 bonorum.
2468 1113 2510 1168 C
2538 1114 2608 1169 Et
2642 1129 2744 1184 per
2773 1114 3034 1170 studium
3081 1115 3209 1170 vita:
3249 1119 3460 1172 sancta
3488 1117 3577 1171 in-

196 1200 422 1269 pantur,
443 1200 508 1252 et
536 1197 597 1253 in
627 1199 926 1271 superﬁua
969 1200 1299 1256 narratione
1344 1203 1577 1272 tempus
1625 1214 1835 1254 consu-
1944 1214 2147 1271 gressa
2165 1198 2229 1255 in
2256 1200 2564 1257 thesauros
2592 1201 2946 1273 spirituales.
2977 1203 3216 1260 Redime
3261 1204 3376 1271 me,
3402 1204 3459 1260 id
3493 1210 3582 1260 est

201 1290 381 1342 munt.
442 1286 614 1359 [mpii
671 1290 888 1356 autem,
928 1289 1030 1361 qui
1083 1288 1506 1360 quaestionibus
1556 1285 1839 1360 perversis
1946 1287 2007 1342 in
2036 1287 2283 1343 adventu
2313 1292 2412 1344 tuo
2442 1288 2693 1361 pretioso
2728 1289 3032 1363 sanguine.
3064 1291 3334 1348 Miserere
3361 1291 3582 1350 scilicet

193 1375 525 1447 Scripturas
571 1375 800 1433 divinas
844 1376 1159 1449 depravare
1201 1377 1582 1445 contendunt,
1612 1378 1677 1431 ut
1704 1374 1839 1431 .hte-
1946 1374 2007 1431 in
2038 1374 2146 1432 hoc
2176 1378 2416 1446 mundo,
2439 1378 2538 1434 ubi
2568 1377 3035 1451 supplicantibus
3063 1380 3272 1451 parcis.

197 1463 375 1520 retici.
1949 1466 2017 1520 12
2086 1467 2188 1521 Pes
2214 1482 2367 1523 meus
2393 1470 2536 1524 stetit
2561 1470 2621 1523 in
2648 1468 2851 1524 directo
2881 1484 2895 1523 :

221 1553 259 1608 5
332 1552 510 1610 Odivi
535 1554 833 1611 Ecclesium
861 1554 1299 1626 maliynantium
1331 1571 1345 1609 :
2051 1557 2121 1611 In
2151 1555 2386 1611 ecclesiis
2416 1556 2727 1611 benedicam
2768 1561 2824 1623 -ξο
2849 1564 2899 1612 te
2942 1563 2957 1624 ζ
2995 1557 3240 1614 Domine.

329 1642 397 1697 Et
425 1658 556 1698 cum
580 1643 770 1715 impiis
796 1658 908 1699 non
934 1643 1143 1699 sedebo.
2019 1643 2065 1698 H
2094 1644 2201 1699 Pes
2232 1660 2417 1713 meus,
2445 1644 2503 1700 id
2534 1648 2623 1701 est
2653 1660 2860 1701 sensus
2889 1661 3055 1701 meus
3083 1645 3170 1701 vel
3201 1645 3426 1702 aﬂ’ectio
3458 1663 3587 1703 mea

254 1729 451 1788 ΟΝοη
481 1731 627 1787 satis
646 1736 736 1788 est
758 1732 977 1788 vitasse
1006 1747 1305 1804 perversos
1333 1735 1389 1788 et
1418 1730 1623 1798 malos,
1642 1729 1754 1785 nisi
1784 1733 1843 1785 et
1948 1730 2109 1786 stetit
2137 1732 2197 1787 in
2227 1731 2452 1788 Christo
2483 1732 2583 1805 qui
2613 1735 2702 1788 est
2739 1736 2897 1789 recta
2925 1733 3105 1789 viudn
3135 1733 3421 1804 ecclesiis,
3451 1735 3494 1791 C
3524 1735 3583 1791 in

186 1824 383 1876 mente
409 1818 787 1892 displiceant,
810 1820 939 1877 ideo
960 1820 1121 1876 dicit.
1141 1820 1301 1876 Odivi
1325 1819 1639 1876 Ecclesium
1667 1817 1837 1874 mali-

180 1910 532 1983 gnantium,
556 1909 603 1964 H
634 1909 691 1964 id
722 1913 810 1965 est
831 1909 1163 1965 Judaorum
1185 1909 1271 1965 vel
1298 1908 1717 1974 hereticorum,
1739 1906 1837 1979 qui

181 1997 438 2071 maligni
480 1997 777 2054 dicuntur.
809 1998 878 2053 Et
920 2014 1054 2054 cum
1087 1998 1304 2070 impiis,
1337 1998 1434 2070 qui
1483 2014 1598 2052 non
1644 1994 1836 2052 solum

178 2087 340 2144 mala
374 2087 786 2159 cogitaverunt
830 2088 930 2143 sed
962 2087 1021 2141 in
1068 2103 1238 2159 opere
1283 2087 1672 2159 perfecerunt;
1703 2102 1837 2143 cum

177 2175 269 2230 his
302 2174 605 2247 placitum
636 2192 750 2230 non
781 2175 1023 2231 habebo.

206 2266 243 2319 6
316 2264 551 2319 Lavabo
580 2265 725 2319 inter
749 2256 1056 2319 innocentes
1083 2280 1281 2319 manus
1310 2280 1461 2320 meas
1492 2281 1506 2319 :

313 2355 388 2409 Et
414 2353 775 2409 circumdabo
802 2355 975 2409 altare
1003 2357 1177 2419 tuum,
1205 2354 1448 2410 Domine.

244 2443 286 2499 C
317 2442 498 2498 Lavit
529 2458 745 2497 manus
765 2458 923 2509 suas,
948 2441 1218 2515 quisquis
1238 2443 1471 2515 propria
1491 2443 1640 2499 facta
1662 2442 1844 2513 lacry-

175 2531 377 2589 mabili
400 2530 817 2587 satisfactione
836 2529 1091 2587 diluerit.
1114 2532 1307 2588 Altare
1328 2536 1524 2588 autem
1546 2532 1620 2589 ab
1648 2531 1842 2588 altitu-

176 2620 307 2676 dine
337 2620 585 2676 dictum
618 2619 787 2691 quasi
831 2621 947 2676 alta
975 2637 1094 2676 ara.
1119 2621 1166 2676 Η
1204 2621 1274 2676 Et
1302 2621 1596 2694 signiﬁcat
1641 2621 1837 2688 ﬁdem,

173 2725 351 2781 quam
384 2708 792 2775 circumdare,
816 2712 905 2764 est
932 2708 1204 2780 operibus
1235 2709 1403 2765 bonis
1425 2726 1651 2766 ornare.
1675 2709 1715 2765 C
1736 2709 1840 2765 Vel

173 2798 354 2856 altare
385 2797 641 2854 cceleste
667 2813 783 2869 quo
822 2797 1107 2852 Dominus
1148 2797 1409 2854 introivit
1437 2799 1709 2856 sacerdos
1739 2815 1841 2872 pro

173 2887 363 2943 nobis.
394 2889 447 2942 Α
479 2885 595 2942 Vel
626 2884 829 2950 altare,
861 2885 919 2940 id
948 2890 1038 2942 est
1068 2890 1342 2943 mentem.

204 2978 240 3030 7
315 2978 385 3033 Ut
412 2975 664 3031 audiam
690 2990 871 3031 vocem
903 2974 1082 3030 laudis
1110 2990 1123 3029 :

308 3067 377 3121 Et
402 3080 682 3121 enarrem
709 3065 973 3119 universa
998 3063 1287 3119 mirabilia
1316 3071 1431 3119 tua.

239 3156 286 3210 Α
315 3154 391 3210 Ut
426 3153 688 3210 audiam
716 3168 917 3208 vocem
970 3150 1180 3221 laudis,
1212 3151 1270 3207 id
1320 3157 1409 3208 est
1453 3152 1672 3209 discam
1703 3169 1845 3226 quo-

171 3244 341 3301 modo
372 3248 433 3299 te
463 3243 745 3309 Iaudem,
779 3257 894 3297 non
926 3257 993 3297 ex
1043 3241 1169 3313 ipso
1199 3241 1349 3297 bono
1378 3242 1450 3297 de
1481 3259 1575 3298 me
1623 3258 1843 3314 prasen-

1948 1819 2179 1892 populis
2207 1816 2573 1888 Christianis,
2603 1820 2745 1877 dicit
2776 1837 2837 1877 se
2867 1820 3241 1879 laudaturum
3269 1823 3584 1880 Dominum

1946 1906 2262 1965 Christum.

2436 2014 2638 2055 ORATIO
2668 2016 2735 2054 EX
2767 2016 2924 2055 PSAL.
2955 2016 3086 2056 XXV.

2016 2087 2273 2160 Largire,
2306 2088 2568 2153 Domine,
2623 2088 3085 2145 misericordiam
3133 2093 3299 2146 tuam
3350 2090 3588 2147 famulis

1944 2175 2333 2248 supplicibus,
2357 2179 2415 2231 et
2446 2176 2533 2232 fac
2565 2194 2673 2233 nos
2714 2176 2774 2231 in
2824 2181 2925 2233 tua
2970 2178 3209 2234 veritate
3237 2178 3491 2247 devotos,
3525 2181 3591 2233 ut

1947 2264 2174 2321 actibus
2195 2265 2253 2319 in
2275 2264 2668 2321 innocentiam
2690 2265 3244 2335 restitutis,libcrari
3262 2283 3592 2323 mereamur

1947 2353 2020 2408 ab
2044 2352 2384 2426 impiis.Per
2410 2352 2724 2410 Dominum
2749 2358 3020 2409 nostrum
3048 2355 3257 2411 Jesum-
3269 2354 3587 2411 Christum.

2493 2495 2819 2552 PSALMUS
2858 2480 3045 2553 XXVI.

2371 2600 2771 2641 ARGUMENTUM
2815 2601 2971 2641 PSAL.
3012 2602 3163 2641 XXVI.

2019 2711 2059 2767 C
2079 2710 2200 2765 Vox
2220 2709 2517 2782 Prophetas
2544 2708 2792 2766 dicentis
2815 2726 2876 2765 se
2901 2713 3081 2766 Deum
3108 2712 3366 2767 metuere
3391 2714 3448 2768 et
3468 2712 3593 2769 nul-

1947 2798 2074 2855 lum
2095 2798 2275 2855 alium
2305 2798 2640 2870 formidare,
2654 2797 2795 2871 quia
2815 2799 2966 2855 inter
2985 2800 3226 2856 adversa
3244 2798 3439 2857 saeculi
3469 2801 3594 2874 ipse

1951 2892 2040 2944 est
2069 2887 2387 2959 suifugium
2417 2888 2567 2959 ejus,
2595 2891 2652 2942 et
2679 2887 2888 2961 spiritu
2921 2887 3254 2961 prophetiae,
3287 2904 3450 2962 spem
3481 2890 3592 2947 sibi

1951 2977 2157 3033 futurze
2187 2975 2564 3032 beatitudinis
2596 2976 2919 3048 pollicetur.

2107 3065 2219 3121 TT.
2252 3065 2502 3120 Psalmus
2532 3065 2707 3120 David
2749 3072 2803 3131 μὲ
2826 3068 3087 3139 priusque
3115 3066 3374 3122 [iniretur
3411 3070 3426 3132 ζ

2023 3154 2071 3209 Η
2097 3153 2315 3209 Unctus
2341 3156 2429 3208 est
2453 3152 2626 3208 David
2648 3152 2827 3208 semel
2849 3153 2958 3208 sub
2980 3157 3141 3223 patre
3160 3154 3325 3210 Jesse
3349 3153 3409 3210 in
3431 3152 3596 3210 Beth-

1953 3240 2144 3297 lehem
2176 3242 2229 3312 (ι
2258 3241 2384 3310 Reg.
2416 3241 2561 3312 XVI);
2596 3241 2868 3307 secundo,
2902 3240 2962 3295 in
2992 3238 3219 3296 Hebron
3241 3241 3317 3311 (ιι
3340 3242 3467 3311 Reg.
3500 3243 3593 3315 u);

172 3349 353 3389 mens.
378 3335 423 3390 C
444 3332 684 3388 Vocem
718 3303 911 3385 autem
944 3303 1139 3385 laudis
1168 3330 1315 3385 torte
1342 3329 1487 3386 illud
1519 3303 1660 3386 dicit
1690 3332 1843 3403 quod
1876 3303 1919 3370 θ
1954 3329 2123 3386 tertio
2158 3303 2229 3399 (tl
2255 3303 2380 3400 Rep.
2413 3331 2470 3395 v)
2501 3303 2736 3400 quando
2766 3303 3029 3401 regnavit
3056 3303 3458 3401 super‘lsrael.
3483 3303 3594 3385 séd

168 3422 222 3477 in
251 3422 484 3478 caelesti
542 3418 778 3491 templo
808 3435 1005 3475 coram
1036 3417 1262 3474 Christo
1293 3427 1523 3492 semper
1569 3420 1799 3475 canitur
1828 3437 1842 3475 :
1953 3419 2024 3475 de
2054 3417 2145 3474 his
2177 3418 2364 3474 tribus
2385 3415 2759 3472 unctionibus
2787 3417 2980 3472 media
3000 3417 3069 3472 ad
3092 3417 3271 3473 istum
3301 3416 3595 3490 psalmum

168 3511 440 3579 Sanctus,
479 3512 765 3574 sanctus,
802 3511 1043 3563 sanctus
1085 3507 1369 3563 Dominus
1412 3510 1561 3564 Deus
1592 3509 1844 3564 Sabaoth
1953 3508 2225 3580 pertinet,
2251 3505 2422 3561 David
2474 3506 2721 3579 ﬁguram
2763 3504 2976 3561 Christi
3021 3509 3206 3576 tenet;
3242 3510 3457 3565 unctus
3508 3510 3598 3564 est

1952 3596 2215 3652 Christus
2247 3595 2303 3651 in
2335 3595 2645 3667 baptismo.

1992 3688 2016 3741 1
2049 3687 2309 3742 Dominus
2337 3684 2674 3739 illuminatio
2700 3700 2843 3749 mea,
2877 3687 2930 3739 et
2957 3684 3106 3739 salus
3136 3699 3253 3739 mea
3285 3701 3300 3740 :

2098 3774 2265 3842 Quem
2293 3774 2489 3829 timebo
2504 3776 2529 3827 .9

2025 3861 2074 3918 H
2102 3862 2223 3918 Vox
2251 3859 2516 3917 Ecclesiae
2548 3860 2621 3916 ad
2642 3859 2959 3916 Christum.
2987 3861 3138 3917 Dicit
3167 3877 3229 3918 se
3259 3878 3374 3919 non
3406 3861 3602 3919 formi-

167 3600 283 3669 (lsa.
315 3597 464 3667 xvx).
495 3599 575 3654 Et
609 3612 678 3652 se
708 3611 979 3651 enarrare
1009 3593 1148 3649 dicit
1167 3594 1482 3662 mirabilia,
1505 3611 1631 3667 quas
1663 3594 1848 3666 quoti-

165 3687 250 3743 die
278 3689 461 3743 beata
494 3685 675 3741 canit
705 3682 960 3740 Ecclesia
987 3682 1048 3738 in
1080 3681 1463 3739 celebratione
1507 3682 1844 3740 missarum.

189 3777 223 3831 8
287 3777 565 3840 Domine,
604 3774 795 3830 dilexi
820 3772 1065 3828 decorem
1092 3771 1282 3827 domus
1315 3779 1422 3827 tuae
1452 3788 1466 3827 :

289 3866 360 3921 Et
391 3867 597 3922 locum
628 3861 993 3918 habitationis
1023 3858 1222 3929 ateriae
1257 3868 1386 3917 tuae.

227 3953 275 4009 Η
301 3954 600 4023 Domine,
625 3950 810 4007 dilexi
850 3950 1116 4005 decorem
1146 3948 1453 4018 domus,id
1485 3954 1575 4005 est
1617 3954 1850 4007 sanctos
1955 3953 2093 4009 dare
2122 3951 2260 4007 ullis
2289 3951 2544 4007 tenebris
2591 3948 2803 4022 obtegi,
2835 3967 3013 4022 quam
3044 3950 3327 4008 Dominus
3369 3966 3602 4025 semper

159 4044 502 4100 sacerdotes
536 4047 607 4098 et
640 4039 795 4097 alios
837 4043 1091 4095 sanctos.
1123 4038 1164 4093 C
1192 4038 1257 4094 ἢ)
1289 4038 1504 4110 quibus
1533 4037 1719 4111 gloria
1754 4038 1850 4095 Dei
1956 4039 2250 4096 illuminat
2277 4043 2334 4096 et
2361 4038 2562 4106 salvat,
2594 4055 2699 4094 nec
2728 4054 2901 4112 posse
2926 4039 3111 4096 ullum
3131 4040 3359 4109 timere,
3382 4038 3487 4097 tali
3508 4040 3602 4096 de-

164 4127 429 4188 habitare
451 4128 881 4204 cognoscitur.
900 4128 1119 4183 Locum
1139 4126 1538 4194 habitationis,
1561 4127 1853 4201 signiﬁcat
1956 4130 2185 4186 {ensore
2212 4131 2568 4200 protegente.

166 4235 445 4277 arcanum
468 4217 755 4276 humani
775 4216 1045 4290 pectoris.
1064 4215 1269 4273 Gloriae
1289 4215 1569 4287 tuae,quia
1585 4215 1852 4273 Christus
1991 4219 2030 4272 2
2101 4218 2359 4273 Dominus
2384 4219 2654 4287 protector
2679 4216 2801 4271 vitae
2829 4230 2966 4273 mea?
2998 4233 3012 4270 :

164 4306 490 4380 gloriosum
514 4305 725 4365 efﬁcit
739 4303 1026 4378 quidquid
1047 4303 1376 4359 inhabitare
1392 4303 1851 4376 dignatur.Idem
2105 4308 2156 4360 Α
2185 4320 2287 4376 quo
2315 4303 2591 4375 trepidabo
2607 4307 2634 4358 .9

163 4398 308 4453 enim
327 4402 482 4455 sunt
494 4398 702 4453 decor
715 4395 929 4451 domus
941 4392 1047 4450 Dei
1060 4392 1291 4449 etlocns
1309 4389 1686 4447 habitationis
1701 4392 1850 4463 ejus.
2030 4393 2078 4449 Η
2109 4391 2427 4449 Conﬁtctur
2448 4408 2508 4447 se
2540 4390 2754 4447 habere
2784 4395 3162 4463 protectorem
3197 4392 3391 4466 ipsum
3415 4392 3605 4449 Domi-

160 4486 202 4540 Α
227 4486 490 4561 Diligere
525 4485 737 4560 igitur
764 4483 1033 4538 decorem
1062 4482 1276 4537 domus
1303 4480 1427 4546 Dei,
1458 4484 1549 4535 est
1581 4478 1765 4537 bonos
1793 4481 1853 4536 in
1961 4498 2102 4539 num
2133 4481 2349 4537 idcirco
2389 4496 2505 4535 non
2549 4480 2760 4535 metuit
2788 4495 2984 4536 coram
3017 4481 3254 4538 inimico
3290 4480 3600 4555 trepidare,

162 4571 411 4631 Ecclesia
442 4574 751 4647 diligere,
775 4569 876 4642 qui
906 4571 1181 4625 decorant
1208 4567 1547 4624 Ecclesium.
1959 4572 2019 4627 id
2048 4575 2156 4640 est,
2188 4587 2225 4626 a
2251 4568 2501 4635 diabolo,
2535 4566 2620 4624 vel
2650 4568 2917 4625 haeretico
2948 4585 3049 4626 seu
3082 4574 3469 4642 persecutore.

190 4662 225 4713 9
288 4664 373 4719 Ne
395 4664 625 4736 perdas
657 4675 796 4717 eum
825 4660 1011 4730 impiis
1038 4660 1486 4713 animammeam
1515 4673 1529 4713 :
1884 4668 1930 4734 Ι)
1994 4662 2029 4717 3
2102 4665 2246 4716 Dum
2272 4660 2595 4731 appropiant
2620 4673 2783 4730 super
2810 4674 2895 4714 me
2918 4666 3166 4715 nocentes
3197 4676 3211 4714 :

2108 4751 2171 4807 Ut
2191 4748 2352 4804 edant
2378 4763 2568 4803 carnes
2596 4763 2763 4803 meas.

2033 4837 2233 4893 CDum
2257 4835 2605 4909 apprOpiant
2634 4851 2809 4908 super
2826 4836 3384 4893 me.Truculentium
3405 4836 3601 4893 inimi-

1960 4943 2160 4982 corum
2182 4925 2276 4981 hic
2293 4929 2426 4981 vota
2445 4923 2720 4991 ostendit,
2740 4923 2840 4996 qui
2864 4942 2977 4981 non
3001 4925 3192 4982 selum
3214 4925 3598 4999 exstinguere,

1961 5016 2061 5071 sed
2092 5014 2267 5070 etiam
2312 5013 2581 5069 aviditate
2613 5012 2825 5068 furoris
2853 5014 3013 5085 ipsas
3056 5015 3350 5071 humanas
3396 5029 3601 5070 carnes

288 4756 367 4809 Et
396 4771 545 4809 eum
574 4751 741 4807 viris
776 4747 1110 4819 sanguinum
1138 4749 1308 4803 vitam
1336 4761 1532 4803 meam.

223 4840 267 4895 Η
295 4842 379 4897 Ne
410 4842 662 4915 perdas
689 4853 837 4893 cum
865 4835 1084 4909 impiis,
1109 4835 1330 4891 scilicet
1355 4836 1596 4905 Judaais,
1620 4836 1720 4907 qui
1752 4851 1855 4907 per

164 4926 527 5002 impietatem
564 4927 801 4985 mitem
832 4925 1218 4981 tradiderunt.
1246 4926 1293 4979 A
1320 4923 1424 4980 Vel
1454 4924 1619 4998 impii
1649 4938 1853 4980 omnes

164 5018 287 5072 mali
318 5025 493 5076 sunt.
520 5018 571 5074 G
600 5015 745 5072 Viri
769 5016 1107 5085 sanguinum
1124 5015 1282 5080 sunt,
1307 5012 1407 5085 qui
1438 5011 1749 5068 carnaliter
1774 5013 1853 5067 vi-

167 5111 308 5175 vunt,
340 5109 431 5165 vel
487 5106 607 5181 qui
666 5101 902 5160 Christi
953 5101 1300 5174 sanguinem
1347 5100 1640 5157 fuderunt.
1682 5100 1851 5157 Tales

164 5202 395 5262 Ducunt
424 5199 509 5253 de
542 5196 785 5251 futura
813 5190 1195 5246 Hierusalem.

173 5282 226 5336 10
288 5287 349 5342 1η
378 5301 649 5360 quorum
684 5280 954 5335 manibus
984 5280 1300 5350 iniquitates
1327 5284 1501 5353 sunt,

289 5376 535 5432 Dextera
569 5386 797 5431 eorum
826 5370 1035 5439 repleta
1061 5373 1141 5423 est
1170 5367 1508 5422 muneribus.

1961 5103 2205 5175 cupiunt
2234 5101 2543 5157 crudeliter
2590 5101 2881 5157 devorare.
2904 5103 2949 5157 A
2978 5100 3080 5159 Vel
3110 5118 3336 5170 carnes,
3363 5102 3601 5159 affectus

1961 5192 2154 5248 carnis
2186 5193 2343 5255 sunt,
2368 5189 2466 5261 qui
2499 5193 2639 5244 sunt
2666 5189 2832 5245 cibus
2863 5191 3194 5248 nocentium
3227 5192 3600 5248 inimicorum

1961 5279 2275 5351 spirituum
2306 5282 2363 5334 et
2392 5278 2956 5349 persecutorum,vol
2990 5281 3167 5337 etiam
3198 5296 3440 5354 corpora
3467 5294 3600 5334 san-

1959 5370 2186 5423 ctorum
2225 5366 2371 5438 ipsis
2418 5365 2490 5421 ad
2543 5367 3008 5437 persequendum
3038 5385 3343 5436 concessa;
3398 5380 3601 5423 carnes

1962 5461 2101 5512 sunt
2130 5454 2344 5527 quibus
2372 5452 2521 5509 vesci
2553 5452 2914 5511 delectantur
2940 5457 3340 5529 persequendo

1998 5543 2031 5598 4
2105 5545 2209 5612 Qui
2238 5542 2503 5598 tribulant
2532 5558 2617 5596 me
2647 5543 2864 5599 inimici
2890 5547 3000 5600 mei
3032 5560 3045 5599 :

2104 5634 2213 5704 Ipsi
2239 5632 2508 5704 inﬁrmati
2533 5638 2661 5687 sunt
2686 5639 2737 5687 et
2766 5633 3090 5690 ceciderunt.

2034 5721 2080 5779 Η
2110 5721 2217 5789 Qui
2248 5719 2530 5777 tribulant
2559 5735 2672 5789 me,
2698 5721 2756 5774 id
2783 5723 2873 5777 est
2898 5720 3190 5777 daamones
3219 5714 3307 5770 vel
3337 5720 3601 5784 persecu-

229 5461 269 5519 H
297 5466 359 5522 In
391 5477 686 5540 quorum
727 5457 1033 5524 manibus,
1058 5457 1113 5511 id
1138 5460 1225 5511 est
1245 5456 1302 5510 in
1330 5454 1603 5527 operibus
1627 5469 1850 5522 eorum,

176 5548 498 5623 iniquitates
547 5554 744 5610 sunt.
789 5545 1028 5617 Repleta
1075 5548 1163 5600 est
1208 5545 1442 5600 dextera
1488 5541 1850 5607 muneribus,

179 5645 387 5710 quando
414 5643 725 5720 proditor
757 5635 950 5693 Judas
980 5634 1287 5706 pecuniam
1316 5649 1420 5704 pro
1440 5631 1668 5688 Christo
1697 5644 1854 5686 acceo

181 5728 262 5795 pit.
287 5736 332 5789 Α
357 5734 463 5790 Vel
498 5733 785 5790 illorum
819 5723 943 5798 qui,
965 5721 1015 5778 si
1042 5721 1183 5795 quid
1209 5720 1343 5778 boni
1376 5725 1580 5794 agunt,
1600 5734 1702 5791 pro
1733 5734 1855 5775 mu-
