3936 6416
379 422 499 484 123

1291 421 1355 485 S.
1399 421 1803 486 BRUNONIS
1847 421 2469 488 HEIlBIPOLENSlS
2511 423 2895 490 EPISCOPI.

3683 427 3785 489 m

379 567 556 630 tores,
582 558 1024 618 tuncinﬁrmati
1045 559 1450 632 sunt,quaudo
1478 559 1744 614 Christus
1775 560 2034 632 suscepit
2060 558 2116 626 Α
2149 558 2206 614 11
2289 560 2532 616 Circuivi
2565 566 2616 618 et
2659 563 2888 618 ιγηοίαυί
2915 563 2972 618 in
3003 563 3353 620 taberrwculo
3403 562 3520 636 ejus
3567 565 3784 620 hostiam

379 655 643 708 nostram
673 650 1124 708 humanitatem.
1149 651 1188 706 C
1227 649 1312 705 Illi
1349 648 1562 705 etenim
1593 651 1894 717 corruunt,
1926 649 2028 722 qui
2087 663 2094 668 '

380 742 752 798 innocentem
784 739 1130 814 sanguinem
1162 739 1436 795 devorare
1467 737 1762 795 festinant.

411 833 450 888 5
491 857 496 862 ·
520 832 584 887 Si
607 833 909 888 consistant
937 829 1225 886 adversum
1252 845 1339 886 me
1365 832 1548 885 castra
1582 847 1600 883 :

519 926 642 981 Non
671 921 884 977 timebit
909 936 1002 976 cor
1022 935 1223 976 meum.

447 1013 489 1070 C
502 1016 704 1069 Castra
718 1009 874 1068 enim
890 1009 1082 1066 valida
1104 1009 1351 1065 munitio
1367 1012 1474 1076 est,
1491 1025 1667 1082 quam
1690 1023 2028 1082 expugnare

377 1102 544 1160 facile
574 1119 691 1158 non
721 1104 912 1174 potest
942 1100 1195 1172 impetus
1226 1099 1522 1164 irruentis,
1547 1099 1649 1155 sed
1681 1098 1801 1154 haec
1828 1099 2028 1156 omnia

374 1191 516 1250 dicit
545 1192 656 1249 sibi
677 1207 808 1248 esse
828 1188 1310 1262 contemptibilis,
1331 1204 1466 1244 cum
1487 1188 1755 1257 valletur,
1780 1188 2025 1245 auxilia-

373 1281 531 1340 tione
560 1280 776 1337 divina.
1559 1275 1569 1282 ’

404 1373 440 1428 6
511 1371 575 1428 Si
601 1377 858 1442 exsurgat
888 1369 1172 1425 adversum
1197 1385 1288 1424 me
1309 1369 1568 1442 praelium
1599 1386 1618 1425 :

510 1461 572 1516 In
603 1461 700 1517 hoc
724 1477 824 1530 ego
846 1461 1089 1532 sperabo.

439 1551 482 1607 ll
521 1551 578 1607 Si
611 1552 885 1624 exsurgat
919 1549 1232 1606 adversum
1285 1564 1377 1604 me
1426 1548 1713 1622 praelium.
1749 1549 2020 1609 Proelium

365 1641 506 1698 dicit
537 1639 792 1697 Ecclesia
822 1655 1047 1712 pugnas
1087 1638 1442 1702 daemonum,
1473 1641 1532 1693 ct
1581 1655 1644 1694 se
1694 1656 1930 1712 sperare
1959 1641 2019 1698 in

367 1729 649 1790 auxilium
697 1733 754 1785 et
801 1729 1198 1785 defensionem
1242 1727 1478 1784 Christi.
1512 1727 1554 1784 C
1597 1727 1660 1784 In
1709 1730 2048 1787 concitatis'

365 1818 524 1876 enim
552 1817 765 1892 praeliis
794 1816 983 1892 gloria
1005 1817 1294 1874 vincentis
1337 1833 1571 1890 semper
1599 1823 1859 1891 apparet.
1891 1821 2016 1878 Non

361 1909 550 1966 virtus
596 1909 876 1982 probatur
922 1907 1122 1978 latere,
1163 1923 1292 1980 quae
1336 1923 1452 1962 non
1501 1906 1677 1964 fuerit
1721 1907 2020 1982 explorata
2047 1939 2098 2006 Β

362 1999 700 2056 certamine.

394 2091 432 2145 7
508 2091 682 2148 Unam
706 2087 846 2161 petii
871 2104 906 2142 a
940 2086 1195 2151 Domino,
1227 2085 1370 2141 hanc
1403 2087 1684 2159 requiram
1713 2105 1733 2143 :

506 2181 573 2238 Ut
603 2178 910 2234 inhabilem
955 2177 1018 2231 in
1063 2175 1219 2232 domo
1265 2177 1490 2232 Domini
1532 2177 1784 2234 omnibus
1829 2179 2020 2236 diebus

573 2271 708 2328 vitae
734 2282 895 2334 meae,

432 2361 479 2416 H
511 2358 699 2416 Unam
728 2357 890 2432 petii,
915 2356 1153 2432 quidam
1184 2358 1395 2429 putant
1440 2372 1621 2413 unam
1669 2357 2016 2416 charitatem

361 2449 482 2507 sive
512 2449 898 2524 gratiam,aut
917 2451 1071 2504 certe
1098 2445 1288 2520 ipsam
1321 2446 1659 2520 petitionem
1691 2448 1854 2515 dicit,
1878 2467 2014 2506 cum

361 2538 420 2594 in
451 2539 691 2595 Hebrmo
730 2535 1073 2592 neutraliter
1116 2551 1300 2590 unum
1333 2534 1585 2602 dicatur,
1608 2537 1665 2592 id
1698 2541 1790 2592 est
1817 2537 2014 2595 Domi-

365 2643 532 2684 num.
558 2625 741 2692 Hanc,
764 2624 823 2680 id
853 2627 962 2688 est,
991 2622 1306 2679 Dominum
1335 2625 1653 2697 requiram,
1677 2630 1785 2682 etc.
1819 2625 1892 2682 Ut
1920 2627 2016 2684 in-

363 2714 626 2773 habitem
656 2713 716 2769 in
746 2713 918 2770 domo
965 2710 1218 2779 Domini,
1253 2711 1310 2766 id
1341 2716 1432 2768 est
1460 2712 1517 2768 in
1547 2713 1667 2770 vita
1713 2721 2012 2788 perpetua.

363 2807 404 2863 C
432 2805 504 2862 Et
530 2803 644 2860 hoc
672 2819 786 2859 non
834 2801 918 2858 ita
959 2816 1136 2875 parvo
1167 2804 1446 2874 tempore,
1481 2803 1580 2858 sed
1631 2803 1691 2860 in
1741 2803 2017 2865 omnibus

362 2893 574 2952 diebus
602 2892 732 2948 vitae
761 2907 923 2948 meai.

396 2987 432 3040 8
509 2984 575 3042 Ut
603 2981 817 3038 videam
845 2981 1184 3037 voluntatem
1211 2980 1436 3036 Domini
1463 2999 1480 3036 :

503 3075 581 3130 Et
607 3073 825 3129 visitem
854 3070 1119 3143 templum
1149 3069 1283 3143 ejus.

431 3163 478 3220 H
499 3161 573 3220 Ut
594 3160 822 3218 videam
854 3159 1214 3217 voluntatem
1259 3159 1506 3228 Domini,
1536 3161 1594 3217 id
1627 3164 1716 3219 est
1747 3161 2012 3220 dilectio-

359 3269 494 3310 nem
542 3251 665 3310 Dei.
697 3251 738 3308 C
765 3249 934 3307 Videt
978 3248 1157 3306 etiam
1202 3248 1561 3307 voluntatem
1619 3251 1875 3321 Domini,
1909 3252 2010 3327 qui

357 3347 642 3418 praecepta
668 3341 800 3414 ejus
830 3339 1104 3414 intelligit
1131 3344 1188 3397 et
1217 3339 1489 3396 custodit.
1511 3340 1613 3398 Ille
1631 3341 1832 3398 visitet
1859 3313 2008 3400 ἰθέης
2037 3313 2083 3382 C

355 3431 519 3506 plum
545 3433 701 3504 ejus,
718 3429 818 3504 qui
851 3429 1170 3486 Ecclesium
1194 3428 1408 3486 Christi
1438 3431 1625 3487 sacris
1654 3431 2009 3489 admonitio-

356 3521 532 3577 nibus
561 3519 916 3577 corroborat.
937 3519 985 3574 Α
1002 3515 1108 3574 Vel
1135 3517 1424 3590 templum
1455 3519 2009 3594 contemplationem

361 3609 501 3665 dicit
527 3607 725 3684 gloriae
759 3605 1018 3675 Domini;
1039 3605 1218 3662 habet
1234 3604 1392 3663 enim
1415 3606 1531 3664 alia
1552 3606 1766 3678 littera,
1793 3615 1855 3667 ut
1874 3628 2012 3668 con-

360 3695 610 3770 templer
639 3694 1082 3752 delectationem
1117 3694 1371 3751 Domini.

395 3787 431 3841 9
506 3786 778 3855 Quoniam
805 3783 1082 3840 abscondit
1107 3799 1194 3840 me
1223 3785 1284 3840 in
1312 3783 1660 3844 tabernaculo
1684 3805 1781 3846 suo
1804 3807 1828 3856 ;

505 3877 569 3932 In
595 3875 686 3930 die
711 3874 987 3931 malorum
1007 3874 1253 3947 protexit
1297 3891 1384 3931 me
1431 3876 1491 3932 in
1533 3877 1813 3937 absondito
1840 3882 2014 3939 taber-

577 3965 769 4020 naculi
793 3965 904 4020 sui.

438 4055 480 4110 Η
511 4052 834 4110 Abscondit
861 4067 999 4126 ergo
1049 4051 1362 4110 Ecclesium
1410 4056 1566 4128 apud
1613 4074 1676 4114 se
1722 4058 2012 4130 Christus,

361 4161 434 4201 ne
463 4142 577 4200 sibi
609 4141 1000 4198 teotationum
1048 4142 1321 4199 obessent
1367 4145 1663 4217 procellae;
1698 4147 1807 4218 vel,
1841 4154 1905 4206 ut
1933 4150 2016 4208 ait

359 4231 674 4306 Apostolus
707 4248 720 4286 :
756 4231 967 4288 Mortui
1015 4231 1172 4289 enim
1221 4231 1383 4300 estis,
1425 4239 1484 4292 et
1527 4237 1644 4294 vita
1689 4243 1882 4297 vestra
1912 4240 2013 4296 ab-

361 4322 630 4380 scondita
657 4325 745 4379 est
787 4338 922 4377 cum
954 4321 1182 4378 Christo
1224 4322 1284 4378 in
1316 4323 1432 4379 Deo
1461 4327 1600 4394 (Col.
1637 4327 1740 4400 ιιι).
1774 4329 1898 4385 Non
1925 4329 2014 4386 di-

285 4474 296 4483 ,
361 4413 440 4468 cit
469 4410 656 4469 malos
685 4412 812 4468 dies
841 4428 991 4478 esse,
1023 4412 1123 4468 sed
1170 4411 1228 4468 in
1271 4413 1487 4472 nostris
1517 4416 1793 4487 operibus
1842 4417 2016 4476 malis

362 4500 500 4558 mali
523 4517 652 4558 esse
673 4501 971 4558 dicuntur.
995 4500 1036 4556 C
1074 4503 1135 4558 in
1168 4501 1510 4562 abscondito
1541 4505 1924 4576 tabernaculi,
1959 4509 2015 4565 id

360 4593 451 4647 est
490 4589 813 4646 divinitatis
862 4595 1081 4646 secreto
1128 4591 1399 4663 potentiae
1448 4610 1681 4668 semper
1727 4613 1834 4653 nos
1884 4616 2016 4670 pro-

2353 652 2764 724 voriferationis
2792 671 2811 708 :

2283 742 2525 799 Cantabo
2552 750 2606 800 et
2628 743 2907 816 psalmum
2933 743 3117 800 dicam
3144 745 3394 801 Domino.

2209 831 2251 888 C
2275 831 2525 888 Circuivi
2557 832 2666 889 hoc
2703 837 2794 889 est
2821 831 3018 890 animo
3065 836 3466 906 perscrutatus
3496 823 3651 901 sum,
3679 849 3784 906 qua

2137 921 2399 994 potentia
2422 921 2634 978 calum
2666 921 2802 978 fecit
2826 921 2982 979 Deus
3009 926 3066 978 et
3095 922 3293 979 omnia
3321 937 3392 980 ex
3419 922 3604 980 nihilo
3630 939 3783 980 crea-

2133 1010 2236 1066 vit.
2268 1013 2314 1067 A
2345 1010 2653 1068 Hominem
2684 1012 2933 1068 redemit
2960 1015 3019 1068 et
3048 1013 3335 1068 mundum
3365 1012 3425 1068 in
3455 1027 3522 1068 eo
3551 1012 3782 1069 creden-

2137 1105 2286 1170 tem;
2321 1105 2379 1157 et
2420 1098 2612 1157 inveni
2662 1101 2764 1175 qui
2815 1100 3138 1170 immolem,
3189 1101 3414 1158 scilicet
3460 1101 3715 1159 laudem.
3745 1099 3784 1156 C

2135 1191 2202 1247 Et
2232 1190 2530 1247 immolavi
2579 1191 2637 1247 in
2687 1189 3067 1248 tabernaculo
3106 1191 3256 1264 ejus,
3291 1190 3348 1248 id
3376 1195 3467 1248 est
3511 1191 3698 1249 obtuli
3728 1191 3781 1247 in

2131 1279 2261 1351 ejus
2285 1279 2531 1337 ecclesia
2551 1281 2904 1338 sacrificium
2926 1279 3140 1336 laudis.
3159 1279 3604 1337 Vociferationis
3622 1281 3778 1348 dicit,

2133 1367 2355 1426 scilicet
2384 1387 2488 1443 pro
2520 1371 2926 1445 magnitudzne
2956 1367 3168 1427 laudis.

2203 1458 2244 1514 C
2273 1459 2315 1515 C
2345 1459 2621 1528 Cantabo,
2647 1458 2705 1515 id
2736 1464 2825 1516 est
2867 1458 3215 1533 praedicabo.
3241 1457 3538 1516 Psalmum
3567 1459 3776 1528 dicam,

2129 1547 2189 1604 ld
2221 1553 2311 1605 est
2339 1565 2508 1622 opere
2534 1547 2860 1623 complebo.
2883 1549 2925 1606 C
2953 1548 3199 1606 Cantare
3218 1551 3308 1606 est
3326 1548 3481 1606 enim
3501 1548 3629 1607 sola
3649 1565 3780 1608 voce

2129 1636 2334 1695 laudes
2363 1639 2576 1706 dicere,
2610 1639 2711 1695 sed
2745 1637 2993 1711 psallere
3023 1654 3195 1711 opere
3224 1637 3554 1712 pmdicare.

2130 1729 2200 1782 12
2270 1727 2522 1794 Exaudi,
2579 1729 2827 1794 Domine,
2898 1743 3079 1784 vocem
3133 1743 3315 1784 meam
3374 1745 3485 1802 qua
3546 1729 3781 1786 clamavi

2343 1817 2547 1873 alltc:

2271 1908 2537 1963 Miserere
2563 1907 2676 1962 mei
2700 1913 2755 1962 et
2783 1905 2991 1962 exaudi
3017 1922 3124 1962 me.

2198 1997 2239 2052 C
2267 1997 2436 2052 Nunc
2465 1995 2678 2052 iterum
2711 1999 2878 2070 rogat
2898 1993 3154 2052 Ecclesia
3185 1997 3250 2052 ut
3275 1993 3645 2065 exaudiatur;
3670 1995 3782 2053 cla-

2127 2084 2309 2142 mavit
2328 2085 2486 2142 enim
2507 2089 2564 2142 et
2581 2085 2910 2159 prius,cum
2934 2084 3172 2141 dixitzut
3191 2083 3510 2141 inhabilem
3528 2086 3587 2141 in
3606 2085 3776 2142 domo

2127 2174 2380 2243 Domini,
2405 2174 2627 2231 scilicet
2657 2173 2797 2248 quia
2825 2173 3156 2232 divinarum
3188 2191 3383 2232 rerum
3415 2174 3576 2232 nulla
3603 2177 3778 2232 satie-

2128 2268 2218 2320 tas
2239 2268 2349 2332 est,
2364 2264 2464 2320 sed
2487 2269 2706 2337 quanto
2727 2267 3000 2337 gustatur
3027 2263 3184 2321 Deus
3205 2264 3462 2333 suavius,
3487 2269 3650 2322 tanto
3677 2281 3776 2340 ap-

2125 2353 2348 2428 petitur
2375 2353 2529 2427 plus,
2552 2352 2641 2410 vel
2691 2353 2822 2410 ideo
2870 2352 3061 2420 iterat,
3085 2353 3226 2427 quia
3279 2369 3384 2428 ape
3437 2353 3663 2412 habitat
3719 2355 3777 2412 in

2125 2447 2342 2500 aeterna
2370 2441 2576 2516 gloria,
2601 2443 2866 2499 nondum
2898 2460 2979 2500 re.

2127 2533 2196 2589 13
2274 2533 2392 2588 Tibi
2418 2532 2567 2588 dixit
2589 2548 2684 2589 cor
2711 2547 2912 2598 meum
2948 2533 3252 2606 exquisivit
3278 2539 3328 2590 te
3353 2534 3522 2606 facies
3548 2551 3672 2591 mea
3699 2553 3722 2590 :

2267 2623 2486 2679 Faciem
2515 2629 2686 2687 tuam,
2720 2622 2969 2688 Domine,
3000 2623 3300 2694 requiram.

2196 2715 2236 2770 C
2261 2712 2460 2785 Itaque
2479 2710 2568 2766 vir
2587 2709 2779 2767 ﬁdelis
2800 2727 2918 2780 cor,
2937 2711 3046 2768 hoc
3081 2717 3172 2768 est
3198 2709 3555 2770 desiderium
3577 2730 3776 2781 suum,

2121 2800 2270 2860 dixit
2294 2801 2367 2858 ad
2401 2799 2716 2857 Dominum
2741 2798 2925 2874 loqui,
2940 2799 3218 2873 quoniam
3242 2799 3354 2858 hoc
3371 2801 3680 2860 videbatur
3699 2804 3781 2860 of-

2123 2891 2273 2948 ferre
2292 2890 2449 2964 quod
2473 2889 2784 2963 cogitabat.
2809 2890 2858 2946 Α
2879 2889 3080 2946 Facies
3103 2906 3252 2956 mea,
3275 2889 3334 2947 id
3354 2893 3443 2947 est
3468 2891 3782 2964 prasentia

2124 2997 2255 3037 mea
2292 2983 2477 3046 tuam,
2508 2977 2594 3035 vel
2644 2976 3021 3052 pulchritudo
3049 2979 3257 3036 anime
3289 2995 3429 3037 mete
3476 2997 3510 3036 a
3555 2985 3610 3038 te
3637 2981 3781 3038 data

2121 3073 2286 3126 tuam
2331 3067 2854 3143 pulchritudinem.
2885 3067 2930 3126 C
2958 3067 3173 3136 Quaerit
3219 3083 3352 3126 vero
3401 3067 3605 3126 faciem
3650 3069 3774 3138 Dei,

2121 3159 2222 3232 qui
2255 3175 2318 3217 se
2365 3162 2572 3216 sancta
2617 3157 3060 3215 conversatione
3115 3157 3389 3216 custodit.
3420 3157 3501 3216 De
3556 3159 3777 3232 quibus

2120 3247 2344 3306 dictum
2369 3253 2458 3304 est
2479 3264 2492 3303 :
2517 3247 2676 3304 Beati
2701 3247 2922 3304 mundo
2943 3247 3136 3315 corde,
3151 3247 3430 3320 quoniam
3456 3247 3566 3322 ipsi
3587 3252 3773 3305 Deum

2118 3338 2421 3396 videbunt.
2445 3335 2716 3394 Geminat
2743 3353 2999 3410 quoque,
3027 3335 3234 3394 faciem
3259 3339 3422 3394 tuam
3452 3337 3774 3411 requiram,

2121 3445 2240 3486 una
2282 3426 2520 3502 quidem
2572 3444 2684 3496 res,
2720 3427 2822 3483 sed
2885 3427 3251 3500 frequentata
3305 3425 3582 3499 ostendit,
3610 3427 3773 3500 quod

2117 3516 2346 3576 ardenti
2377 3515 2574 3574 studio
2604 3515 2904 3574 Christum
2935 3515 3250 3590 querobat.

2117 3609 2189 3666 14
2261 3611 2344 3664 Ne
2369 3613 2585 3664 avertas
2611 3607 2815 3680 faciem
2841 3613 2992 3663 tuam
3017 3623 3054 3663 a
3079 3621 3210 3663 me:

2262 3699 2338 3755 Ne
2361 3696 2598 3754 declines
2628 3697 2687 3752 in
2717 3697 2807 3752 ira
2833 3713 2868 3753 a
2895 3712 3047 3753 servo
3073 3703 3186 3753 tuo.

2192 3786 2235 3844 C
2257 3788 2508 3844 Sanctus
2531 3785 2689 3841 enim
2709 3783 2798 3841 vir
2820 3788 3006 3859 rogat,
3031 3801 3105 3841 ne
3132 3803 3169 3842 a
3197 3784 3340 3842 facie
3368 3785 3470 3843 Dei
3497 3785 3788 3844 reddatur

2122 3876 2370 3933 alienus.
2399 3875 2736 3947 lterumque
2767 3877 2935 3948 rogat
2963 3890 3034 3930 ne
3063 3873 3136 3930 ab
3167 3873 3295 3946 ipso
3325 3873 3572 3931 declinet
3597 3873 3786 3946 Deus,

2121 3972 2262 4024 tunc
2277 3963 2512 4038 quando
2533 3963 2756 4021 sanctis
2771 3961 2998 4020 vultum
3015 3981 3134 4020 sua
3152 3962 3476 4036 maiestatis
3489 3962 3789 4040 indulget.

2123 4057 2276 4115 Iram
2307 4055 2471 4128 ponit
2490 4052 2701 4127 judicii
2743 4056 3001 4128 tempus,
3023 4069 3160 4109 cum
3205 4052 3484 4110 discernit
3529 4052 3722 4112 malos
3755 4071 3796 4112 a

2117 4141 2316 4204 bonis.
2346 4145 2394 4201 A
2422 4141 2526 4199 Vel
2568 4159 2684 4200 non
2739 4141 2798 4199 in
2847 4141 2936 4199 ira
2979 4141 3257 4209 declinat,
3281 4142 3515 4216 quando
3570 4143 3794 4201 cadere

2125 4233 2413 4310 permittit
2442 4237 2507 4290 ut
2535 4232 2762 4288 cautior
2788 4235 2848 4290 et
2879 4231 3082 4289 fortior
3107 4236 3333 4306 surgat.

2127 4325 2196 4381 15
2265 4322 2500 4394 Adjutor
2530 4335 2678 4378 meus
2707 4337 2762 4377 es
2790 4327 2868 4388 tu,
2899 4337 2970 4378 ne
2995 4320 3345 4396 derelinquas
3371 4337 3456 4377 me
3486 4337 3500 4376 :

2267 4412 2451 4486 Neque
2477 4411 2747 4484 despicias
2775 4426 2880 4478 me,
2911 4411 3070 4478 Deus,
3102 4410 3365 4467 salutaris
3391 4426 3560 4466 meus.

2197 4503 2238 4560 C
2267 4501 2418 4559 Petit
2459 4499 2751 4574 Propheta
2797 4517 2869 4557 ne
2927 4499 3230 4557 deseratur
3279 4516 3315 4555 a
3371 4499 3636 4567 Domino,
3669 4500 3800 4557 scit

2125 4593 2284 4650 enim
2305 4591 2356 4650 si
2378 4591 2474 4648 ille
2495 4589 2814 4663 reliquerit,
2831 4591 2985 4664 quod
3017 4589 3180 4648 nulla
3204 4593 3461 4665 potestas
3489 4607 3552 4647 se
3579 4607 3797 4666 regere

360 4679 504 4736 texit
521 4684 579 4736 et
598 4679 868 4754 protegit.
893 4679 940 4735 Η
963 4679 1062 4736 Vel
1097 4678 1155 4734 in
1177 4679 1271 4736 die
1309 4679 1599 4738 malorum
1621 4699 1738 4755 quo
1769 4685 1905 4744 mali
1937 4687 2020 4743 vi-
2055 4694 2098 4760 ι)
2128 4679 2482 4756 praevalebit.
2520 4680 2561 4736 Η
2594 4677 2882 4739 Salutaris
2912 4683 3112 4737 noster
3139 4679 3408 4736 Christus
3435 4681 3552 4748 est;
3583 4681 3642 4734 et
3670 4676 3802 4737 hoc

361 4772 520 4844 gent.
543 4769 586 4826 C
604 4767 920 4836 Abscondi,
943 4771 1032 4824 est
1051 4768 1439 4841 quaerentium
1460 4770 1645 4827 oculis
1668 4789 1780 4828 non
1807 4777 2020 4848 praebe-

363 4857 445 4925 ri;
475 4855 702 4930 protegi
735 4861 931 4912 autem
972 4857 1046 4912 ab
1076 4856 1237 4913 omni
1281 4861 1438 4914 metu
1478 4859 1850 4936 periculoque
1880 4863 2020 4923 libe-

365 4963 480 5002 P8P!
490 4989 502 5002 .

369 5035 438 5090 10
508 5037 573 5090 1η
596 5042 755 5107 petra
782 5035 1052 5091 exultavit
1079 5053 1168 5093 me
1197 5055 1216 5092 :

510 5123 572 5178 Et
600 5141 748 5180 nunc
788 5125 1058 5182 exultavit
1106 5133 1268 5198 caput
1311 5142 1494 5184 meum
1549 5145 1716 5203 super
1768 5133 2019 5193 inimicos
2055 5143 2060 5146 '

582 5229 746 5270 meos.

443 5301 508 5357 ln
541 5305 704 5374 petra
753 5302 1043 5370 exultavit,
1075 5303 1130 5361 id
1180 5308 1269 5362 est
1300 5306 1357 5362 in
1390 5305 1620 5367 Christo
1667 5328 1770 5384 per
1815 5313 2014 5370 tidem.

369 5391 535 5446 Hunc
564 5391 838 5448 exultavit
864 5397 1056 5464 caput.
1082 5396 1120 5450 C
1153 5397 1188 5451 Α
1221 5396 1408 5470 Caput
1436 5397 1532 5457 hic
1560 5417 1664 5472 pro
1695 5407 1892 5460 mente
1919 5421 2019 5478 po-

369 5479 550 5548 nitur,
575 5497 690 5553 quo
740 5486 1044 5556 vegetante
1099 5501 1414 5558 possumus
1469 5489 1777 5548 contineri.
1830 5492 2019 5566 Super

367 5569 662 5641 inimicos,
684 5571 730 5628 H
754 5571 812 5628 id
847 5576 937 5628 est
967 5578 1160 5630 motus
1189 5575 1469 5636 carnales.
1489 5577 1530 5635 C
1561 5579 1691 5636 Sive
1721 5583 2017 5655 appetitus

367 5658 628 5728 vitiosos,
654 5679 832 5735 supra
863 5679 1012 5736 quos
1064 5679 1228 5721 mens
1267 5667 1464 5724 nostra
1492 5668 1756 5742 erigitur,
1781 5674 2016 5744 quando

370 5747 566 5806 divino
595 5751 886 5825 adjutorio
915 5769 1064 5827 pura
1092 5758 1375 5811 servatur.

2128 4775 2296 4846 rogat
2321 4770 2612 4844 Propheta
2669 4784 2742 4826 ne
2794 4767 3150 4842 despiciatur
3195 4769 3268 4826 ab
3323 4765 3446 4836 illo,
3473 4766 3532 4824 id
3562 4769 3654 4824 est
3709 4786 3801 4827 ne

2127 4860 2459 4918 committat
2487 4857 2609 4916 ulla
2636 4861 2875 4933 peccata
2903 4873 3008 4932 per
3036 4876 3162 4931 quae
3193 4873 3228 4913 a
3256 4858 3372 4914 Deo
3405 4855 3802 4930 despiciatur.

2126 4953 2174 5008 A
2193 4949 2370 5018 Quasi
2401 4949 2638 5018 diceret,
2671 4948 2892 5006 frustra
2920 4947 3154 5015 creasti,
3180 4947 3355 5016 Deus,
3375 4951 3435 5004 et
3463 4946 3801 5016 redemisti,

2125 5039 2411 5111 Salvator,
2434 5038 2484 5096 si
2515 5037 2771 5112 despicis
2802 5053 2899 5094 me
2926 5053 3271 5096 conservare
3320 5036 3380 5092 in
3428 5037 3580 5092 bono
3626 5039 3804 5108 quod

2125 5129 2364 5196 dedisti,
2398 5126 2537 5201 quia
2565 5126 2694 5185 sine
2723 5131 2780 5184 te
2811 5126 2960 5184 nihil
2989 5131 3080 5185 est
3105 5129 3350 5184 conatus
3381 5141 3567 5182 meus.

2068 5227 2081 5239 ‘
2129 5221 2198 5277 16
2272 5218 2543 5288 Quoniam
2567 5223 2727 5289 pater
2750 5233 2904 5275 meus
2931 5224 2984 5274 et
3015 5224 3192 5274 mater
3229 5231 3350 5272 mea
3376 5213 3812 5288 dereliquerunt

2340 5323 2474 5363 me:

2269 5397 2539 5456 Dominus
2567 5399 2751 5453 autem
2777 5397 3070 5469 assumpsit
3098 5411 3202 5452 me.

2198 5488 2240 5544 C
2269 5488 2500 5544 Patrem
2532 5502 2730 5554 suum,
2753 5485 2938 5541 Adam
2977 5484 3236 5558 primum
3285 5482 3586 5540 hominem
3615 5481 3801 5549 dicit,

2127 5581 2374 5635 matrem
2396 5575 2527 5648 ejus
2551 5590 2789 5631 uxorem
2811 5575 3010 5642 Evam,
3031 5573 3186 5630 unde
3207 5570 3501 5648 generatio
3519 5570 3810 5628 humana

2125 5664 2446 5726 descendit.
2476 5664 2543 5720 lli
2575 5661 3014 5737 dereliqUerunt
3047 5679 3140 5719 me
3188 5663 3248 5718 in
3295 5661 3413 5718 ista
3441 5659 3681 5718 miseria
3707 5663 3801 5718 ad

2126 5773 2307 5834 quam
2339 5771 2432 5812 me
2457 5757 2875 5827 exposuerunt.
2900 5751 3188 5811 Dominus
3206 5755 3400 5810 autem
3422 5757 3596 5807 carne
3626 5766 3812 5807 sese-
