3936 6472
148 432 245 496 125

1344 427 1767 493 EXPOSITIO
1809 428 2317 497 PSALMORUM.

3402 439 3521 502 126

143 575 226 643 pta
251 560 562 636 assumpsit
593 578 687 619 me
717 562 763 620 Η
789 561 937 635 loco,
970 561 1190 619 scilicet
1226 561 1341 619 veri
1393 563 1647 634 parentis
1676 564 1748 619 ad
1781 564 1828 629 Α
1862 568 2039 641 igitur
2066 571 2222 629 hunc
2252 575 2539 647 psalmum
2582 579 2815 636 tertium
2849 597 2976 637 esse
3008 580 3345 654 horum,qui
3368 597 3505 652 pas-

143 655 508 714 harreditatem
543 657 842 709 aeternam.

139 746 199 803 l7
260 745 440 815 Legem
463 757 610 814 pone
637 740 782 797 mihi
814 743 1063 807 Domine,
1096 743 1158 797 in
1186 742 1276 797 via
1306 745 1401 797 tua
1432 757 1445 795 :

262 835 322 889 Et
345 832 526 901 dirige
569 847 660 887 me
705 831 767 885 in
812 832 1009 887 semita
1049 834 1201 887 recta
1241 833 1464 902 propter
1510 830 1763 886 inimicos

326 935 486 978 718608.
1240 940 1245 941 ⁷

195 1010 235 1067 C
254 1010 456 1081 Legem
486 1025 642 1081 pone
673 1006 1108 1079 mihi,postulat
1132 1007 1418 1079 Propheta
1438 1007 1625 1080 legem
1648 1007 1761 1064 sibi

138 1097 380 1163 statui,id
409 1100 503 1154 est
528 1084 823 1169 Evangelii
854 1095 1216 1153 intellectum
1247 1096 1511 1153 venturis
1526 1095 1759 1167 aperiri.

132 1189 188 1244 In
216 1188 304 1245 via
330 1190 449 1251 tua,
479 1184 543 1241 id
590 1189 681 1242 est
726 1185 785 1241 in
834 1184 1085 1243 Christo.
1108 1185 1352 1257 Propter
1380 1185 1673 1255 inimicos,
1703 1184 1764 1239 id

134 1282 212 1332 est
238 1274 533 1331 hereticos
563 1274 663 1346 qui
694 1273 855 1330 illam
885 1273 1295 1341 semitam,hoc
1324 1278 1414 1330 est
1445 1272 1767 1345 intelligen-

129 1365 257 1421 tiam
285 1363 710 1435 scripturarum
743 1379 920 1433 prava
946 1361 1268 1418 intentione
1309 1362 1643 1417 subvertere
1674 1361 1768 1415 ni-

130 1453 408 1510 labantur.
438 1454 486 1507 Α
533 1450 658 1518 Vel,
685 1468 720 1507 o
765 1450 1031 1517 Domine,
1064 1449 1204 1519 quia
1250 1450 1323 1505 ad
1366 1452 1422 1504 te
1464 1449 1663 1517 tendo,
1712 1453 1769 1505 et

119 1542 232 1612 jam
282 1539 461 1596 etiam
490 1538 551 1595 in
579 1538 673 1594 via
698 1538 769 1595 ad
804 1543 861 1594 te
889 1554 1053 1606 sum;
1088 1553 1240 1609 pone
1285 1536 1472 1609 legem
1498 1535 1558 1592 in
1587 1554 1656 1593 ea
1676 1553 1769 1594 me

127 1627 463 1701 dirigentem
497 1643 570 1683 ne
599 1643 810 1691 errem,
842 1630 900 1683 et
946 1642 1018 1682 ne
1063 1626 1428 1681 aberrantem
1460 1624 1768 1696 disciplina

123 1721 213 1772 tua
238 1717 497 1781 deserat,
529 1720 586 1772 et
610 1715 797 1787 dirige
834 1730 927 1770 me
973 1713 1302 1779 ulterius,et
1327 1712 1388 1770 in
1418 1712 1765 1770 rectitudine

122 1803 549 1873 angustiarum,
582 1807 819 1875 propter
848 1801 1212 1872 insidiantes,
1244 1806 1355 1858 etc.

1776 696 1781 703 ~
1869 661 2094 719 sionem
2122 668 2182 720 et
2210 667 2719 725 resurrrectionem
2742 669 3103 726 Dominicam
3127 671 3239 727 sub
3263 672 3512 729 brevita-

1869 752 1927 804 et
1955 758 2437 809 commemorant.
2952 816 2955 819 η
3191 795 3195 799 ν
3532 804 3537 809 .

1906 840 1933 893 1
2006 840 2086 896 Ad
2115 841 2433 909 te,Domine,
2465 845 2708 902 clamabo
2741 863 2754 901 :
2784 850 2922 904 Deus
2943 864 3112 917 meus,
3162 865 3234 905 ne
3278 851 3446 906 sileas
3476 867 3513 907 a

2079 945 2212 985 me:

2028 1001 2116 1078 ->'<,-
2147 1010 2439 1083 Nequando
2467 1018 2639 1069 taceos
2666 1033 2800 1071 ame
2839 1022 2923 1082 ζει
2941 1019 3290 1076 assimilabor
3303 1021 3514 1078 descen-

2080 1099 2455 1157 scendentibus
2483 1103 2544 1157 in
2573 1104 2775 1159 lacum.

1942 1184 1984 1241 C
2013 1184 2283 1244 Christus
2308 1188 2591 1245 Dominus
2621 1191 2836 1249 clamat
2871 1195 2941 1249 ad
2995 1194 3221 1251 Patrem
3254 1201 3511 1270 tempore

1873 1273 2164 1344 passionis
2195 1292 2289 1331 me
2317 1276 2392 1332 ab
2423 1277 2549 1349 ipso
2580 1278 2769 1347 sileat,
2800 1281 2906 1336 hoc
2935 1287 3023 1338 est
3052 1300 3124 1339 ne
3154 1287 3366 1355 petenti
3398 1304 3511 1343 non

1876 1366 2099 1417 annuat
2123 1363 2223 1418 sed
2255 1365 2445 1434 magis
2474 1368 2972 1437 respondeat.HAc
2994 1369 3043 1435 si
3074 1369 3423 1428 dixisset:Si
3445 1372 3518 1428 si-

1874 1448 2055 1507 lueris
2084 1467 2181 1507 ero
2212 1451 2426 1509 similis
2456 1455 2855 1525 pereuntibus.
2888 1456 2937 1512 si
2967 1462 3125 1513 taces
3155 1475 3269 1514 non
3302 1476 3514 1531 cogno-

1874 1538 2123 1595 sceris.C
2152 1540 2337 1603 Lacus
2366 1546 2561 1596 autem
2593 1543 2887 1615 signiﬁcat
2912 1545 3022 1601 hoc
3042 1546 3513 1614 saeculum,lacus

1872 1625 2028 1682 enim
2060 1626 2275 1682 dicitur
2297 1645 2426 1700 quae
2456 1630 2565 1686 sub
2597 1629 2725 1701 ipsa
2756 1636 2908 1688 terra
2937 1632 3133 1691 lateat.
3168 1636 3352 1708 Rogat
3374 1652 3535 1711 ergo:

1872 1712 2209 1771 humanitas
2231 1715 2505 1784 Verbi,ne
2521 1717 2895 1779 similisesset
2911 1721 3129 1778 caeteris
3154 1722 3535 1793 hominibus,.

1871 1802 2009 1874 quia
2028 1804 2138 1858 etsi
2161 1821 2531 1861 communem
2548 1808 2937 1864 conditionem
2959 1809 3149 1867 carnis
3171 1812 3512 1885 assumpsit,
3534 1884 3535 1887 η

121 1894 179 1948 l8
242 1897 331 1951 Ne
360 1892 664 1948 tradideris
686 1908 774 1948 me
792 1892 852 1946 in
871 1892 1084 1947 animas
1111 1891 1457 1946 tribulatium
1482 1906 1571 1945 me
1594 1906 1609 1945 :
1632 1906 1759 1962 quo~
1788 1925 1839 1992 Β
1870 1890 2263 1992 θῖιςςίξθξιιίεω
2276 1899 2473 1950 tamen
2486 1894 2748 1951 omnium
2763 1901 3158 1953 creaturarum
3170 1902 3511 1971 promeruit.

319 1984 489 2037 niam
518 1980 941 2037 insurrexerunt
968 1980 1027 2034 in
1055 1994 1140 2033 me
1167 1986 1315 2036 testes
1340 1980 1526 2050 iniqui
1556 1995 1570 2033 :

244 2070 315 2124 Et
343 2070 581 2124 mentita
609 2072 688 2123 est
713 2068 979 2138 iniquitas
1024 2072 1078 2131 -ἓ-
1105 2066 1214 2121 Sibi
1252 2071 1267 2132 ξ

176 2158 219 2214 Η
238 2157 322 2212 Ne
347 2155 667 2212 tradideris
690 2155 864 2223 me,id
897 2158 986 2210 est
1014 2158 1080 2210 ut
1108 2170 1220 2210 non
1253 2154 1496 2211 satietur
1523 2155 1759 2211 animus

120 2260 516 2318 perversorum
549 2244 620 2299 de
649 2242 1093 2299 adversitatibus
1123 2259 1248 2316 quae
1280 2244 1551 2299 accidunt
1588 2244 1757 2299 mihi.

116 2335 560 2391 lnsurrexerunt
589 2337 791 2387 contra
819 2331 1114 2387 Christum
1144 2335 1324 2388 testes
1346 2330 1533 2404 iniqui
1555 2333 1760 2387 dicen-

122 2427 193 2476 tes
222 2437 236 2476 :
270 2419 373 2477 Hic
395 2419 554 2474 dixit
585 2436 598 2473 :
632 2418 921 2476 Destruite
947 2418 1230 2491 templum
1254 2419 1448 2487 hoc,et
1472 2420 1536 2474 in
1566 2419 1761 2477 triduo

119 2509 465 2565 reszditicabo
500 2507 651 2564 illud
684 2506 1061 2579 (Mettium).
1093 2507 1335 2563 Mentita
1364 2512 1453 2565 est
1482 2508 1762 2582 iniquitas

120 2597 235 2663 sibi,
267 2597 408 2669 quia
454 2596 929 2667 uniuscujusque
959 2595 1163 2651 vitium
1216 2597 1273 2651 in
1304 2613 1478 2652 suum
1520 2595 1764 2653 recurrit

118 2692 417 2741 auctorem.
446 2686 493 2740 C
525 2685 682 2740 Bene
711 2683 859 2739 dixit
884 2688 1076 2739 autem
1109 2684 1244 2750 sibi,
1278 2684 1417 2756 quia
1447 2701 1646 2756 poenas
1668 2702 1763 2740 re-

120 2774 242 2845 cipit
267 2774 359 2830 sui
391 2771 833 2843 mendacii,qui
865 2770 1078 2827 falsum
1108 2771 1508 2829 testimonium
1539 2773 1763 2845 profer-

121 2878 169 2916 re
195 2861 515 2918 contendit.
951 2916 971 2925 ,

124 2951 179 3003 tu
244 2950 409 3008 Credo
442 2950 635 3008 videre
664 2950 803 3005 bona
829 2950 1051 3005 Domini
1084 2966 1097 3003 :

240 3040 301 3094 In
326 3043 485 3095 terra
514 3039 847 3094 viventium.

176 3127 217 3182 Η
244 3126 364 3183 Vox
411 3126 718 3194 Ecclesiae,
756 3142 889 3197 quze
940 3125 1209 3197 quamvis
1252 3129 1338 3181 tot
1382 3125 1655 3198 periculis
1686 3125 1765 3183 sit

119 3215 377 3287 exposita,
408 3220 621 3273 tamen
654 3215 839 3271 credit
867 3230 932 3270 se
960 3215 1152 3270 videre
1183 3214 1353 3282 bona,
1386 3215 1443 3270 id
1478 3218 1566 3270 est
1607 3215 1758 3271 acci-

1872 1978 1916 2033 H
1947 1978 2048 2035 Vel
2079 1979 2241 2037 lacus
2270 1982 2564 2057 infernum
2596 1984 2907 2057 signiﬁcat.

1902 2062 1939 2113 2
2006 2060 2161 2126 +5.1:
2201 2061 2365 2126 Iaudi
2410 2054 2497 2132 ox-
2542 2054 2771 2121 Doniine

2080 2164 2218 2204 meas
2248 2149 2379 2205 dum
2406 2167 2500 2208 oro
2527 2152 2598 2207 ad
2626 2161 2677 2208 te
2705 2169 2720 2207 :

2008 2237 2152 2293 Dum
2183 2240 2383 2294 extollo
2412 2257 2606 2296 inanus
2650 2257 2797 2297 meas
2843 2241 2914 2297 ad
2962 2244 3222 2315 templum
3259 2251 3511 2302 sanctum

2045 2334 2220 2382 tuum.

2829 2069 2843 2132 ζ
2903 2082 3081 2123 vowm
3120 2068 3513 2143 deprecationis

1940 2413 1986 2470 H
2018 2414 2213 2471 Oravit
2242 2415 2505 2473 Christus
2536 2417 2594 2471 in
2622 2433 2789 2473 cruce
2820 2435 2923 2491 pro
2954 2424 3073 2476 toto
3097 2422 3513 2479 mundo.Extu-

1867 2499 1936 2555 lit
1966 2503 2261 2571 manus,id
2292 2505 2665 2572 est,cxtendit
2691 2522 2789 2563 eas
2816 2505 2872 2562 in
2905 2525 3092 2564 cruce.
3110 2510 3195 2565 Ad
3227 2508 3510 2583 templum

1869 2595 2163 2658 sanctum,
2197 2591 2304 2647 hoc
2333 2596 2442 2656 est.
2477 2597 2543 2649 ut
2572 2593 2854 2667 templum
2886 2597 3041 2652 Patri
3075 2600 3509 2670 praepararctdd

1868 2682 1957 2734 est
1986 2695 2196 2751 corpus
2226 2681 2512 2738 Ecclesia.
2547 2685 2585 2736 C
2627 2686 2750 2740 Non
2800 2690 2887 2741 est
2933 2684 3107 2742 etiam
3157 2686 3502 2755 absurdum,

1870 2767 2154 2839 templum
2186 2769 2906 2844 accipi,cmlum,quoniam
2939 2773 3169 2831 Domini
3200 2776 3367 2833 sedes
3382 2793 3511 2834 esse

1869 2856 2065 2912 divina
2092 2856 2747 2916 lectionemonstratur.

1902 2945 1939 3000 3
2012 2947 2087 3002 Ne
2131 2952 2186 3013 -ξ-
2211 2948 2377 3003 simul
2418 2953 2433 3013 ζ
2478 2949 2663 3005 tradas
2690 2966 2777 3006 me
2804 2967 2927 3006 cum
2953 2953 3320 3023 peccatoribus
3352 2970 3365 3008 :

2077 3036 2277 3091 Etcum
2286 3038 2633 3107 operantibus
2663 3040 3007 3109 iniquitatem
3028 3047 3159 3106 ι-ξ-ηθ
3176 3041 3370 3113 perdas
3390 3060 3507 3098 me:

1943 3123 1983 3177 Η
2013 3124 2367 3190 Peccatores,
2397 3123 2830 3180 latronesinter
2858 3144 3005 3198 quos
3038 3130 3325 3199 pendebat
3345 3130 3506 3187 dicit.

1872 3214 1912 3264 C
1940 3211 2083 3266 Cum
2115 3212 2448 3283 operatibus
2479 3212 2846 3285 iniquitatem
2871 3215 3033 3287 petiit
3056 3232 3129 3271 ne
3156 3215 3397 3274 haberet
3412 3218 3511 3274 ali-

120 3284 233 3372 pere
259 3322 360 3377 per
383 3305 572 3362 ﬁdem
605 3303 1005 3359 hiereditatem
1036 3303 1197 3375 regni
1227 3302 1504 3359 caelorum
1544 3303 1603 3358 in
1646 3319 1764 3375 qua
1792 3284 1836 3352 C
1871 3314 2050 3370 quam
2083 3300 2425 3371 portionem.

121 3392 279 3448 sancti
309 3409 449 3450 cum
483 3391 733 3449 Christo
761 3395 1026 3462 regnant.

118 3478 173 3530 29
234 3480 494 3552 Exspecta
525 3481 839 3536 Dominum
872 3479 1113 3534 viriliter
1139 3494 1238 3549 age
1288 3493 1303 3531 :
1349 3485 1399 3533 et
1425 3479 1762 3550 con/orietur

299 3586 396 3626 cor
427 3577 621 3625 tuum.

230 3658 293 3712 Et
318 3660 540 3715 sustine
564 3657 890 3715 Dominum.

172 3744 521 3819 CExspecta
572 3744 920 3805 Dominum.
949 3742 1166 3800 scilicet
1212 3742 1311 3816 qui
1363 3743 1757 3816 promittendo

118 3848 210 3888 non
239 3834 401 3901 fallit,
436 3835 545 3909 qui
583 3833 919 3906 praestando
950 3849 1065 3887 non
1099 3831 1365 3904 imputat,
1398 3848 1502 3886 nec
1541 3832 1757 3904 impro-

120 3926 274 3987 perat.
303 3923 597 3989 Viriliter,
635 3938 756 3978 non
783 3920 975 3976 solum
1008 3919 1145 3976 viris
1177 3920 1277 3975 sed
1304 3924 1361 3975 et
1398 3919 1631 3976 feminis
1679 3925 1760 3976 est

117 4011 428 4079 mandatum,
489 4027 686 4083 agere.
738 4010 1083 4081 Confortetur
1122 4025 1232 4074 cor,
1284 4026 1356 4064 ne
1399 4008 1568 4064 taedio
1626 4009 1755 4065 fati-

119 4104 261 4165 gante
295 4102 600 4173 desperet.
636 4098 879 4154 Sustine
921 4097 1256 4165 Dominum,
1291 4097 1348 4152 id
1398 4100 1486 4152 est
1531 4097 1758 4154 sustine

116 4188 243 4252 Quod
270 4188 518 4260 pateris,
540 4204 671 4244 non
701 4185 988 4243 lassescas
1019 4201 1207 4257 neque
1237 4184 1583 4251 discedas,et
1602 4186 1754 4256 quod

118 4275 274 4331 credis
301 4282 610 4351 exspecta.

565 4380 785 4420 ORATIO
823 4380 893 4418 EX
931 4378 1088 4417 PSAL.
1128 4378 1280 4417 XXVI.

171 4452 403 4509 Defende
435 4470 553 4509 nos
586 4470 625 4508 a
657 4451 871 4508 castris
902 4455 959 4506 et
987 4467 1021 4505 a
1048 4448 1252 4522 praliis
1279 4447 1497 4504 inimici
1524 4446 1758 4520 adjutor

120 4540 367 4609 omnium,
402 4545 674 4610 Deus,ut
708 4540 767 4594 in
797 4540 969 4595 domo
1001 4542 1101 4593 tua
1130 4537 1516 4610 perpetuitate
1536 4536 1752 4593 duran-

118 4627 201 4694 les,
229 4644 566 4685 mereamur
596 4628 837 4683 vultum
886 4632 1056 4683 tuum
1102 4625 1349 4697 spiritali
1398 4624 1753 4699 contempla-
1783 4647 1831 4712 D

117 4716 239 4771 tione
264 4719 592 4790 suscipere.
631 4718 748 4773 Per
778 4716 1091 4772 Dominum
1122 4719 1413 4784 nostrum,
1442 4716 1552 4769 etc.

639 4821 970 4878 PSALMUS
1006 4820 1220 4877 XXVII.

497 4909 927 4951 annunerans:
969 4909 1124 4948 psan.
1166 4906 1337 4955 xxvii.

170 4978 204 5032 C
226 4980 355 5038 Orat
382 4984 693 5040 Dominus
724 4979 1015 5048 Christus,
1033 4996 1135 5051 per
1166 4978 1222 5034 id
1253 4978 1408 5050 quod
1438 4978 1609 5034 homo
1640 4983 1748 5045 est,

1907 3389 1939 3443 4
2013 3390 2120 3457 Qui
2146 3389 2445 3460 loquuntur
2467 3405 2660 3460 pacem
2687 3376 2811 3444 cum
2837 3392 3089 3461 proximo
3117 3407 3214 3446 suo
3248 3408 3260 3446 :

2010 3478 2166 3534 Mala
2193 3482 2375 3533 autem
2406 3480 2466 3533 in
2492 3477 2743 3534 cordibus
2772 3494 2959 3534 eorum
2992 3496 3006 3534 :

1939 3565 1985 3620 H
2017 3566 2430 3638 Loquebantur
2458 3565 2668 3637 (Matth.
2724 3567 2884 3638 χχιι).
2916 3567 3099 3623 Judaei
3133 3585 3334 3641 pacem
3374 3586 3509 3626 cum

1866 3653 2093 3715 Christo
2124 3654 2381 3710 dicentes
2417 3671 2429 3711 :
2460 3654 2704 3727 Magiter
2750 3654 2971 3711 scimus
3019 3657 3157 3729 quia
3201 3674 3371 3713 verax
3399 3662 3507 3714 est.

1866 3742 2002 3797 Erat
2030 3759 2137 3815 pax
2165 3742 2221 3798 in
2257 3760 2457 3799 eorum
2490 3743 2682 3809 labiis,
2736 3744 2837 3799 sed
2890 3744 2946 3798 in
2996 3745 3166 3801 corde
3195 3744 3436 3804 malitia.
3468 3746 3509 3802 C

1865 3830 1972 3894 Qui
1998 3832 2156 3902 juste
2188 3830 2326 3886 mali
2356 3832 2718 3901 dicebantur,
2737 3831 2874 3904 quia
2904 3833 3201 3905 proximus
3222 3834 3509 3892 malitiose

1864 3920 2107 3991 prodere
2138 3920 2511 3976 festinabant.

1899 4007 1937 4062 5
2003 4012 2083 4064 Da
2111 4008 2225 4062 illis
2252 4008 2546 4064 secundum
2572 4025 2737 4080 opera
2767 4010 3006 4080 ipsorum
3040 4027 3052 4064 :
3310 4064 3315 4069 .

2004 4097 2070 4151 Et
2094 4094 2390 4152 secundum
2415 4097 2723 4168 nequitiam
2749 4097 3195 4153 adinventionum
3225 4100 3464 4171 ipsorum
3491 4118 3503 4155 :

1936 4183 1981 4238 Η
2014 4182 2160 4239 Petit
2189 4182 2307 4239 illis
2334 4182 2461 4239 dari
2491 4185 2814 4240 secundum
2844 4201 3022 4257 opera
3060 4184 3340 4257 ipsorum,
3391 4204 3503 4242 non

1865 4271 2117 4343 optando
2138 4271 2235 4327 sed
2261 4271 2797 4343 praenuntiandoEt
2827 4273 3148 4328 secundum
3182 4271 3503 4345 nequitiam

1864 4357 2359 4414 adinventionum.
2388 4359 2428 4415 C
2460 4359 2575 4414 Hoc
2604 4363 2712 4425 est,
2748 4364 2813 4414 ut
2841 4359 3077 4415 innoxio
3118 4365 3369 4427 noceret,
3404 4362 3505 4434 qui

1863 4447 1935 4503 ad
1965 4463 2065 4502 eos
2088 4449 2324 4502 venerat
2353 4446 2683 4515 salvandos,
2716 4450 2780 4502 ut
2810 4463 2946 4502 eum
2981 4448 3155 4503 morti
3186 4449 3501 4505 traderent.

1896 4528 1932 4582 6
2024 4519 2112 4596 3,9
2130 4526 2431 4581 Secundum
2447 4543 2605 4599 opera
2626 4542 2893 4581 manuum
2912 4543 3100 4582 eorum
3140 4535 3153 4592 ζ
3173 4530 3351 4584 tribue
3370 4531 3503 4584 illis:
3532 4520 3540 4533 ’

2074 4615 2249 4671 Redde
2277 4617 2683 4671 retributionem
2709 4631 2895 4670 eorum
2927 4616 3074 4686 ipsis.

1930 4702 1971 4761 C
2001 4709 2258 4774 Quatuor
2304 4710 2444 4760 sunt
2492 4705 2714 4776 species
2745 4703 3218 4771 retributionum,
3252 4721 3499 4775 quarum
3534 4700 3541 4707 ’

1862 4810 1979 4849 una
2008 4797 2255 4861 est,cum
2286 4793 2625 4849 tribuuntur
2640 4791 2794 4849 mala
2814 4809 2917 4864 pro
2948 4791 3299 4858 bonis,sicut
3317 4791 3501 4849 Judaei

1859 4881 2108 4937 Christo.
2140 4880 2331 4937 Altera
2361 4899 2492 4938 cum
2523 4882 2743 4937 bonum
2772 4898 2875 4953 pro
2923 4881 3176 4946 hono,ut
3204 4881 3359 4937 Deus
3387 4880 3500 4939 ele-

1858 4969 1988 5025 ctis.
2022 4971 2215 5026 Tertia
2245 4987 2376 5025 cum
2410 4970 2750 5026 retribuitur
2787 4968 3010 5025 malum
3058 4985 3161 5041 pro
3211 4966 3385 5035 malo,
3437 4974 3501 5024 ut

125 5068 168 5116 nt
189 5068 300 5138 ejus
325 5073 616 5129 audiatur
663 5068 877 5135 oratio,
926 5067 1160 5141 agitque
1200 5066 1437 5140 gratias,
1471 5066 1748 5138 quoniam
1858 5062 1947 5113 est
1975 5057 2116 5112 illud
2150 5076 2163 5114 :
2193 5058 2273 5114 Ite
2304 5058 2362 5114 in
2394 5058 2588 5130 ignem
2619 5054 3529 5128 teternum(blatth.xxv).0uarta'

126 5159 382 5216 exauditus
411 5165 509 5218 est
542 5161 872 5232 rogans,ut
891 5155 1041 5211 sicut
1063 5155 1187 5227 ipse
1209 5154 1524 5210 suscitatus
1544 5158 1633 5209 est
1653 5171 1751 5226 po-

1855 5164 1991 5203 cum
2024 5147 2301 5204 tribuitur
2329 5148 2482 5219 quod
2532 5145 2625 5201 hic
2656 5146 2796 5201 dicit
2823 5146 3039 5201 bonum
3084 5163 3185 5217 pro
3227 5145 3400 5216 malo,
3435 5151 3500 5202 ut

130 5245 291 5303 testate
312 5248 655 5305 divinitatis
688 5263 839 5312 suae,
870 5244 951 5300 ita
980 5244 1174 5299 salvus
1205 5243 1307 5297 fiat
1335 5241 1586 5314 populus
1626 5243 1753 5313 ejus
1861 5235 1959 5307 qui
1991 5241 2385 5310 persecutores
2414 5235 2772 5302 exstiterant,
2802 5233 2945 5290 fiant
2993 5234 3250 5291 conversi
3300 5240 3501 5307 postea

134 5334 303 5389 nomini
330 5337 706 5393 crediturus.

599 5422 730 5479 TT.
758 5428 815 5487 εξ-
863 5419 969 5491 Ipsi
1009 5424 1022 5483 ζ
1066 5416 1256 5473 David.

183 5505 214 5561 C
237 5508 585 5586 David(sicut
616 5508 915 5576 diximus)
936 5506 1347 5579 interpretatur
1375 5523 1541 5561 manu
1568 5506 1750 5577 fortis,

139 5596 455 5670 elsignificat
491 5602 905 5665 Salvatorem,
939 5600 1039 5668 qui
1089 5593 1253 5650 fortis
1302 5592 1499 5667 utique
1550 5610 1750 5658 manu,

145 5684 239 5745 Wa
262 5692 563 5759 prostravit
606 5685 949 5762 principem
994 5683 1387 5738 tenebrarum.
1420 5681 1749 5736 Notandum

1861 5324 2193 5381 laudatores
2222 5323 2454 5380 Christi.

1894 5415 1929 5466 7
2004 5413 2267 5480 Quoniam
2300 5429 2408 5467 non
2441 5413 2825 5467 intellea'erunt
2856 5428 3017 5482 opera
3043 5412 3259 5465 Domini
3301 5427 3316 5464 :
3347 5418 3398 5465 et
3438 5410 3497 5462 in

2070 5517 2231 5571 opera
2259 5517 2524 5555 manuum
2553 5502 2667 5573 ejus
2699 5517 2711 5554 :

1969 5589 2215 5644 Destrues
2248 5590 2370 5645 illos
2400 5597 2449 5644 et
2477 5605 2584 5644 non
2611 5588 2908 5660 ardiﬁcabis
2951 5594 3002 5651 -ἓ
3032 5602 3118 5641 eos
3159 5591 3173 5649 ζ

1931 5683 1970 5733 C
1999 5679 2121 5733 Non
2156 5674 3103 5749 intellexeruntoperaDei,scilicet
3116 5666 3496 5739 tuncquando
