3936 6458
325 510 479 571 ’131

401 643 438 697 5
514 643 787 710 Quoniam
813 643 901 698 ira
932 643 993 697 in
1018 640 1397 714 indignatione
1425 643 1544 716 ejus
1577 661 1590 700 :

509 731 573 786 Et
601 732 716 786 vita
747 733 806 786 in
837 731 1114 788 voluntate
1139 732 1275 804 ejus.

436 822 478 876 C
501 819 830 894 Indignatio
862 819 1041 892 illius,
1075 835 1235 877 mors
1290 826 1379 878 est
1423 822 1762 897 peccatoris.
1792 821 1838 878 Η
1869 820 2022 877 Indi-

366 909 566 984 gnatio
619 909 720 966 Dei
771 909 883 966 fuit
929 911 1164 984 quando
1194 911 1378 967 Adam
1411 910 1686 985 peccavit.
1717 911 1830 979 Ira,
1855 912 2020 984 justa

368 998 633 1065 vindicta,
664 999 900 1076 quando
931 1017 1064 1056 eum
1097 1001 1168 1057 dc
1199 1001 1470 1074 paradiso
1502 1000 1689 1073 cjccit.
1721 1001 1792 1056 Et
1819 1001 1935 1056 vita
1960 1000 2019 1056 in

363 1087 660 1145 voluntate
685 1089 904 1162 ejus,ut
929 1089 1028 1163 qui
1059 1092 1251 1162 fecerit
1278 1090 1633 1148 voluntatem
1661 1091 1759 1147 Dei
1785 1094 2019 1148 maneat

361 1177 425 1234 in
455 1181 672 1235 aeterna
701 1180 914 1236 vita.Et
944 1179 1097 1236 sicut
1124 1179 1185 1236 in
1216 1181 1520 1253 Adam,ita
1550 1181 1608 1236 in
1635 1197 1753 1236 uno
1785 1195 2018 1253 quoque

329 1259 336 1266 ’
365 1272 685 1342 peccatore.

397 1358 434 1413 6
504 1357 583 1414 Ad
612 1375 892 1432 vesperum
921 1358 1299 1415 demorabitur
1325 1360 1485 1431 ﬂetus
1516 1376 1531 1415 :

503 1447 566 1504 Et
592 1447 662 1503 ad
689 1449 1029 1504 matutinum
1061 1449 1280 1506 laetitia.

429 1536 476 1594 H
506 1536 850 1612 Vesperum,
883 1541 1008 1594 tota
1034 1538 1154 1594 vita
1181 1538 1297 1594 ista
1342 1554 1598 1612 prmsens
1649 1535 2014 1610 intelligitur,

359 1627 500 1700 quia
525 1643 632 1700 per
661 1631 965 1700 peccatum
996 1627 1128 1682 Adae
1160 1643 1367 1688 omnes
1398 1644 1584 1700 usque
1615 1627 1673 1682 in
1705 1627 1882 1682 finem
1915 1643 2016 1680 sas-

360 1715 475 1772 culi
509 1715 649 1771 tleut
677 1715 765 1771 vel
797 1715 1302 1790 gemunt,quando
1334 1716 1714 1772 recordentur
1743 1715 1898 1770 bona
1919 1731 2015 1788 pa-

359 1804 542 1862 radisi
573 1822 699 1878 quae
722 1803 1100 1878 perdiderunt
1130 1805 1188 1862 in
1220 1805 1427 1862 Adam.
1463 1805 1527 1862 Et
1567 1819 1758 1874 mane,
1789 1803 2011 1874 laetitia,

356 1894 594 1968 quando
641 1893 700 1950 in
752 1895 1173 1951 resurrectione
1217 1894 1394 1950 simul
1445 1895 1503 1950 in
1555 1895 1882 1952 libertatem
1917 1912 2009 1950 ve-

1279 510 1346 573 S.
1391 509 1792 574 BRUNONIS
1835 507 2460 573 HERBIPOLENSIS
2503 508 2883 574 EPlSGOPI.

2049 641 2108 712 Α,
2137 643 2271 698 terit
2298 641 2472 698 turba
2501 642 2980 717 impiorum,qua3
3011 642 3202 700 adhuc
3232 642 3390 700 velut
3414 641 3609 718 pulvis
3636 644 3802 700 omni

3683 511 3804 575 132

2129 735 2302 789 vento
2336 733 2612 788 doctrina:
2645 737 2940 802 movetur;
2968 731 3307 804 justificari,
3339 731 3386 788 si
3418 749 3526 808 ego
3558 750 3673 788 non
3705 749 3799 789 re-

2131 822 2416 897 surgam?
2459 822 2575 878 Nec
2624 821 2800 879 etiam
2849 823 3226 880 annudtiabit
3269 821 3573 880 veritatem
3606 827 3798 889 tuam,

2128 911 2239 968 hoc
2269 916 2358 967 est
2387 911 2684 968 Christum
2715 917 2884 969 tuum
2919 913 3018 985 qui
3051 916 3141 968 est
3164 911 3396 969 veritas.

2128 1001 2198 1060 43
2269 1001 2497 1058 Audiuit
2529 1003 2794 1058 Dominus
2822 1011 2873 1058 et
2903 1005 3159 1058 misertus
3178 1009 3258 1058 est
3275 1003 3390 1058 mei
3418 1017 3432 1056 :

2272 1091 2538 1147 Dominus
2582 1098 2639 1157 -ἐι
2665 1093 2848 1164 factus
2888 1093 2906 1160 ξ
2949 1100 3028 1148 est
3055 1091 3276 1163 adjutor
3305 1107 3474 1148 meus.

2200 1178 2246 1235 Η
2275 1179 2511 1236 Audivit
2540 1180 2844 1250 Dominus,
2879 1181 2936 1238 id
2968 1183 3058 1236 est
3090 1186 3237 1238 Deus
3285 1180 3471 1236 Pater.
3505 1178 3790 1236 Misertus

2127 1273 2234 1332 est,
2269 1269 2410 1342 quia
2438 1285 2742 1343 resurgere
2774 1287 2866 1326 me
2897 1269 3032 1326 fecit
3075 1287 3110 1326 a
3147 1268 3415 1326 mortuis.
3452 1269 3665 1324 Factus
3699 1273 3792 1324 est

2128 1359 2380 1430 adjutor,
2413 1358 2552 1432 quia
2574 1375 2667 1415 mc
2701 1358 2835 1415 fecit
2859 1358 3314 1432 primogenitum
3348 1362 3738 1414 mortuorum.

2126 1449 2193 1504 14
2269 1448 2596 1506 Convertisti
2617 1450 2901 1521 planctum
2921 1465 3104 1504 meum
3120 1447 3385 1518 gaudium
3406 1447 3552 1502 mihi
3583 1463 3596 1502 :

2270 1537 2569 1594 Concidisti
2593 1554 2811 1594 saccum
2838 1553 3041 1606 meum,
3061 1545 3114 1594 et
3137 1536 3546 1594 circumdedisti
3567 1551 3656 1592 me
3686 1537 3784 1594 ιε-

2339 1628 2486 1682 titia.

2196 1715 2241 1772 H
2272 1716 2614 1772 Convertisti
2647 1714 2946 1788 planctum
2975 1731 3194 1786 meum,
3227 1729 3360 1772 cum
3391 1714 3642 1772 dicerem
3677 1713 3784 1770 tri-

2123 1806 2232 1861 stis
2263 1811 2352 1861 est
2381 1805 2579 1861 anima
2609 1805 2830 1862 mea.ln
2860 1805 3142 1878 gaudium
3175 1821 3310 1861 cum
3337 1803 3494 1860 dixi:
3522 1807 3603 1860 Ite
3635 1821 3786 1860 nun-

2123 1895 2262 1952 tiate
2293 1895 2571 1952 fratribus
2604 1895 2750 1950 meis
2779 1896 2990 1964 (Matth.
3023 1896 3242 1962 xxvm).
3284 1897 3324 1949 C
3369 1893 3646 1950 Concisus
3692 1897 3782 1949 est

357 1985 555 2053 niunt;
599 1983 688 2040 vel
741 1982 902 2052 alibi,
933 2000 1240 2058 vesperum
1291 1985 1525 2058 quando
1583 1984 1760 2083 [lebat
1804 1982 2005 2051 Maria,
2037 2015 2086 2083 Β
2122 2001 2352 2052 saccus,
2386 1983 2445 2040 id
2492 1989 2581 2040 est
2627 2001 2840 2057 corpus
2889 1983 3261 2051 Christi,cum
3295 1995 3398 2082 pro
3446 1979 3614 2083 nobis
3653 1981 3780 2054 ipse

354 2073 553 2129 laetitia
603 2073 880 2146 quoniam
931 2072 1197 2128 Christus
1241 2073 1573 2130 resurrexit.
1611 2077 1656 2128 A
1697 2071 1847 2128 Dicit
1871 2090 2004 2129 vero

351 2161 772 2228 demorabitur,
809 2162 867 2218 id
897 2167 986 2218 est
1015 2163 1115 2218 diu
1148 2159 1494 2233 morabitur,
1517 2163 1656 2236 quia
1687 2179 1719 2217 a
1744 2166 2005 2236 tempore

349 2252 538 2326 pecati
567 2251 703 2308 Ades
736 2268 922 2326 usque
953 2252 1010 2308 in
1042 2253 1216 2308 ﬁnem
1249 2252 1466 2309 saeculi.

382 2345 418 2397 7
489 2344 600 2411 Ego
628 2350 810 2398 autem
838 2341 963 2398 dixi
991 2343 1052 2398 in
1081 2341 1384 2398 abundatia
1401 2358 1525 2398 mea
1555 2360 1576 2397 :

521 2433 637 2488 Non
667 2433 918 2490 movebor
940 2449 1000 2488 in
1027 2440 1322 2489 aeternum.

415 2523 456 2578 C
480 2522 598 2595 Ego
629 2526 824 2578 autem
857 2520 978 2578 dixi
1003 2523 1064 2578 in
1095 2519 1854 2578 abundantia.Abundantia
1880 2523 2006 2576 erat

347 2609 495 2668 Filio
545 2625 777 2682 semper
821 2609 1068 2682 virginis
1116 2609 1335 2678 Mariae,
1367 2609 1522 2682 quod
1566 2609 1826 2664 Verbum
1871 2625 2005 2666 caro

351 2699 572 2756 factum
602 2702 712 2766 est,
745 2703 800 2756 et
829 2697 1118 2754 habitavit
1165 2697 1224 2754 in
1275 2697 1464 2754 nobis.
1497 2697 1636 2753 Jure
1685 2697 1916 2754 dicebat
1942 2715 2007 2756 se

350 2787 568 2844 moveri
599 2803 716 2842 non
759 2803 932 2860 posse
982 2787 1042 2842 in
1081 2791 1383 2855 aiternum,
1418 2804 1452 2842 a
1485 2787 1596 2842 Deo
1635 2785 1878 2856 scilicet,
1911 2786 2004 2842 cui

352 2893 462 2933 sua
485 2877 768 2949 majestas
800 2875 1164 2932 confidentiae
1192 2875 1349 2933 dona
1377 2876 1710 2950 pra-stabat.

387 2968 420 3021 8
493 2966 745 3032 Domine,
777 2965 838 3022 in
865 2965 1146 3022 voluntate
1175 2971 1271 3021 tua
1302 2982 1316 3021 :

492 3055 812 3113 Praestitisti
831 3053 1020 3111 decori
1044 3069 1161 3111 meo
1189 3055 1468 3111 virtutem.

419 3147 460 3200 C
489 3143 732 3202 Domine
781 3143 840 3200 in
887 3141 1183 3201 voluntate
1222 3148 1342 3200 tua.
1375 3143 1496 3201 Vox
1525 3141 1762 3213 Christi,
1797 3142 2009 3200 asserit

349 3233 462 3291 sibi
491 3232 716 3292 homini
747 3234 945 3291 datam
977 3233 1220 3308 dessper
1246 3233 1520 3290 virtutem
1543 3252 1576 3290 θ.
1601 3237 1790 3300 Patre,
1820 3235 2004 3292 virtu-

346 3327 486 3394 tem,
526 3322 750 3380 scilicet
797 3323 957 3380 illam
990 3339 1107 3396 qua
1135 3340 1251 3380 non
1284 3328 1552 3380 movetur
1581 3341 1615 3379 ε,
1648 3323 1780 3380 Deo.
1811 3325 1858 3380 A
1887 3337 2005 3398 qua

348 3413 630 3472 immunis
661 3413 734 3470 ab
763 3413 921 3470 omni
953 3417 1188 3487 peccato
1222 3430 1236 3470 :
1270 3411 1428 3469 omni
1461 3413 1784 3486 gratiarum
1817 3411 2004 3486 pleni-
2031 3388 2076 3456 (ἶ

345 3504 548 3560 tudine
578 3502 929 3576 resplendet.
961 3502 1248 3560 Similitec
1291 3505 1349 3557 et
1396 3501 1666 3558 decorem
1709 3500 1900 3569 illum,
1933 3503 2004 3560 de

347 3610 463 3666 quo
493 3591 777 3664 scriptum
810 3589 1256 3664 est:Speciosus
1289 3589 1476 3647 forma
1505 3607 1620 3664 pra:
1652 3588 1789 3648 {iliis
1820 3592 2004 3649 homi-

345 3698 487 3737 num
518 3680 690 3752 (Psal.
719 3682 892 3748 XLIV).-

377 3769 414 3824 9
485 3771 743 3826 Aoertisti
768 3769 970 3840 faciem
1000 3775 1150 3824 tuam
1179 3785 1214 3824 a
1241 3785 1328 3826 me
1359 3785 1371 3824 :

484 3859 551 3914 Et
575 3861 754 3932 factus
780 3873 903 3914 sum
931 3859 1304 3916 conturbatus.

415 3947 462 4004 H
475 3949 640 4004 Tunc
659 3947 867 4004 avertit
887 3951 1040 4003 Deus
1055 3947 1262 4004 faciem
1279 3964 1446 4005 suam
1463 3949 1535 4004 ab
1552 3947 1999 4022 Adam,quando

343 4036 792 4110 peccavit.Tunc
804 4037 1076 4092 turbatus
1095 4038 1448 4110 est,quando
1465 4037 1576 4094 sub
1592 4037 2001 4097 maledictione

342 4125 414 4182 de
461 4125 736 4200 paradiso
783 4126 1078 4199 projectus
1104 4131 1215 4184 est.
1245 4129 1293 4183 A
1321 4126 1422 4184 Vel
1471 4147 1505 4184 a
1551 4127 1780 4184 Christo
1827 4127 2000 4186 vertit

340 4209 814 4288 faciem,quando
845 4215 1106 4289 passioni
1139 4232 1273 4273 eum
1305 4217 1662 4292 exposuit,et
1690 4219 1864 4292 coepit
1893 4235 1998 4292 pa-

337 4321 470 4363 vere
501 4308 558 4362 et
589 4305 813 4362 turbari
844 4309 902 4362 et
933 4311 1142 4364 maesta
1171 4323 1300 4364 esse
1329 4306 1673 4365 humanitas
1703 4311 1760 4364 et
1803 4307 1998 4364 carnis

336 4394 672 4452 infirmitas.

338 4485 408 4540 10
491 4485 576 4540 .Id
605 4491 672 4552 te,
709 4487 955 4562 Domine,
989 4487 1236 4544 clamabo
1268 4503 1281 4544 :

483 4573 550 4630 Et
579 4574 648 4630 ad
676 4575 848 4632 Deum
877 4592 1059 4632 meum
1083 4576 1429 4650 deprecabor.

407 4661 456 4719 Η
485 4662 570 4719 Ad
602 4663 952 4732 te,Domine‘,
985 4664 1548 4736 clamabo,Christus
1579 4663 1865 4722 Dominus
1885 4664 1996 4722 hoc

337 4751 499 4818 dicit,
533 4751 635 4824 qui
667 4752 726 4808 in
758 4767 928 4808 cruce
959 4752 1250 4823 clamavit,
1278 4769 1414 4808 cum
1448 4770 1550 4825 pro
1583 4753 1884 4828 redempto
1906 4771 2003 4828 po-
2032 4765 2080 4833 D

337 4841 476 4913 pulo
505 4841 730 4897 Patrem
763 4840 1172 4914 interpellavit.

340 4930 400 4984 11
480 4931 622 5000 Quae
651 4930 866 4986 utilitas
896 4931 956 4985 in
985 4929 1255 5001 sanguine
1281 4945 1402 4986 meo
1434 4947 1446 4986 :

483 5017 626 5073 Dum
649 5016 910 5074 descendo
939 5019 1003 5072 in
1031 5019 1468 5091 corruptionem?

411 5107 452 5159 C
478 5103 629 5159 Petit
651 5121 786 5178 ergo
815 5105 1082 5164 Christus
1123 5122 1240 5162 non
1285 5111 1351 5164 ut
1399 5125 1515 5165 non
1557 5110 1860 5180 moriatur,
1896 5112 1997 5170 sed

345 5208 416 5249 ne
441 5208 576 5248 caro
607 5192 794 5266 ipsius
823 5195 1194 5268 corruptione
1214 5197 1472 5255 resoluta
1491 5199 1890 5258 maculeturil
1919 5204 2000 5260 Ac

342 5282 392 5338 si
418 5279 663 5337 dixisset
684 5279 1211 5350 humanitas,nulla
1234 5291 1324 5343 est
1344 5287 1567 5346 utilitas
1585 5289 1740 5362 quod
1766 5292 2002 5365 sangui-

342 5386 477 5426 nem
510 5368 710 5437 eti'udi,
742 5370 853 5426 nisi
885 5387 1248 5434 resurrexero
1297 5393 1332 5433 a
1367 5378 1636 5436 mortuis.
1671 5381 1718 5436 A
1745 5379 1805 5437 Si
1836 5381 1992 5438 enim

344 5475 458 5516 non
492 5475 797 5532 resurgam
831 5477 845 5516 :
879 5461 1098 5519 nemini
1127 5467 1507 5540 annuntiabo,
1533 5468 1760 5526 nullum
1799 5469 1992 5528 lucra-

343 5548 468 5618 hor,
498 5548 629 5604 ideo
655 5549 857 5626 subdit
887 5558 902 5605 ':
935 5551 1232 5627 Nunquid,
1265 5561 1379 5614 etc.

345 5638 411 5692 12
485 5638 746 5711 nunquid
773 5639 1120 5710 conﬁtebitur
1149 5645 1252 5700 tibi
1273 5647 1456 5718 pulvis
1483 5663 1498 5702 ε

483 5733 604 5786 Aut
627 5729 990 5784 annuntiabit
1019 5733 1304 5790 veritatem
1333 5735 1522 5792 tuam?

409 5814 458 5880 H
489 5815 767 5895 Nunquid
799 5815 1171 5881 confitebitur
1193 5823 1300 5884 tibi
1330 5823 1543 5903 pulvis,
1567 5822 1627 5883 id
1653 5827 1878 5884 estnon
1900 5843 1997 5904 po-

2123 2074 2271 2131 mori
2303 2074 2580 2147 dignatus
2609 2078 2716 2130 est.
2751 2073 2798 2128 Η
2826 2071 3131 2129 Ρι-ωοίηκίι
3163 2070 3380 2139 laetitia,
3413 2069 3637 2128 scilicet
3676 2087 3782 2146 per

2122 2163 2611 2222 resurrectionem
2641 2161 3130 2219 immortalitatis.

2118 2256 2187 2310 15
2263 2255 2327 2312 Ut
2355 2257 2532 2310 cantet
2563 2252 2668 2309 tibi
2694 2252 2874 2322 gloria
2902 2269 3024 2308 mea
3051 2259 3103 2308 et
3125 2267 3239 2308 non
3267 2266 3604 2323 compungar
3636 2265 3650 2304 :

2259 2344 2486 2399 Domine
2512 2343 2652 2399 Deus
2679 2357 2830 2398 meus
2860 2342 2920 2398 in
2947 2347 3222 2398 rinternum
3247 2340 3538 2412 conﬁtebor
3565 2340 3692 2395 tibi.

2186 2436 2227 2490 C
2256 2435 2500 2490 Cantare
2529 2430 2686 2488 enim
2718 2431 2976 2487 diximus
3005 2431 3078 2486 ad
3109 2429 3324 2487 mentis
3351 2425 3613 2484 laetitiam
3646 2445 3779 2502 pro.

2114 2525 2241 2599 prie
2271 2521 2781 2596 pertinere.Gloria
2803 2537 2936 2577 vero
2967 2519 3178 2576 Christi
3214 2537 3229 2578 :
3264 2518 3540 2590 maiestas
3566 2517 3772 2586 Patris,

2112 2631 2150 2670 ι
2179 2631 2294 2686 quo
2327 2611 2567 2680 audivit,
2601 2610 2695 2666 hic
2727 2615 2816 2666 est
2847 2609 3030 2666 Filius
3061 2627 3230 2666 meus
3278 2609 3523 2664 dilectus
3555 2609 3770 2680 (Matth.
3865 2666 3872 2672 ,

2112 2705 2276 2773 xvn).
2307 2704 2353 2758 A
2383 2701 2452 2758 Et
2479 2704 2676 2756 cantat
2696 2699 2852 2756 Patri
2895 2698 3080 2774 gloria
3108 2698 3258 2768 Filii,
3284 2697 3562 2772 quoniam
3594 2713 3774 2753 causa

2113 2798 2204 2850 est
2235 2791 2422 2867 gloria
2453 2789 2582 2847 Filii
2617 2808 2631 2848 :
2666 2793 2730 2846 ut
2761 2789 3033 2846 laudetur
3078 2789 3247 2846 Pater
3275 2793 3333 2846 et
3361 2791 3608 2844 ametur.
3633 2791 3675 2842 C
3705 2788 3772 2844 Et

2113 2881 2255 2956 quia
2282 2884 2672 2954 compunctus
2697 2883 2790 2936 est
2818 2878 3085 2948 semel,id
3114 2882 3202 2936 est
3232 2877 3543 2934 cruciﬁxus
3579 2895 3592 2933 :
3622 2875 3771 2932 nulli

2113 2987 2179 3028 se
2209 2969 2458 3026 ulterius
2489 2968 2791 3042 subjacerc
2823 2971 3111 3024 memorat
3130 2964 3767 3041 passioni.Contiteb0r,

2113 3060 2172 3116 id
2199 3063 2310 3128 est,
2333 3075 2467 3116 cum
2500 3058 2721 3115 sanctis
2753 3061 2969 3114 aeterna
2995 3073 3135 3113 voce
3163 3061 3220 3112 te
3244 3055 3518 3114 laudabo.

2593 3165 2799 3204 ORATIO
2838 3164 2907 3202 EX
2945 3162 3104 3204 PSAL.
3146 3163 3280 3202 XXIX

2185 3239 2504 3311 Susceptor
2528 3235 3280 3305 omnium,clementissimc
3311 3239 3482 3302 Deus,
3515 3249 3588 3290 ne
3637 3250 3770 3308 per-

2115 3328 2318 3385 mittas
2346 3327 2618 3384 delectari
2651 3326 2924 3384 inimicos
2954 3330 3186 3383 nostros
3218 3342 3394 3400 super
3422 3324 3771 3408 nos,sed‘ita

2113 3435 2222 3476 nos
2253 3419 2310 3473 in
2361 3422 2465 3474 tua
2511 3416 2724 3473 virtute
2771 3416 3102 3484 corrobora,
3137 3419 3202 3474 ut
3229 3431 3505 3473 converso
3529 3413 3770 3488 planctu

2115 3511 2314 3563 nostro
2344 3505 2402 3562 in
2434 3505 2717 3580 gaudium
2753 3520 2766 3562 :
2801 3505 3148 3561 memoriam
3182 3504 3510 3560 sanctitatis
3537 3507 3648 3559 tua
3668 3503 3770 3574 ju-

2112 3597 2266 3670 giter
2320 3595 2677 3653 excolamus.
2729 3594 2837 3651 Per
2883 3594 3196 3652 Dominum
3249 3597 3515 3651 nostrum
3559 3591 3768 3649 Jesum

2025 3721 2036 3726 -
2111 3685 2430 3754 Christum,
2460 3689 2572 3742 etc.

2665 3771 2994 3830 PSALMUS
3034 3769 3202 3830 xxx.
3313 3749 3328 3768 '

2551 3877 2956 3920 ARGUMENTUM
2995 3877 3152 3918 PSAL.
3191 3879 3322 3918 XXX.

2180 3954 2222 4011 C
2251 3957 2297 4012 A
2323 3953 2445 4011 Vox
2471 3951 2682 4010 Christi
2714 3951 2888 4025 positi
2919 3949 2980 4006 in
3021 3968 3212 4016 cruce,
3245 3950 3468 4008 orantis
3507 3949 3769 4017 Patrem,

2109 4047 2176 4102 ut
2207 4045 2280 4102 de
2309 4040 2962 4120 malisimminentibus
2991 4040 3302 4112 liberetur;
3345 4039 3580 4114 agitque
3627 4055 3772 4113 gra-

2107 4134 2221 4190 tias
2249 4151 2353 4206 pro
2383 4151 2446 4190 se
2475 4137 2532 4190 et
2553 4130 2769 4204 populo
2799 4129 2977 4186 fideli.

2177 4221 2289 4278 TT.
2316 4223 2380 4278 In
2409 4223 2575 4294 ﬁnem
2600 4219 2845 4292 psalmus
2874 4219 3076 4276 David.

2178 4315 2218 4367 C
2249 4311 2439 4367 Verba
2467 4327 2595 4384 qua:
2624 4307 2834 4366 titulus
2865 4307 3144 4379 continet,
3199 4308 3270 4364 ad
3319 4306 3615 4364 Christum
3654 4305 3771 4362 fre-

2108 4404 2358 4475 quenter
2383 4395 2642 4456 diximus
2671 4397 2995 4468 referenda,
3027 4397 3122 4454 cui
3150 4397 3331 4454 totius
3360 4395 3456 4453 hic
3498 4394 3773 4469 psalmus

2107 4489 2404 4565 aptandus
2433 4487 2834 4562 est,quoniam
2859 4489 2988 4561 ejus
3019 4487 3356 4562 passionem
3386 4491 3443 4543 et
3471 4499 3772 4542 resurrec-

2107 4581 2330 4637 tionem
2352 4580 2646 4636 decantat.
3533 4643 3548 4657 .

2145 4671 2170 4725 1
2250 4669 2312 4726 In
2341 4677 2409 4736 te,
2443 4669 2696 4738 Domine,
2725 4668 2942 4741 speravi
2987 4683 3098 4724 non
3142 4665 3452 4740 confundor
3495 4665 3556 4720 in
3601 4667 3773 4722 (etcr-

2324 4775 2461 4814 num
2494 4776 2507 4830 ;

2251 4851 2316 4906 In
2334 4845 2563 4922 justitia
2595 4849 2692 4903 tua
2722 4847 2900 4902 libera
2927 4863 3032 4903 me.

2177 4941 2218 4994 C
2250 4937 2390 4994 Orat
2413 4935 2682 4992 Christus
2705 4934 2776 4990 ad
2800 4934 3028 4991 Patrem
3052 4949 3120 4993 ex
3140 4936 3354 4991 natura
3382 4929 3776 4988 humanitatis

2107 5030 2437 5100 assumpta,
2462 5043 2532 5082 ne
2562 5025 2634 5081 de
2667 5041 2776 5080 sua
2805 5040 2907 5097 spe
2937 5022 3495 5096 dejectus,humanaa
3525 5017 3777 5077 insulta-

2107 5116 2288 5174 tionis
2319 5106 2580 5190 patiatur
2609 5113 2944 5188 opprobria,
2976 5114 3200 5170 addens
3230 5113 3290 5168 in
3323 5117 3628 5180 internum,
3666 5109 3774 5166 ubi

2109 5207 2238 5280 ejus
2269 5200 2684 5278 contemplatio
2716 5203 2832 5259 lixa
2872 5198 3343 5276 permanebat.ln
3393 5207 3492 5258 tua
3531 5197 3776 5274 justitia

2108 5312 2228 5370 qua
2256 5295 2550 5352 consuesti
2583 5292 2891 5350 subvenire
2917 5289 3518 5366 rogantibusLiberu,
3549 5288 3624 5347 ad
3665 5303 3774 5361 pe-

2103 5384 2289 5442 ricula
2317 5385 2500 5457 hujus
2533 5382 2740 5440 mundi
2769 5381 3022 5456 pertinet
3052 5380 3392 5438 amovenda.

2136 5477 2173 5529 2
2243 5473 2460 5530 Inclina
2491 5473 2562 5529 ad
2589 5489 2675 5530 me
2703 5487 2898 5530 aurem
2927 5479 3078 5528 tuam
3111 5487 3124 5526 :

2243 5564 2494 5620 Accelera
2522 5567 2584 5618 ut
2609 5578 2771 5618 eruas
2802 5578 2906 5620 me.

2174 5657 2212 5709 C
2242 5651 2464 5708 inclina
2493 5650 2656 5720 dixit,
2692 5655 2929 5724 propter
2957 5649 3360 5705 membrorum
3393 5657 3637 5702 suorum
3660 5643 3768 5701 hu-

2105 5741 2510 5810 militatem,ut
2539 5741 2820 5813 quoniam
2843 5755 2960 5796 non
2983 5735 3209 5812 poterat
3229 5737 3490 5792 humana
3505 5731 3765 5790 conditio

2103 5831 2177 5891 ad
2212 5829 2582 5892 divinitatem
2613 5827 3202 5906 attingere,divinitas
3229 5822 3614 5898 inclinata,ad
3634 5837 3766 5884 eam
