3936 6492
186 450 285 511 183
350 444 363 457 ’
1366 445 1782 510 EXPOSlTlO
1822 445 2342 559 PSAIZMORUM.

3443 451 3563 511 134

179 576 551 639 descenderet.
577 577 866 647 Accelera,
896 577 955 634 id
981 581 1071 635 est
1087 577 1299 635 festina
1320 578 1806 636 resurrectionem
1835 579 1890 648 Α
1919 579 2289 647 innodamur,
2324 595 2425 634 nec
2457 582 2657 637 nostra
2694 579 2907 636 virtute
2955 595 3273 652 possumus
3321 581 3563 649 absolvx,

180 669 301 725 dare
323 665 706 724 celerrimum.

204 758 237 811 3
299 756 415 811 Esto
441 756 589 810 mihi
609 756 668 810 in
693 758 863 811 Deum
887 761 1245 828 protectorem
1280 764 1331 813 et
1362 758 1422 813 in
1467 757 1688 813 domum
1718 772 1804 814 re-

363 846 514 916 fugii
542 862 560 898 ε

301 933 363 989 Ut
386 932 603 987 salvum
629 948 718 987 me
744 934 939 1003 facias.

236 1020 280 1078 Η
300 1020 418 1076 Vox
449 1019 719 1077 Ecclesia;
754 1038 767 1076 :
800 1021 861 1076 in
904 1022 1087 1078 Deum
1136 1025 1539 1096 protectorem,
1568 1022 1678 1078 hoc
1720 1026 1809 1079 est

174 1110 227 1164 in
250 1108 428 1166 Deum
458 1109 849 1177 defensorem,
877 1110 1015 1182 quia
1041 1109 1210 1166 multi
1235 1113 1376 1167 sunt
1397 1111 1478 1167 dii
1502 1126 1809 1182 nuncupac

172 1198 266 1254 tivi
290 1196 454 1252 nobis
482 1201 682 1253 autem
727 1214 882 1254 unus
922 1198 1222 1265 Deus,una
1240 1199 1599 1268 fides,unum
1629 1199 1812 1271 bapti-

172 1290 532 1342 sma.Domus
560 1284 768 1360 refugii
792 1286 913 1358 ipse
934 1287 1109 1355 est,in
1140 1304 1257 1360 qua
1274 1290 1446 1360 pater
1468 1287 1714 1342 habitat.

201 1376 231 1429 4
303 1375 574 1442 Quoniam
601 1375 866 1446 fortitudo
892 1392 1015 1431 mea
1041 1380 1095 1431 et
1124 1378 1400 1446 refugium
1435 1391 1617 1430 meum
1635 1390 1690 1429 es
1710 1378 1771 1430 tu
1790 1393 1809 1430 :

299 1464 363 1519 Et
388 1471 609 1535 propter
634 1479 831 1520 nomen
876 1471 1033 1520 tuum
1079 1464 1305 1520 deduce:
1346 1480 1433 1520 me
1474 1471 1528 1520 et
1569 1464 1811 1519 enutries

364 1568 473 1610 me.

227 1637 613 1707 CFortitudo,
663 1640 914 1712 pertinet
952 1640 1024 1695 ad
1079 1638 1381 1697 toleranda
1423 1655 1550 1712 quae
1597 1655 1808 1710 passus

155 1732 262 1794 est,
307 1725 613 1800 refugium
656 1726 727 1781 ad
771 1727 949 1783 tinem
997 1726 1283 1782 mulorum
1314 1744 1327 1784 :
1357 1726 1589 1800 quando
1638 1726 1807 1781 istius

159 1814 350 1871 saeculi
394 1815 742 1886 iniquitates
787 1815 1082 1887 superavit
1123 1815 1233 1871 line
1271 1814 1533 1886 gloriosae
1577 1813 1805 1869 mortis.

156 1904 277 1959 Dux
303 1907 436 1961 erat
464 1902 830 1958 humanitate
873 1901 1175 1969 Dominus,
1221 1902 1452 1974 quando
1490 1918 1665 1958 suum
1709 1916 1806 1956 no-

157 2007 284 2047 men
314 2008 426 2063 per
452 1990 760 2046 universas
783 1996 980 2062 gentes
1007 1990 1140 2046 fecit
1162 1989 1452 2062 cognosci.
1474 1988 1806 2044 Enutritum

153 2096 210 2135 se
257 2079 432 2149 dicit,
482 2093 788 2151 quousque
824 2078 893 2132 ad
937 2077 1348 2148 perfectionem
1391 2075 1675 2133 catholica
1699 2077 1805 2132 Ec-

153 2166 329 2223 clesia
354 2166 558 2238 ipsius
583 2182 823 2223 munere
841 2164 1235 2237 perveniret,H
1260 2166 1308 2219 Α
1332 2164 1389 2218 id
1414 2170 1502 2220 est
1528 2163 1809 2236 paulatim

154 2259 384 2311 sanctos
410 2252 1026 2327 aggregando,corpus
1056 2253 1330 2326 ipsius,id
1355 2255 1463 2320 est,
1492 2251 1808 2307 Ecclesiam

152 2347 341 2415 auget.

182 2432 218 2485 5
284 2429 499 2486 Educes
559 2446 646 2486 me
701 2429 767 2486 de
819 2431 1011 2502 laqueo
1061 2431 1160 2485 hoc
1201 2446 1359 2501 quem
1414 2429 1812 2486 absconderant

284 2519 435 2574 mihi
463 2537 485 2574 :

288 2608 571 2675 Quoniam
595 2615 654 2663 tu
676 2623 731 2663 es
759 2611 1029 2679 protector
1054 2623 1225 2663 meus.

221 2699 262 2751 C
314 2696 468 2769 Ergo
519 2695 801 2768 laqueum
851 2696 1282 2765 absconderant
1322 2694 1508 2751 Judaei
1561 2694 1808 2762 Christo,

152 2783 288 2854 quia
310 2782 569 2840 occultis
610 2800 746 2840 eum
772 2783 1256 2839 machinabantur
1290 2784 1529 2855 perdere
1558 2782 1810 2848 insidiis,

154 2873 305 2928 unde
332 2889 397 2929 se
429 2872 582 2928 dicit
608 2871 996 2939 educendum,
1041 2872 1101 2926 id
1131 2874 1223 2927 est
1251 2871 1690 2927 resurrectionis
1715 2870 1811 2925 be-

153 2960 352 3015 neﬁcio
392 2960 468 3015 ad
495 2975 762 3032 superna
777 2957 1814 3015 velociterelevandum.Protectorem

153 3048 467 3104 Dominum
495 3048 669 3116 dicit,
697 3048 838 3120 quia
861 3063 928 3104 eo
952 3050 1292 3119 protegente
1314 3045 1477 3102 nulla
1499 3050 1690 3119 potest
1712 3046 1812 3101 ad-

156 3136 398 3193 versitas
420 3134 771 3210 praevalere.

181 3224 215 3278 6
278 3225 346 3281 In
374 3240 592 3281 massas
609 3231 737 3281 tua:
762 3222 1075 3280 commendo
1103 3223 1366 3294 spiritum
1386 3239 1569 3278 meum
1598 3240 1618 3278 :

283 3314 595 3370 Redemisti
616 3328 727 3381 me,
754 3313 981 3370 Domine
1002 3313 1141 3368 Deus
1170 3312 1434 3367 ueritatis.

213 3397 257 3455 Η
282 3400 347 3455 ln
375 3416 607 3456 manus
631 3403 789 3469 tuas,
818 3398 876 3454 id
901 3403 990 3454 est
1012 3398 1291 3471 potestati
1326 3402 1456 3454 tute.
1488 3401 1528 3453 C
1556 3396 1811 3469 Dignum

147 3501 274 3559 ergo
298 3487 435 3556 fuit,
470 3491 543 3543 ut
571 3492 741 3543 tanto
785 3487 1109 3559 susceptori
1151 3483 1286 3542 talis
1309 3484 1815 3542 commendaretur

146 3575 407 3647 spiritus.
434 3576 700 3634 Addidit
747 3576 949 3643 etiam,
994 3574 1128 3647 quis
1172 3578 1325 3631 esset
1369 3575 1481 3630 iste
1504 3574 1809 3642 Dominus,

147 3664 278 3733 quia
299 3669 393 3721 est
416 3668 591 3721 Deus
620 3664 907 3730 veritatis,
935 3662 1171 3719 illorum
1214 3662 1370 3718 enim
1396 3661 1547 3719 Deus
1571 3667 1661 3718 est
1688 3679 1812 3733 spe-

142 3749 359 3808 cialiter
389 3753 499 3826 qui
532 3753 849 3809 veritatem
881 3750 1156 3825 diligunt,
1202 3768 1305 3807 nec
1333 3751 1388 3805 in
1432 3750 1628 3823 aliqua
1650 3750 1808 3807 falsi-

141 3842 247 3896 tate
274 3842 643 3899 miscentur.

172 3927 205 3943 ’
274 3929 459 3985 Odisti
484 3931 852 3985 observantes
876 3928 1165 3984 vanitates.

267 4018 660 4088 Supervacue.

201 4107 241 4157 C.
264 4104 441 4161 Juste
466 4121 623 4177 ergo
652 4103 891 4170 veritas,
918 4104 1121 4161 oderat
1163 4104 1498 4174 vanitatem,
1526 4104 1665 4177 quia
1707 4121 1811 4160 va-

139 4193 279 4249 nitas
305 4194 367 4250 in
399 4193 683 4250 folsitate
714 4197 998 4249 versatur.
1033 4192 1078 4248 Η
1109 4192 1279 4249 0dire
1318 4193 1475 4248 enim
1500 4192 1654 4249 Deus
1674 4191 1813 4248 dici-

137 4284 223 4335 tur
250 4283 309 4337 in
337 4283 509 4354 quod
539 4280 1093 4354 reprobat.Addidit
1116 4296 1493 4353 supervacue.
1521 4296 1646 4352 quae
1694 4296 1809 4335 non

136 4368 317 4426 solum
343 4388 546 4428 vacua
576 4370 821 4427 vanitas
843 4369 1060 4425 dicitur
1087 4369 1189 4424 sed
1215 4369 1391 4425 etiam
1431 4384 1809 4441 supervacua.

137 4458 178 4509 Α
202 4456 446 4516 Vanitas
476 4462 579 4517 est
606 4458 800 4531 hujus
822 4456 1017 4513 saeculi
1043 4456 1191 4512 falsa
1211 4456 1613 4528 felicitas,quse
1635 4472 1814 4513 vacus

137 4545 502 4616 observatur,
536 4547 696 4622 quia
740 4546 1004 4620 perditur
1029 4570 1046 4615 ;
1071 4550 1129 4601 et
1154 4560 1509 4618 supervacue
1549 4545 1813 4600 observa-

137 4636 243 4699 tur,
272 4635 524 4709 quando
550 4652 675 4710 pro
700 4652 772 4692 ea
799 4634 1070 4691 habenda
1091 4635 1271 4691 etiam
1294 4633 1448 4690 male
1477 4634 1688 4706 agitur.

166 4720 196 4774 8
262 4724 374 4796 Ego
400 4734 609 4783 autem
636 4726 706 4780 in
737 4725 971 4781 Domino
993 4724 1213 4795 speravi
1241 4741 1260 4779 :

259 4813 582 4870 Exsultabo
611 4821 675 4870 et
697 4814 932 4871 laetabor
958 4813 1020 4868 in
1042 4810 1422 4868 misericordia
1449 4819 1562 4868 tua.

196 4901 233 4951 C
252 4900 501 4975 Speravi
531 4903 599 4959 in
636 4901 896 4959 Domino
925 4901 1088 4969 dicit,
1116 4901 1218 4957 ubi
1242 4898 1389 4955 nihil
1414 4899 1811 4969 vanum,nihil

138 5002 570 5059 Supervacuum
599 4994 707 5047 est
731 4989 834 5047 sed
877 4993 1066 5047 totum
1111 4989 1313 5045 ﬁxum.
1350 4987 1651 5045 Exsultare
1683 4992 1814 5045 :est

138 5088 253 5133 cum
284 5094 511 5156 magna
537 5079 859 5137 alacritate
889 5078 1073 5134 animi
1109 5077 1384 5151 gaudere.
1399 5076 1604 5133 Laetari
1632 5095 1645 5136 :
1671 5081 1815 5134 tem-

139 5172 318 5232 βαι-ιιι
341 5172 574 5227 mentis
610 5167 929 5225 affectione
956 5165 1220 5223 mulceri.

167 5251 199 5304 9
263 5257 542 5326 Quoniam
572 5258 889 5330 νεφῶν-ἰαί
910 5256 1277 5313 humilitatem
1302 5270 1482 5310 meam
1507 5274 1528 5310 :

260 5346 509 5405 Salvasti
538 5348 614 5406 de
639 5346 1064 5404 necessitatibus
1093 5346 1341 5401 animum
1364 5359 1561 5401 meam.

199 5434 235 5486 C
257 5434 385 5494 ideo
415 5442 553 5494 erat
579 5438 650 5493 in
683 5434 998 5491 Altissimo
1040 5432 1365 5501 humilitas,
1394 5432 1533 5505 quia
1577 5432 1661 5488 illi
1704 5431 1815 5489 hu-

146 5525 368 5581 manitas
396 5526 769 5583 adhaerebat
794 5523 869 5578 ab
895 5522 1025 5595 ipsa
1065 5522 1458 5594 conceptione.
1489 5521 1815 5577 Necessitas

149 5606 349 5669 dicitur
372 5617 537 5689 quod
570 5616 639 5671 in
670 5627 820 5669 nece
848 5611 927 5666 sit
956 5610 1164 5684 posita'
1196 5610 1252 5665 id
1282 5614 1375 5665 est
1410 5609 1467 5663 in
1496 5610 1700 5664 mortis
1724 5626 1821 5664 an-

1915 669 2233 725 necessitas
2257 665 2601 739 appellatur.
2628 670 2673 725 Α
2698 668 3083 725 Necessitates
3127 669 3308 741 igitur
3332 674 3566 743 peccata

1913 759 2075 822 sunt,
2105 772 2172 812 ex
2203 755 2419 827 quibus
2444 772 2505 810 se
2535 755 2710 811 homo
2735 756 2953 813 solvere
2979 758 3200 829 nequit.

1915 844 1983 897 10
2052 843 2158 900 Nec
2181 844 2495 899 conclusisti
2514 860 2600 899 me
2624 846 2684 899 in
2712 861 2908 901 manus
2938 847 3156 901 inimici
3181 864 3199 900 :

2063 931 2325 987 Statuisti
2353 933 2413 987 in
2439 932 2549 988 loco
2572 935 2806 1004 spatioso
2827 934 2984 1004 pedes
3006 949 3167 989 meos.

1990 1022 2030 1074 C
2055 1017 2169 1074 Nec
2194 1019 2536 1076 conclusisti
2569 1036 2660 1075 me
2685 1021 2844 1087 dicit,
2872 1023 3009 1094 quia
3032 1021 3200 1078 liber-
3220 1024 3455 1080 effectus
3480 1031 3569 1081 est

1917 1124 1950 1162 a
1975 1111 2257 1179 potestate
2281 1107 2518 1163 diaboli.
2556 1098 2825 1165 Statuisti
2872 1110 3032 1175 dicit,
3065 1109 3172 1166 hoc
3200 1117 3290 1168 est
3318 1113 3567 1169 ﬁrmasti

1916 1197 1979 1251 In
2011 1195 2135 1251 loco
2156 1196 2503 1268 spatioso,id
2527 1200 2618 1251 est
2648 1197 2705 1251 in
2731 1198 2919 1269 patria
2941 1198 3311 1265 virtutum,in
3335 1201 3567 1273 regione

1916 1284 2238 1339 beatorum.
2265 1284 2448 1340 Pedes
2490 1300 2628 1340 suos
2667 1285 2809 1340 dicit
2855 1285 3097 1341 virtutes
3150 1286 3419 1354 morales;
3465 1305 3569 1360 per

1917 1388 2065 1444 quas
2089 1372 2247 1428 hunc
2277 1373 2565 1429 mundum
2588 1372 2720 1429 lixis
2737 1374 3037 1445 gressibus
3059 1374 3447 1431 ambulavit.A
3468 1377 3570 1432 Lo-

1923 1477 2026 1517 cus
2073 1461 2389 1534 spatiosus,
2442 1461 2696 1517 Charitas
2747 1464 2867 1517 est:
2904 1463 3100 1534 pedes,
3154 1464 3393 1520 affectus
3445 1465 3568 1519 ani-

1916 1564 2044 1603 mas.

1919 1637 1976 1692 11
2059 1638 2310 1693 Miserere
2336 1640 2462 1706 mei,
2489 1639 2717 1693 Domine
2739 1639 2998 1711 quoniam
3027 1639 3268 1695 tribulor
3294 1658 3316 1695 :
3342 1649 3568 1697 contur-

2125 1727 2280 1781 batus
2303 1734 2380 1781 est
2406 1728 2466 1781 in
2489 1727 2579 1782 ira
2599 1726 2788 1782 oculus
2811 1743 2964 1783 meus
2989 1745 3011 1783 .-

2053 1813 2247 1869 Am’ma
2268 1830 2388 1870 mea
2412 1822 2465 1870 et
2485 1823 2669 1871 venter
2689 1831 2859 1871 meus.

1982 1900 2027 1956 Η
2055 1901 2326 1957 Miserere
2353 1903 2486 1971 mei,
2526 1902 2786 1959 Domine.
2840 1904 3116 1975 quoniam
3145 1905 3413 1961 tribulor.
3442 1905 3563 1962 Vox

1918 2005 2118 2044 eorum
2146 1995 2233 2044 est
2259 1990 2358 2061 qui
2390 1989 2649 2061 qualibet
2680 1991 3054 2048 tribulatione
3096 1992 3472 2065 tribulautur,
3500 1995 3560 2051 in

1917 2094 2165 2149 quorum
2196 2095 2442 2151 persona
2465 2078 2732 2135 Christus
2776 2081 3037 2153 loquitur
3069 2081 3185 2148 hic,
3210 2082 3361 2138 sicut
3390 2098 3564 2156 supe-

1918 2166 2038 2221 rius
2064 2166 2123 2221 in
2149 2182 2395 2238 persona
2415 2172 2716 2222 erutorum
2741 2168 2812 2223 de
2838 2165 3231 2235 tribulatione}
3256 2170 3399 2225 dum
3420 2171 3567 2226 dixit

1918 2270 2021 2309 nec
2050 2254 2741 2326 conclusisti,etc.,potest
2764 2256 2877 2310 dici
2904 2261 2960 2311 et
2980 2257 3051 2312 de
3072 2257 3565 2330 Christo,quando

1919 2343 1999 2397 ait
2051 2360 2064 2398 :
2120 2342 2332 2398 Tristis
2382 2346 2471 2399 est
2524 2344 2720 2398 anima
2772 2360 2903 2398 mea
2949 2360 3135 2416 usque
3187 2346 3259 2399 ad
3315 2351 3563 2401 mortem

1920 2429 2125 2505 (Matth.
2152 2430 2327 2502 xxvr).
2356 2434 2396 2485 C
2421 2431 2570 2485 Iram
2597 2431 2794 2502 posuit
2819 2448 2832 2486 :
2873 2431 3243 2487 inimicorum
3298 2433 3564 2505 indigna-

1918 2517 2164 2573 tionem.
2199 2516 2438 2589 Oculus,
2472 2518 2830 2574 intellectum
2881 2518 3093 2592 signat,
3131 2536 3305 2593 quem
3337 2537 3568 2594 semper

1919 2606 2602 2678 conturbamus,quando
2628 2606 2994 2664 imminentia
3019 2607 3275 2679 pericula
3297 2609 3567 2663 formida-

1920 2694 2351 2751 mus.Ventrem
2378 2695 2519 2751 dicit
2563 2713 2731 2750 suam
2775 2696 3137 2765 memoriam,
3188 2698 3287 2752 ubi
3316 2685 3568 2754 habebat

1921 2783 2191 2855 reposita,
2241 2799 2367 2855 quae
2417 2782 2499 2838 illi
2555 2783 2838 2839 Dominus
2878 2784 2951 2840 de
2998 2800 3108 2839 sua
3154 2784 3564 2842 clarificatione

1921 2872 2559 2944 promiserat.Animam
2594 2888 2606 2926 :
2641 2872 3077 2928 sensualitatem
3107 2876 3294 2945 putat.

1923 2960 1992 3014 12
2064 2961 2332 3027 Quoniam
2355 2959 2552 3032 defecit
2578 2961 2640 3015 in
2660 2959 2845 3017 dolore
2872 2962 2988 3017 vita
3017 2976 3141 3017 mea
3168 2979 3185 3016 :

2062 3049 2126 3104 Et
2147 3050 2286 3103 anni
2305 3050 2415 3103 mei
2437 3050 2498 3102 in
2519 3050 2833 3117 gemitibus.
3379 3121 3384 3127 _

1992 3135 2309 3191 C‘Deficere
2340 3136 2497 3191 enim
2517 3139 2627 3202 est,
2655 3135 2938 3209 paulatim
2965 3137 3162 3194 minus
3184 3137 3389 3203 facere,
3416 3144 3473 3194 et
3493 3138 3565 3196 ad

1924 3225 2120 3291 ﬁnem,
2151 3240 2253 3297 per
2277 3222 2505 3295 aliquas
2540 3222 2891 3280 valetudinis
2926 3224 3206 3301 minutias
3247 3228 3568 3296 pervenire,

1843 3297 1887 3367 α
1923 3316 1981 3368 et
2003 3313 2196 3384 signat
2224 3312 2317 3367 hic
2352 3311 2514 3367 illam
2560 3297 3063 3368 conturbationem
3108 3313 3300 3368 carnis
3357 3312 3569 3369 Christi

1921 3418 2038 3473 qua
2062 3401 2121 3455 in
2154 3400 2427 3472 passione
2452 3400 2582 3471 ejus
2629 3399 2749 3454 vita
2792 3400 2986 3455 carnis
3011 3400 3314 3456 defecerat.
3340 3401 3409 3457 Et
3431 3402 3569 3457 anni

1921 3490 2034 3544 mei
2059 3489 2118 3544 in
2163 3488 2500 3562 gemitibus,
2547 3488 2685 3560 quia
2727 3504 2841 3543 non
2892 3488 3005 3543 fuit
3056 3487 3201 3544 levis
3231 3488 3396 3545 dolor
3427 3507 3441 3547 :
3470 3490 3570 3545 ubi

1919 3577 2229 3633 continuus
2255 3577 2510 3649 gemitus
2537 3577 2854 3632 insonabat
2876 3578 2924 3631 A
2945 3577 3099 3632 Anni
3124 3576 3334 3633 Christi
3364 3594 3568 3634 omnes

1919 3666 1977 3720 in
2003 3665 2339 3739 gemitibus,
2368 3664 2647 3736 quoniam
2670 3665 2927 3720 futuram
2951 3669 3206 3722 mortem
3231 3681 3463 3739 semper
3489 3667 3568 3720 vi-

1919 3753 2027 3826 dit,
2058 3758 2115 3809 et
2139 3754 2198 3809 in
2225 3753 2726 3826 persecutionibus
2757 3752 3029 3826 completi
3062 3758 3225 3810 sunt.

1928 3844 1994 3899 13
2068 3844 2361 3914 Inﬁrmata
2388 3850 2467 3899 est
2495 3846 2554 3899 in
2576 3851 2896 3915 paupertate
2922 3845 3093 3900 virtus
3119 3860 3239 3900 mea
3267 3860 3280 3900 :

2056 3933 2122 3988 Et
2146 3947 2265 3987 ossa
2288 3948 2409 3989 mea
2432 3932 2761 3988 conturbata
2784 3940 2931 3987 sunt.

1988 4024 2028 4076 C
2050 4018 2249 4076 Virtus
2277 4020 2482 4085 animi,
2514 4019 2571 4074 in
2599 4024 2941 4091 paupertate
2986 4020 3254 4074 ﬁrmatur
3290 4020 3348 4075 in
3384 4036 3568 4076 mem-

1918 4109 2039 4165 bris
2108 4107 2345 4174 Christi,
2425 4107 2706 4178 quoniam
2778 4107 3055 4162 omnibus
3114 4107 3283 4162 bonis
3349 4108 3571 4179 indiget

1918 4197 2189 4252 humana
2234 4193 2541 4267 fragilitas.
2597 4193 2745 4250 Ossa
2792 4211 2805 4249 :
2856 4194 3256 4250 fortitudinem
3310 4195 3569 4266 corporis

1919 4283 2274 4357 significant,
2304 4282 2444 4354 quia
2473 4298 2662 4353 neque
2714 4281 2774 4336 in
2813 4281 2994 4336 animi
3038 4282 3262 4349 robore,
3292 4298 3483 4354 neque
3505 4282 3565 4337 in

1919 4388 2023 4445 spe
2051 4371 2243 4427 carnis
2270 4370 2441 4425 debet
2484 4368 2606 4425 ulla
2658 4385 2786 4424 esse
2831 4368 3226 4440 praesumptio.
3273 4372 3321 4423 Η
3365 4368 3566 4426 Virtus

1920 4461 2095 4517 etiam
2120 4458 2378 4530 corporis
2406 4457 2464 4512 in
2490 4460 2748 4529 egestate
2766 4456 2874 4511 fuit
2896 4460 2951 4512 et
2963 4455 3334 4513 derelictione
3357 4457 3416 4513 in
3440 4474 3568 4530 pas-

1920 4550 2103 4606 sione.

1841 4659 1889 4723 Β
1922 4640 1988 4695 14
2059 4639 2234 4709 Super
2260 4652 2447 4692 omnes
2494 4634 2751 4691 inimicos
2803 4650 2947 4723 meos
3000 4634 3179 4705 factus
3207 4649 3332 4689 sum
3371 4650 3564 4707 oppro-

2131 4726 2330 4791 brium,
2350 4727 2403 4780 et
2426 4725 2623 4780 vicinis
2651 4724 2788 4779 meis
2816 4722 2972 4779 valde
3001 4741 3018 4777 :

2062 4816 2126 4870 Et
2157 4816 2322 4870 timor
2348 4815 2492 4870 notis
2520 4814 2674 4869 meis.

1995 4903 2350 4967 CInimicos,
2402 4902 2633 4959 Judsaos
2679 4901 2842 4969 dicit,
2893 4898 3217 4955 habebatur
3268 4897 3418 4956 inter
3467 4914 3566 4956 eos

1921 4991 2301 5065 opprobrium
2328 4990 2604 5046 innocens
2616 4988 3007 5060 Christus,qui
3034 5004 3096 5044 se
3114 4987 3333 5043 nefario
3349 4986 3566 5045 scelere

1922 5080 2280 5153 polluebant.
2339 5082 2548 5133 Contra
2605 5077 2853 5149 probum
2908 5076 3159 5131 dicimus
3207 5076 3561 5149 improbum,

1920 5168 1978 5224 id
1996 5173 2086 5224 est
2105 5166 2481 5223 inhonestum
2503 5170 2561 5243 et
2586 5163 3341 5236 indecorum.0pprobrium
3364 5168 3562 5221 autem

1921 5256 2212 5328 significat
2240 5252 2406 5309 valde
2440 5251 2828 5309 abominabile
2866 5252 3112 5309 facinus.
3145 5252 3381 5309 Vicinos
3423 5252 3566 5307 dicit

1923 5345 2024 5418 qui
2048 5344 2099 5399 ei
2126 5344 2184 5398 in
2217 5341 2445 5398 civitate
2476 5341 2609 5397 ﬁdei
2635 5341 3152 5412 conjuncti,tamen
3183 5342 3433 5413 perfecte
3447 5355 3565 5394 non

1924 5431 2252 5489 credebant.
2285 5429 2463 5487 Notos
2515 5428 2807 5501 apostolos
2859 5430 3173 5503 signiﬁcat,
3222 5429 3323 5499 qui
3352 5428 3413 5482 in
3437 5427 3566 5497 ejus

1926 5522 2194 5593 passione
2223 5518 2440 5574 turbati
2468 5521 2627 5574 sunt.
2670 5516 2717 5571 Η
2743 5519 2792 5571 Α
2838 5515 2938 5573 Vel
2975 5516 3336 5572 Christianos
3380 5511 3567 5568 malos

1926 5611 2067 5665 dicit
2092 5608 2311 5663 vicinos
2337 5605 2485 5662 tales
2513 5621 2664 5675 esse,
2691 5606 2793 5677 qui
2819 5610 2957 5661 sunt
2982 5606 3041 5661 in
3086 5601 3311 5659 malitia
3338 5600 3567 5674 pejores

148 5702 331 5770 gustiis
356 5687 912 5766 constituta.Nam
940 5699 1173 5781 quando
1197 5700 1565 5774 peccatorum
1594 5695 1820 5775 laqueis
1930 5687 2208 5759 omnibus
2230 5696 2366 5759 aliis
2390 5694 2605 5754 Christi
2628 5692 2903 5754 inimicis.
