3988 6426
410 405 524 466 135

407 542 474 595 15
548 538 652 606 Qui
681 535 932 592 videbant
959 551 1047 593 me
1071 538 1222 607 foras
1250 538 1514 607 fugerunt
1541 553 1576 591 a
1601 552 1686 592 me
1709 555 1726 590 :

549 628 825 684 Oblivioni
852 627 1012 683 datus
1043 643 1166 683 sum
1195 634 1456 700 tauquam
1477 635 1726 685 mortuus
1746 643 1781 684 a
1808 627 1984 686 corde.

476 717 522 773 11
554 716 850 790 Fugerunt
874 715 1121 789 apostoli
1152 716 1211 772 in
1260 716 1533 789 passione
1578 715 1791 772 Christi
1831 731 1900 772 eo
1925 714 2058 772 reli-

402 805 810 863 cto.0blivioni
832 805 1006 862 datus
1031 810 1122 862 est
1151 805 1417 862 Christus
1447 805 1806 874 inﬁdelibus,
1825 805 2061 878 quando

403 912 538 953 eum
570 896 629 951 in
655 911 827 952 carne
849 898 1148 952 mortuum
1172 911 1277 968 pro
1295 894 1478 951 nihilo
1505 898 2060 968 computaverunt.c

403 987 710 1059 Tanquam
757 989 1048 1054 mortuus,
1077 1001 1193 1042 non
1242 985 1401 1042 enim
1433 1001 1466 1040 a
1491 983 1764 1041 fidelibus
1793 987 2061 1043 mortuus

330 1121 349 1132 .
402 1075 812 1147 dicitur,cujus
859 1074 1134 1132 divinitas
1183 1073 1568 1148 impassibilis
1593 1074 1876 1130 veraciter
1913 1074 2062 1130 sisti-

404 1169 621 1233 matur,
638 1165 738 1221 sed
772 1182 806 1220 a
831 1168 1024 1221 mente
1072 1162 1401 1220 inﬁdelium
1433 1169 1701 1220 mortuus
1727 1163 2060 1222 mstimaba-

402 1260 518 1312 tur.
548 1256 595 1311 Α
619 1256 664 1310 Α
689 1254 860 1311 corde
906 1254 1178 1320 moritur,
1227 1253 1396 1325 cujus
1447 1252 1729 1310 memoria
1784 1252 2000 1308 recedit
2028 1269 2064 1310 a

399 1343 592 1412 corde,
621 1344 773 1400 sicut
798 1341 1061 1399 oblivisci
1089 1341 1280 1400 solent
1303 1343 1574 1400 homines
1599 1345 1986 1398 mortuorum.

401 1434 468 1489 16
539 1433 734 1490 Factus
759 1449 882 1490 sum
909 1439 1176 1506 tanquam
1203 1449 1296 1487 vas
1321 1432 1597 1505 perditum
1628 1449 1645 1485 :

543 1523 814 1592 Quoniam
842 1521 1035 1578 audivi
1064 1523 1526 1594 vituperationem
1568 1521 1870 1576 multorum
1913 1535 2061 1576 com-

610 1613 949 1669 morantium
981 1613 1040 1667 in
1070 1613 1328 1668 circuitu.

469 1705 511 1756 C
533 1701 652 1757 Vas
677 1701 972 1774 perditum
996 1705 1086 1756 est
1111 1700 1266 1773 quod
1295 1700 1542 1756 fractum
1571 1702 1742 1767 est,et
1770 1698 1840 1755 ad
1867 1696 2062 1754 nullos

400 1807 546 1848 usus
577 1791 994 1857 necessarium,
1045 1789 1201 1862 quod
1258 1805 1492 1864 semper
1539 1788 1832 1862 abjicitur,
1890 1787 1973 1844 ita
2003 1789 2064 1843 et

397 1880 667 1940 Christus
693 1883 963 1938 mortuus
1011 1878 1180 1952 quasi
1231 1879 1479 1936 fractum
1539 1895 1640 1934 vas
1695 1876 2059 1950 objiciendus

399 1928 982 2044 ξῦἱὲιῑοᾩῖιῗιῖἐέἇᾶἶε
1015 1928 1512 2026 Ἐῖιῖῐεὶείέῖῖζζιξιῖξπί
1548 1928 2059 2041 ςνῖῐυρᾟᾴἱίᾙιῖἑιῖιζ
2093 1928 2142 1998 Β

400 2059 458 2119 id
485 2063 594 2126 est,
640 2057 1267 2116 circumhabitantium
1299 2057 1656 2132 perfidorum
1698 2055 2060 2114 Judazorum.

397 2149 600 2208 Merito
627 2147 770 2208 tales
797 2147 1365 2205 circumhabitantes
1407 2146 1702 2213 dicuntur,
1745 2146 1847 2218 qui
1873 2145 2061 2218 legem

397 2238 497 2294 Dei
525 2255 640 2295 non
689 2236 1073 2310 spiritualiter
1104 2235 1209 2292 sed
1263 2235 1574 2292 carnaliter
1621 2235 1920 2294 advertere
1960 2251 2059 2290 vo-

397 2325 546 2383 lunt.
573 2327 619 2382 A
648 2329 796 2381 Sunt
848 2325 1005 2381 enim
1036 2329 1100 2380 ut
1140 2328 1337 2381 cortex
1380 2323 1702 2381 medullam
1746 2323 2058 2390 circuiens,

396 2417 480 2472 sic
510 2413 769 2471 litteram
800 2418 1066 2471 tenentes
1099 2431 1112 2470 :
1142 2415 1418 2486 spiritum
1463 2414 1686 2470 intrant
1726 2413 2058 2488 Scriptura-

395 2522 528 2563 rum
583 2505 685 2562 sed
725 2521 957 2577 semper
1005 2505 1064 2561 in
1102 2504 1349 2560 circuitu
1392 2507 1698 2560 morantur
1747 2507 1804 2560 et
1845 2502 2061 2559 cortice

393 2594 711 2652 occidentis
736 2593 965 2651 littere.

393 2685 463 2740 17
535 2685 599 2740 In
627 2699 688 2740 eo
709 2682 844 2739 dum
865 2684 1218 2741 convenirent
1237 2683 1410 2740 simul
1443 2682 1734 2740 adversum
1761 2698 1849 2738 me
1876 2699 1896 2737 :

538 2775 788 2848 Accipere
815 2775 1067 2830 animum
1096 2790 1278 2830 meam
1306 2773 1594 2830 comitiali
1619 2780 1762 2832 sunt.

465 2868 506 2920 Ο
535 2864 597 2920 In
623 2879 691 2920 eo
719 2861 1088 2920 consiliatam
1121 2867 1346 2936 partem
1403 2862 1722 2920 maximam
1774 2860 1917 2918 dicit
1949 2859 2055 2917 Ju-

393 2953 676 3026 dzeorum,
708 2958 776 3010 ut
797 2953 982 3009 Deum
1010 2952 1136 3008 neci
1163 2952 1478 3008 traderent.
1531 2951 1578 3008 Η
1616 2951 1833 3008 Omnes
1877 2948 2056 3006 simul

395 3042 686 3099 consiliati
717 3046 876 3111 sunt,
911 3046 976 3098 ut
1006 3045 1344 3114 quazacrent
1381 3041 1639 3098 animam
1666 3040 1902 3105 Christi,
1934 3039 2056 3095 sive

394 3133 648 3191 heretici
680 3150 692 3190 :
727 3132 987 3189 animam
1023 3131 1313 3188 Ecclesiae.
1345 3135 1384 3187 C
1415 3131 1599 3188 Omne
1642 3134 1838 3187 autem
1865 3127 2056 3186 scelus

391 3223 630 3298 graviu
654 3226 743 3281 est
773 3222 928 3297 quod
959 3221 1204 3280 consilio
1235 3221 1458 3295 geritur
1494 3221 1906 3294 plurimorum.

1315 402 1378 462 S.
1424 401 1823 466 BRUNONIS
1869 401 2494 464 HERBIPOLENSIS
2540 400 2920 464 EPISCOPI.

3721 406 3838 476 1³6

2095 539 2149 610 Α
2250 536 2298 592 Η
2323 535 2685 593 Erubescant
2713 535 3031 609 impii,sive
3053 535 3244 611 iniqui
3273 536 3568 612 dzemones
3596 536 3692 594 vel
3715 540 3841 612 qui-

2169 642 2402 698 cunque
2433 625 2596 694 mali,
2620 643 2756 683 cum
2788 626 3044 682 viderint
3067 630 3303 684 sanctos
3327 631 3661 698 coronatos,
3688 646 3839 703 quos

2169 715 2231 772 in
2256 715 2631 790 despectione
2654 715 3007 786 habuerunt,
3039 720 3098 772 et
3127 733 3190 774 se
3217 717 3708 780 condemnato“:
3736 719 3837 776 Se-

2170 821 2286 879 que
2317 822 2452 860 cum
2483 806 2866 877 respexerint,
2901 806 2962 864 in
2988 806 3152 880 gravi
3175 806 3436 880 periculo
3460 809 3832 866 constitutos:

2167 893 2444 951 velociter
2467 895 2896 952 obmutescunt.

2167 1006 2240 1060 22
2311 1007 2454 1074 Quae
2483 1003 2787 1075 loquuntur
2811 1002 3070 1062 adversus
3088 1004 3303 1075 justum
3335 1005 3687 1078 iniquitatem
3719 1025 3738 1062 :

2311 1093 2377 1150 In
2405 1095 2666 1165 superbia
2693 1101 2748 1150 et
2777 1093 3063 1150 abusione.

2239 1203 2281 1254 C
2312 1199 2598 1272 Loquitur
2615 1201 2773 1256 enim
2799 1199 3022 1256 falsitas
3045 1205 3248 1256 contra
3262 1201 3836 1275 veritatem,quando

2168 1288 2366 1344 Ariani
2392 1293 2721 1348 creaturam
2747 1289 3080 1347 Dominum
3111 1293 3428 1346 creatorem
3463 1291 3689 1347 dicunt.
3725 1292 3836 1348 Ad-

2170 1378 2321 1433 didit
2346 1378 2404 1433 in
2437 1380 2717 1452 superbia
2745 1382 2804 1435 et
2835 1379 3140 1446 abusione,
3167 1377 3224 1435 id
3247 1384 3338 1436 est
3369 1380 3429 1435 in
3461 1385 3823 1454 contemptu.

2170 1466 2315 1522 Nam
2347 1483 2483 1522 cum
2503 1467 2731 1524 audivit
2763 1468 2878 1524 ista
2907 1466 3136 1524 falsitas
3165 1467 3412 1541 ﬂagellis
3441 1483 3681 1537 caesum,
3710 1474 3830 1526 sta-

2169 1555 2277 1612 tim
2305 1556 2365 1612 in
2391 1555 2740 1630 blaspheme.
2786 1559 2966 1614 verba
3012 1557 3322 1632 prosilivit.
3372 1560 3418 1613 A
3460 1558 3680 1615 Abusio
3719 1559 3832 1615 fuit

2170 1645 2405 1718 quando
2431 1661 2568 1704 eum
2594 1647 2696 1720 qui
2725 1651 2965 1720 propter
2985 1663 3087 1702 eos
3117 1648 3276 1703 venit
3297 1648 3356 1704 in
3375 1664 3609 1706 carnem
3640 1649 3830 1704 cruci-

2169 1735 2420 1792 ﬁxerunt
2447 1736 2757 1794 abutentes
2787 1735 2887 1794 Dei
2919 1737 3219 1793 beneﬁcio.

2166 1843 2237 1898 23
2313 1845 2489 1913 Quam
2514 1861 2721 1918 magna
2772 1844 3076 1902 multitudo
3125 1843 3431 1902 dulcedinis
3459 1853 3574 1905 tua
3617 1852 3692 1914 ττι,
3723 1847 3834 1904 Do-

2381 1940 2533 1991 mine
2573 1940 2588 2000 ς

2317 2023 2495 2092 Quam
2521 2025 2853 2082 abscondisti
2881 2025 3199 2082 timentibus
3229 2029 3297 2082 te.

2243 2129 2286 2187 ll
2320 2131 2634 2188 Multitudo
2663 2132 2992 2190 dulcedinis
3029 2136 3140 2201 est,
3191 2131 3380 2190 multa
3408 2134 3648 2207 praemia
3700 2152 3825 2208 qua

2169 2221 2518 2292 praeparavit
2548 2221 2812 2278 Ecclesiae
2845 2225 3058 2290 suae,ut
3089 2227 3246 2278 esset
3269 2221 3397 2279 sine
3427 2223 3542 2280 line
3572 2240 3708 2280 cum
3734 2241 3830 2282 an-

2168 2308 2314 2381 gelis
2344 2311 2470 2368 suis
2497 2315 2831 2385 regnatura.
2853 2311 3044 2376 CQua:
3070 2309 3166 2367 hic
3191 2311 3446 2368 sentitur
3468 2311 3828 2384 abscondita,

2169 2399 2268 2456 sed
2301 2399 2362 2456 in
2393 2400 2590 2458 futuro
2612 2400 2838 2473 judicio
2863 2399 3193 2457 ostenditur
3223 2400 3553 2458 manifesta.
3587 2404 3635 2458 Α
3661 2403 3702 2458 C
3730 2399 3831 2457 Est

2167 2487 2345 2546 etiam
2370 2488 2614 2546 dulcedo
2641 2487 2736 2545 hic
2767 2489 2869 2546 Dei
2891 2488 3366 2562 multiplex,dum
3379 2491 3618 2563 corrigit
3638 2491 3825 2553 bonos

2165 2574 2254 2631 vel
2285 2578 2492 2650 parcit,
2523 2579 2834 2651 promittit,
2869 2577 2958 2635 vel
2979 2579 3256 2636 emendat
3284 2596 3433 2652 quos
3462 2584 3823 2653 amat,quam

2168 2667 2365 2722 tamen
2399 2667 2623 2740 impius
2650 2685 2768 2724 non
2816 2668 3013 2738 sentit,
3043 2667 3144 2743 qui
3178 2668 3441 2742 palatum
3472 2669 3668 2730 cordis
3694 2686 3822 2744 per-

2167 2753 2320 2812 didit
2345 2757 2416 2812 de
2444 2758 2601 2815 febre
2633 2759 2982 2831 iniquitatis.

2165 2863 2238 2920 2t
2309 2865 2598 2937 Perfecisti
2615 2868 2698 2923 eis
2726 2869 2825 2940 qui
2849 2875 3069 2940 sperant
3097 2868 3159 2923 in
3190 2875 3240 2925 te
3262 2885 3282 2924 :

2307 2952 2372 3008 In
2394 2963 2679 3027 conspectu
2705 2956 2956 3026 ﬁliorum
2982 2957 3288 3014 hominum.

2235 3061 2278 3114 (ι
2306 3059 2552 3118 Perfecit
2581 3062 2743 3119 illam
2773 3063 3148 3120 dulcedinem
3177 3064 3238 3118 in
3267 3061 3386 3120 illis
3409 3063 3510 3136 qui
3527 3066 3823 3120 constanti

2165 3147 2362 3206 animo
2387 3167 2517 3207 eam
2540 3153 2876 3226 exquirunt.
2914 3154 2976 3209 In
3010 3157 3323 3226 conspectu
3355 3151 3700 3222 illiomm,id
3717 3156 3824 3218 est,

2165 3235 2225 3292 in
2256 3236 2356 3293 illa
2385 3243 2810 3299 resurrectione
2868 3243 3104 3316 quando
3163 3243 3387 3299 sanctis
3435 3242 3562 3300 suis
3588 3241 3829 3316 praemia

392 3316 460 3370 18
533 3315 646 3387 Ego
695 3321 877 3370 autem
905 3313 964 3368 in
1023 3320 1074 3370 te
1125 3313 1368 3386 speravi,
1425 3313 1691 3368 Domine:
1721 3309 1848 3366 dixi
1904 3313 2085 3368 Deus<

2220 3339 2374 3386 Lerna
2399 3331 2686 3388 restituet.
2719 3331 2767 3388 Η
2814 3305 3206 3397 Perfecistimc
3241 3332 3293 3388 si
3342 3332 3500 3388 dicat
3532 3305 3825 3404 perfectu-

599 3410 970 3460 mensestu:

529 3495 596 3550 In
622 3495 880 3552 manibus
906 3493 1016 3548 tuis
1037 3499 1208 3550 sortes
1228 3506 1388 3549 meae.

458 3585 499 3637 C
525 3581 792 3655 Speravit
819 3581 880 3637 in
908 3579 1141 3636 Patrem
1167 3579 1370 3652 Filius,
1401 3579 1544 3652 quia
1574 3578 1797 3635 sciebat
1825 3575 2050 3634 nullam

387 3688 516 3730 esse
567 3674 914 3744 potestatem
973 3669 1316 3727 Judaeorum
1375 3673 1579 3724 contra
1631 3684 1715 3739 se,
1766 3668 1869 3724 sed
1919 3667 2050 3741 ipso

387 3765 620 3816 creante
649 3759 977 3832 existimus,
1030 3759 1158 3832 ipso
1198 3759 1547 3832 disponente
1604 3761 1962 3830 vegetamur.
2001 3756 2048 3816 Η

389 3852 450 3906 In
479 3850 755 3906 manibus
779 3849 897 3906 tuis
924 3852 1110 3905 sortes
1138 3864 1304 3917 meai,
1337 3847 1394 3904 id
1438 3851 1528 3904 est
1559 3847 1617 3902 in
1647 3848 1836 3921 gratia
1861 3847 2049 3904 sancti

385 3939 660 4013 Spiritus.
693 3941 740 3995 Α
770 3938 879 4003 Qui
911 3938 1037 3994 sine
1064 3938 1270 3993 merito
1302 3954 1450 4010 quos
1479 3935 1602 3993 vult
1633 3935 1816 4011 eligit.
1851 3938 2050 3994 Sortes

386 4028 670 4102 itaque,id
701 4032 790 4086 est
818 4027 916 4084 Dei
941 4027 1201 4102 gratuita
1228 4027 1431 4083 electio
1463 4030 1550 4084 est
1584 4026 1644 4084 in
1674 4026 2046 4097 manibus,id

384 4123 473 4175 est
501 4121 784 4194 potestate
814 4117 936 4185 Dei,
966 4135 1080 4174 non
1108 4121 1326 4174 nostra.
1775 4131 1782 4136 '

385 4209 454 4265 19
525 4211 692 4282 Eripe
712 4223 798 4266 me
827 4207 893 4264 de
918 4224 1092 4264 manu
1123 4208 1484 4264 inimicorum
1507 4223 1754 4266 meorum
1784 4226 1803 4264 :

524 4299 591 4356 Et
617 4316 654 4356 a
679 4299 1128 4373 persequentibus
1157 4313 1263 4354 me.

453 4393 494 4446 Ο
522 4390 722 4463 Ipsum
749 4389 980 4445 Patrem
1006 4391 1172 4462 rogat
1202 4404 1266 4445 se
1289 4388 1513 4462 eripere
1536 4387 1608 4445 de
1639 4404 1816 4444 manu
1847 4385 2044 4442 inimi-

381 4496 606 4548 corum,
634 4479 692 4535 id
717 4483 808 4535 est
833 4479 1195 4546 Judaeorum,
1228 4481 1287 4534 et
1325 4496 1358 4533 a
1395 4478 1908 4552 persequentibus,
1937 4475 2045 4534 hoc

379 4574 470 4627 est
494 4569 740 4642 paganis
767 4567 854 4626 vel
900 4568 1211 4635 haereticis,
1261 4568 1362 4641 qui
1412 4567 1729 4624 Ecclesiam
1757 4567 1855 4623 Dei
1889 4567 2043 4622 inse-

380 4662 646 4733 quuntur
693 4657 1085 4714 fraudulentis
1131 4656 1685 4746 machinationibus.
1718 4658 1764 4712 A
1794 4655 2045 4746 Maxime
2075 4679 2123 4746 Ι)

381 4747 467 4804 illi
499 4750 937 4822 persequuntur
968 4746 1306 4814 Ecclesiam,
1335 4745 1436 4817 qui
1463 4763 1598 4802 cum
1630 4745 1750 4800 sint
1771 4743 2047 4800 Christia—

379 4839 462 4904 ni,
491 4836 703 4892 nolunt
733 4837 879 4891 bene
909 4835 1122 4902 vivere,
1178 4851 1283 4906 per
1305 4834 1414 4890 hos
1460 4833 1842 4908 opprobrium
1873 4833 2051 4891 habet

381 4925 659 4994 Ecclesia,
689 4924 843 4980 inter
873 4941 1022 4996 quos
1053 4939 1299 4997 gemens
1349 4923 1458 4981 iste
1488 4923 1568 4980 ait
1600 4940 1613 4978 :
1647 4921 1904 4994 Illustra,
1935 4926 2044 4982 etc.

378 5019 448 5070 20
523 5013 754 5069 lllustra
775 5014 982 5084 faciem
1015 5020 1170 5070 tuam
1188 5029 1356 5086 super
1383 5029 1600 5070 servum
1632 5020 1789 5070 tuum
1821 5032 1838 5068 :

527 5101 753 5158 Salvum
783 5117 870 5156 me
897 5101 990 5172 [pc
1018 5103 1079 5160 in
1107 5101 1488 5161 misericordia
1517 5111 1614 5160 tua
1641 5121 1660 5159 :

525 5191 777 5257 Domine,
809 5207 879 5247 ne
906 5191 1236 5266 confundar,
1266 5195 1530 5266 quoniam
1560 5193 1812 5249 invocavi
1837 5201 1906 5251 te.

453 5283 494 5336 C
519 5277 756 5336 illustre
786 5279 992 5338 faciem
1023 5285 1212 5354 tuam,
1253 5283 1312 5338 id
1357 5287 1465 5350 est,
1515 5282 1604 5338 fac
1654 5283 1860 5353 videri,
1894 5283 2050 5356 quod

383 5385 568 5442 supra
599 5385 691 5424 me
720 5368 984 5442 dignaris
1013 5371 1335 5439 intendere,
1368 5376 1433 5428 nt
1457 5372 1612 5428 sicut
1656 5371 1730 5429 de
1765 5373 2052 5430 moriente

381 5459 717 5534 desperant,
745 5459 826 5514 ita
855 5459 926 5517 de
952 5461 1377 5518 resurrectione
1402 5461 1718 5518 conﬁdant.
1759 5461 1805 5518 Η
1833 5461 1908 5520 Ut
1932 5479 2049 5520 non

381 5548 727 5618 confundar,
760 5549 864 5606 sed
895 5548 1088 5606 salver
1117 5550 1190 5604 ab
1221 5550 1313 5605 his
1338 5551 1866 5622 persecutionibus.

379 5639 444 5694 21
523 5639 856 5695 Erubescant
888 5640 1052 5712 impii
1079 5646 1128 5695 et
1157 5638 1499 5695 deducantur
1524 5641 1580 5695 in
1613 5641 1894 5712 infernum
1921 5660 1941 5699 .°

522 5733 576 5792 Μ
587 5737 678 5788 uta
697 5730 836 5804 ﬁant
857 5729 1004 5789 labia
1031 5727 1237 5787 dolosa.

2163 3434 2266 3476 rus
2292 3419 2433 3487 eris,
2461 3419 2549 3476 vel
2595 3421 2657 3478 in
2691 3427 3007 3495 conspectu
3059 3439 3263 3479 eorum
3317 3421 3420 3494 qui
3477 3420 3740 3478 humana
3769 3424 3826 3476 et

2162 3525 2278 3565 non
2309 3508 2569 3566 cmlestia
2585 3510 2968 3582 quaesierunt.

2159 3616 2233 3672 25
2303 3617 2602 3674 Abscondes
2629 3635 2718 3674 eos
2749 3620 2811 3674 in
2838 3618 3153 3676 abscondito
3179 3619 3354 3690 faciei
3379 3625 3494 3676 tuae
3517 3637 3539 3674 .-

2302 3709 2342 3763 Α
2374 3710 2795 3766 conturbatione
2823 3710 3132 3766 hominum.

2231 3819 2271 3870 Ο
2300 3816 2636 3874 Abscondes
2666 3833 2766 3872 eos
2799 3817 2858 3872 in
2890 3815 3254 3882 abscondito,
3283 3815 3340 3870 id
3369 3818 3475 3884 est,
3503 3815 3564 3870 in
3598 3813 3701 3870 illa
3733 3830 3818 3870 re-

2159 3907 2540 3970 surrectione.
2573 3905 2809 3979 quando
2831 3905 2980 3978 justi
3029 3903 3520 3978 contemplatione
3569 3903 3667 3959 Dei
3698 3919 3824 3977 per.-

2159 3999 2455 4051 secutores
2504 3998 2562 4050 et
2611 3993 3020 4050 schismaticos
3071 3993 3232 4063 dicit,
3287 3993 3386 4066 qui
3441 3991 3536 4047 hic
3575 4008 3820 4050 consue-

2156 4087 2367 4140 verunt
2390 4083 2736 4140 conturbare
2761 4082 3045 4156 populum
3072 4083 3495 4140 Christianum.

2157 4191 2228 4250 26
2299 4193 2558 4264 Proteges
2581 4207 2669 4249 eos
2699 4191 2760 4247 in
2788 4191 3141 4249 tabernaculo
3169 4199 3261 4250 tuo
3292 4209 3311 4248 :

2298 4282 2340 4338 A
2369 4281 2803 4340 cbntradictione
2833 4281 3172 4352 linguarum.

2223 4395 2266 4449 Ο
2289 4391 2392 4450 Hic
2422 4393 2812 4464 proteguntur
2837 4389 2991 4461 justi
3022 4390 3082 4446 in
3112 4387 3509 4458 tabernaculo,
3538 4387 3595 4446 id
3624 4391 3718 4448 est
3743 4386 3805 4446 iu

2156 4479 2430 4550 Ecclesia,
2457 4480 2540 4538 ibi
2575 4480 2738 4538 enim
2792 4482 3182 4554 pmteguntur
3211 4497 3225 4536 :
3254 4479 3355 4536 ubi
3405 4475 3694 4536 malorum
3722 4477 3828 4532 im‘

2155 4571 2422 4642 probitas
2453 4570 2697 4628 minime
2725 4586 2933 4629 nocere
2992 4567 3111 4628 illis
3163 4568 3542 4642 permittitur,
3587 4564 3838 4638 quando.

2155 4658 2350 4724 illaesa
2404 4659 2612 4716 animae
2660 4659 2987 4730 justorum,
3019 4660 3133 4718 sub
3189 4657 3458 4732 qualibet
3512 4656 3824 4716 afﬂictione

2155 4764 2432 4821 corporea
2458 4752 2789 4809 servantur.

2157 4839 2228 4894 27
2301 4836 2623 4896 Benedictus
2651 4840 2923 4897 Dominus
2951 4857 2972 4896 :

2302 4927 2576 4996 Quoniam
2603 4929 2923 5000 miriﬁcavit
2950 4927 3390 4988 misericordiam
3415 4942 3573 4986 suam
3599 4921 3744 4982 mihi
3761 4921 3820 4978 in

2368 5018 2592 5074 civitate
2617 5018 2852 5075 munita.

2227 5105 2276 5164 Η
2334 5105 2686 5164 Benedictus
2749 5105 3059 5176 Dominus,
3125 5110 3219 5168 cui
3279 5105 3572 5168 benedicit
3628 5099 3822 5158 omnis

2154 5199 2442 5251 creatura.
2500 5193 2612 5250 Sed
2662 5210 2778 5250 non
2835 5195 2966 5253 ideo
3017 5200 3192 5271 quasi
3241 5202 3409 5274 egeat
3463 5196 3664 5250 nostra
3717 5191 3822 5248 bo-

2162 5283 2493 5340 nedictione
2549 5301 2584 5338 a
2634 5284 2805 5341 nobis
2858 5285 3244 5357 benedicitur,
3293 5286 3395 5345 sed
3456 5289 3521 5342 ut
3589 5296 3696 5337 nos
3749 5277 3821 5336 ab

2161 5373 2290 5446 ipso
2316 5371 2782 5428 benedictionem
2815 5375 3075 5448 accipere
3107 5389 3457 5436 mereamur.
3491 5365 3822 5430 Miriﬁcavit

2161 5460 2623 5520 misericordiam
2651 5460 2709 5516 in
2739 5462 2992 5535 civitate,
3017 5470 3067 5524 H
3094 5473 3135 5524 Ο
3159 5469 3216 5526 id
3243 5465 3418 5528 estin
3458 5455 3820 5522 Hierusalem

2161 5569 2344 5626 quam
2395 5549 2764 5606 circumdant
2817 5569 3023 5612 omnes
3071 5561 3298 5631 gentes.
3346 5560 3397 5612 Η
3450 5554 3586 5620 Quae
3633 5550 3724 5604 est
3760 5543 3820 5598 in

2162 5641 2356 5698 medio
2409 5639 2638 5708 mundi,
2700 5641 2842 5714 quia
2896 5644 2978 5700 ibi
3028 5651 3203 5703 natus
3253 5660 3468 5718 passus
3518 5644 3576 5699 et
3626 5648 3820 5694 resur-

2158 5733 2325 5790 rexit.
