3936 6442
229 484 333 546 137
1456 507 1870 572 EXPOSITIO

220 619 285 671 28
364 620 473 688 Ego
501 629 683 678 autem
704 624 835 697 dixi
862 625 921 682 in
949 644 1167 686 excessu
1201 636 1394 690 mentis
1423 653 1596 707 meae;

362 711 635 783 Projeetus
660 729 780 773 sum
809 732 844 770 a
867 718 1012 788 faeie
1036 723 1317 778 oculorum
1345 732 1580 782 tuorum.

285 796 335 852 H
362 799 520 855 Tunc
561 802 619 857 in
646 820 884 862 excessu
936 810 1149 866 mentis
1181 816 1269 867 est
1303 814 1592 873 Ecclesia:
1626 821 1856 890 quando

216 886 430 958 cogitat
459 907 584 961 qua:
613 893 669 948 in
702 895 971 966 paradiso
997 899 1213 966 amisit,
1241 905 1296 955 et
1315 903 1563 974 qualiter
1582 886 1734 961 Deus
1756 924 1857 979 per

213 975 486 1063 angelum
519 981 671 1052 apud
698 984 881 1039 Adam
914 984 1262 1058 loquebatur
1288 1007 1300 1045 :
1329 995 1384 1047 et
1409 995 1698 1063 quomodo
1728 975 1857 1051 ocu-

209 1061 279 1117 lis
310 1064 693 1125 interioribus
727 1076 907 1129 Deum
936 1075 1186 1144 videbat,
1233 1080 1332 1150 qui
1374 1061 1669 1153 projectus
1706 1092 1794 1140 est
1823 1104 1855 1140 a

209 1151 351 1207 facie
383 1153 505 1222 Dei,
540 1160 773 1229 quando
804 1165 1205 1236 transgressus
1236 1172 1323 1222 est
1346 1151 1620 1225 mandata
1647 1173 1769 1241 Dei,
1797 1178 1854 1228 et

207 1241 399 1295 omnis
431 1247 741 1315 posteritas
771 1254 860 1305 est
884 1251 942 1306 in
975 1251 1071 1308 illo
1098 1256 1372 1325 projecta.

199 1327 268 1380 29
340 1330 466 1386 Ideo
495 1335 774 1391 erandisti
804 1354 983 1394 vocem
1012 1344 1280 1399 orationis
1309 1360 1449 1401 meae
1480 1364 1498 1401 :

340 1418 485 1473 Dum
514 1422 813 1479 clamarem
842 1426 912 1481 ad
943 1435 1013 1482 te.

268 1506 309 1560 Ο
342 1506 477 1562 Ideo
508 1512 845 1568 exauditum
879 1532 940 1570 se
970 1516 1112 1571 dicit
1148 1517 1414 1575 Christus
1470 1522 1525 1575 in
1572 1525 1851 1579 membris

197 1593 339 1660 suis,
377 1596 517 1667 quia
548 1616 662 1654 non
690 1602 883 1656 tardat
908 1605 1092 1675 gratia
1121 1607 1215 1660 Dei
1250 1608 1522 1678 adjuvare
1556 1609 1848 1684 illum,qui

194 1681 499 1741 humiliter
515 1689 829 1744 Dominum
843 1693 1091 1763 rogat.Et
1121 1696 1424 1752 exauditus
1440 1703 1528 1752 est
1545 1681 1806 1755 Ghristuvs
1831 1719 1844 1756 :

190 1773 432 1841 quando
464 1775 664 1829 audita
680 1782 769 1831 est
798 1784 1036 1849 paterna
1057 1799 1162 1835 vox
1185 1783 1382 1839 dicens
1416 1803 1429 1840 :
1464 1790 1562 1841 Hic
1586 1787 1843 1843 estﬁlius

189 1874 360 1915 meus
388 1862 735 1919 dilectus.Et
756 1868 990 1937 quando
1006 1868 1272 1925 clamavit
1295 1873 1364 1926 ad
1399 1873 1625 1929 Patrem
1653 1893 1665 1930 :
1691 1880 1840 1931 Deus

184 1950 548 2016 meus,Deus
575 1969 944 2025 meus,quare
963 1974 1051 2012 me
1073 1958 1432 2030 dereliquisti
1454 1962 1795 2034 (Matth.xvn)
1812 1964 1840 2019 ?

176 2036 249 2090 30
326 2038 563 2107 Diligite
575 2042 864 2097 Dominum
883 2061 1061 2099 omnes
1074 2048 1249 2101 sancti
1261 2048 1378 2118 ejus
1393 2067 1411 2102 :
1431 2055 1484 2114 ἐκ
1504 2054 1762 2121 quoniam
1805 2057 1821 2120 ζ

401 2129 682 2185 veritatem
711 2133 950 2201 requiret
972 2135 1227 2189 Dominus
1255 2153 1275 2190 :

318 2215 390 2268 Et
421 2217 685 2272 retribuet
712 2218 1054 2275 abundanter
1078 2223 1405 2292 facientibus
1425 2228 1755 2298 superbiam.

243 2305 283 2356 C
307 2302 550 2375 Diligite
581 2305 739 2372 dicit,
765 2308 890 2377 jam
923 2313 1199 2381 tanquam
1223 2312 1291 2366 ad
1323 2314 1679 2381 amicos,non
1705 2323 1827 2374 tan-

176 2406 350 2460 quam
386 2391 461 2445 ad
489 2408 686 2447 servos
714 2395 890 2465 (Joan.
919 2397 1011 2468 xv)
1046 2416 1058 2453 :
1087 2415 1385 2455 servorum
1410 2406 1497 2457 est
1521 2404 1674 2459 enim
1708 2407 1820 2463 for-

174 2478 752 2547 midare,amicorum
783 2483 1041 2556 diligere.
1074 2486 1332 2559 Requirit
1357 2490 1637 2548 Dominus
1668 2496 1819 2549 veri-

172 2570 562 2639 tatem,quam
591 2571 860 2627 nesciunt
901 2571 1172 2642 haeretici,
1200 2576 1361 2632 falsis
1386 2581 1679 2637 erroribus
1713 2582 1820 2637 illi-

169 2655 303 2726 gati.
337 2655 445 2711 Hic
469 2658 828 2729 superbiami
877 2675 992 2717 non
1027 2680 1211 2718 unum
1263 2665 1465 2720 vitium
1516 2668 1674 2733 dicit,
1714 2672 1813 2726 sed

168 2744 455 2816 quidquid
523 2763 752 2802 morum
798 2749 1079 2820 pravitate
1110 2757 1396 2823 peccatur.
1446 2754 1563 2811 Illis
1610 2759 1814 2814 tribuit

166 2831 539 2889 abundanter
564 2834 665 2905 qui
696 2840 980 2909 praecepta
1002 2838 1104 2893 Dei
1134 2840 1480 2912 despiciunt.

163 2919 218 2973 3|
300 2921 558 2978 Viriliter
588 2925 735 2992 agite
763 2929 816 2979 et
836 2927 1168 2996 confortetur
1195 2944 1286 2984 cor
1313 2939 1545 2987 vestrum
1577 2952 1595 2987 :

298 3011 502 3068 Omnes
531 3014 632 3083 qui
656 3016 889 3084 speratis
916 3017 977 3069 in
1008 3016 1254 3072 Domino.

227 3101 266 3151 C
292 3098 563 3156 Viriliter
587 3101 758 3173 agite,
790 3103 845 3156 id
889 3103 1063 3158 estin
1113 3105 1281 3159 bonis
1330 3109 1601 3178 operibus
1639 3127 1806 3166 cons-

160 3188 488 3244 tantissime
525 3189 873 3261 perdurate:
909 3208 978 3247 ne
1019 3192 1269 3248 feminea
1312 3195 1551 3252 mollitie
1581 3198 1805 3254 deﬁcia-

160 3274 226 3329 tis
255 3277 354 3346 qui
388 3278 572 3332 corda
604 3281 795 3335 vestra
840 3281 1084 3335 Domino
1121 3286 1453 3338 constanter
1476 3286 1714 3342 offertis.
1744 3288 1802 3342 Si

160 3363 303 3418 enim
359 3367 721 3422 roborantur
775 3368 950 3423 corda
1007 3370 1264 3425 fidelium
1294 3389 1307 3427 :
1337 3372 1385 3426 si
1434 3389 1597 3445 spem
1634 3392 1802 3431 suam
1834 3362 1876 3430 C

158 3450 371 3507 domini
399 3455 624 3511 virtute
648 3455 1014 3512 conﬁrment.

659 3559 864 3600 ORATIO
888 3562 958 3600 EX
984 3563 1142 3602 PSAL.
1173 3565 1303 3602 XXX.

218 3629 585 3688 Immensam
615 3632 1052 3689 multitudinem
1066 3635 1804 3711 dulcedinistuzc,piissime

154 3715 411 3788 Domine,
468 3720 819 3793 suppliciter
859 3739 1187 3791 exoramus,
1222 3729 1285 3780 ut
1315 3726 1453 3781 dum
1501 3729 1801 3784 veritatem

154 3808 301 3860 tuam
334 3810 729 3880 requirimus,
772 3815 1063 3866 tumorem
1107 3815 1476 3870 exsecrabilis
1517 3819 1799 3889 superbia:

153 3899 544 3954 conteramus.
571 3897 681 3952 Per
722 3898 1036 3955 Dominum
1088 3907 1352 3957 nostrum
1403 3905 1604 3960 Jesum
1646 3905 1801 3961 Chri-

152 3987 317 4053 stum,
360 3990 477 4041 etc.

699 4074 1027 4132 PSALMUS
1056 4077 1253 4134 XXXI.

577 4181 973 4222 ARGUMENTUM
1022 4184 1176 4223 PSAL.
1226 4184 1375 4223 XXXI.

210 4255 249 4304 C
274 4252 397 4309 Vox
428 4254 781 4326 paenitentis
811 4258 868 4309 et
896 4254 1125 4311 Domini
1168 4257 1344 4312 verba
1373 4260 1796 4330 respondentis,

152 4354 203 4393 se
224 4341 598 4398 circumdare
621 4342 1022 4399 misericordia
1052 4361 1159 4399 sua
1190 4346 1247 4399 in
1285 4363 1345 4403 se
1371 4353 1689 4418 sperantes.

642 4431 754 4485 T'I‘.
785 4431 958 4487 David
987 4434 1310 4489 intellectus.

211 4519 247 4572 C
268 4521 383 4575 Cur
411 4520 475 4575 in
511 4520 626 4575 hoc
660 4519 829 4575 titulo
854 4521 1051 4592 posuit
1070 4521 1249 4576 David
1275 4523 1599 4581 intellectus
1618 4526 1647 4580 ?
1667 4544 1799 4582 cum

153 4620 338 4663 omnes
364 4608 593 4680 psalmi
615 4608 1223 4680 propterintellectum
1248 4628 1447 4667 eorum
1464 4613 1799 4671 habendum

154 4694 256 4749 sint
283 4698 864 4770 scripti.Responsio
899 4716 911 4753 :
947 4697 1138 4753 Primo
1171 4701 1439 4757 meminit
1462 4703 1798 4777 David,pro-
1832 4723 1876 4787 D

154 4787 263 4850 pter
290 4785 624 4842 Dominum
656 4785 976 4852 Christum,
1004 4788 1280 4859 quoniam
1309 4790 1378 4845 ad
1406 4790 1596 4861 ipsum
1626 4794 1803 4865 respi-

153 4870 219 4924 cit
241 4874 530 4947 quidquid
554 4875 853 4947 poanitens
881 4875 989 4930 iste
1010 4876 1273 4932 dicturus
1299 4878 1627 4935 est.Deinde
1642 4881 1801 4936 addi-

155 4957 227 5012 dit
249 4962 684 5033 intellectus,ut
712 4980 847 5017 cum
881 4980 986 5019 nos
1008 4964 1318 5037 intelligire
1348 4966 1622 5023 divinitas
1656 4986 1798 5041 prae-

155 5046 346 5104 stiterit
374 5055 628 5123 peccata
656 5054 858 5105 nostra
892 5068 904 5105 :
938 5068 1041 5123 pro
1071 5052 1156 5107 eis
1187 5058 1323 5107 tunc
1351 5053 1642 5111 diluendis
1667 5074 1801 5130 sup-

157 5132 438 5206 plicamus,
470 5140 532 5195 in
569 5138 689 5194 alio
720 5140 877 5193 enim
910 5139 1137 5212 psalmo
1180 5141 1400 5196 dictum
1450 5148 1558 5210 est,
1592 5143 1801 5200 delicta

158 5224 269 5290 quis
292 5226 575 5302 intelligit
610 5228 788 5299 (Psal.
816 5228 1000 5298 xvm),
1034 5228 1104 5284 de
1128 5228 1421 5286 intellectu
1457 5231 1637 5305 igitur
1665 5251 1796 5305 pec-

160 5316 393 5371 catorum
426 5316 727 5390 loquitur.

191 5401 212 5451 1
278 5405 430 5462 Beati
459 5407 704 5479 quorum
731 5406 979 5462 remissa:
1014 5414 1142 5462 suut
1172 5408 1491 5478 iniquitates
1524 5426 1537 5463 ε

278 5493 337 5548 Et
360 5511 605 5566 quorum
640 5497 781 5549 tecta
810 5498 940 5548 sunt
965 5502 1199 5565 peccata.
1662 5536 1672 5548 .

222 5576 257 5632 ll
282 5579 434 5638 Beati
466 5598 736 5656 quorum
769 5583 1025 5638 remissa:
1060 5588 1198 5638 sunt
1228 5583 1585 5655 iniquitates,
1618 5584 1675 5640 id
1709 5588 1798 5641 est

172 5679 248 5733 per
267 5672 700 5729 confessionem
732 5688 766 5725 a
795 5671 1038 5726 Domino
1069 5671 1395 5727 diluuntur.
1419 5673 1520 5729 Vel
1547 5690 1795 5745 quorum

172 5756 291 5815 tecta
316 5766 471 5832 sunt,
501 5761 563 5818 id
587 5763 687 5817 est
710 5776 816 5834 per
839 5758 1204 5829 charitatem,
1222 5776 1348 5833 quae
1378 5762 1563 5834 operit
1594 5762 1799 5819 multi-

450 5891 731 5955 PATBOL.
781 5886 1012 5953 CXLII.

1913 513 2394 583 PSALMORUM
2407 567 2419 580 .
3510 539 3627 599 138

1890 643 1943 710 Α
1978 646 2238 703 tudinem
2270 656 2635 721 peccatorum
2662 657 2844 727 (Prov.
2878 660 2960 729 x,)
3004 660 3093 715 vel
3142 662 3329 719 velata
3372 682 3474 737 per
3502 667 3623 740 pce'

1969 734 2271 791 nitentiam
2301 756 2370 794 ne
2398 741 2453 795 in
2477 742 2700 813 judicio
2728 744 3055 803 revelantur
3087 752 3135 822 (Ι
3150 752 3300 818 Petr.
3338 734 3480 819 Iv).C
3502 734 3620 811 Ini-

1966 822 2217 892 quitates
2243 830 2532 900 sunt,qu.:e
2564 836 2695 902 post
2722 833 2855 888 fidei
2888 837 3301 908 cogitationem
3351 841 3437 896 vel
3491 860 3620 916 gra-

1962 910 2105 964 tiam
2133 912 2501 984 baptismatis
2531 920 2974 978 contrahuntur.

1997 1018 2033 1068 2
2104 1018 2304 1075 Beatus
2334 1022 2420 1077 vir
2446 1025 2661 1079 cuinon
2696 1027 2986 1099 imputavit
3005 1032 3269 1088 Dominus
3290 1045 3574 1107 peceatum
3595 1057 3615 1096 .·

2104 1105 2208 1160 Νεε
2229 1116 2307 1162 est
2338 1111 2397 1163 in
2421 1112 2620 1180 spiritu
2648 1113 2764 1183 ejus
2791 1115 2965 1172 dotus.

2034 1190 2080 1245 H
2102 1192 2186 1247 Illi
2220 1212 2334 1250 non
2367 1196 2688 1269 imputatur
2718 1207 3143 1278 peccatum,qui
3172 1208 3231 1263 in
3261 1209 3369 1265 hoc
3400 1213 3610 1270 saeculo

1962 1294 2023 1333 se
2056 1297 2157 1352 per
2185 1284 2581 1353 paenitentiam
2633 1289 2990 1347 sufﬁcienter
3034 1300 3334 1369 expurgat,
3384 1299 3473 1355 vel
3495 1318 3608 1373 per

1963 1370 2303 1441 martyrium
2336 1376 2733 1446 purgat.Qnod
2755 1379 2969 1450 tegitur
2997 1396 3010 1435 :
3035 1397 3150 1436 non
3172 1383 3419 1453 videtur,
3449 1370 3601 1458 quod

1961 1472 2076 1511 non
2107 1458 2334 1515 videtur
2368 1479 2380 1516 :
2411 1478 2525 1517 non
2558 1464 2902 1535 imputatur,
2933 1469 3085 1539 quod
3112 1487 3226 1526 non
3254 1472 3598 1545 imputatur,

1960 1560 2061 1599 nec
2086 1548 2380 1618 punietur.
2410 1551 2469 1604 In
2498 1550 2658 1607 illius
2684 1570 2781 1608 ore
2804 1555 2975 1610 dolus
3003 1574 3115 1612 non
3143 1563 3231 1614 est
3257 1562 3355 1632 qui
3383 1578 3444 1617 se
3470 1579 3598 1635 pec-

1957 1637 2205 1689 catorcm
2234 1638 2554 1707 profitetur.
2588 1643 2627 1693 C
2655 1641 2799 1704 Quia
2822 1643 2961 1699 dum
2992 1649 3382 1720 nosmetipsos
3407 1650 3600 1722 culpa-

1955 1736 2089 1776 mus
2119 1741 2131 1778 :
2161 1724 2543 1796 veriloquium
2572 1732 2681 1799 est,
2713 1747 2844 1785 cum
2874 1748 2980 1788 nos
3008 1733 3278 1790 volumus
3309 1736 3546 1795 laudare
3580 1759 3592 1795 :

1954 1812 2319 1867 mendacium
2348 1818 2455 1880 est,
2485 1816 2606 1887 ipse
2647 1819 2803 1872 enim
2851 1822 3095 1876 Domino
3143 1823 3330 1895 placet
3354 1827 3454 1897 qui
3480 1828 3594 1883 sibi

1948 1896 2234 1970 displicet.

1983 1985 2016 2039 3
2087 1991 2360 2045 Puom’am
2393 1995 2542 2048 tacui
2570 1996 2946 2054 interaverunt
2979 2016 3099 2056 ossa
3127 2018 3248 2057 mea

2079 2077 2218 2131 Dum
2244 2080 2541 2136 clamarem
2569 2091 2681 2138 tota
2703 2084 2809 2140 die.
2838 2074 2841 2079 ’
3274 2080 3277 2089 ’
3574 2166 3577 2173 ,

2008 2161 2053 2217 Η
2080 2164 2391 2235 Tacui,vox
2417 2168 2702 2226 malorum
2731 2176 2947 2245 est,qui
2973 2179 3165 2232 tacent
3191 2194 3299 2233 sua
3326 2166 3581 2251 peccata,

1936 2254 1991 2304 et
2018 2252 2072 2306 in
2101 2254 2461 2312 confessione
2489 2256 2696 2314 nolunt
2720 2261 3065 2328 dicere,ideo
3086 2266 3276 2321 omnis
3304 2266 3580 2323 fortitudo

1936 2341 2146 2408 mea,id
2179 2347 2269 2396 est
2292 2344 2479 2399 virtus
2518 2346 2575 2399 in
2604 2347 2938 2404 infirmitate
2964 2354 3339 2408 consenuit.A
3358 2357 3398 2408 C
3421 2355 3579 2411 More

1932 2427 2188 2484 vulneris
2218 2432 2715 2505 corporalis,quod
2742 2436 2882 2491 dum
2897 2438 3219 2495 occultatur
3231 2442 3453 2498 medico
3469 2461 3576 2515 pu-

1931 2518 2143 2571 trescit.
2165 2522 2308 2573 Dum
2337 2519 2671 2578 clamarem.
2708 2523 2753 2578 H
2787 2524 3137 2595 Clamant,id
3167 2530 3328 2585 estsi
3356 2529 3576 2603 aliquid

1928 2604 2059 2659 boni
2089 2605 2432 2680 habent,per
2461 2611 2778 2667 vanitatem
2827 2614 3251 2672 demonstrant.
3286 2618 3430 2674 Tota
3459 2620 3573 2688 die,

1923 2696 1971 2746 H
2001 2695 2045 2748 A
2070 2695 2126 2749 id
2155 2700 2243 2750 est
2270 2700 2387 2751 tota
2412 2698 2530 2752 vita
2556 2700 2701 2770 (quae
2733 2702 2925 2758 brevis
2961 2705 3073 2775 est)
3100 2709 3293 2762 tacent
3317 2713 3571 2780 peccata,

1921 2779 2173 2838 clamant
2197 2790 2253 2839 et
2269 2786 2493 2855 jactant
2520 2790 2747 2844 merita.

1954 2888 1986 2940 4
2061 2889 2329 2957 Quoniam
2355 2893 2444 2949 die
2472 2911 2536 2949 ac
2564 2904 2716 2951 nocte
2744 2908 2971 2966 gravata
3023 2910 3101 2957 est
3144 2919 3308 2976 super
3338 2919 3421 2960 me
3445 2919 3564 2959 ma-

2126 2995 2231 3033 nus
2258 2983 2353 3035 tua
2378 3000 2397 3034 :
3582 3062 3585 3069 ι

2059 3066 2353 3123 Conversus
2382 3085 2505 3124 sum
2535 3073 2596 3125 in
2625 3088 2873 3130 aerumna
3003 3093 3140 3133 mea.
3177 3120 3190 3134 .
3214 3078 3344 3135 dum
3390 3081 3559 3151 con/i-

2123 3156 2275 3222 gitur
2295 3157 2474 3226 spina.
2524 3151 2610 3227 ἥ
2657 3161 2972 3232 Diapsalma
3012 3171 3025 3227 ζ

1984 3248 2028 3303 Η
2055 3249 2303 3306 Gravata
2325 3257 2414 3307 est
2442 3269 2653 3309 manus
2682 3256 2782 3311 Dei
2813 3275 2989 3329 super
3016 3264 3435 3331 peccatores,id
3461 3269 3550 3320 est

1914 3341 2173 3407 potestas
2198 3340 2461 3394 Vindicta:
2494 3342 2550 3395 in
2577 3342 2670 3397 die
2686 3344 2964 3413 judicii.C
2991 3347 3093 3402 Die
3115 3351 3173 3403 et
3188 3355 3354 3405 nocte
3381 3368 3394 3405 :
3422 3368 3552 3406 con-

1914 3425 2144 3480 tinuum
2167 3430 2398 3499 tempus
2415 3428 2725 3501 significat.
2749 3432 3134 3491 Erumuosus
3154 3436 3368 3492 dicitur
3387 3438 3552 3495 valde

1912 3513 2209 3569 ruinosus.
2239 3516 2430 3570 Ruina
2475 3518 2689 3590 quippe
2719 3520 3008 3592 appellata
3031 3527 3140 3592 est,
3177 3524 3346 3596 quasi
3377 3543 3553 3581 ruens

1914 3600 1973 3655 in
2021 3601 2160 3657 ima.
2192 3607 2514 3660 Conversus
2559 3611 2648 3661 est
2683 3607 2742 3661 in
2789 3626 3090 3667 aerumna:
3125 3614 3225 3683 qui
3271 3615 3557 3670 ceciderat

1913 3689 1982 3743 de
2013 3692 2308 3761 superbia,
2344 3696 2408 3747 ut
2433 3694 2533 3764 qui
2560 3698 2691 3750 ante
2712 3701 2837 3752 erat
2861 3699 3150 3770 superba;
3184 3719 3337 3758 nunc
3366 3702 3561 3759 humi-

1911 3776 1983 3831 lis
2007 3778 2193 3834 factus
2217 3785 2322 3836 est.
2358 3782 2537 3854 Spina
2560 3788 2647 3839 est
2671 3801 2796 3855 qua:
2827 3803 3037 3859 corpus
3068 3790 3240 3862 erigit
3263 3795 3435 3863 atque
3459 3809 3548 3849 re-

1911 3866 2075 3936 tinet,
2110 3865 2229 3923 haec
2261 3885 2364 3940 pro
2390 3872 2661 3941 superbia
2688 3875 2893 3928 merito
2937 3878 3126 3946 posita
3150 3882 3389 3950 est,quae
3415 3897 3549 3936 con-

1911 3954 2092 4010 fracta
2109 3973 2221 4010 non
2235 3957 2325 4027 dej
2336 3957 2434 4012 icit
2449 3959 2519 4013 ad
2538 3959 2968 4029 interitum,sed
2994 3966 3165 4037 erigit
3180 3967 3252 4021 ad
3278 3968 3544 4023 salutem.

1911 4042 1957 4097 H
1987 4043 2288 4098 {Erumma
2319 4045 2555 4100 miseria
2598 4053 2706 4103 est.
2745 4052 2791 4103 A
2841 4050 2945 4106 Vel
2994 4054 3306 4125 configitur
3356 4056 3544 4127 spina,

1909 4147 2041 4186 cum
2073 4132 2354 4203 pungitur
2381 4135 2733 4190 conscientia
2756 4140 2811 4192 et
2840 4138 3012 4193 dolet.

1942 4237 1979 4290 5
2049 4237 2329 4292 Delictum
2346 4254 2528 4293 meum
2555 4242 2832 4311 cognitum
2960 4246 3064 4299 tibi
3105 4253 3120 4311 ζ
3159 4248 3267 4318 feci
3294 4265 3314 4302 :

2049 4326 2113 4380 Et
2141 4324 2476 4395 injustitiam
2501 4343 2679 4384 meam
2706 4345 2817 4385 non
2844 4331 3118 4388 abscondi.

1978 4420 2141 4477 Cllle
2184 4421 2458 4478 delictum
2525 4425 2821 4497 cognitum
2883 4427 3037 4495 facit,
3105 4430 3205 4500 qui
3270 4430 3414 4485 illud
3485 4432 3544 4487 in

1909 4510 2331 4567 confessionem
2356 4528 2552 4567 veram
2584 4513 2866 4584 perducit.
2890 4514 3123 4587 Operire
3146 4522 3236 4574 est
3260 4519 3425 4575 valde
3449 4519 3548 4575 ali-
3572 4550 3575 4555 ν

1910 4599 2049 4671 quid
2070 4598 2301 4655 silentio
2318 4603 2636 4672 tegere,aut
2650 4602 2841 4657 cordis
2856 4603 3321 4663 dissimulatione
3337 4607 3542 4679 celare,

1910 4688 2016 4744 hoc
2048 4688 2267 4743 faciunt
2296 4687 2482 4756 stulti,
2511 4690 2611 4761 qui
2644 4693 2853 4763 putant
2877 4692 3058 4748 Deum
3100 4693 3366 4765 ignorare
3392 4697 3544 4768 quod

1909 4781 2108 4850 agunt.
2133 4776 2410 4832 Delictum
2438 4778 2675 4850 quidam
2703 4779 2825 4835 leve
2849 4784 3059 4852 putant
3091 4797 3218 4839 esse
3246 4788 3545 4855 peccatum

1910 4866 2075 4937 quasi
2102 4864 2489 4938 negligentius
2515 4866 2875 4923 derelictum.
2906 4870 3201 4945 Injustitia
3240 4871 3430 4926 auiem
3457 4878 3547 4929 est

1910 4954 2163 5008 immane
2188 4952 2407 5025 aliquid
2438 4954 2526 5009 vel
2552 4971 2768 5010 saevum
2795 4957 3199 5012 commissum.
3228 4958 3337 5013 Sed
3363 4964 3421 5014 et
3453 4960 3547 5016 hic

1909 5043 2133 5113 puritas
2154 5042 2481 5098 confitentis
2506 5044 2854 5110 ostenditur,
2890 5044 3027 5117 quia
3061 5060 3174 5100 non
3200 5045 3325 5102 vult
3361 5047 3546 5106 celare

1909 5130 2060 5202 quod
2087 5130 2430 5185 credebatur
2454 5145 2581 5186 esse
2606 5130 2851 5186 veniale.

1940 5236 1976 5289 6
2047 5236 2204 5302 Dixi,
2237 5235 2540 5292 Conntebor
2564 5235 2849 5292 adversum
2889 5253 2975 5294 me
3012 5239 3343 5311 injustitiam
3371 5258 3547 5299 meam

2118 5323 2354 5378 Domino
2385 5339 2404 5376 :

2046 5411 2111 5466 Et
2164 5418 2223 5465 tu
2286 5411 2549 5467 remisisti
2605 5413 2934 5484 impietatem
2972 5418 3181 5487 peccati
3223 5418 3352 5473 mei.
3414 5416 3548 5471 Dia-

2114 5498 2348 5569 psaima.
3274 5508 3283 5517 '

1977 5586 2022 5642 H
2074 5586 2200 5654 Dixi
2256 5587 2315 5641 in
2364 5586 2553 5655 corde,
2609 5588 2709 5643 ubi
2759 5589 2913 5645 Deus
2964 5590 3140 5659 videt,
3203 5589 3547 5653 Conﬁtebor,

1906 5675 2026 5731 Cid
2053 5678 2143 5731 est
2172 5673 2400 5748 publice
2447 5676 2690 5743 fatebor,
2732 5682 2799 5732 ut
2845 5676 2991 5733 alios
3040 5677 3111 5766 ad
3163 5675 3549 5766 imitationem

1906 5764 2099 5822 trahat
2123 5766 2215 5839 pio
2244 5763 2550 5840 ﬁdelisque
2571 5765 2876 5823 confessio.
2910 5763 3184 5835 Impietas
3205 5760 3395 5818 cordis
3420 5757 3548 5813 ﬂuit:

3199 5884 3237 5967 ὅ
