3936 6424
292 459 405 520 439

1195 456 1260 516 S.
1307 454 1701 517 BRUNONIS
1749 451 2371 515 HERBIPOLENSIS
2416 452 2796 516 EPISCUPI.

3590 453 3704 517 HO

289 589 427 662 quia
459 593 666 645 tacere.
680 588 1033 654 decreverat,
1067 591 1131 643 ut
1150 586 1234 642 illi
1264 588 1522 643 crederet
1549 603 1677 643 esse
1715 586 1938 660 aliquid
1967 587 2024 655 Α
2056 587 2120 640 13
2194 584 2358 641 Nulla
2387 587 2608 656 ﬂagella
2631 587 2930 659 peccatoris
2959 604 2981 641 .·

287 676 670 752 celatum,qui
699 681 1014 750 antequam
1045 677 1210 744 fiant,
1241 677 1438 733 omnia
1467 677 1644 732 novit.

319 769 354 836 ’ζ
428 772 538 824 Pro
564 767 683 825 haec
709 768 895 822 orabit
922 768 992 822 ad
1022 774 1072 823 te
1097 769 1276 822 omnis
1303 775 1519 822 sanctus
1551 785 1570 823 :

431 859 495 914 In
523 865 760 930 tempore
785 863 1099 929 opportuno.

358 949 409 1012 Η
437 945 545 1002 Pro
574 944 682 1000 hac
713 945 920 1012 orabit,
942 944 998 999 id
1047 949 1155 1012 est,
1208 961 1311 1016 pro
1341 944 1647 1018 iniquitate
1697 945 1804 1001 hac
1850 945 1938 1000 vel

290 1032 656 1102 remissione,
687 1034 844 1106 quod
888 1034 1159 1106 superius
1207 1034 1370 1091 dixit.
1418 1034 1624 1090 Omnis
1675 1041 1936 1102 sanctus,

291 1122 450 1191 dicit,
483 1122 621 1197 quia
651 1139 822 1182 nemo
856 1127 945 1180 est
975 1139 1008 1178 a
1036 1123 1288 1198 peccatis
1320 1124 1621 1180 immunis.
1647 1127 1687 1179 C
1712 1125 1770 1179 In
1802 1128 1942 1179 tem-

291 1228 429 1285 pore
460 1211 870 1284 opportuno,in
902 1211 1018 1266 ista
1045 1211 1267 1268 scilicet
1297 1212 1503 1268 mundi
1534 1213 1778 1278 vita,ubi
1805 1230 1939 1268 con-

289 1299 434 1358 verti
464 1301 552 1358 fas
585 1299 841 1356 est.Nam
875 1299 934 1356 in
967 1299 1194 1356 interno
1227 1301 1404 1374 (sicut
1425 1302 1695 1374 superius
1718 1301 1938 1357 dictum

290 1392 400 1462 est)
433 1406 602 1449 nemo
633 1389 889 1462 proﬁcue
922 1389 1167 1446 Domino
1197 1391 1528 1446 confitetur.

321 1480 356 1535 8
432 1479 808 1540 Verumtamen
837 1481 894 1534 in
926 1479 1136 1535 diluvio
1164 1497 1437 1553 aquarum
1461 1482 1763 1538 multarum
1793 1501 1811 1537 :

427 1568 507 1636 Ad
534 1585 660 1626 eum
687 1585 796 1624 non
827 1570 1308 1641 approximabunt.

357 1663 398 1714 C
428 1656 724 1714 Diluvium
753 1673 1043 1729 aquarum
1075 1657 1395 1713 multarum
1437 1663 1524 1714 est
1572 1675 1733 1715 error
1762 1660 1946 1715 homi-

289 1763 433 1812 num
462 1746 878 1819 pessimorum,
913 1745 1011 1817 qui
1041 1745 1216 1802 variis
1245 1747 1629 1818 pravitatibus
1663 1749 1945 1805 fluctuan-

287 1841 399 1903 tes,
426 1832 786 1907 multiplices
817 1834 928 1889 sibi
957 1835 1253 1890 doctrinas
1283 1837 1668 1904 constituunt,
1700 1842 1758 1892 et
1777 1837 1836 1892 bi
1870 1839 1942 1894 ad

287 1922 604 1980 Dominum
636 1939 752 1979 non
783 1921 1296 1995 approximabunt,
1327 1925 1604 1996 quoniam
1629 1943 1663 1981 a
1691 1943 1825 1982 vera
1855 1944 1942 1982 re-
1971 1961 2020 2027 Β

286 2011 507 2086 ligione
537 2011 865 2067 discedunt.

323 2100 364 2164 9_
435 2101 508 2156 Tu
527 2115 584 2155 es
614 2101 893 2172 refugium
919 2117 1104 2156 meum
1132 2118 1167 2156 a
1187 2103 1544 2160 tribulatione
1566 2119 1692 2176 quae
1716 2106 1942 2160 circum.

501 2189 652 2246 dedit
676 2205 763 2245 me
793 2208 810 2243 :

431 2278 711 2336 Exultatio
753 2295 876 2336 mea
927 2297 1058 2338 erue
1111 2300 1198 2339 me
1254 2300 1289 2338 a
1343 2283 1809 2340 circumdantibus
1836 2299 1942 2338 me.

500 2367 839 2441 Diapsalma.

356 2457 399 2514 C
429 2456 762 2531 Refugium,
795 2463 884 2514 est
915 2459 986 2516 ad
1011 2461 1167 2532 quod
1195 2461 1552 2534 confugitur,
1593 2467 1658 2517 ut
1688 2461 1948 2534 pericula

287 2545 678 2603 declinentur.

359 2638 410 2692 Η
433 2635 757 2691 Exsultatio
790 2652 940 2704 mea,
974 2635 1116 2692 dicit
1138 2636 1414 2704 Ecclesia,
1452 2639 1592 2710 quia
1626 2638 1687 2695 in
1719 2644 1774 2694 te
1804 2655 1947 2713 gau-

289 2725 418 2781 deo.
449 2728 490 2779 o
520 2727 667 2780 Erue
698 2740 791 2780 me
821 2725 894 2780 ab
925 2723 1328 2794 inimicis,sive
1358 2745 1392 2783 a
1412 2727 1568 2783 vitiis
1589 2727 1945 2798 carnalibus,

289 2829 394 2870 seu
423 2811 732 2886 Spiritibus
763 2813 1219 2886 immundis,qui
1250 2831 1357 2870 nos
1395 2816 1636 2888 perdere
1667 2817 1948 2888 praecipiti

288 2901 592 2959 velocitate
622 2901 921 2958 festinant.

292 2993 361 3048 10
432 2991 775 3048 Intellectum
804 2992 910 3047 tibi
937 2991 1094 3056 dabo,
1127 2997 1179 3048 et
1226 2995 1503 3051 instruam
1549 3005 1600 3052 te
1631 2998 1690 3052 in
1727 2997 1819 3052 via
1850 2996 1952 3052 hac

337 3079 348 3086 ’
504 3097 614 3152 qua
641 3079 916 3150 gradieris
937 3101 956 3136 :

429 3171 686 3226 Firmabo
712 3186 878 3242 super
906 3174 958 3227 te
984 3171 1166 3228 oculos
1193 3189 1356 3230 meos.

2190 675 2241 750 S,
2268 683 2508 732 crantcm
2536 680 2721 732 autem
2777 678 2837 730 in
2889 676 3118 734 Domino
3173 675 3554 733 misericordia
3591 678 3699 734 cir-

2260 765 2558 820 cumdabit.

2121 855 2160 908 C
2185 852 2371 910 Multa
2393 852 2621 926 ﬂagella
2641 853 2936 910 sustinent
2953 858 3284 927 peccatores
3302 858 3696 932 contumaces,

2049 941 2313 997 nolentes
2335 942 2416 998 ire
2447 959 2548 1015 per
2577 943 2817 999 semitas
2843 947 3123 1012 rectas,ut
3147 943 3302 1022 quod
3334 960 3449 1002 non
3479 945 3700 1003 faciunt

2050 1036 2257 1104 sponte
2292 1048 2305 1086 :
2331 1031 2518 1104 plagis
2540 1031 2819 1088 adhibitis
2859 1038 3146 1106 cogantur
3169 1032 3430 1106 implere.
3455 1034 3699 1108 Speran-

2049 1123 2137 1177 tes
2181 1124 2377 1176 autem
2428 1120 2489 1176 in
2548 1119 2795 1177 Domino
2839 1121 3229 1180 circumdabit
3278 1122 3697 1194 misericordia,

2051 1215 2255 1265 utnon
2288 1210 2366 1266 sit
2395 1208 2558 1266 locus
2585 1209 2846 1278 relictus,
2891 1211 3046 1268 unde
3094 1211 3281 1285 possit
3329 1211 3598 1270 diabolus
3627 1213 3699 1274 ad

2051 1315 2150 1354 eos
2183 1299 2440 1355 introire.

2052 1389 2116 1443 H
2195 1389 2492 1444 Lcetamini
2521 1390 2577 1444 in
2615 1388 2838 1445 Domino
2867 1397 2919 1448 et
2943 1397 3213 1446 exsuttate
3231 1391 3377 1463 justi
3401 1409 3420 1446 .-

2193 1478 2257 1532 Et
2278 1478 2603 1548 gloriamini
2631 1494 2815 1534 omnes
2839 1481 2974 1534 recti
3001 1479 3174 1535 corde.

2123 1570 2163 1622 C
2191 1565 2398 1622 Omnis
2417 1568 2620 1637 justus
2647 1566 2877 1623 laetatur
2923 1568 2980 1624 in
3023 1568 3290 1626 Domino.
3325 1569 3468 1626 Nam
3514 1571 3612 1644 qui
3644 1569 3705 1626 in.

2053 1673 2114 1712 se
2145 1657 2381 1729 gaudet,
2417 1655 2604 1711 fallaci
2628 1657 3080 1730 praesumptione
3102 1657 3391 1736 decipitur
3413 1676 3426 1727 ;
3451 1659 3552 1732 qui
3574 1675 3704 1716 vero

2053 1745 2111 1800 in
2143 1743 2940 1817 Dominolaatatur,perpetua
2962 1745 3346 1805 delectatione
3367 1748 3701 1820 perfruitur.

2055 1832 2256 1889 Laatari
2282 1837 2372 1888 est
2404 1832 2589 1888 tacita:
2639 1834 2854 1890 mentis
2885 1835 3170 1891 suavitate
3201 1834 3464 1892 mulceri.
3500 1836 3704 1894 Exsul-

2051 1926 2173 1978 tare
2204 1938 2337 1977 vero
2363 1926 2451 1976 est
2490 1921 2764 1977 concitati
2821 1922 3004 1978 animi
3055 1922 3278 1980 fervore
3323 1924 3595 1998 gaudens.
3638 1925 3708 1984 Et

2055 2009 2389 2083 gloriamini
2429 2010 2530 2083 qui
2581 2010 2720 2066 recti
2759 2012 2932 2068 corde
2961 2012 3104 2070 estis
3127 2017 3185 2070 et
3211 1999 3469 2080 creditis,
3497 2030 3568 2071 ex
3591 2031 3708 2071 ser-

2053 2099 2195 2154 vitio
2219 2099 2319 2154 Dei
2349 2115 2449 2156 eos
2479 2100 2551 2154 ad
2585 2105 2814 2156 aeternas
2861 2099 3246 2161 beatitudinis
3293 2101 3535 2175 premis
3578 2120 3705 2176 per-

2054 2186 2268 2244 venire.

2536 2295 2742 2334 ORATIO
2772 2295 2842 2334 EX
2873 2295 3030 2336 PSAL.
3063 2295 3216 2338 XXXI.

2127 2369 2334 2422 Sancte
2365 2366 2624 2432 Domine,
2657 2365 2759 2440 qui
2791 2367 3057 2425 remissis
3104 2368 3353 2440 delictis,
3398 2369 3706 2430 beatitudi-

2056 2471 2190 2511 nem
2223 2460 2279 2511 te
2311 2455 2595 2511 confessis
2628 2457 2900 2513 attribuis
2931 2475 2943 2513 :
2978 2457 3189 2514 exaudi
3229 2464 3364 2516 vota
3411 2461 3718 2536 praesentis

2056 2544 2312 2612 familizn,
2343 2549 2400 2601 et
2431 2546 2726 2602 confracto
2771 2545 2992 2618 peccati
3042 2547 3244 2605 aculeo
3274 2565 3287 2604 :
3321 2547 3570 2622 spiritali
3603 2565 3718 2622 nos

2056 2633 2440 2690 exsultatione
2462 2634 2880 2706 perfunde.Per
2890 2636 3206 2693 Dominum
3221 2641 3488 2694 nostrum
3506 2637 3710 2700 Jesum

2055 2722 2375 2794 Christum,
2407 2729 2516 2780 etc.

2591 2855 2915 2912 PSALMUS
2954 2857 3175 2913 XXXII.

2484 2960 2890 3001 ARGUMENTUM
2921 2961 3078 3003 PSAL.
3113 2964 3285 3004 XXXII.

2127 3081 2167 3133 C
2198 3077 2485 3151 Propheta
2515 3079 2573 3134 in
2623 3079 2866 3135 Domino
2909 3081 3163 3152 gaudere
3204 3081 3708 3156 admonetjustos,

2056 3166 2374 3239 beatosque
2405 3166 2788 3240 appellat,qui
2820 3169 2893 3226 ad
2918 3169 3048 3242 ejus
3074 3169 3395 3230 meruerint
3425 3169 3712 3248 pertinere

361 3263 401 3314 C
429 3257 793 3316 Intellectum
813 3277 927 3316 non
954 3260 1548 3336 habentpeccatores:
1574 3264 1687 3321 nisi
1712 3265 1947 3338 quando
1991 3333 2021 3338 _
2055 3254 2368 3312 miliumm-

289 3347 585 3404 couversis
615 3347 898 3404 Dominus
930 3333 1279 3421 propitiatus
1309 3350 1394 3406 eis
1425 3351 1710 3425 indulget.
1728 3333 1951 3408 lntelli-
1978 3333 2022 3401 (ἶ

287 3451 423 3509 gere
448 3441 540 3493 est
568 3437 713 3492 bene
743 3453 914 3509 agere
943 3441 1000 3492 et
1029 3438 1102 3493 ad
1126 3439 1403 3495 mandata
1425 3439 1527 3495 Dei
1557 3445 1690 3496 vota
1717 3458 1947 3498 conver-

287 3529 426 3582 tere.
462 3525 533 3580 Et
561 3524 852 3580 instruam
895 3529 975 3591 te,
1019 3526 1190 3597 quasi
1242 3527 1594 3584 nescientem
1641 3530 1944 3586 docebam.

293 3613 359 3669 In
387 3613 482 3669 via
509 3611 621 3668 hac
651 3629 768 3684 qua
796 3612 1155 3684 gradieris.H
1187 3615 1233 3669 A
1254 3614 1423 3671 Viam
1449 3617 1835 3675 confessionis
1865 3621 1948 3676 di-

293 3702 373 3758 cit
397 3701 676 3758 docebam
725 3705 803 3771 te,
837 3706 902 3757 ut
941 3719 1056 3758 non
1101 3703 1336 3759 recedas
1369 3705 1441 3760 ab
1471 3722 1556 3760 ea.
1590 3711 1631 3761 Ο
1680 3707 1946 3766 Firmabo

292 3807 471 3864 super
497 3795 554 3846 te
584 3789 802 3856 oculos,
831 3790 888 3846 id
919 3795 1030 3862 est,
1059 3791 1118 3846 in
1150 3797 1203 3848 te
1233 3793 1486 3866 dirigam
1511 3794 1708 3852 lumen
1740 3797 1948 3854 intelli-

290 3878 499 3953 gentia
531 3896 670 3936 meae
683 3922 696 3936 .

291 3967 348 4026 14
434 3968 617 4024 Nolite
642 3969 768 4041 ﬁeri
793 3970 934 4025 sicut
964 3985 1132 4042 equus
1157 3979 1208 4027 et
1235 3973 1420 4028 mulus
1451 3991 1470 4029 :

431 4057 635 4126 Quibus
665 4075 773 4114 non
801 4067 879 4115 est
907 4059 1235 4116 intellectus.

356 4149 397 4203 C
421 4147 621 4220 Equus
651 4147 779 4206 sine
825 4147 1173 4206 discretione
1202 4166 1214 4206 :
1249 4151 1498 4208 sessoris
1548 4152 1790 4212 arbitrio
1823 4173 1944 4212 ser-

283 4235 448 4304 vit,et
477 4253 513 4293 a
541 4253 892 4310 quocunque
913 4255 1194 4296 ascensus
1230 4239 1424 4308 fuerit,
1449 4243 1723 4300 excurrit.
1747 4245 1946 4302 Mulus

286 4325 572 4398 patienter
601 4344 778 4384 onera
801 4331 1078 4401 portat,et
1101 4346 1207 4402 per
1243 4329 1354 4385 hoc
1403 4331 1636 4403 utrique
1686 4333 1943 4391 intellec-

286 4419 414 4473 tum
443 4431 558 4474 non
587 4415 968 4491 habent,quia
993 4435 1096 4474 nec
1139 4435 1328 4492 equus
1372 4418 1535 4493 eligit
1563 4420 1656 4476 cui
1686 4423 1942 4494 obediat,

285 4519 394 4562 nec
423 4504 618 4562 mulus
675 4507 892 4580 quibus
929 4507 1208 4565 oneribus
1255 4507 1596 4581 ingravetur
1646 4511 1940 4586 intelligit,

283 4611 421 4669 ergo
451 4594 757 4654 diabolicis
789 4596 1096 4654 fraudibus
1122 4597 1365 4653 insideri
1386 4602 1444 4653 et
1471 4597 1746 4656 vitiorum
1771 4618 1946 4659 onere

283 4685 509 4758 gravari
540 4684 813 4743 homines
842 4685 1115 4758 prohibet
1143 4684 1448 4757 propheta.

283 4773 354 4831 42
422 4775 484 4831 In
515 4773 708 4830 chamo
736 4782 788 4830 et
815 4775 974 4843 freno
1003 4773 1270 4829 maxillas
1291 4789 1481 4830 eorum
1511 4778 1823 4848 constringe
1853 4798 1872 4835 .-

427 4864 532 4931 Qui
554 4879 667 4919 non
694 4861 1087 4932 approximant
1115 4859 1186 4916 ad
1215 4869 1286 4918 te.

354 4954 395 5006 C
421 4950 681 5008 Qhamus
706 4949 782 5004 ad
813 4947 1041 5006 mulum
1072 4949 1346 5022 pertinet,
1378 4948 1608 5007 frenum
1633 4952 1704 5009 ad
1727 4971 1946 5028 equum

285 5038 801 5110 respicitFrenum
834 5035 990 5094 enim
1021 5055 1056 5094 a
1083 5039 1204 5095 fero
1235 5039 1542 5096 retinendo
1569 5041 1788 5100 dictum
1813 5051 1900 5101 cst
1929 5065 1942 5116 ;

286 5126 481 5182 ferum
517 5142 530 5180 :
555 5125 1095 5200 antiquigaballum
1125 5127 1572 5204 dixerunt.Ergo
1597 5131 1711 5189 ista
1732 5135 1944 5196 rctina:

284 5213 436 5283 cule,
471 5213 592 5270 haec
617 5213 734 5271 duo
781 5215 1058 5274 animalia
1088 5217 1385 5290 cohibent,
1419 5224 1482 5276 ut
1525 5219 1598 5276 ad
1628 5222 1938 5282 arbitrium

275 5302 545 5376 jubentis
575 5301 868 5372 incedant,
921 5320 991 5360 ne
1033 5305 1157 5361 suis
1204 5305 1608 5367 voluntatibus
1659 5311 1938 5368 terantur.

284 5389 528 5449 Maxilla;
554 5389 912 5452 adminicula
968 5397 1110 5450 sunt
1157 5393 1502 5453 animalium
1551 5399 1768 5472 quibus
1806 5417 1942 5458 esca

283 5481 548 5537 manditu
559 5498 606 5536 r.
639 5483 805 5552 Ipsas
825 5497 960 5554 ergo
978 5481 1248 5538 maxillas
1275 5501 1376 5556 per
1395 5486 1644 5560 ﬁguram
1669 5489 1936 5563 allegori-

282 5585 411 5646 cam
443 5568 588 5628 dicit
614 5569 826 5629 debere
854 5569 1326 5626 inobedienttbus
1365 5575 1709 5648 constringi,
1740 5577 1798 5632 id
1846 5581 1936 5634 est

279 5657 499 5719 Victum
530 5658 766 5736 parcius
799 5657 926 5716 dari
955 5657 1062 5727 eis,
1094 5661 1174 5729 ut,
1203 5659 1447 5733 jejuniis
1468 5664 1930 5736 macerati,crea.

282 5749 428 5809 toris
458 5749 791 5824 subdantur
820 5747 1086 5828 imperio.

2201 3343 2315 3402 TT.
2349 3345 2602 3402 Psalmus
2630 3347 2828 3403 David.

2126 3436 2167 3488 C
2195 3433 2298 3490 Hic
2328 3433 2538 3490 titulus
2574 3433 2814 3490 omnino
2845 3438 3018 3493 notus
3057 3440 3166 3507 est,
3199 3441 3257 3495 et
3285 3438 3412 3495 ideo
3441 3437 3620 3514 lector
3649 3438 3710 3514 in

2057 3538 2123 3578 eo
2154 3528 2436 3594 sequatur
2455 3523 2875 3596 expositionem
2898 3524 3174 3600 priorem.
3483 3510 3490 3518 ’
3677 3511 3685 3518 ’

2091 3611 2115 3670 4
2201 3613 2478 3669 Exsultate
2497 3613 2640 3684 justi
2671 3615 2731 3669 in
2761 3615 2988 3672 Domino
3019 3633 3039 3672 :

2197 3703 2380 3758 [tectos
2402 3701 2550 3758 decet
2575 3703 2928 3760 collaudatio.

2124 3793 2164 3844 C
2207 3793 2552 3847 Commonet
2598 3791 2882 3865 propheta
2928 3791 3310 3862 Christianos,
3366 3797 3431 3849 ut
3485 3810 3600 3856 non
3650 3793 3712 3852 in

2051 3877 2300 3935 terrenis
2331 3878 2819 3938 delectationibus
2867 3880 3181 3950 exsultent,
3205 3883 3308 3940 sed
3352 3883 3410 3938 in
3441 3883 3713 3954 Domino,

2053 3967 2153 4023 ubi
2185 3968 2401 4040 gaudia
2425 3969 2702 4026 continua
2733 3971 3017 4027 suavitate
3046 3971 3300 4044 perfecta
3328 3959 3718 4036 sunt.Rectos

2053 4056 2216 4112 decet
2245 4055 2618 4130 collaudatio,
2651 4076 2767 4115 non
2814 4058 3118 4118 haereticos
3145 4077 3353 4134 pravos
3392 4061 3574 4130 decet,
3607 4062 3713 4118 sed

2053 4149 2261 4202 rectos.
2290 4147 2330 4201 H
2361 4147 2467 4210 Qui
2493 4146 2550 4202 in
2584 4147 2788 4222 regula
2802 4149 3064 4206 veritatis
3094 4167 3204 4206 sua
3223 4151 3399 4206 corda
3432 4149 3718 4222 dirigunt.

2051 4237 2092 4290 C
2121 4233 2484 4291 Collaudatio
2515 4252 2649 4293 vero
2681 4237 3004 4296 multorum
3045 4255 3143 4296 ore
3173 4256 3292 4298 una
3319 4238 3575 4305 laudatio
3600 4244 3718 4310 est,

2052 4327 2288 4396 propter
2313 4323 2600 4380 unitatem
2631 4325 2920 4382 Ecclesiae.

2086 4415 2122 4468 2
2200 4414 2556 4486 Conﬁtemini
2585 4416 2821 4472 Domino
2853 4417 2911 4472 in
2941 4417 3155 4476 cithara
3185 4436 3205 4474 :

2194 4503 2256 4558 In
2281 4504 2549 4576 psalterio
2576 4503 2758 4562 decem
2787 4505 3117 4561 chordarum
3140 4506 3364 4578 psallite
3395 4506 3500 4562 illi.

2123 4595 2162 4646 C
2190 4592 2423 4650 Cithara
2453 4592 2630 4663 dicta,
2675 4610 2802 4666 quae
2849 4594 2967 4652 cita
3013 4594 3318 4651 iteratione
3365 4595 3715 4668 percutitur.

1973 4704 2022 4770 D
2053 4679 2097 4736 Η
2133 4681 2364 4738 Habeas
2395 4681 2672 4738 deorsum
2703 4699 2985 4752 cavamen,
3010 4684 3281 4757 superius
3312 4701 3411 4740 sex
3439 4683 3716 4753 chordas,

2052 4774 2112 4826 et
2137 4771 2428 4845 significat
2453 4787 2555 4827 sex
2583 4788 2759 4845 opera
2778 4772 3290 4832 misericordiaEt
3308 4773 3380 4830 de
3399 4771 3516 4829 illis
3544 4772 3716 4829 chor-

2057 4860 2150 4917 dis
2181 4855 2305 4916 alia:
2327 4860 2474 4916 bene
2504 4860 2896 4931 cantant,alias
2921 4861 3417 4919 murmurant.Sic
3446 4864 3503 4918 et
3523 4861 3720 4940 sancti

2055 4949 2154 5006 alii
2187 4949 2269 5006 sic
2297 4948 2395 5005 alii
2425 4966 2558 5006 vero
2611 4949 2712 5006 sic.
2747 4950 3098 5008 Psalterium
3146 4951 3220 5008 de
3267 4967 3506 5014 sursum
3537 4950 3726 5027 habet1

2050 5055 2311 5096 cavamen
2339 5043 2396 5094 et
2419 5039 2618 5096 decem
2643 5038 2916 5106 chordas,
2942 5045 3000 5096 et
3035 5039 3230 5114 signat
3271 5041 3471 5101 decem
3498 5055 3719 5114 praece-

2050 5133 2151 5202 pta
2179 5127 2481 5202 legis,quaa
2499 5129 2571 5184 de
2603 5129 2876 5202 supernis
2898 5130 3140 5186 veniunt
3165 5130 3223 5186 in
3255 5129 3526 5187 sanctos.

2083 5221 2118 5276 3
2193 5218 2420 5274 Cantate
2448 5220 2504 5274 ei
2529 5219 2805 5274 canticum
2834 5235 3035 5276 novum
3065 5237 3084 5274 :

2196 5308 2338 5364 Bene
2359 5309 2583 5380 psallite
2611 5309 2667 5364 ei
2693 5309 2754 5364 in
2773 5309 3180 5380 vociferatione.

2120 5397 2161 5453 C
2189 5397 2413 5452 Novum
2455 5396 2748 5454 canticum
2766 5396 2910 5452 dicit
2943 5397 3406 5453 lncarnationem
3453 5394 3721 5475 Domini,

2047 5503 2165 5558 qua
2176 5485 2367 5560 angeli
2382 5485 2615 5541 Domini
2633 5485 2948 5542 cantabant
2963 5485 3251 5541 dicentes:
3269 5483 3464 5541 Gloria
3478 5484 3537 5540 in
3551 5483 3729 5566 altis-

2044 5573 2376 5647 simis(Luc.
2393 5573 2533 5646 Il).H
2549 5573 2650 5630 Ille
2664 5575 2810 5632 bene
2821 5573 3352 5650 psallitquiimplet
3365 5589 3536 5646 opere
3552 5573 3724 5650 quod

2043 5665 2229 5722 docet.
2283 5663 2960 5735 Vociferatiozjubilatio
3003 5667 3113 5730 est,
3166 5662 3308 5737 quia
3365 5679 3470 5720 nec
3514 5662 3727 5720 verbis

2040 5771 2143 5812 nec
2173 5754 2412 5831 syllabis
2441 5771 2541 5811 nec
2574 5753 2784 5811 littoris
2811 5771 2916 5814 nec
2947 5754 3008 5813 in
3031 5769 3230 5812 vocem
3282 5755 3476 5829 potest
3517 5767 3730 5811 erum-
