3936 6428
157 490 252 551 ιιι
954 528 962 535 -
1352 490 1768 551 EXPOSITIO
1812 489 1951 549 PSA
1963 488 2318 551 LMORUM.

3417 489 3532 549 142

154 636 275 697 pere
318 625 419 675 aut
478 637 644 678 mens
692 621 1180 694 comprehendere
1228 626 1435 694 potest,
1494 625 1778 693 quantum
1809 623 1864 688 Α
1893 619 2045 676 sicut
2072 624 2128 675 et
2158 620 2309 675 fecit.
2333 620 2374 675 ί]
2402 619 2505 676 Vel
2538 620 2859 678 Consilium
2888 624 3084 676 autem
3111 619 3345 689 Domini
3373 618 3539 675 intel-

155 712 314 767 homo
349 710 521 766 debet
551 710 791 766 laudare
822 709 1027 778 Deum,
1059 711 1211 782 quod
1243 715 1332 766 est
1352 709 1598 783 jubilus.

186 801 214 855 4
283 799 429 868 Quia
455 803 663 854 rectum
691 808 767 855 est
796 800 1019 854 verbum
1044 801 1262 854 Domini
1297 816 1309 854 :

284 890 355 942 Et
382 888 569 941 omnia
597 903 761 957 opera
788 886 905 958 ejus
938 888 997 941 in
1026 886 1149 957 ﬁde.

213 974 251 1031 C
281 974 500 1030 Rectus
531 978 620 1029 est
650 974 845 1046 itaque
876 990 1065 1029 sermo
1086 973 1338 1039 Domini,
1360 974 1431 1030 ad
1453 974 1791 1045 dirigendos

152 1062 361 1120 scilicet
398 1062 689 1129 homines,
712 1061 989 1118 veraciter
1012 1063 1167 1117 enim
1200 1067 1392 1118 rectus
1421 1062 1653 1128 dicitur,
1689 1061 1791 1134 qui

150 1156 327 1208 rectos
360 1150 523 1206 facit.
549 1154 596 1204 Η
634 1150 820 1222 Opera
857 1151 983 1221 ejus
1016 1150 1073 1204 in
1107 1151 1219 1204 lide
1263 1156 1622 1218 sanctorum,
1654 1150 1793 1222 quia

151 1240 297 1313 quod
330 1236 626 1310 promittit
655 1238 808 1293 Deus
840 1239 1058 1294 sanctis
1093 1256 1105 1293 :
1141 1255 1255 1294 non
1288 1238 1584 1294 mentitur.

182 1330 216 1383 5
284 1327 496 1394 Diligit
518 1327 949 1382 misericordiam
977 1334 1027 1381 et
1044 1327 1323 1398 judicium
1354 1344 1366 1381 :

283 1415 659 1470 Misericordia
687 1416 904 1469 Domini
928 1416 1091 1486 plena
1119 1423 1193 1470 est
1218 1424 1386 1483 terra.

220 1506 259 1560 C
289 1502 495 1575 Diligit
527 1501 989 1558 misericordiam
1030 1503 1087 1557 in
1118 1501 1228 1557 hoc
1261 1503 1503 1568 mundo,
1538 1502 1635 1557 ubi
1665 1518 1793 1557 eam

147 1593 314 1666 longe
369 1590 605 1662 lateque
659 1590 1024 1646 disseminat.
1056 1589 1335 1646 Videlicet
1392 1591 1490 1645 ubi
1545 1590 1797 1646 sustinet

148 1685 501 1753 peccatores,
554 1679 654 1734 ubi
712 1676 1090 1750 blasphemos
1149 1678 1430 1750 patienter
1483 1683 1791 1750 exspectat.

143 1768 447 1825 Judicium
484 1784 496 1821 :
532 1784 665 1821 cum
699 1766 825 1838 pios
856 1769 1186 1837 sequestrat
1224 1766 1295 1821 ab
1329 1766 1543 1837 impiis.
1577 1766 1645 1820 Et
1674 1781 1793 1819 me-

145 1858 252 1912 rita
284 1873 501 1913 eorum
527 1853 877 1926 aequalitatis
904 1852 1066 1909 lance
1094 1854 1390 1909 discernit.
1414 1854 1459 1908 II
1506 1853 1680 1907 Plena
1707 1856 1796 1908 est

140 1950 295 2001 terra
329 1960 343 1998 :
382 1947 547 1999 totus
597 1942 873 2009 mundus,
898 1941 983 1997 vel
1032 1941 1302 2006 Ecclesia,
1334 1942 1471 2013 quia
1516 1941 1668 1995 sicut
1697 1938 1794 1996 ille

140 2033 365 2104 ubique
396 2034 511 2094 est,
545 2030 625 2085 ita
652 2027 1049 2083 misericordia
1078 2045 1209 2083 cum
1243 2026 1338 2083 illo
1369 2034 1457 2084 est
1485 2028 1721 2099 ubique.

166 2123 201 2178 6
289 2119 473 2176 Verbo
500 2118 719 2174 Domini
744 2118 865 2171 caeli
889 2119 1101 2187 firmati
1126 2119 1255 2171 sunt
1288 2133 1301 2170 :

277 2209 351 2262 Et
381 2207 609 2277 Spiritu
638 2205 748 2259 oris
769 2205 886 2275 ejus
915 2205 1091 2259 omnis
1120 2205 1293 2260 virtus
1320 2221 1522 2261 eorum.

206 2296 251 2352 H
283 2296 326 2350 Ο
358 2294 556 2349 Verbo
601 2292 847 2359 Domini,
881 2290 988 2347 hoc
1031 2296 1120 2347 est
1148 2310 1181 2348 a
1216 2292 1351 2348 Filio
1392 2294 1512 2358 Dei,
1539 2293 1667 2348 coeli
1699 2292 1795 2349 ﬁr-

145 2384 281 2445 mati
338 2385 509 2448 sunt,
543 2381 601 2435 id
650 2385 739 2436 est
790 2380 1121 2453 apostoli.C
1150 2381 1366 2453 Spiritu
1425 2382 1562 2447 oris,
1599 2382 1797 2453 utique

142 2473 375 2545 quando
398 2469 664 2542 Spiritus
701 2473 940 2524 sanctus
967 2486 1169 2523 eorum
1193 2470 1516 2526 doctrinam
1541 2469 1795 2525 declara-

139 2558 216 2615 vit
244 2559 438 2633 signis
473 2562 532 2612 et
565 2555 1100 2612 miraculis.Virtus
1125 2557 1305 2623 enim,
1330 2562 1387 2612 et
1415 2558 1484 2613 ad
1520 2556 1798 2613 miracula

147 2647 414 2719 pertinet,
452 2649 513 2700 et
548 2645 620 2700 ad
652 2644 1119 2716 praedicationem
1150 2661 1372 2701 eorum.

170 2738 203 2788 7
278 2737 640 2803 Congregans
668 2735 808 2788 sicut
838 2734 897 2786 in
926 2741 1103 2788 utrem
1134 2750 1305 2806 aquas
1332 2736 1503 2790 maris
1534 2752 1547 2789 :

274 2828 500 2879 Ponens
534 2822 598 2877 in
629 2822 901 2876 thesauris
930 2821 1168 2893 abyssos.

206 2910 247 2966 (ἶ
276 2909 419 2967 Uter
448 2914 547 2965 est
580 2913 822 2964 exutum
872 2908 1096 2981 pecoris
1150 2914 1376 2981 tergus;
1409 2911 1562 2982 quod
1596 2910 1801 2965 usibus

142 2997 417 3055 humanis
440 2998 707 3054 deservit
724 2997 798 3053 ad
821 2994 1077 3069 liquores
1094 2996 1321 3069 aliquos
1341 2998 1798 3071 congregandos,

140 3090 193 3139 et
211 3084 303 3141 hic
324 3091 461 3141 uter
487 3082 770 3141 Ecclesiae
792 3089 1128 3156 comparatu
1140 3085 1329 3156 r,quia
1350 3086 1501 3140 sicut
1522 3086 1630 3140 iste
1651 3102 1803 3140 com-

144 3172 408 3243 plectitur
426 3173 722 3246 liquores,
738 3172 821 3227 ita
836 3177 893 3227 et
908 3171 1068 3228 illam
1087 3173 1497 3229 adunationem
1516 3174 1803 3229 credentis

144 3261 334 3333 pepuli
368 3261 655 3318 includit.
687 3262 856 3332 Aqua
885 3260 1064 3317 maris
1096 3260 1376 3332 p0pulum
1407 3261 1801 3316 Christianum

143 3349 448 3420 signiﬁcat.
474 3349 525 3404 Η
552 3350 597 3404 C
617 3348 785 3404 Ponit
806 3348 864 3402 in
889 3347 1198 3414 thesauris,
1219 3348 1275 3403 id
1297 3352 1386 3403 est
1404 3348 1463 3403 in
1487 3348 1801 3421 Scripturis

144 3436 371 3494 divinis.
404 3438 704 3510 Abyssos,
736 3436 795 3490 id
829 3439 920 3490 est
948 3435 1399 3507 profunditatem
1431 3453 1730 3493 sensuum.

173 3526 203 3577 8
277 3526 493 3581 Timeat
524 3525 829 3581 Dominum
857 3526 1033 3578 omnis
1063 3532 1210 3579 terra
1242 3541 1255 3579 :

268 3614 350 3669 Ab
378 3630 445 3670 eo
474 3622 676 3670 autem
726 3620 1168 3667 commoveantur
1212 3629 1395 3668 omnes
1438 3613 1806 3670 inhabitantes

342 3703 561 3757 orbem.

205 3788 243 3842 C
270 3788 375 3846 Hic
408 3794 579 3847 terra
612 3790 834 3845 durum
868 3788 1160 3862 significat
1189 3806 1291 3860 per
1318 3789 1514 3845 omnia
1544 3794 1804 3862 peccato-

141 3890 271 3943 rem,
295 3878 400 3949 qui
436 3878 667 3935 merito
698 3882 855 3932 terra
896 3877 1129 3944 dicitur,
1154 3879 1293 3948 quia
1321 3883 1549 3934 tantum
1582 3884 1809 3934 terrena

143 3961 338 4038 diligit.
368 3965 417 4021 Η
451 3966 967 4023 Commoveantur
997 3981 1223 4031 omnes,
1246 3966 1302 4020 id
1335 3971 1422 4021 est
1450 3967 1520 4021 de
1558 3966 1807 4022 infideli-

143 4054 248 4107 tate
271 4055 344 4109 ad
372 4054 830 4111 credulitatem.
859 4054 928 4108 Et
952 4052 1137 4119 aliter,
1161 4053 1221 4108 in
1244 4054 1625 4111 admiratione
1648 4055 1810 4112 Crea-

146 4140 273 4195 toris
302 4147 600 4199 creatura:
634 4140 829 4213 ipsius
860 4145 1159 4196 commotae
1192 4146 1347 4197 sunt.

174 4226 205 4279 9
274 4230 563 4299 Quoniam
595 4232 721 4302 ipse
749 4230 895 4285 dixit
921 4233 973 4285 et
1000 4231 1147 4299 facta
1175 4237 1301 4284 sunt
1327 4246 1341 4284 :

274 4320 390 4390 Ipse
418 4320 738 4376 mandavit
764 4322 817 4374 et
840 4325 1021 4374 creata
1048 4325 1174 4373 sunt
1206 4335 1219 4371 :

209 4404 583 4470 HQuoniam
653 4407 785 4478 ipse
842 4406 1006 4474 dixit,
1041 4406 1175 4461 Ideo
1230 4406 1422 4478 ipsum
1480 4412 1688 4465 cuncta
1741 4409 1813 4463 ti-

153 4499 349 4562 meant,
384 4496 536 4568 quia
568 4496 654 4552 ab
687 4496 818 4568 ipso
850 4494 1001 4550 facta
1032 4499 1169 4549 sunt
1196 4500 1409 4550 creata.

156 4580 210 4633 10
271 4586 545 4642 Dominus
578 4585 830 4655 dissipat
856 4585 1089 4639 consilia
1118 4585 1363 4651 gentium
1396 4601 1407 4638 :
1437 4586 1687 4656 reprobat
1715 4603 1814 4642 au-

341 4681 453 4728 tem
485 4673 870 4742 cogitationes
894 4672 1222 4742 populorum
1254 4687 1267 4724 :

274 4767 327 4826 -}-
364 4764 431 4817 Et
476 4769 491 4827 ζ
539 4761 818 4833 reprobat
847 4760 1077 4814 consilia
1104 4761 1444 4831 principum.

1847 4696 1895 4760 D

1894 708 2135 781 ligimus
2164 708 2579 765 incarnationis
2608 726 2906 779 arcanum,
2940 709 3198 782 quodad
3227 707 3537 763 consulen-

1897 797 2038 852 dum
2067 796 2323 853 humano
2366 797 2561 870 generi
2590 803 2816 853 constat
2847 814 2976 853 esse
3023 813 3385 869 concessum.
3419 792 3537 861 Hoc

1896 883 2058 940 nulla
2086 888 2250 941 aetate
2280 884 2634 953 dissolvitur,
2658 886 2758 941 sed
2790 890 2988 941 manet
3017 885 3076 940 in
3099 888 3401 941 aeternum.
3425 884 3473 937 A
3496 881 3538 937 C

1897 971 2286 1043 Cogitationes
2316 972 2505 1028 cordis
2543 974 2670 1044 ejus
2708 972 3043 1044 signiﬁcant
3084 970 3537 1043 praedestinatioo

1898 1076 2053 1127 nem,
2080 1060 2137 1115 in
2161 1078 2277 1132 qua
2295 1066 2506 1116 cuncta
2526 1060 2778 1133 reposita
2798 1065 2936 1115 sunt
2957 1077 3083 1132 quis
3105 1063 3447 1133 permanent
3476 1058 3535 1111 in

1898 1152 2200 1203 aeternum.
2224 1150 2457 1204 [Eterna
2493 1148 2672 1221 igitur
2717 1153 3052 1204 sanctorum
3086 1146 3535 1220 praedestinatio,

1900 1235 2281 1309 cogitationes
2311 1235 2501 1292 cordis
2530 1237 2657 1307 ejus
2689 1236 2979 1292 dicuntur.

1900 1344 1971 1397 42
2042 1342 2210 1397 Beata
2238 1358 2368 1412 gens
2395 1341 2551 1412 cujus
2578 1350 2656 1396 est
2684 1343 2944 1397 Dominus
2971 1343 3109 1397 Deus
3138 1341 3255 1411 ejus
3289 1355 3303 1394 :

2041 1431 2279 1501 Populus
2305 1446 2463 1501 quem
2487 1431 2650 1500 elegit
2683 1431 2741 1484 in
2771 1429 3140 1485 hereditatem
3164 1430 3291 1485 sibi.

1972 1517 2013 1571 C
2041 1518 2173 1588 Ipsa
2197 1516 2396 1589 utique
2425 1533 2568 1590 gens
2597 1518 2763 1572 beata
2785 1521 2893 1584 est,
2917 1534 2952 1571 a
2972 1532 3087 1588 qua
3103 1516 3387 1573 Dominus
3407 1514 3543 1572 coli-

1902 1610 2016 1673 tur,
2042 1604 2138 1677 qui
2162 1621 2291 1659 eam
2315 1606 2563 1677 protegit
2581 1621 2645 1659 ac
2665 1604 2971 1676 gubernat.
2996 1603 3253 1675 Populus
3273 1594 3561 1660 Christia-~

1903 1710 2012 1747 nus
2043 1693 2350 1748 hiereditas
2380 1692 2589 1748 Christi
2642 1698 2748 1760 est,
2783 1692 2921 1763 quia
2965 1708 3099 1747 eum
3147 1695 3361 1747 auctor
3397 1707 3540 1747 suus

1902 1782 2177 1853 possidet,
2203 1797 2375 1851 quem
2421 1780 2927 1852 praadicationibus
2957 1780 3176 1835 sanctis
3203 1782 3261 1835 et
3288 1778 3541 1851 pretioso

1900 1868 2183 1941 sanguine
2211 1869 2539 1939 acquisivit.

1822 1983 1869 2047 Β
1901 1973 1968 2029 l3
2038 1976 2113 2029 De
2140 1974 2270 2029 cado
2300 1976 2536 2046 respexit
2560 1976 2841 2040 Dominus,

2051 2062 2193 2118 Vidit
2220 2078 2402 2117 omnes
2428 2063 2570 2132 ﬁlios
2599 2063 2900 2118 hominum.

1974 2150 2015 2206 C
2044 2150 2123 2205 De
2152 2149 2290 2206 coelo
2319 2150 2572 2222 respexit
2599 2150 2900 2219 Dominus,
2915 2150 3147 2223 quando
3173 2150 3410 2206 donavit
3438 2151 3540 2205 ad-

1902 2242 2139 2295 ventum
2171 2238 2387 2311 proprii
2418 2239 2566 2293 Filii.
2588 2238 2765 2306 Vidit,
2785 2239 3075 2311 significat
3094 2238 3341 2312 gratiam
3370 2239 3545 2294 mise-

1906 2326 2104 2383 rentis.
2125 2326 2299 2383 Filios
2318 2326 2647 2382 hominum.
2667 2326 2712 2382 H
2735 2327 2796 2382 Id
2817 2331 2907 2383 est
2925 2330 3255 2399 peccatores
3275 2325 3539 2394 absolvit,

1906 2414 2046 2486 quia
2083 2431 2386 2486 nunquam
2434 2418 2732 2485 respectus
2779 2414 2907 2484 ejus
2964 2413 3089 2469 sine
3145 2411 3544 2470 misericordia

1907 2502 2035 2557 fuit.
2068 2503 2108 2558 C
2137 2503 2281 2557 Nota
2306 2519 2458 2569 vero,
2483 2503 2635 2574 quod
2666 2502 2807 2556 dum
2851 2502 3005 2557 Deus
3032 2501 3247 2556 dicitur
3288 2502 3348 2557 in
3390 2500 3544 2556 Scri.

1906 2589 2094 2661 pturis
2148 2590 2430 2662 respicere
2460 2594 2711 2662 peccata,
2745 2591 2942 2661 punit;
2990 2606 3122 2645 cum
3168 2606 3301 2646 vero
3353 2588 3540 2645 homi-

1907 2694 2064 2745 nem,
2095 2677 2356 2733 absolvit.

1911 2783 1975 2836 14
2046 2786 2118 2837 De
2141 2791 2451 2854 praeparato
2475 2783 2785 2839 habitacula
2808 2799 2902 2839 suo
2934 2801 2947 2839 :

2050 2872 2300 2942 Respexit
2326 2888 2488 2944 super
2517 2888 2697 2928 omnes
2722 2874 2820 2944 qui
2846 2872 3096 2928 habitant
3126 2879 3345 2928 terram.

1979 2959 2021 3014 C
2050 2959 2129 3015 De
2158 2966 2473 3032 praeparato
2512 2960 2861 3028 habitaculo,
2885 2960 2942 3016 id
2978 2964 3086 3027 est,
3111 2961 3180 3016 de
3211 2960 3405 3015 futuro
3432 2958 3542 3015 Do-

1911 3047 2056 3103 mini
2086 3048 2342 3120 COrpore,
2367 3050 2518 3120 quod
2541 3054 2927 3121 praeparatum
2957 3049 3016 3103 in
3046 3048 3550 3121 praedestinatione

1912 3135 2117 3191 fuerat.
2155 3136 2426 3207 Respexit
2464 3153 2641 3208 super
2684 3153 2909 3204 omnes,
2942 3138 3002 3192 id
3031 3141 3121 3191 est
3149 3136 3456 3208 disposuit,
3488 3140 3555 3191 ut

1912 3223 2263 3295 periclitanti
2295 3224 2513 3279 mundo
2543 3224 2739 3295 (quem
2769 3224 3137 3296 disposuerat
3176 3224 3384 3295 facere)
3415 3225 3552 3279 sub-

1830 3338 1873 3405 C
1909 3310 2145 3367 veniret.

1916 3417 1982 3470 15
2056 3417 2161 3484 Qui
2186 3416 2351 3487 ﬁnxit
2378 3417 2709 3488 singillatim
2736 3415 2899 3472 corda
2925 3433 3111 3472 eorum
3144 3432 3158 3473 :

2053 3506 2164 3575 Qui
2189 3506 2455 3574 intelligit
2482 3505 2666 3561 omnia
2694 3520 2854 3577 opera
2881 3521 3087 3562 eorum.

1981 3595 2022 3649 C
2043 3593 2233 3648 Finxit
2251 3593 2424 3648 corda
2453 3591 2668 3664 quibus
2692 3591 3084 3666 intelligentiae
3107 3611 3224 3650 sue
3254 3596 3407 3651 dona
3433 3594 3546 3651 lar-

1912 3682 2069 3755 gitus
2099 3687 2203 3737 est.
2229 3680 2603 3753 Singillatim,
2626 3680 2685 3737 id
2712 3686 2799 3738 est
2828 3682 3057 3739 divisim
3084 3683 3173 3740 v‘el
3202 3683 3547 3755 distinctim,

1913 3770 2088 3826 corda
2108 3785 2330 3835 eorum,
2355 3768 2572 3825 scilicet
2602 3774 2935 3826 sanctorum
2958 3772 3069 3827 sub
3089 3772 3320 3828 Domini
3350 3774 3555 3829 timore

1913 3858 2251 3913 viventium.
2278 3856 2573 3929 Intelligit,
2599 3859 2833 3929 quando
2855 3860 3081 3915 actibus
3111 3860 3395 3916 bonorum
3420 3878 3560 3933 prae-

1916 3946 2035 4002 mia
2064 3946 2241 4019 digna
2270 3945 2547 4001 restituit.
2581 3946 2790 4002 Omnia
2819 3964 3013 4019 opera,
3045 3948 3103 4003 id
3144 3954 3233 4003 est
3261 3950 3559 4022 cogitatio-

1917 4050 2041 4104 nes,
2072 4034 2245 4101 dicta,
2278 4038 2336 4089 et
2364 4034 2533 4088 facta.

1920 4123 1986 4178 16
2057 4125 2181 4177 Νοη
2209 4122 2453 4176 salvatur
2477 4136 2578 4176 rex
2600 4137 2699 4193 per
2725 4123 2955 4178 multam
2982 4126 3239 4178 virtutem
3271 4141 3285 4181 :

2059 4211 2124 4266 Et
2148 4211 2299 4280 gigas
2335 4225 2445 4264 non
2488 4211 2788 4266 salvabitur
2835 4228 2897 4265 in
2941 4211 3297 4268 multitudine
3341 4213 3558 4268 virtutis

2147 4302 2399 4364 ’ἓδωῖ

1991 4386 2033 4442 C
2064 4387 2275 4458 Regem
2298 4385 2458 4453 dicit,
2482 4384 2777 4440 hominem
2800 4381 3213 4459 continentem,
3236 4387 3335 4459 qui
3357 4404 3561 4461 quam-

1921 4475 2009 4531 vis
2038 4477 2199 4547 regat
2241 4490 2450 4545 corpus
2499 4490 2674 4527 suum
2723 4473 3092 4530 miseratione
3120 4475 3315 4532 divina
3343 4494 3378 4532 a
3405 4476 3562 4533 vitiis

1924 4569 2117 4619 tamen
2155 4560 2487 4617 carnalibus
2519 4560 2715 4617 salvus
2762 4562 2886 4618 ﬁeri
2934 4579 3049 4618 non
3094 4568 3301 4634 potest,
3325 4565 3465 4620 dum
3491 4566 3564 4620 de

1926 4669 2035 4708 sua
2052 4651 2263 4708 virtute
2284 4646 2739 4722 prmsumpserit.
2762 4651 3045 4707 Eumdem
3068 4651 3243 4709 etiam
3266 4652 3564 4726 gigantem

1926 4740 2051 4797 vult
2080 4738 2347 4812 intelligi,
2375 4738 2474 4811 qui
2497 4738 2778 4794 virtutum
2810 4738 3211 4811 magnitudine
3240 4741 3564 4810 roboratus,

213 4843 250 4897 C
277 4818 571 4906 Dominus
602 4818 941 4919 ldissipavit
983 4818 1228 4903 consilia
1270 4818 1555 4919 gentium,
1588 4852 1822 4922 quando
1931 4833 2132 4922 θοηίῖδ
2154 4828 2586 4922 immanitate}?
2617 4827 2830 4922 diu)?“
2862 4828 3371 4922 dimicat_f:°rtiter-
3407 4829 3470 4922 Et
3498 4818 3565 4922 Ῑξέ

161 4945 242 4987 eas
268 4934 322 4991 in
353 4937 672 4995 idolorum
699 4935 934 4991 cultura
965 4953 1079 4991 non
1102 4935 1327 4991 dimisit
1348 4936 1570 4994 diutius
1600 4956 1824 5010 perma-

1931 4922 2022 4973 cet
2043 4918 2126 4972 sic
2147 4917 2369 4972 fortiter
2404 4916 2696 4988 conﬂigat,
2718 4916 2767 4972 si
2800 4922 2996 4972 tamen
3035 4915 3371 4973 sublevatus
3401 4917 3574 4974 fuerit

166 5035 294 5078 nere.
340 5025 387 5081 Η
448 5027 773 5100 Reprobat
829 5025 1213 5097 cogitationes
1270 5002 1716 5083 Sadducaeorum
1769 5032 1826 5084 et
1931 5006 2068 5100 Ῡῇίο
2098 5004 2400 5100 superbia»
2429 5002 2624 5100 εθιῙῩυε
2653 5020 2781 5100 θεὲ
2825 5022 2940 5100 ξλοη
2978 5005 3206 5100 Ροξθῗίίῖο
3240 5004 3411 5100 Gigas
3439 5022 3573 5063 νενσ

170 5104 597 5182 Pharisaeorum,
632 5113 736 5170 vel
785 5112 1143 5184 reliquarum
1187 5118 1542 5184 potestatum
1591 5132 1822 5187 genera.

171 5194 393 5258 Consilia
439 5204 808 5277 principum
842 5204 1020 5256 Annae
1050 5206 1107 5257 et
1134 5200 1381 5273 Caiphae,
1408 5218 1657 5273 quorum
1700 5221 1827 5261 om-

174 5284 310 5344 nium
339 5291 671 5349 consilium
724 5304 968 5360 semper
997 5288 1056 5343 in
1089 5287 1240 5344 malo
1273 5288 1400 5357 fuit,
1437 5291 1588 5360 quod
1640 5290 1830 5347 Domi-

177 5386 265 5429 nus
291 5381 664 5454 resurgendo
697 5376 1019 5434 destruxit.

183 5460 229 5513 tt
290 5468 603 5526 omnium
637 5474 702 5535 .1—
749 5472 943 5521 autem
982 5470 996 5529 ζ
1030 5464 1245 5520 Domini
1264 5466 1321 5519 in
1342 5474 1607 5522 aeternum
1626 5477 1831 5535 manet.

295 5555 660 5628 Cogitationes
691 5554 886 5612 cordis
916 5553 1035 5625 ejus
1064 5554 1123 5607 iu
1156 5555 1501 5621 generatione
1527 5563 1578 5610 et
1603 5573 1832 5626 genera-

358 5648 582 5704 tionem.

1935 5095 2348 5166 interpretatur
2393 5094 2683 5163 terrigena.
2715 5092 2784 5148 Et
2821 5093 2981 5163 juste
3020 5092 3202 5149 virtus
3249 5094 3509 5151 humana
3539 5113 3574 5151 a

1934 5181 2050 5237 Deo
2080 5179 2387 5249 deseritur,
2413 5180 2647 5250 quando
2678 5180 2878 5236 datum
2901 5181 3141 5250 bonum,
3166 5198 3283 5239 non
3313 5182 3574 5255 largitori

1936 5269 2072 5339 Deo,
2104 5270 2203 5325 sed
2236 5266 2487 5339 propriis
2517 5268 2737 5324 viribus
2768 5269 3111 5341 applicatur.

1941 5376 2006 5430 17
2078 5374 2275 5428 Fallax
2304 5389 2472 5444 equus
2501 5372 2569 5427 ad
2595 5374 2826 5430 salutem
2860 5393 2873 5431 :

2078 5463 2141 5518 In
2171 5461 2508 5516 abundantia
2549 5466 2734 5518 autem
2769 5465 2991 5521 virtutis
3020 5472 3075 5532 ἐς
3110 5479 3228 5522 suae
3269 5466 3288 5535 ζ
3325 5480 3436 5521 non
3462 5463 3580 5518 sat-

2147 5549 2386 5605 vabitur.
3276 5558 3283 5563 ’

2011 5638 2052 5694 C
2082 5638 2309 5710 Equum
2341 5638 2505 5710 ponit
2549 5657 2652 5713 pro
2702 5640 2975 5699 felicitate
3017 5641 3294 5707 humana,
3319 5654 3446 5712 quae
3472 5635 3577 5691 ho-

247 5729 284 5789 Ε
307 5735 631 5796 Consilium
667 5729 922 5792 Domini
943 5728 1055 5785 fuit
1075 5732 1140 5787 ut
1164 5734 1489 5804 resurgeret
1508 5747 1540 5786 a
1562 5733 1829 5806 mortuis,
1941 5728 2130 5788 mines
2159 5726 2242 5787 sic
2272 5730 2463 5802 portat
2491 5732 2548 5785 et
2592 5729 2802 5804 accipit
2834 5769 2849 5799 ,
2872 5728 3227 5798 sicutequus
3256 5726 3447 5782 fallax.
3479 5720 3580 5777 Ille
