3936 6424
303 491 412 552 M3

1207 493 1270 553 S.
1317 493 1712 556 BRUNONIS
1758 492 2381 555 HERBIPOLENSIS
2428 495 2808 556 EPISCOPI.

3608 495 3719 556 LM

294 622 474 692 enim,
498 623 640 678 dum
667 623 889 696 appetit
909 640 1169 698 campos,
1194 625 1337 681 solet
1363 627 1628 683 incautos
1658 627 1854 684 fallere
1887 627 1944 682 in
1975 628 2028 695 Α
2098 627 2119 680 1
2203 629 2526 683 Benedieam
2557 630 2847 684 Dominum
2877 629 2933 683 in
2965 630 3118 686 omni
3141 632 3380 702 tempore
3411 645 3424 684 :

297 728 362 766 se
389 719 836 785 praesumentes,
873 714 999 771 ideo
1032 716 1247 772 dicitur
1277 716 1449 773 fallax
1479 735 1687 790 equus.

299 801 366 854 18
437 801 570 857 Ecce
599 803 748 858 oculi
772 805 992 860 Domini
1017 823 1179 878 super
1203 815 1496 862 metuentes
1524 824 1649 862 eum
1683 824 1695 861 :

454 897 510 956 ~5-
537 893 606 948 Et
642 893 704 947 in
749 895 828 949 eis
891 899 905 960 ξ
949 897 1048 968 qui
1090 905 1308 970 sperant
1358 915 1521 970 super
1572 897 1951 954 misericordia

509 983 644 1054 ejus.

368 1068 409 1126 C
439 1070 587 1144 Ergo
618 1071 770 1128 oculi
803 1074 1030 1130 Domini
1071 1080 1212 1132 sunt
1261 1094 1436 1151 super
1483 1079 1758 1133 timentes
1789 1094 1946 1144 cum,

298 1158 437 1231 quia
465 1175 564 1216 eos
605 1163 876 1236 protegit,
910 1181 1057 1236 quos
1114 1183 1176 1222 se
1232 1166 1438 1224 timere
1485 1168 1806 1240 cognoscit.
1841 1167 1948 1231 Qui

296 1251 435 1304 sunt
463 1249 618 1306 enim
644 1250 918 1308 timentes
943 1253 1127 1310 Deum
1150 1256 1404 1329 exponit,
1438 1257 1496 1312 id
1527 1263 1614 1313 est
1645 1261 1947 1330 sperantes

294 1337 354 1392 in
385 1338 784 1398 misericordia
812 1343 961 1415 ejus.

293 1426 362 1484 49
435 1430 498 1487 Ut
528 1439 686 1488 eruat
711 1449 746 1486 a
773 1441 946 1489 morte
974 1436 1190 1490 animas
1219 1453 1406 1491 eorum
1441 1454 1452 1492 :

429 1519 506 1574 Et
531 1521 650 1576 alat
677 1537 764 1576 eos
795 1523 851 1577 in
883 1526 1050 1594 fame.

359 1606 401 1662 C
431 1607 598 1665 Eruit
628 1626 662 1664 a
694 1615 878 1667 morte
921 1613 1152 1669 animas
1173 1615 1496 1684 justorum,
1531 1633 1664 1671 cum
1716 1632 1814 1672 eas
1864 1621 1950 1671 tu-

289 1693 358 1750 lit
385 1695 457 1751 de
507 1701 792 1768 potestate
839 1700 1148 1758 diabolica.
1181 1702 1538 1759 Alimentum
1583 1705 1803 1760 dictum
1837 1710 1944 1769 est,

291 1784 460 1856 quasi
517 1789 716 1842 mentis
767 1791 1186 1846 nutrimentum.
1223 1793 1284 1847 ln
1346 1795 1498 1849 fame
1556 1795 1711 1849 enim
1774 1782 1946 1868 positi

291 1877 450 1940 sunt,
477 1875 578 1947 qui
611 1892 672 1930 se
703 1876 1026 1934 cmlestium
1055 1896 1249 1936 rerum
1283 1883 1570 1938 desiderio
1599 1900 1828 1957 semper
1859 1902 1945 1940 ac-

290 1962 571 2020 cendunt.

289 2051 362 2105 20
433 2054 634 2110 Anima
662 2061 848 2113 nostra
876 2060 1105 2115 sustinet
1135 2062 1427 2116 Dominum
1456 2081 1475 2118 .-

434 2141 705 2212 Quoniam
733 2147 954 2218 adjutor
979 2153 1033 2204 et
1056 2155 1332 2221 protector
1358 2157 1541 2208 noster
1566 2161 1662 2208 est.

361 2234 400 2285 C
428 2231 574 2288 Cum
622 2234 780 2304 dicit,
805 2236 1004 2293 anima
1051 2245 1250 2296 nostra
1301 2241 1571 2308 sustinet,
1602 2243 1942 2313 patientiam

289 2319 583 2394 signiﬁcat
612 2322 946 2394 Christiani,
973 2327 1092 2384 haec
1123 2330 1433 2386 conﬁrmat
1463 2349 1668 2387 omnes
1699 2332 1944 2388 virtutes

287 2409 344 2464 in
377 2410 633 2468 homine.
666 2415 915 2486 Adjutor
943 2421 1050 2486 est,
1074 2419 1216 2473 dum
1259 2421 1328 2474 ad
1373 2437 1508 2476 eum
1542 2420 1728 2494 ipsius
1755 2424 1944 2496 gratia

287 2515 569 2556 conamur
609 2505 902 2560 accedere.
937 2505 1252 2575 Protector,
1287 2509 1428 2564 dum
1476 2511 1810 2567 resistimus
1841 2512 1942 2566 ad-

288 2603 562 2645 VBPSEHO.

287 2677 350 2730 21
431 2679 570 2746 Quia
603 2681 660 2735 in
690 2697 750 2736 eo
782 2683 1063 2740 laetabitur
1088 2702 1182 2740 cor
1208 2691 1460 2742 nostrum
1485 2708 1504 2742 :

429 2769 494 2822 Et
525 2769 582 2823 in
615 2773 838 2827 nomine
865 2778 1051 2829 sancto
1083 2776 1201 2846 ejus
1227 2779 1586 2847 speravimus.

362 2855 407 2911 Η
441 2856 756 2915 Laetabitur
779 2878 878 2916 cor
909 2867 1196 2931 nostrum,
1223 2865 1279 2920 id
1310 2871 1398 2920 est
1420 2868 1617 2924 anima
1647 2876 1841 2925 nostra
1873 2873 1944 2926 de

289 2961 391 3016 spe
412 2945 619 3003 futura:
642 2952 1154 3010 remunerationis.
1175 2955 1396 3011 Nomen
1421 2958 1606 3014 Patris
1629 2960 1810 3016 Filius
1831 2967 1940 3028 est,

288 3033 346 3088 in
381 3051 555 3106 quem
589 3055 822 3111 semper
850 3058 1086 3113 sperare
1116 3044 1422 3102 debemus.

283 3124 356 3176 22
428 3126 551 3182 Fiat
580 3128 958 3188 misericordia
989 3135 1101 3201 tua,
1133 3135 1382 3201 Domine,
1413 3153 1577 3209 super
1604 3156 1701 3194 nos
1729 3158 1752 3194 .·

429 3214 888 3284 Quemadmodum
916 3224 1255 3293 speravimus
1285 3226 1346 3280 in
1375 3229 1446 3281 te.

355 3302 399 3358 Η
434 3303 852 3382 Unusquisque
883 3315 1198 3384 antequam
1233 3320 1426 3371 cantet
1465 3317 1648 3372 istum
1680 3336 1936 3390 versum,

2203 715 2424 786 Semper
2452 716 2570 771 laus
2599 716 2715 787 ejus
2745 718 2802 771 in
2833 733 2926 773 ore
2954 734 3090 773 meo.

2131 803 2176 860 ΙΙ
2209 803 2354 859 Cum
2388 821 2449 860 se
2480 805 2621 860 dicit
2652 805 2836 861 Deum
2865 805 3208 864 benedicere
3237 805 3397 863 omni
3428 809 3716 881 tempore,

2059 891 2228 948 docet
2257 910 2363 949 nos
2396 910 2497 948 nec
2531 893 2587 949 in
2624 894 2882 951 adversis
2924 895 3326 966 succumbere,
3359 912 3465 954 nec
3495 895 3554 952 in
3587 912 3722 971 pro-

2060 981 2247 1054 speris
2269 981 2486 1038 extolli.
2511 985 2550 1036 C
2581 999 2814 1056 semper
2832 987 2922 1040 est
2939 982 3070 1039 laus
3090 983 3188 1040 Dei
3222 983 3280 1040 in
3304 1001 3403 1040 ore
3432 981 3718 1050 hominis,

2059 1070 2295 1142 quando
2317 1071 2457 1128 talia
2476 1070 2562 1127 vel
2587 1073 2806 1145 cogitat
2825 1077 2928 1130 aut
2956 1072 3235 1147 loquitur,
3255 1077 3320 1128 ut
3340 1072 3502 1130 nulla
3521 1073 3720 1130 redar-

2057 1160 2299 1233 gutione
2337 1159 2623 1234 culpetur.
2651 1162 2804 1218 Laus
2828 1179 2962 1219 vero
2991 1179 3026 1220 a
3055 1164 3212 1219 tauro
3258 1162 3413 1220 dicta
3440 1167 3548 1232 est,
3583 1179 3715 1237 quae

2059 1248 2284 1305 solebat
2313 1267 2590 1308 coronare
2616 1252 2882 1309 victores.

2093 1342 2129 1394 2
2200 1341 2262 1395 In
2289 1343 2518 1397 Domino
2547 1342 2866 1398 laudabitur
2897 1344 3088 1400 anima
3114 1360 3236 1400 mea
3270 1360 3283 1400 :

2199 1430 2438 1486 Audiant
2466 1433 2741 1487 mansueti
2768 1439 2820 1487 et
2847 1433 3126 1489 laetentur.

2131 1519 2172 1572 C
2199 1519 2361 1575 Tunc
2393 1521 2550 1575 enim
2583 1519 2946 1594 gloriﬁcatur
2981 1521 3172 1578 ﬁdelis
3219 1539 3442 1592 servus,
3476 1523 3715 1596 quando

2059 1607 2414 1664 laudabilem
2447 1610 2759 1664 Dominum
2800 1610 3012 1666 habere
3043 1612 3433 1684 cognoscitur.
3457 1612 3716 1668 Audiant

2061 1698 2378 1765 mansueti,
2407 1697 2452 1753 H
2487 1699 2542 1753 id
2585 1703 2673 1754 est
2723 1699 2930 1754 sancti.
2965 1699 3005 1754 C
3037 1699 3143 1764 Qui
3175 1699 3456 1755 charitate
3503 1701 3712 1774 praeci-

2058 1803 2172 1858 pua
2205 1787 2468 1842 omnium
2503 1804 2697 1844 rerum
2732 1787 2946 1843 habere
2986 1787 3431 1862 temperantiam
3465 1807 3710 1848 consue-

2057 1879 2286 1930 verunt.
3127 1895 3135 1901 '

1975 2005 2024 2070 Β
2093 1965 2128 2019 3
2200 1967 2542 2038 Magni/icate
2572 1969 2861 2023 Dominum
2889 1984 3098 2022 mecum
3135 1985 3147 2024 :

2197 2055 2264 2109 Et
2290 2056 2595 2112 exaltemus
2623 2073 2817 2112 nomen
2849 2057 2965 2128 ejus
2996 2057 3056 2112 in
3085 2057 3341 2130 idipsum.

2126 2145 2166 2200 C
2196 2143 2377 2200 Vocat
2417 2145 2675 2202 Ecclesia
2718 2145 2948 2215 fratres,
2980 2146 3250 2203 hortatur
3295 2147 3542 2221 populos
3571 2149 3709 2206 obe-

2055 2230 2302 2299 dientes,
2327 2238 2390 2289 ut
2421 2251 2630 2290 nomen
2662 2234 2893 2290 Domini
2917 2233 3172 2308 gloriosa
3193 2237 3467 2293 societate
3488 2239 3712 2311 magni-

2055 2319 2247 2392 ﬁcent,
2273 2339 2344 2377 ne
2374 2322 2525 2379 inter
2544 2324 2737 2379 ofﬁcia
2761 2323 3088 2380 sanctitatis
3109 2325 3470 2382 detestabilis
3492 2326 3714 2384 invidia

2055 2411 2390 2468 misceatur.
2424 2413 2764 2469 Exaltamus
2793 2430 3006 2469 nomen
3049 2414 3178 2486 ejus
3220 2414 3279 2470 in
3331 2415 3610 2488 idipsum.
3645 2417 3708 2473 In

2053 2499 2310 2572 idipsum
2345 2501 2638 2574 signiﬁcat
2667 2501 3022 2574 compositos
3047 2503 3276 2572 choros,
3303 2504 3537 2576 quando
3560 2507 3713 2578 psal-

2055 2591 2312 2646 modiam
2352 2590 2582 2646 Domini
2631 2591 2859 2647 alterna
2887 2592 3001 2648 sibi
3051 2593 3420 2649 successione
3467 2611 3710 2668 respon-

2053 2680 2211 2736 dent.

2091 2771 2121 2823 4
2195 2771 2485 2842 Erquisivi
2511 2772 2802 2828 Dominum
2830 2775 2882 2826 et
2910 2772 3193 2828 exaudivit
3219 2789 3308 2830 me
3335 2789 3348 2828 :

2195 2861 2260 2914 Et
2289 2877 2360 2915 ea-
2387 2862 2637 2915 omnibus
2669 2861 3119 2917 tribulationibus
3146 2864 3284 2917 meis
3311 2863 3515 2935 eripuit
3543 2881 3630 2920 me
3653 2881 3666 2919 :

2123 2950 2165 3005 C
2199 2949 2487 3022 Exquisivi
2537 2950 2869 3006 Dominum.
2899 2968 3014 3007 non
3054 2950 3228 3024 longo
3281 2953 3469 3024 spatio
3516 2957 3707 3010 terra-

2053 3056 2206 3106 rum,
2233 3040 2333 3094 sed
2377 3038 2436 3094 in
2467 3040 2640 3096 corde
2671 3057 2820 3108 meo,
2845 3040 2915 3096 Et
2957 3040 3251 3096 exaudivit
3279 3057 3391 3109 me,
3425 3043 3703 3114 quoniam

2051 3128 2386 3185 intellectus
2439 3128 2655 3186 Christi
2714 3129 2986 3186 universa
3041 3129 3468 3202 complectitur,
3501 3131 3560 3187 id
3617 3137 3707 3188 est

2052 3217 2270 3290 ubique
2312 3217 2588 3292 intelligit
2635 3236 2696 3274 se
2743 3219 2948 3292 quaeri,
2974 3223 3032 3275 et
3076 3219 3330 3276 exaudit.
3354 3219 3607 3277 Dicenda
3635 3237 3704 3277 ex

2048 3308 2326 3364 omnibus
2355 3307 2620 3363 liberavit
2665 3325 2778 3376 me,
2811 3306 2959 3364 nihil
3001 3306 3268 3364 relictum
3299 3312 3406 3377 est,
3429 3309 3584 3382 quod
3616 3325 3704 3365 re-

281 3393 452 3450 debet
489 3381 850 3470 cogitareiut
897 3381 1147 3457 ﬁdeliter
1195 3403 1350 3459 dicat
1381 3422 1394 3460 :
1431 3381 1937 3469 Quemadmodum
1970 3381 2013 3450 C

2120 3397 2344 3454 ansisse
2375 3396 2695 3469 suspiceris
2725 3397 3056 3454 adversum.
3075 3399 3120 3453 A
3150 3397 3256 3464 Qui
3287 3415 3424 3470 ergo
3454 3414 3570 3454 non
3601 3415 3704 3455 au-

281 3485 646 3555 speravimus
677 3487 738 3542 in
763 3492 838 3556 te,
864 3505 936 3544 ne
962 3489 1098 3545 alibi
1124 3508 1232 3546 sua
1255 3509 1421 3549 mens
1441 3501 1622 3564 vacet,
1646 3497 1748 3552 sed
1773 3499 1943 3555 ﬁrma

281 3588 419 3644 spes
447 3573 526 3628 sit
571 3579 637 3630 ut
678 3592 808 3631 vere
859 3577 1469 3650 dicat:Fiat,etc.,ut
1515 3585 1614 3656 qui
1677 3604 1782 3642 nos
1839 3605 1943 3660 per

283 3660 647 3733 baptismum
679 3663 940 3734 abluisti,
966 3666 1221 3739 Spiritus
1253 3671 1439 3726 sancti
1471 3671 1766 3730 infusione
1796 3692 1938 3734 con-

285 3751 506 3806 ﬁrmes.
554 3751 718 3808 Sicut
775 3753 834 3809 in
891 3756 1130 3812 Actibus
1187 3762 1582 3831 apostolorum
1642 3765 1938 3822 cernimus

284 3841 529 3910 factum,
564 3859 699 3899 cum
746 3844 1024 3918 baptizati
1074 3856 1434 3922 receperunt.
1468 3852 1753 3924 Spiritum
1803 3873 1938 3911 san-

285 3937 445 3988 ctum
473 3936 627 4001 (Act.
660 3933 800 4005 nx).

746 4041 950 4081 ORATIO
987 4044 1057 4082 EX
1096 4045 1254 4086 PSAL.
1295 4048 1470 4088 XXXII.

353 4114 550 4182 Pasce,
579 4113 844 4183 Domine,
871 4115 1098 4188 plebem
1150 4123 1309 4176 tuam
1359 4121 1418 4176 in
1468 4122 1622 4179 fame
1669 4124 1849 4192 verbi,
1881 4130 1940 4182 et

281 4203 439 4276 eripe
468 4203 699 4260 animas
730 4209 959 4262 nostras
989 4206 1060 4262 de
1107 4214 1293 4264 morte
1343 4211 1583 4282 peccati,
1619 4217 1686 4268 ut
1734 4213 1936 4286 repleti

281 4293 683 4351 misericordia
713 4299 836 4363 tua,
868 4298 1172 4370 aggregari
1201 4299 1504 4370 justorum
1550 4301 1782 4374 gaudiis
1827 4303 1936 4358 im-

277 4382 561 4454 pertiente
620 4388 677 4440 te
731 4400 1081 4442 mereamur.
1125 4387 1232 4443 Per
1289 4387 1608 4446 Dominum
1667 4395 1935 4448 nostrum

274 4470 483 4529 Jesum
513 4471 833 4544 Christum,
867 4479 975 4531 etc.

801 4617 1133 4675 PSALMUS
1171 4619 1412 4676 XXXIII.

688 4724 1096 4764 ARGUMENTUM
1127 4725 1286 4766 PSAL.
1319 4726 1516 4765 XXXIII.

345 4833 388 4890 C
409 4833 532 4890 Vox
556 4832 858 4906 Propheta;
883 4832 1283 4888 benedicentis
1313 4833 1520 4902 Deum,
1537 4839 1593 4890 et
1616 4836 1935 4894 admonen-

276 4924 354 4980 tis
372 4928 808 4991 mansuetos,ut
823 4938 959 4978 cum
981 4920 1108 4994 ipso
1132 4921 1190 4976 in
1207 4922 1336 4993 ejus
1354 4920 1526 4980 laude
1541 4935 1931 4997 perseverent,

274 5019 331 5068 et
360 5019 480 5069 uta
501 5011 726 5069 deliciis
757 5028 820 5068 se
840 5010 1195 5078 abstineant,
1213 5011 1525 5084 justosque
1547 5014 1688 5072 dicit
1735 5015 1795 5072 in
1827 5035 1937 5076 sua

265 5102 500 5174 justitia
531 5102 869 5158 liberandos
895 5117 908 5157 :
933 5099 1148 5172 impios
1172 5117 1303 5157 vero
1332 5101 1642 5175 perituros.

416 5191 530 5248 TT.
563 5194 816 5247 Psatmus
849 5189 1030 5245 David
1069 5206 1195 5244 cum
1235 5193 1470 5248 mutavit
1514 5196 1730 5252 vultum
1775 5215 1934 5256 suum

486 5296 671 5336 coram
701 5279 1007 5334 Abimelceh
1037 5283 1088 5333 et
1118 5279 1329 5336 dimisit
1355 5298 1480 5338 eum
1510 5288 1561 5339 et
1591 5285 1750 5343 abiit.

345 5372 386 5426 C
417 5371 563 5426 Cum
593 5368 734 5424 Saul
779 5375 1226 5441 persequeretur
1255 5371 1454 5444 David,
1483 5374 1595 5430 fuit
1638 5377 1709 5432 ad
1751 5378 1926 5436 Achis

272 5474 493 5532 regem,
518 5457 715 5529 ibique
747 5457 886 5512 dum
919 5464 1092 5525 esset,
1114 5457 1331 5516 invidia
1368 5479 1503 5518 eum
1545 5464 1804 5524 occidere
1835 5485 1928 5524 vo-

271 5547 502 5614 lebant;
535 5544 632 5601 ille
659 5563 793 5604 vero
825 5548 894 5604 de
933 5547 1225 5606 industria
1265 5550 1512 5608 mutavit
1562 5553 1811 5624 vultum,
1846 5557 1928 5614 ita

274 5639 340 5692 ut
361 5632 558 5692 salivis
579 5651 681 5692 ora
700 5637 1038 5711 compleret,
1059 5644 1119 5694 ut
1141 5639 1496 5697 furibundus
1511 5643 1922 5718 aestimaretur,

273 5727 331 5780 et
350 5721 570 5780 illaasus
594 5724 1198 5800 relinqueretur.Cum
1223 5727 1371 5802 fugit
1391 5729 1546 5801 inde,
1575 5731 1751 5789 istum
1774 5735 1926 5808 psal-

273 5825 437 5874 mum
469 5815 720 5876 cantavit
749 5818 794 5897 (ι
820 5820 950 5897 Reg.
981 5819 1122 5895 xxi).

2051 3484 2314 3554 diuntur,
2349 3503 2464 3542 non
2504 3486 2818 3542 Dominum
2868 3489 3159 3559 quierunt.
3193 3486 3318 3542 Non
3349 3487 3505 3543 enim
3535 3487 3704 3556 dixit,

2051 3575 2350 3648 Exquisivi
2381 3593 2592 3632 aurum
2624 3593 2658 3632 a
2688 3575 2936 3633 Domino
2969 3576 3070 3632 sed
3102 3575 3440 3634 Dominum.

2084 3667 2120 3720 5
2192 3665 2436 3722 Accedite
2465 3667 2534 3722 ad
2563 3684 2688 3724 eum
2719 3671 2771 3723 et
2801 3667 3226 3722 illuminamini.

2190 3757 2256 3810 Et
2283 3757 2454 3826 facies
2485 3765 2681 3814 vestra?
2711 3773 2821 3812 non
2849 3755 3276 3827 confundentur.

2121 3841 2166 3897 ll
2197 3843 2464 3900 Accedite
2494 3845 2567 3900 ad
2598 3861 2756 3913 eum,
2797 3860 2911 3900 non
2959 3842 3105 3913 loco,
3129 3843 3229 3900 sed
3260 3844 3374 3900 ﬁde
3404 3849 3461 3900 et
3507 3861 3703 3919 opere,

2049 3935 2107 3986 et
2137 3930 2578 4003 illuminamini,
2611 3933 2836 3990 scilicet
2865 3937 3060 3989 mente
3109 3935 3167 3988 et
3213 3932 3532 4003 intellectu,
3562 3935 3707 4007 quia

2048 4019 2162 4077 nisi
2185 4021 2572 4091 credideritis,
2600 4040 2715 4078 non
2747 4010 3086 4095 intelligetis
3108 4021 3257 4094 (Isai.
3281 4023 3400 4095 vn).
3427 4023 3495 4078 Et
3525 4023 3703 4080 facies

2047 4115 2252 4167 vestra:
2283 4129 2398 4168 non
2422 4112 2854 4168 conl‘undentur
2881 4111 2940 4166 in
2962 4109 3211 4182 judicio,
3237 4127 3354 4183 quo
3383 4110 3547 4184 impii
3571 4128 3705 4168 con-

2047 4200 2369 4258 fundentur
2398 4202 2458 4257 in
2489 4201 3059 4258 condemnationem.
3179 4202 3186 4208 '

2083 4291 2118 4345 6
2187 4291 2292 4348 Iste
2339 4308 2554 4364 pauper
2606 4291 2866 4348 clamavit
2912 4294 2964 4346 et
3009 4290 3271 4348 Dominus
3322 4290 3686 4359 exaudivit-Ei

2258 4398 2382 4438 eum
2425 4387 2439 4448 ζ

2186 4473 2252 4526 Et
2281 4471 2346 4528 de
2373 4471 2626 4528 omnibus
2654 4470 3107 4528 tribulationibus
3143 4470 3260 4542 ejus
3291 4471 3523 4526 salvat-it
3551 4487 3698 4526 eum.

2116 4561 2162 4618 H
2195 4563 2308 4620 Iste
2341 4580 2567 4636 pauper
2595 4562 2888 4630 clamavit,
2921 4561 2980 4617 id
3024 4565 3116 4618 est
3143 4559 3430 4629 Christus,
3462 4561 3562 4633 qui
3593 4577 3702 4634 pro

2043 4652 2214 4709 nobis
2261 4670 2482 4726 pauper
2529 4653 2716 4708 factus
2745 4656 2852 4721 est,
2887 4651 2947 4706 in
2988 4649 3262 4724 passione
3309 4650 3580 4706 clamavit
3625 4649 3700 4706 ad

1963 4763 2010 4827 υ
2044 4742 2294 4800 Patrem.
2310 4742 2350 4798 C
2373 4743 2615 4808 Quando
2641 4741 2934 4810 clamavit,
2957 4741 3296 4798 salutariter
3319 4744 3408 4797 est
3429 4739 3696 4810 auditus;

2047 4833 2148 4887 sed
2180 4849 2248 4888 ex
2278 4832 2555 4888 omnibus
2586 4831 2906 4888 mundanis
2935 4830 3228 4904 angustiis
3268 4834 3358 4888 est
3395 4827 3696 4899 liberatus,

2045 4922 2090 4977 H
2123 4923 2359 4994 quando
2392 4940 2526 4979 eum
2557 4921 2929 4978 resuscitavit
2957 4939 2991 4977 a
3022 4921 3290 4976 mortuis.

2077 5013 2112 5065 7
2187 5013 2448 5068 lmmittct
2479 5013 2708 5082 angelus
2735 5012 2953 5068 Domini
2993 5012 3055 5065 in
3099 5011 3335 5066 circuitu
3385 5009 3699 5065 timentium

2257 5119 2383 5158 eum
2414 5119 2426 5159 Σ

2184 5193 2249 5248 Et
2278 5193 2476 5264 eripiet
2505 5209 2611 5248 eos.

2113 5281 2160 5338 Η
2192 5282 2358 5339 Haud
2380 5281 2629 5337 dubium
2652 5285 2740 5338 est
2767 5281 3042 5338 timentes
3075 5278 3392 5336 Dominum
3416 5278 3488 5336 ab
3519 5294 3693 5352 ange-

2036 5371 2110 5430 lis
2133 5372 2438 5430 custodiri.
2465 5372 2596 5428 ldoo
2627 5371 2741 5428 alia
2774 5371 2970 5426 littera
3000 5369 3176 5426 habet
3207 5387 3222 5426 :
3255 5368 3492 5425 Emittet
3519 5383 3696 5442 ange-

2033 5461 2157 5518 lum
2190 5461 2490 5518 Dominus.
2517 5463 2558 5516 C
2587 5459 2844 5534 Angelus
2873 5460 3032 5516 enim
3076 5457 3347 5514 minister
3373 5461 3464 5514 est
3491 5454 3696 5512 volun-

2035 5552 2174 5608 tatis
2205 5551 2444 5620 divinze;
2480 5556 2838 5624 quaprOpter
2865 5549 2915 5606 si
2947 5547 3038 5606 vis
3057 5546 3331 5621 angelum
3353 5551 3408 5602 te
3431 5546 3576 5614 ﬁeri,
3605 5545 3695 5601 fac

2035 5641 2189 5716 quod
2220 5641 2500 5714 praecipit,
2535 5646 2600 5696 ut
2637 5639 2850 5697 liberes
2881 5636 3330 5712 periclitantem,
3357 5635 3576 5709 eripias
3605 5634 3692 5690 in-

2033 5735 2360 5796 nocentem,
2397 5727 2710 5787 subvenias
2740 5727 2934 5802 anxio,
2965 5731 3076 5784 etc.
3108 5725 3242 5792 Quas
3292 5723 3491 5782 divina
3520 5723 3694 5798 jubet

2035 5820 2418 5884 auctoritatis.
