3936 6448
239 432 360 495 145

1471 434 1875 498 EXPOSI'I‘IO
1922 432 2425 497 PSALMOBUM.

3530 436 3646 504 H6

273 568 311 625 8
385 567 601 628 Gustate
648 574 701 625 et
755 567 927 626 videte
976 569 1234 642 quoniam
1278 569 1463 626 suavis
1488 576 1543 637 με·
1577 570 1655 625 est
1698 569 1890 627 Domi-
1922 567 1977 637 Α
2004 569 2161 626 enim
2192 586 2356 627 mora
2386 570 2487 626 ﬁat
2513 568 2583 626 ad
2610 567 3137 638 audiendum,cum
3168 568 3226 628 in
3259 567 3402 645 ipsis
3421 568 3646 631 habitet

454 674 615 723 nus;

382 748 581 803 Beatus
608 748 696 802 vir
724 747 823 820 qui
847 756 1029 819 sperat
1058 749 1115 803 in
1143 764 1222 803 eo.

308 837 349 892 C
377 836 640 904 Gustate,
665 852 779 892 non
803 835 1054 908 pertinet
1069 836 1139 892 ad
1161 835 1557 908 palatum,sed
1582 836 1653 891 ad
1680 836 1887 892 animas

233 924 660 982 suavissimum
691 942 953 982 sensum.
978 929 1026 979 H
1047 925 1153 989 Qui
1193 925 1444 998 perfecto
1475 924 1670 980 animo
1702 925 1887 980 Deum

232 1015 408 1070 timet
436 1018 493 1070 et
524 1018 815 1087 praecepta
855 1014 1128 1080 custodit,
1161 1018 1219 1069 et
1248 1013 1328 1069 ita
1358 1013 1536 1069 sentit
1565 1014 1883 1081 Christum,

228 1108 377 1161 tunc
408 1103 678 1177 intelligit
719 1105 859 1177 quia
900 1104 1098 1160 suavis
1144 1110 1251 1171 est,
1279 1104 1417 1177 quia
1446 1104 1572 1177 ipse
1598 1109 1688 1160 est
1716 1105 1886 1177 panis

226 1193 421 1260 vivus,
446 1193 547 1266 qui
578 1194 648 1248 de
678 1192 820 1248 caelo
850 1193 1169 1249 descendit.
1208 1194 1419 1249 Beatus
1451 1193 1666 1248 dicitur
1696 1195 1794 1265 qui
1827 1194 1888 1249 in

228 1299 371 1337 eum
401 1287 615 1354 sperat,
640 1286 696 1337 et
725 1300 841 1338 non
872 1282 931 1337 in
964 1281 1250 1338 incertum
1281 1282 1637 1338 divitiarum.
1663 1283 1730 1336 Et
1760 1282 1885 1338 ideo

226 1371 460 1440 beatus,
485 1371 623 1443 quia
651 1370 820 1427 illum
851 1370 1027 1427 habet
1069 1372 1167 1443 qui
1212 1372 1408 1427 omnia
1437 1371 1634 1438 habet,
1661 1370 1769 1427 hoc
1800 1376 1888 1428 est

232 1459 445 1515 Deum.

261 1548 298 1601 9
381 1550 578 1605 Timete
607 1551 900 1606 Dominum
926 1556 981 1615 -ξ-
1018 1565 1200 1606 omnes
1242 1556 1255 1616 ζ
1297 1552 1475 1606 sancti
1504 1551 1622 1621 ejus
1652 1568 1672 1607 ,ο

376 1638 649 1706 Quoniam
675 1653 787 1693 non
816 1647 896 1694 est
924 1639 1112 1710 inopia
1142 1641 1463 1693 timentibus
1492 1655 1636 1694 eum.

301 1725 350 1782 Η
382 1726 609 1781 Timete
654 1726 1289 1793 Dominum,omnibus
1345 1728 1563 1782 sanctis
1615 1726 1886 1799 imperat,

222 1830 299 1870 ne
332 1818 576 1887 accepta
598 1814 912 1870 securitate
942 1804 1322 1888 decipiantur.
1340 1815 1380 1870 C
1401 1815 1571 1872 Solus
1593 1816 1715 1887 ipse
1739 1802 1887 1870 nihil

220 1901 604 2003 indiget,‘qui
634 1902 844 2003 timore
876 1902 976 1959 Dei
1005 1904 1354 2003 ditatus-est.
1388 1904 1571 1960 Omne
1601 1904 1756 1959 enim
1790 1904 1887 1959 bo"
1911 1939 1958 2003 Β

217 2008 376 2047 num
405 1990 605 2059 habet,
637 1990 776 2063 quia
803 1991 983 2047 Deum
1014 1991 1272 2047 timendo
1302 1996 1476 2046 amat.

217 2097 295 2150 10
371 2098 579 2153 Divites
605 2105 869 2168 eguerunt
897 2101 949 2152 et
976 2098 1288 2152 esurierunt
1316 2114 1328 2151 :

364 2185 712 2256 Inquirentes
764 2189 949 2241 autem
1004 2186 1318 2252 Dominum,
1376 2201 1482 2240 non
1552 2187 1877 2240 minuentur

435 2276 590 2329 omni
618 2276 846 2340 bona-9
889 2275 1203 2344 Diapsalma
1272 2280 1318 2337 ζ.

285 2362 331 2417 C
362 2362 529 2418 Tunc
559 2368 731 2434 egent
749 2362 979 2429 divites,
1003 2352 1251 2435 quando-
1269 2379 1383 2417 non
1409 2362 1627 2419 habent
1656 2366 1872 2418 rectam

211 2450 420 2506 ﬁdem.
453 2450 754 2518 Esuriunt,
778 2451 1011 2523 quando
1042 2451 1284 2507 minime
1315 2468 1349 2506 a
1374 2450 1605 2507 Domini
1635 2468 1873 2523 corpore

211 2539 540 2607 satiantur;
566 2538 774 2595 divites
798 2542 1015 2606 ventre,
1040 2540 1363 2595 esurientes
1388 2556 1617 2610 semper
1639 2538 1867 2611 spiritu.

212 2624 369 2691 Quid
399 2624 558 2681 enim
587 2625 841 2680 habeant
870 2627 968 2697 qui
1001 2626 1316 2681 Dominum
1348 2643 1461 2681 non
1494 2626 1752 2681 habent?
1786 2626 1871 2681 ln-

210 2713 520 2787 quirentes
551 2714 864 2769 Dominum
893 2730 1009 2769 non
1040 2714 1311 2770 deﬁcient
1354 2714 1470 2769 ullo
1518 2715 1692 2780 bono,
1727 2732 1869 2786 quo-

212 2800 379 2858 niam
427 2801 721 2874 spirituali
770 2802 1059 2858 desiderio
1114 2804 1511 2875 perfruuntur.
1544 2804 1690 2858 Nam
1735 2820 1869 2859 cum

211 2890 525 2963 diligimus
554 2888 889 2958 Dominum,
914 2890 973 2945 in
1000 2890 1229 2947 Christo
1260 2892 1458 2947 omnia
1488 2892 1830 2964 reperimus.

213 2998 275 3051 11
365 2998 573 3064 Venite,
604 2998 732 3067 ﬁlii,
764 2997 953 3053 audite
978 3013 1066 3052 me
1097 3013 1110 3051 :

360 3087 630 3141 Timorem
657 3088 877 3140 Domini
903 3087 1097 3142 docebo
1124 3102 1230 3141 vos.

282 3173 327 3228 C
354 3173 480 3229 Vox
502 3178 745 3245 paterna
764 3179 936 3229 sonat
956 3174 1025 3229 ad
1049 3172 1182 3229 illos
1205 3174 1303 3246 qui
1330 3174 1517 3246 prima
1537 3175 1871 3230 rudimenta

207 3262 572 3368 suscipiunt,
594 3266 662 3368 ut
689 3262 928 3368 venian‘t
965 3264 1036 3317 ad
1077 3263 1249 3318 fidem
1282 3263 1691 3318 Christianam.
1717 3264 1865 3318 Dum
1897 3301 1941 3368 Ο

205 3349 351 3406 dicit
386 3367 399 3405 ε
438 3350 667 3404 Docebo
697 3366 817 3416 vos,
844 3350 1119 3405 admonet
1165 3360 1234 3405 ne
1283 3367 1662 3422 pavescamus
1711 3351 1866 3422 quod

204 3439 552 3494 audivimus
583 3437 877 3493 timorem.
905 3439 1028 3493 Non
1073 3443 1162 3494 est
1198 3440 1354 3494 enim
1404 3440 1512 3494 iste
1558 3439 1735 3493 timor
1771 3438 1872 3510 qui

202 3527 582 3591 formidetur,
606 3527 708 3581 sed
731 3526 831 3598 qui
856 3526 1152 3600 diligatur.
1174 3526 1374 3583 Timor
1398 3526 1695 3583 humanus
1716 3544 1875 3583 ama-

202 3616 537 3672 ritudinem
570 3614 766 3682 habet,
795 3615 904 3670 iste
934 3608 1321 3671 dulcedinem;

204 3725 271 3778 12
348 3723 490 3791 Quis
520 3727 601 3778 est
631 3724 789 3777 homo
819 3724 918 3793 qui
945 3723 1063 3778 vult
1092 3725 1266 3777 vitam
1298 3738 1311 3776 :

343 3813 555 3881 Diligit
583 3812 702 3866 dies
732 3810 917 3865 videre
947 3812 1107 3865 bonos
1129 3814 1154 3865 .9

275 3903 318 3957 η
356 3899 657 3971 Propheta
704 3899 813 3954 hoc
862 3898 1279 3972 interrogando
1327 3898 1745 3973 loquitur,quis
1795 3901 1874 3956 vi.

205 3997 327 4046 tam
360 3995 649 4045 aeternam
680 3986 843 4059 cupit
880 3986 1094 4051 videre,
1129 3990 1189 4042 ut
1222 4004 1356 4042 cum
1406 3989 1622 4043 sanctis
1664 3991 1871 4060 jocun-

203 4081 379 4136 detur
407 4080 471 4134 in
509 4093 690 4148 regno
722 4075 861 4131 Dei?
889 4076 1040 4147 quod
1084 4075 1133 4130 si
1173 4076 1279 4145 vis,
1305 4076 1394 4131 fac
1423 4078 1574 4149 quod
1610 4080 1876 4150 sequitur

203 4172 260 4224 et
286 4165 549 4233 videbis,
584 4165 641 4219 id
690 4170 778 4219 est
836 4163 1079 4219 habebis
1123 4164 1303 4221 vitam
1360 4168 1633 4222 aeternam
1666 4171 1720 4222 et
1750 4168 1872 4223 dies

204 4258 393 4313 bonos
426 4260 490 4311 et
525 4258 795 4309 aeternos.

208 4365 271 4419 13
344 4361 598 4419 Prohibe
629 4361 877 4431 linguam
908 4364 1059 4415 tuam
1087 4377 1119 4414 a
1150 4360 1296 4415 malo
1328 4376 1342 4414 :

347 4455 419 4507 Et
450 4450 610 4505 labia
643 4454 737 4504 tua
768 4466 839 4504 ne
869 4450 1165 4521 loquantur
1192 4448 1397 4503 dolum.

271 4542 314 4596 C
341 4537 606 4596 Prohibe
637 4536 904 4610 linguam
936 4540 1098 4592 tuam
1132 4554 1165 4592 a
1198 4536 1349 4592 malo
1372 4536 1680 4609 colloquio.
1702 4539 1874 4595 Addi-

208 4631 289 4686 dit
314 4630 507 4696 labia,
534 4644 663 4699 qua;
698 4625 907 4699 linguae
941 4631 1163 4681 motum
1209 4625 1475 4698 protinus
1505 4644 1873 4700 conscquun-
1907 4664 1952 4727 Ι)

209 4724 319 4775 tur.
346 4718 544 4775 Dolus
575 4719 770 4771 autem
803 4715 1166 4787 est,qua.udo
1194 4714 1449 4772 fallimus
1480 4717 1834 4773 audientem.

211 4826 274 4881 14
346 4826 580 4880 Diverte
609 4839 645 4876 a
673 4821 839 4876 malo.
872 4823 941 4877 Et
960 4823 1051 4892 fac
1081 4820 1279 4877 bonum
1311 4837 1325 4877 :

348 4913 591 4985 lnquire
614 4926 824 4981 pacem.
851 4910 918 4964 Et
939 4926 1261 4982 persequere
1284 4927 1422 4967 eam.

276 5002 321 5058 ll
352 5002 601 5058 Diverte
634 5014 669 5052 a
699 4997 853 5053 malo
900 5002 959 5053 et
1005 4997 1094 5053 fac
1130 4999 1371 5065 bonum,
1402 4999 1458 5054 id
1509 5005 1597 5055 est
1642 5001 1878 5056 destrue

211 5090 366 5158 vitia,
391 5094 454 5145 et
495 5086 735 5144 aediﬁca
778 5084 1040 5141 virtutes.
1075 5085 1310 5158 lnquire
1356 5104 1578 5159 pacem.
1602 5088 1643 5143 C
1672 5088 1878 5145 Nullus

212 5183 397 5251 potest
421 5173 738 5250 pervenire
763 5174 836 5230 ad
858 5178 1155 5231 auctorem
1177 5176 1358 5247 pacis,
1384 5176 1496 5232 nisi
1518 5177 1612 5232 hic
1634 5177 1878 5250 diligen-

214 5269 325 5323 tius
356 5284 465 5340 per
497 5280 659 5338 pura
687 5279 866 5335 opera
895 5262 1173 5335 inquirat.

220 5357 281 5411 15
352 5357 531 5415 Oculi
562 5353 790 5407 Domini
816 5368 981 5423 super
998 5353 1172 5423 justas
1207 5370 1221 5407 :

349 5446 417 5501 Et
446 5458 624 5499 aures
649 5441 767 5512 ejus
799 5440 855 5493 in
886 5456 1069 5510 preces
1099 5456 1305 5495 eorum.

283 5532 324 5589 Ο
342 5533 497 5590 Cum
520 5526 857 5598 dicit,oculi
881 5526 1108 5583 Domini
1128 5530 1881 5600 superjustos,continuam

223 5624 466 5690 gratiam
505 5616 846 5676 divinitatis
886 5617 1157 5671 ostendit.
1186 5617 1229 5671 Η
1261 5618 1329 5671 Et
1367 5634 1535 5673 aures
1566 5620 1713 5687 ejus.
1749 5617 1885 5688 quia

228 5709 505 5784 quidquid
526 5705 725 5766 sancti
752 5707 964 5776 rogant
978 5704 1046 5760 de
1065 5704 1237 5770 bono,
1253 5708 1485 5763 exaudit
1504 5714 1672 5763 Deus.
1689 5706 1729 5762 Ο
1750 5708 1881 5772 Quae

1997 660 2122 733 ipse
2152 661 2306 716 Deus
2337 660 2436 734 qui
2466 660 2717 717 exaudit.

1999 750 2066 804 16
2143 749 2397 817 Vultus-5
2442 758 2625 805 autem
2667 757 2680 816 ζ
2720 751 2939 807 Domini
2962 766 3124 822 super
3149 751 3413 829 facientes
3442 753 3593 810 mala
3623 767 3636 808 :

2142 842 2205 897 Ut
2230 840 2422 912 perdat
2444 840 2509 895 de
2539 844 2684 895 terra
2712 840 3033 895 memoriam
3059 856 3267 895 eorum.

2067 930 2107 986 C
2129 931 2207 985 Ne
2229 929 2482 985 dicerent
2510 928 2769 1000 pessimi,
2787 929 2987 985 Justos
3016 929 3278 998 attendit,
3304 946 3409 985 nos
3440 935 3637 987 autem

1997 1036 2112 1075 non
2145 1019 2396 1090 respicit,
2421 1018 2609 1074 securi
2640 1016 2940 1085 faciamus,
2966 1018 3098 1089 quia
3130 1019 3202 1074 ab
3250 1018 3349 1073 illo
3381 1019 3637 1093 conspici

1997 1125 2112 1163 non
2146 1124 2438 1163 meremur
2479 1107 2607 1175 ideo
2650 1106 3006 1178 pronuntiat,
3036 1106 3262 1163 vultum
3296 1105 3548 1175 Domini,
3579 1107 3636 1163 id

1994 1201 2082 1253 est
2107 1195 2462 1251 intellectum
2482 1194 2569 1249 vel
2601 1193 3122 1250 considerationem
3156 1211 3283 1251 esse
3308 1212 3484 1267 super
3513 1213 3635 1252 ma-

1995 1284 2102 1341 los.
2128 1286 2208 1340 De
2238 1289 2391 1339 terra
2412 1300 2545 1339 vero
2576 1282 2714 1338 dicit
2742 1299 2839 1338 eos
2870 1283 3222 1355 disperdere,
3245 1283 3301 1338 id
3332 1287 3420 1339 est
3448 1284 3519 1339 de
3551 1285 3636 1339 fu-

1996 1379 2127 1430 tura
2156 1374 2555 1447 patria,quam
2587 1371 2693 1427 soli
2720 1373 2834 1427 Deo
2863 1371 3054 1444 placiti
3085 1371 3483 1444 possidebunt.
3509 1372 3636 1428 Per-

1994 1462 2101 1519 ibit
2133 1462 2416 1518 memoria
2443 1478 2663 1526 eorum,
2690 1460 2829 1531 quia
2850 1478 2964 1515 non
2989 1459 3099 1515 erit
3126 1459 3462 1532 iniquorum
3484 1460 3636 1516 inter

1985 1553 2181 1623 justos
2211 1550 2335 1605 ulla
2360 1548 2851 1606 commemoratio.
2877 1549 2922 1603 H
2955 1548 3054 1604 Vel
3082 1547 3309 1603 vultum
3349 1547 3443 1603 hic
3481 1548 3632 1604 furo-

1994 1657 2119 1697 rem
2172 1638 2577 1711 intelligimus,
2616 1638 2714 1709 qui
2748 1638 3022 1692 minando
3084 1637 3230 1692 iram
3289 1637 3631 1693 memoriam

1995 1729 2211 1800 peccati
2243 1746 2277 1783 a
2305 1732 2459 1783 terra
2488 1724 2792 1798 disperdit.

1996 1820 2061 1872 17
2137 1817 2518 1873 Clamaverunt
2563 1821 2611 1880 -ἐ
2637 1816 2778 1887 justi
2818 1822 2833 1880 ξ
2881 1824 2931 1871 et
2950 1817 3207 1872 Dominus
3252 1816 3533 1871 eaxudivit
3578 1822 3633 1880 -ξ-

2207 1923 2292 1961 eos
2334 1911 2347 1971 ζ

2130 1998 2195 2051 Et
2237 2012 2311 2051 ea:
2356 1996 2604 2050 omnibus
2653 1994 3098 2049 tribulationibus
3143 2010 3330 2049 eorum
3376 1994 3631 2048 liberavit

2201 2100 2286 2139 (’08
2295 2125 2306 2137 .

2052 2174 2094 2229 C
2121 2174 2320 2229 Justos
2343 2171 2628 2228 clamasse
2661 2172 2731 2227 ad
2763 2171 2946 2227 Deum
2968 2171 3128 2237 dicit,
3152 2175 3210 2227 et
3235 2187 3465 2243 semper
3494 2188 3627 2243 pro-

1982 2263 2178 2317 ﬁtetur
2206 2261 2454 2325 auditos,
2481 2260 2761 2331 Martyres
2803 2258 2977 2313 etiam
3006 2262 3177 2330 (quos
3204 2260 3275 2313 de
3320 2256 3626 2330 suppliciis

1979 2355 2358 2423 tyrannorum
2384 2348 2625 2403 minime
2648 2346 2910 2401 liberavit
2931 2347 3106 2414 Deus)
3128 2350 3269 2400 sunt
3289 2345 3543 2401 exauditi
3566 2349 3623 2401 et

1981 2438 2229 2505 liberati,
2255 2438 2488 2510 quando
2516 2438 2587 2491 ad
2621 2436 2895 2491 oculorum
2924 2450 3101 2507 regna
3132 2434 3412 2505 perducti,
3437 2434 3621 2489 omni-

1980 2528 2091 2583 bus
2120 2526 2594 2583 tribulationibus
2626 2525 2946 2597 probantur
2976 2523 3149 2578 exuti.

1984 2618 2047 2672 18
2117 2622 2287 2673 Juxta
2316 2625 2394 2672 cst
2426 2617 2689 2671 Dominus
2719 2615 2803 2667 his
2843 2615 2937 2684 qui
2965 2612 3228 2668 tribulato
3255 2622 3382 2668 sunt
3410 2612 3567 2667 corde
3598 2631 3617 2667 :

2119 2707 2183 2761 Et
2212 2706 2447 2760 huluilcs
2472 2704 2673 2776 spirilu
2702 2703 2957 2758 salvabit.

2048 2800 2096 2849 Η
2126 2796 2166 2851 C
2194 2796 2367 2851 Juxta
2395 2793 2706 2866 significat,
2736 2808 2850 2846 non
2886 2790 3028 2856 loco,
3052 2791 3153 2845 red
3187 2788 3419 2845 auxilio.
3443 2792 3483 2846 C
3512 2789 3619 2856 Qui

1976 2884 2255 2940 tribulato
2276 2887 2412 2938 sunt
2430 2883 2621 2948 corde,
2639 2879 2807 2935 multi
2826 2879 2979 2935 enim
2999 2879 3481 2947 tribulantur,sed
3504 2895 3618 2934 non

1978 2990 2045 3029 ex
2072 2973 2261 3038 corde,
2285 2972 2383 3042 qui
2416 2975 2650 3042 peccata
2675 2985 2787 3024 non
2814 2968 3046 3034 deﬂent,
3073 2969 3172 3023 sed
3205 2968 3503 3023 mundana
3522 2983 3621 3023 eos

1977 3061 2191 3115 damna
2214 3059 2580 3115 contristant.
2604 3057 2650 3112 H
2676 3056 2934 3111 Humiles
2965 3056 3195 3128 spiritu,
3218 3055 3276 3110 id
3309 3059 3397 3111 est
3429 3055 3618 3124 mites,
3728 3118 3731 3120 ἓ

1976 3165 2123 3220 quos
2149 3148 2413 3203 Christus
2444 3145 2708 3209 salvabit,
2733 3144 2989 3200 coelestia
3017 3160 3199 3216 regna
3224 3144 3554 3200 tribuendo.

1978 3239 2045 3294 19
2118 3237 2300 3293 Multae
2332 3236 2710 3290 tribulationes
2732 3234 3012 3303 justorum
3034 3250 3052 3287 :

2120 3328 2184 3381 Et
2212 3325 2275 3380 de
2304 3324 2554 3380 omnibus
2583 3323 2668 3377 his
2699 3321 2951 3376 liberavit
2979 3336 3066 3375 eos
3096 3320 3382 3376 Dominus.

2049 3417 2088 3471 C
2118 3412 2308 3469 Multae
2340 3428 2536 3467 revera
2558 3414 2695 3465 sunt
2721 3406 3456 3478 tribulationesjustorum,
3481 3406 3621 3479 quia

1979 3521 2077 3559 eos
2108 3501 2375 3557 diabolus
2405 3499 2652 3555 validius
2696 3496 3041 3568 insequitur.
3077 3496 3190 3551 Sed
3238 3496 3297 3551 in
3344 3495 3454 3551 hoc
3502 3511 3618 3568 quo

1979 3591 2270 3656 subditur,
2304 3588 2567 3643 liberavit
2612 3603 2712 3642 eos
2759 3585 3041 3641 Dominus
3070 3585 3140 3639 de
3183 3584 3457 3640 omnibus
3501 3583 3615 3651 his,

1874 3712 1879 3719 -
1979 3678 2305 3736 ostenditur
2324 3676 2581 3749 potentia
2609 3672 3054 3745 Crcatoris,quze
3076 3673 3284 3729 liberat
3293 3673 3524 3744 justum
3546 3672 3618 3727 ab

1981 3768 2256 3824 omnibus
2288 3764 2781 3821 tribulationibus.
2808 3763 2853 3817 ll
2883 3762 3030 3828 Quia
3052 3778 3184 3817 vero
3216 3761 3411 3817 multa:
3443 3762 3622 3817 tribu-

1978 3855 2223 3913 lationes
2246 3856 2564 3927 justoruin,
2588 3852 2716 3908 ideo
2738 3852 2834 3923 qui
2866 3850 3300 3908 tribulationem
3332 3867 3448 3906 non
3478 3850 3622 3923 pati-

1980 3949 2094 4011 tur,
2119 3946 2320 4015 justus
2351 3959 2465 3998 non
2495 3946 2602 3997 est.

1979 4035 2048 4087 20
2124 4032 2373 4089 Custodit
2400 4038 2453 4096 σέ-
2489 4031 2747 4086 Dominus
2788 4034 2801 4093 ζ
2846 4030 3029 4083 omnia
3053 4043 3172 4084 ossa
3200 4043 3387 4083 eorum
3417 4047 3435 4081 :

2125 4122 2300 4177 Unum
2326 4135 2395 4173 ea:
2424 4118 2507 4172 his
2538 4134 2646 4173 non
2675 4124 2996 4172 conteretur.

2051 4210 2091 4264 C
2120 4208 2265 4263 Ossa
2284 4206 2447 4271 dixit,
2468 4205 2728 4259 ﬁdelium
2761 4204 2817 4258 in
2838 4203 3151 4258 virtutibus
3182 4196 3539 4268 firmitatem,
3562 4201 3620 4258 id

1980 4302 2069 4353 est
2115 4295 2452 4369 patientiam
2502 4298 2557 4347 et
2606 4292 3137 4355 i’nansuetudinem,
3171 4306 3295 4361 quae
3340 4289 3523 4361 perire
3563 4290 3622 4346 in

1981 4384 2200 4441 sanctis
2232 4386 2548 4454 nequeunt,
2575 4397 2677 4435 nec
2722 4378 2939 4435 conteri
2988 4396 3023 4435 a
3067 4377 3320 4445 diabolo,
3343 4378 3482 4449 quia
3512 4378 3622 4433 Do-

1983 4474 2141 4529 mino
2172 4473 2406 4528 custode
2438 4474 2759 4526 servantur.

1981 4563 2043 4616 21
2122 4566 2269 4617 Mors
2295 4568 2635 4631 peccatorum
2666 4558 2902 4628 pessima
2934 4573 2952 4610 :

2122 4652 2184 4704 Et
2213 4652 2309 4721 qui
2338 4650 2564 4703 oderimt
2591 4648 2803 4717 justum
2829 4644 3162 4716 delinquont.

2052 4743 2091 4793 C
2123 4740 2337 4793 Revera
2367 4736 2623 4809 pessima
2645 4738 2732 4790 est
2762 4750 2919 4789 mors
2951 4734 3318 4804 peccatorum
3341 4731 3480 4803 quia
3498 4748 3625 4787 eam

1983 4831 2197 4883 aeterna
2227 4843 2395 4898 poena
2424 4823 2752 4881 comitatur.
2779 4822 3036 4878 Pessima
3068 4820 3224 4876 enim
3265 4818 3435 4887 dicta,
3460 4819 3628 4891 quasi

1981 4915 2329 4988 pessundata,
2373 4913 2593 4968 scilicet
2639 4911 2827 4983 pcenis
2856 4909 3107 4966 aeternis.
3139 4909 3207 4963 Et
3237 4907 3338 4980 qui
3384 4909 3633 4964 oderunt

1976 5008 2228 5076 justum,
2257 5006 2295 5058 ll
2328 5003 2385 5058 id
2416 5007 2503 5057 est
2539 5000 2854 5066 Christum,
2880 4999 3005 5054 sine
3039 5016 3233 5065 causa,
3260 4997 3627 5070 delinquunt,

1984 5093 2040 5148 id
2071 5098 2179 5161 est,
2212 5093 2393 5148 Deum
2442 5089 2855 5159 derelinquunt
2901 5086 3147 5141 odiendo
3194 5087 3432 5152 bonum,
3465 5090 3523 5142 et
3552 5087 3633 5141 ita

1987 5183 2058 5237 ad
2091 5186 2334 5235 mortem
2392 5184 2665 5233 aiternam
2725 5180 2982 5247 peccant.
3018 5175 3117 5231 Vel
3168 5175 3422 5247 justum,
3449 5175 3506 5231 id
3539 5177 3631 5229 est

1992 5283 2474 5339 unumquemque
2505 5269 2794 5321 sanctum.

1989 5360 2059 5410 22
2133 5356 2370 5411 Redimet
2398 5356 2652 5410 Dominus
2679 5354 2892 5407 animos
2921 5369 3198 5409 servorum
3221 5368 3443 5409 suorum
3471 5369 3489 5405 .-

2134 5446 2193 5499 Et
2220 5461 2326 5499 non
2358 5444 2672 5514 delinquent
2700 5458 2881 5496 omnes
2911 5444 3004 5511 qui
3033 5446 3253 5512 sperant
3285 5443 3343 5494 in
3373 5456 3452 5494 eo.

2062 5534 2107 5588 Η
2140 5533 2401 5587 itcdimet
2444 5530 2746 5595 Dominus,
2780 5529 2999 5585 scilicet
3028 5529 3310 5603 sanguine
3357 5524 3627 5597 pretioso.

1990 5623 2030 5676 C
2062 5622 2198 5691 quia
2229 5622 2328 5691 qui
2361 5622 2418 5675 in
2450 5621 2575 5691 ipso
2627 5624 2776 5672 recte
2823 5618 3153 5684 crediderit,
3186 5636 3219 5671 a
3265 5617 3631 5687 peccatorum

1992 5710 2185 5765 debita
2244 5709 2572 5782 captivitate
2634 5705 2957 5762 redimitur.
3010 5706 3249 5761 Animas
3306 5696 3635 5769 frequenter
