3936 6430
291 425 408 488 147

1232 426 1297 490 S.
1341 429 1608 493 ΒΜ]Νο
1652 429 2276 494 HERBIPOLENSIS
2321 431 2775 498 EPISCOPUS.

3607 433 3726 496 “8

289 559 595 634 Scriptura
621 558 820 616 divina
848 558 1009 633 ponit
1044 576 1148 634 pro
1174 561 1534 618 hominibus.
1558 561 1796 618 Addidit
1827 579 1946 620 ser-
1979 564 2033 631 Α
2095 564 2132 619 5
2203 564 2532 621 Avertantur
2560 570 2862 622 ielrorsum
2891 571 2942 622 et
2966 564 3376 639 confundantur
3402 585 3420 622 :

290 665 495 705 vorum
527 665 793 716 suorum,
825 649 882 704 id
916 654 1004 705 est
1043 667 1157 706 non
1207 649 1412 722 iniqua
1458 650 1726 707 libertate
1757 651 1953 708 viven-

291 737 462 792 tium.
485 736 534 792 'C
571 738 642 794 Et
688 753 804 792 non
855 736 1178 809 delinquet,
1202 737 1424 794 scilicet
1462 747 1724 811 tanquam
1767 749 1955 812 pastor

297 825 490 881 bonus.
524 825 571 882 Η
617 825 816 898 Neque
863 825 976 894 hic,
1010 842 1200 899 neque
1246 827 1307 883 in
1358 828 1643 894 futuro,C
1671 829 1772 900 qui
1823 846 1953 901 spe-

295 917 431 969 rant
459 914 518 970 in
549 931 705 982 eum,
737 931 854 970 non
885 915 943 970 in
975 916 1226 988 propriis
1253 916 1478 973 viribus
1509 922 1951 990 praesumentes.

761 1038 964 1078 ORATIO
994 1039 1061 1078 EX
1096 1039 1254 1080 PSAL.
1286 1041 1485 1080 XXXIII.

365 1127 720 1202 Angelorum
753 1132 811 1185 et
852 1130 1030 1186 totius
1079 1135 1357 1187 creaturis
1406 1131 1744 1206 dispositor,
1779 1133 1958 1203 Deus,

296 1218 497 1275 emitte
533 1217 807 1292 angelum
840 1222 1010 1275 tuum
1042 1218 1100 1274 in
1127 1219 1374 1275 circuitu
1403 1225 1623 1289 nostro,
1647 1221 1818 1293 cujus
1841 1240 1958 1278 am-

293 1305 515 1364 bitione
537 1305 770 1374 muniti,
799 1325 1130 1365 mereamur
1155 1326 1189 1364 a
1218 1315 1587 1382 peccatorum
1618 1314 1804 1365 morte
1836 1329 1959 1382 pos-

299 1395 450 1452 sima
480 1395 734 1453 liberari.
761 1397 867 1454 Per
909 1397 1225 1453 Dominum
1257 1403 1522 1454 nostrum
1555 1399 1757 1454 Jesum
1790 1398 1957 1454 Chri-

299 1488 482 1556 stum,
516 1489 624 1542 etc.

831 1593 1160 1649 PSALMUS
1199 1593 1434 1649 XXXIV.

715 1698 1119 1739 ARGUMENTUM
1159 1700 1317 1738 PSAL.
1358 1700 1546 1739 XXXIV.

377 1806 418 1862 C
447 1805 714 1863 Christus
743 1807 816 1863 de
846 1824 956 1864 sua
1001 1809 1274 1880 passione
1302 1809 1445 1865 dicit
1473 1810 1545 1865 ad
1577 1810 1828 1879 Patrem,
1861 1826 1960 1882 pe-

304 1898 436 1952 tens
467 1912 530 1952 se
561 1895 634 1952 ab
661 1894 1038 1953 inimicorum
1071 1898 1472 1970 persecutione
1501 1897 1757 1954 liberari.

805 1987 920 2044 TT.
959 1989 1148 2060 ’ξίφεϊ
1190 1994 1202 2055 ζ
1271 1988 1460 2043 David.

375 2073 417 2130 C
448 2074 630 2131 David
655 2074 829 2148 (sicut
857 2075 1137 2149 diximus)
1161 2077 1308 2134 duas
1337 2076 1800 2150 significationes
1838 2095 1966 2134 am-

310 2161 604 2235 plectitur,
629 2180 806 2220 manu
843 2165 1010 2222 fortis
1035 2171 1092 2222 et
1115 2167 1541 2236 desiderabilis,
1566 2166 1721 2240 quod
1745 2170 1968 2224 utrum-

306 2268 420 2324 que
453 2251 698 2310 Domino
729 2253 1010 2312 Salvatori
1042 2261 1264 2312 certum
1295 2261 1384 2314 est
1411 2256 1740 2314 convenire.

344 2342 370 2396 1
447 2341 671 2412 Judica,
709 2343 952 2412 Domine,
986 2353 1237 2402 nocentes
1266 2362 1351 2402 me
1381 2364 1401 2402 :

449 2431 722 2504 Expugna
749 2434 1130 2506 impugnantes
1159 2452 1262 2490 me.

377 2519 676 2577 CClamat
729 2521 995 2579 Christus
1050 2541 1119 2579 ex
1175 2524 1438 2580 humana
1494 2523 1860 2596 inﬁrmitate,
1903 2528 1969 2580 ut

310 2608 667 2666 damnentur
686 2617 980 2680 nocentes,
1001 2613 1058 2668 id
1083 2617 1190 2684 est,
1210 2613 1479 2670 diabolus
1500 2631 1634 2669 cum
1659 2612 1969 2681 ministris,

314 2696 502 2755 malos
531 2698 689 2755 enim
721 2700 992 2772 judicare
1038 2703 1320 2758 damnare
1366 2707 1472 2758 est.
1506 2701 1615 2767 Qui
1659 2703 1970 2776 impugnat

311 2803 588 2859 superare
627 2790 944 2846 contendit.
972 2790 1079 2855 Qui
1127 2795 1514 2864 expugnatur,
1547 2791 1676 2862 jam
1727 2790 1968 2846 omnino

308 2875 502 2933 vietus
516 2880 624 2933 est.
640 2878 938 2935 Immundi
955 2877 1200 2951 spiritus
1217 2879 1656 2954 impugnatores
1669 2879 1965 2948 dicuntur,

309 2965 450 3038 quia
483 2965 618 3023 licet
639 2971 874 3024 sanctos
895 2968 1127 3024 vincere
1167 2972 1478 3042 nequeant,
1504 2969 1850 3026 contendere
1879 2972 1968 3025 ta-

310 3070 444 3111 men
477 3072 612 3112 cum
643 3055 729 3113 eis
757 3074 875 3113 non
909 3057 1222 3114 desistunt.

341 3146 377 3198 2
450 3145 800 3216 Apprehende
827 3163 987 3202 arma
1015 3153 1066 3202 et
1091 3154 1305 3203 scutum
1336 3165 1356 3202 :

444 3235 510 3289 Et
537 3250 769 3307 exsurge
798 3238 859 3290 in
887 3235 1227 3308 adjutorium
1254 3236 1400 3291 mihi
1429 3255 1447 3290 .-

2207 655 2514 724 Cogitantes
2543 655 2687 711 mihi
2713 655 2884 710 mala.

2134 743 2175 799 C
2204 743 2392 798 Averti
2443 749 2641 800 autem
2674 749 3018 815 retrorsum,
3051 761 3168 800 non
3215 744 3431 801 dicitur
3461 744 3576 802 nisi
3605 745 3729 804 illis

2064 831 2164 902 qui
2198 833 2524 906 corrigendi
2545 833 2912 905 judicantur,
2937 837 3003 888 ut
3022 835 3188 889 Petro
3215 851 3227 889 :
3253 833 3396 890 Redi
3424 839 3577 892 retro
3609 852 3726 902 me,

2065 920 2695 991 Satana(Matth.xvx.)
2716 921 2824 986 Qui
2866 921 3123 996 cogitant
3178 922 3297 979 sive
3353 923 3423 979 de
3481 923 3728 996 Judaais,

2066 1009 2185 1065 sive
2217 1011 2290 1066 de
2320 1011 2629 1078 haereticis,
2656 1011 2775 1066 sive
2813 1012 2883 1067 de
2913 1012 3158 1085 paganis
3193 1012 3355 1080 dixit,
3381 1011 3537 1068 mala
3567 1014 3727 1070 enim

2067 1115 2271 1155 omnes
2303 1099 2584 1170 cogitant,
2609 1099 2710 1172 qui
2763 1105 2972 1174 praeter
3002 1100 3348 1158 catholicam
3393 1101 3567 1159 ﬁdem
3617 1103 3726 1159 ali-

2068 1204 2205 1262 qua,
2241 1206 2417 1262 prava
2445 1189 2766 1246 intentione
2798 1191 3004 1248 docere
3035 1191 3319 1248 festinant
3351 1210 3365 1260 ;

2103 1279 2139 1332 6
2211 1281 2375 1334 Fiant
2403 1283 2664 1352 tanquam
2692 1281 2876 1352 pulvis
2903 1287 3030 1336 ante
3057 1282 3259 1353 faciem
3288 1285 3439 1338 venti
3467 1303 3488 1343 .'

2208 1375 2264 1434 -ξι
2309 1369 2375 1424 Et
2417 1373 2432 1434 ζ
2473 1370 2704 1438 angelus
2732 1370 2950 1426 Domini
2978 1377 3259 1426 coarclans
3285 1377 3340 1436 ᾧ
3383 1388 3472 1427 eos
3512 1378 3526 1436 ζ

2142 1457 2186 1512 Η
2220 1456 2434 1524 Pulvis,
2462 1456 2615 1513 leves
2635 1462 2692 1514 et
2722 1458 3072 1515 infructuosi
3103 1459 3370 1515 homines
3393 1459 3534 1516 dicti
3561 1465 3722 1528 sunt,

2070 1545 2212 1617 quia
2233 1546 2384 1601 sicut
2415 1545 2605 1619 pulvis
2627 1550 2870 1615 avento,
2899 1548 2983 1604 sic
3014 1552 3347 1621 peccatores
3377 1565 3410 1604 a
3439 1549 3730 1607 sententia

2069 1633 2268 1689 divina
2293 1634 2353 1690 in
2387 1635 2482 1690 die
2503 1634 2713 1707 judicii
2746 1635 3155 1709 projiciuntur.
3187 1637 3443 1709 Angelus
3469 1637 3726 1706 Domini,

2067 1721 2128 1777 id
2159 1727 2250 1778 est
2280 1723 2526 1796 spiritus
2571 1723 2782 1794 malus,
2808 1741 2924 1781 non
2975 1729 3206 1793 natura,
3234 1727 3333 1782 sed
3377 1743 3485 1783 sua
3521 1725 3722 1784 inven~

2069 1812 2248 1868 tione.
2273 1813 2539 1870 Coarctat
2559 1830 2678 1881 eos,
2702 1814 2759 1869 id
2783 1819 2872 1870 est
2896 1815 2956 1870 in
2981 1819 3266 1888 quantum
3289 1818 3498 1889 potest,
3533 1829 3730 1888 perse-

2071 1901 2275 1975 quitur
2299 1918 2420 1969 eos,
2454 1902 2511 1958 id
2545 1909 2635 1958 est
2663 1907 2951 1976 quantum
2997 1903 3110 1960 sibi
3139 1904 3517 1977 permittitur.
3541 1901 3732 1962 Habet

2077 1991 2234 2047 enim
2265 1990 2536 2047 diabolus
2574 1990 2938 2049 voluntatem
2978 1993 3247 2061 nocendi,
3277 1993 3378 2050 sed
3410 2009 3526 2049 non
3558 1991 3734 2051 habet

2075 2083 2423 2153 potestatem
2455 2081 2723 2137 faciendi.

2107 2172 2142 2224 7
2217 2173 2347 2228 Fiat
2377 2172 2468 2226 via
2497 2169 2730 2226 illorum
2761 2172 3000 2230 tenebrae
3027 2179 3080 2228 et
3105 2171 3380 2228 lubricum
3409 2190 3428 2228 :

2219 2260 2284 2315 Et
2312 2261 2543 2330 angelus
2571 2263 2792 2316 Domini
2815 2277 3145 2334 persequens
3171 2277 3278 2318 eos.

2149 2347 2191 2403 C
2217 2347 2344 2415 Via,
2376 2348 2434 2403 id
2468 2353 2558 2404 est
2586 2365 2780 2420 opera,
2815 2351 3130 2407 tanebrosa
3171 2350 3288 2406 illis
3317 2350 3479 2418 ﬁant,
3504 2356 3570 2407 ut
3600 2351 3735 2408 hor-

2077 2443 2245 2492 reant
2275 2436 2430 2493 mala
2459 2437 2650 2493 facere
2694 2438 3044 2507 Lubrica,ut
3069 2438 3129 2495 in
3167 2437 3389 2496 eisdem
3419 2443 3574 2496 stare
3602 2441 3732 2497 diu-

2077 2527 2196 2583 tius
2223 2543 2339 2582 non
2371 2525 2620 2599 possint.
2654 2528 2723 2582 Et
2763 2527 2812 2581 si
2846 2527 3204 2583 decreverint
3251 2527 3386 2601 plus
3431 2528 3732 2586 immorari

2076 2616 2264 2672 virtus
2293 2615 2525 2672 Domini
2559 2620 2945 2690 persequatur
2971 2633 3093 2684 eos,
3117 2617 3198 2672 ita
3227 2623 3292 2673 ut
3322 2617 3380 2673 in
3413 2617 3734 2676 sceleribus

2078 2706 2205 2762 suis
2252 2704 2484 2778 longius
2515 2705 2732 2762 hazrere
2783 2723 2897 2762 non
2951 2707 3126 2773 sinat,
3159 2706 3258 2780 qui
3307 2707 3376 2762 ad
3425 2706 3730 2764 interitum

2077 2794 2377 2851 festinant.

2109 2887 2144 2940 8
2217 2886 2494 2956 Quoniam
2521 2887 2693 2955 gratis
2721 2884 3117 2942 absconderant
3145 2885 3289 2942 mihi
3328 2887 3609 2942 interitum
3641 2886 3730 2943 la-

2291 2975 2418 3047 quei
2443 2975 2532 3029 sui
2559 2993 2578 3028 :

2213 3068 2562 3135 Supervacue
2588 3063 3053 3134 erprobravemnt
3083 3065 3328 3121 animam
3351 3080 3548 3120 mam.

2145 3150 2186 3206 C
2215 3151 2662 3207 Absconderunt
2710 3151 2854 3207 mihi
2897 3151 3100 3224 gratis,
3133 3153 3190 3208 id
3239 3156 3331 3210 est
3375 3151 3500 3209 sine
3529 3169 3727 3222 causa,

2074 3239 2298 3296 scilicet
2324 3239 2535 3308 Judzni,
2572 3247 2634 3296 ut
2670 3240 2754 3296 illi
2785 3241 3097 3312 putabunt.
3130 3240 3238 3308 Qui
3272 3240 3428 3298 enim
3457 3241 3730 3296 divinita-

373 3324 606 3380 CArma
626 3324 698 3380 ab
725 3325 960 3381 arcendo
989 3325 1147 3380 dicta
1177 3324 1508 3396 sunt,quod
1536 3341 1638 3396 per
1666 3339 1734 3380 ea
1764 3324 1961 3380 hostes
1991 3314 2035 3381 C
2073 3329 2150 3384 tis
2181 3329 2310 3399 ejus
2341 3329 2661 3400 potentiam
2693 3346 2809 3384 non
2841 3329 3178 3396 credebant,
3223 3329 3309 3385 illi
3355 3330 3638 3402 putabant
3665 3346 3732 3386 se

297 3410 756 3470 violentissimos
794 3429 1129 3480 arceamus;
1164 3429 1269 3485 per
1296 3429 1484 3479 arma,
1507 3411 1766 3469 caelestia
1795 3415 1962 3486 adju-

297 3501 480 3569 toria;
501 3517 606 3572 per
625 3505 885 3567 scutum,
909 3499 1106 3558 divina
1126 3501 1405 3574 protectio
1424 3501 1787 3574 designatur.
1817 3504 1960 3559 Scu-

303 3593 432 3645 tum
461 3589 621 3646 enim
651 3588 874 3644 dictum
907 3593 998 3646 est
1041 3589 1210 3662 quasi
1240 3591 1532 3663 scalptum,
1567 3593 1718 3663 quod
1750 3592 1808 3647 in
1837 3593 1964 3664 ipso

301 3677 532 3750 antiqui
561 3677 717 3734 facta
737 3695 848 3734 sua
875 3678 1206 3751 signabant.
1232 3679 1366 3734 Sola
1395 3696 1526 3736 vero
1556 3679 1827 3738 voluntas
1859 3683 1965 3740 Do-

307 3765 454 3822 mini
482 3771 575 3822 est
627 3783 744 3839 qua
789 3767 1041 3840 protegit
1087 3767 1534 3840 periclitantem,
1566 3775 1623 3825 et
1669 3776 1965 3844 expugnat

309 3855 648 3911 adversum.

341 3944 376 4000 3
447 3943 686 4020 Eﬂ‘unde
725 3945 1002 4020 frameam
1031 3954 1082 4003 et
1117 3947 1376 4004 concludo
1419 3949 1673 4006 adversus
1727 3966 1814 4007 eos
1868 3951 1966 4022 qui

514 4043 918 4108 persequuntur
944 4053 1032 4092 me
1058 4055 1076 4092 :

446 4125 542 4180 Dic
569 4125 778 4184 anima?
805 4141 946 4182 mea?
974 4145 992 4181 :
1023 4128 1182 4183 Salus
1210 4134 1305 4182 tua
1333 4144 1426 4200 ego
1455 4144 1600 4184 sum.

375 4212 422 4269 H
455 4217 697 4271 Framea
723 4214 819 4271 hic
857 4214 1205 4290 intelligitur
1246 4216 1444 4273 anima
1474 4216 1690 4274 Christi
1721 4216 1808 4274 vel
1859 4233 1960 4273 cu-

295 4295 542 4373 juslibet
569 4303 778 4372 sancti,
803 4304 945 4377 quia
973 4305 1124 4362 Deus
1158 4323 1262 4379 per
1289 4306 1550 4362 animam
1581 4305 1794 4362 Christi
1829 4306 1964 4362 fecit

300 4391 616 4449 vindictam
639 4397 844 4450 contra
876 4394 1270 4463 diabolum,et
1299 4413 1401 4468 per
1430 4395 1693 4452 animam
1715 4395 1960 4468 cujusli-

304 4480 402 4537 bet
430 4481 618 4538 sancti
650 4481 786 4539 facit
830 4485 1165 4556 vindictam,
1189 4483 1343 4540 sicut
1392 4500 1495 4557 per
1542 4483 1777 4540 Petrum
1829 4484 1964 4540 fecit

301 4568 536 4626 Ananiae
559 4574 614 4627 et
637 4571 894 4644 Saphiraa
919 4574 1052 4645 (Act.
1079 4579 1160 4643 v).
1185 4574 1254 4630 Et
1274 4572 1574 4630 concludo.
1601 4572 1750 4627 Petit
1770 4572 1962 4628 Eccle-

2074 3418 2456 3474 abscondisse
2485 3418 2808 3474 interitum.
2843 3419 2994 3475 Bene
3031 3418 3254 3476 dictum
3285 3425 3398 3486 est,
3430 3418 3731 3476 interitum

2071 3506 2265 3579 laquei
2314 3507 2428 3575 sui,
2461 3507 2602 3579 quia
2648 3506 2747 3564 ille
2795 3505 3044 3580 laqueus
3093 3523 3208 3564 non
3258 3507 3563 3564 morientis
3607 3512 3734 3564 erat

2072 3595 2326 3664 Domini,
2360 3597 2461 3652 sed
2493 3595 2790 3668 peccantis
2821 3595 3116 3652 interitus.
3143 3597 3529 3669 Supervacua,
3553 3597 3613 3652 id
3641 3601 3732 3652 est

2073 3684 2217 3741 false
2249 3686 2762 3758 exprobraverunt,
2786 3685 3024 3757 quando
3051 3685 3282 3742 Christo
3313 3686 3469 3741 dicta
3497 3703 3604 3743 sua
3632 3701 3730 3744 ve-

2072 3773 2232 3831 racia
2259 3774 2428 3846 quasi
2459 3773 2696 3846 aliquod
2725 3774 2949 3831 crimen
2974 3775 3366 3831 imuutabant.
3391 3775 3438 3831 H
3469 3773 3735 3831 Etinuti-

2072 3863 2204 3920 liter
2231 3868 2496 3937 egerunt,
2520 3863 2660 3937 quia
2706 3863 3075 3936 exprobratio
3105 3864 3218 3920 ista
3247 3863 3469 3922 nullam
3522 3863 3734 3922 habuit

2073 3951 2408 4009 utilitatem.

2106 4042 2142 4096 9
2220 4043 2410 4099 l'cniat
2440 4043 2530 4099 illi
2560 4044 2785 4115 laqueus
2809 4059 2972 4117 quem
3002 4045 3256 4115 ignorat:
3284 4051 3334 4100 et
3357 4044 3537 4116 captio
3559 4059 3730 4115 quam

2286 4131 2570 4188 abscondit
2599 4131 2973 4204 apprehendat
3001 4148 3127 4190 eum
3158 4150 3178 4187 :

2234 4213 2319 4290 δὲ
2369 4221 2432 4275 Et
2477 4227 2490 4286 ζ
2537 4222 2592 4276 in
2627 4221 2882 4292 laqueum
2909 4221 3222 4288 cadat-ein
3256 4221 3436 4294 ipsum
3476 4227 3490 4285 ζ

2143 4310 2189 4365 Η
2223 4308 2523 4366 Excidium
2561 4309 2702 4366 illud
2730 4310 2991 4365 minatur
3007 4309 3298 4384 Propheta
3316 4310 3473 4384 quod
3498 4309 3736 4366 advenit

2071 4399 2291 4456 Judaeis
2323 4399 2381 4454 in
2415 4399 2778 4471 temporibus
2823 4397 3193 4472 Vespasiani.
3217 4400 3287 4456 Et
3315 4398 3525 4472 captio,
3551 4415 3731 4471 quam

2073 4488 2529 4555 occultaverunt,
2565 4487 2952 4560 apprehendit
2979 4505 3098 4556 eos,
3124 4489 3179 4544 id
3211 4493 3301 4544 est
3337 4505 3495 4544 mors
3525 4504 3730 4560 repen-

2069 4579 2214 4645 tina,
2239 4594 2418 4649 quam
2455 4575 2698 4633 Domino
2731 4581 2931 4634 nostro
2963 4577 3356 4634 moliebantur
3383 4576 3627 4634 occulto.

305 4659 410 4727 sia,
433 4662 500 4714 ut
537 4659 846 4718 concludat
895 4663 1262 4720 adversarios
1311 4678 1472 4728 suos,
1498 4676 1572 4715 ne
1613 4659 1843 4716 valeant
1891 4663 1962 4716 ad
1997 4683 2042 4747 υ
2075 4669 2143 4722 10
2215 4667 2414 4722 Anima
2443 4675 2628 4722 autem
2657 4683 2780 4724 mea
2807 4667 3109 4724 exsultabit
3138 4668 3199 4722 in
3225 4668 3454 4727 Domino
3483 4683 3502 4722 :

305 4750 635 4806 nocendum
667 4751 842 4808 exire.
875 4751 978 4808 Die
1017 4753 1226 4808 anima:
1259 4766 1423 4815 meae,
1457 4753 1524 4804 ut
1553 4752 1608 4803 to
1656 4747 1964 4822 intelligat,

306 4838 445 4909 quia
471 4842 536 4894 tu
567 4839 728 4896 salus
759 4841 888 4912 ejus
919 4858 1004 4897 es.

341 4927 374 4982 4
448 4927 864 5000 Confundantur
889 4933 943 4986 et
973 4934 1348 4993 revereantur,

449 5018 760 5086 Quaerentes
789 5035 859 5074 an
869 5020 1038 5074 imam
1064 5033 1266 5072 meam.

375 5109 414 5160 C
441 5105 754 5173 Confundi,
785 5105 941 5162 enim
977 5105 1129 5161 facta
1159 5121 1268 5161 sua
1293 5103 1636 5162 erubescere
1666 5109 1724 5163 et
1756 5107 1814 5164 in
1846 5124 1962 5165 me-

305 5192 420 5250 lius
449 5201 832 5252 commutare.
867 5195 1015 5249 Nam
1063 5193 1200 5249 licet
1246 5193 1474 5250 contusi
1523 5193 1815 5266 dicantur,
1859 5197 1958 5270 qui

303 5284 728 5340 convincuntur
757 5285 830 5338 ad
865 5298 1116 5354 poenam,
1141 5288 1335 5339 tamen
1367 5287 1431 5339 ut
1460 5283 1555 5340 hic
1595 5286 1666 5342 ad
1716 5304 1959 5344 conver-

303 5371 529 5428 sionem
579 5371 936 5442 intelligeres
977 5372 1375 5428 confusionem
1425 5373 1684 5446 petitam.
1713 5377 1956 5445 addidit,

303 5464 699 5527 revereantur,
733 5459 790 5512 id
823 5462 912 5514 est
953 5463 1243 5516 emendati
1275 5462 1523 5536 diligant
1551 5481 1725 5536 quem
1757 5483 1960 5538 perse-

305 5549 608 5618 quendum
641 5563 770 5603 esse
815 5549 1177 5618 putaverant.
1203 5551 1536 5614 Quaerentcs
1584 5553 1867 5624 animam,
1900 5555 1959 5610 in

309 5636 526 5690 malam
577 5638 801 5705 partem
832 5635 1106 5708 dicit,qui
1163 5639 1385 5695 scilicet
1439 5641 1523 5696 sic
1582 5648 1850 5713 qu:crunt
1898 5649 1963 5700 ut

317 5738 447 5777 eam
477 5737 511 5774 a
539 5737 778 5794 corpore
806 5740 1109 5798 segregare
1139 5729 1430 5786 festinent.

2221 4758 2285 4811 Et
2312 4754 2672 4812 delectabitur
2697 4768 2862 4826 super
2891 4756 3130 4812 salutari
3155 4772 3273 4812 suo.

2143 4843 2184 4898 C
2209 4845 2404 4900 Prima
2443 4845 2658 4916 quippe
2698 4849 2913 4900 sanctae
2945 4845 3154 4900 animae
3187 4844 3485 4902 beatitudo
3515 4847 3605 4900 est
3633 4859 3732 4900 ex-

2071 4931 2291 4990 sultare
2313 4933 2371 4988 in
2397 4933 2667 4989 Domino.
2684 4933 3082 4990 Delectabitur
3098 4949 3277 5006 super
3293 4933 3549 4990 salutare
3578 4933 3731 5005 ejus.

2071 5022 2116 5078 H
2147 5021 2436 5078 Salutaris
2475 5026 2692 5088 noster,
2721 5021 2988 5080 Christus
3019 5026 3127 5092 est,
3159 5022 3300 5096 quia
3341 5021 3403 5078 in
3445 5037 3512 5079 eo
3541 5020 3732 5077 delec-

2069 5111 2292 5167 tabitur
2321 5109 2599 5168 Ecclesia.

2071 5203 2132 5257 11
2216 5203 2425 5259 Omnia
2452 5217 2567 5256 ossa
2598 5217 2720 5257 mea
2749 5201 2932 5258 dicent
2961 5221 2981 5256 .-

2212 5291 2454 5355 Domine,
2487 5291 2624 5360 Quis
2651 5291 2854 5346 similis
2883 5293 2985 5346 tui.

2141 5383 2180 5434 C
2207 5380 2354 5434 Ossa
2383 5379 2786 5435 fortitudinem
2819 5381 2998 5436 animi
3041 5384 3099 5436 et
3139 5379 3530 5436 constantiam
3568 5395 3730 5434 men-

2071 5469 2145 5524 tis
2177 5467 2530 5540 signiﬁcant,
2577 5484 2705 5539 quae
2757 5469 2964 5525 merito
3013 5469 3249 5525 ossibus
3293 5471 3730 5540 comparantur,

2070 5557 2209 5631 quia
2239 5555 2392 5614 sicut
2421 5555 2517 5610 illa
2550 5573 2783 5628 corpus,
2817 5557 2898 5613 ita
2928 5561 2985 5613 et
3016 5557 3136 5614 hinc
3155 5561 3388 5614 sanctas
3405 5555 3732 5614 voluntates

2071 5647 2468 5702 corroborant.
2495 5646 2534 5701 C
2557 5645 2718 5712 Quis,
2740 5647 3072 5720 negativum
3098 5652 3215 5716 est;
3239 5645 3452 5702 similis
3477 5644 3578 5714 tui,
3601 5645 3648 5700 Η
3671 5643 3729 5700 id

2072 5739 2160 5792 est
2193 5733 2413 5791 nullus.
2445 5735 2550 5800 Qui
2583 5739 2776 5808 potest
2807 5735 3022 5793 similis
3053 5752 3183 5794 esse
3211 5735 3374 5793 Deo?
