3936 6438
256 438 375 502 149

257 572 326 633 12
400 571 649 647 Eripiens
680 571 893 645 inopem
919 569 983 628 de
1012 586 1179 627 manu
1206 570 1500 643 fortiorum
1526 570 1641 644 ejus
1671 588 1690 626 :

399 665 650 735 Egenum
677 668 731 718 et
751 676 1046 733 pauperem
1075 677 1110 715 a
1136 659 1525 732 diripienttbus
1552 676 1695 716 eum.

325 751 371 808 C
401 751 629 823 Eripuit
657 749 923 806 Christus
952 765 1100 821 pene
1128 752 1313 805 totum
1347 764 1532 822 genus
1576 749 1902 805 humanum

258 841 328 896 de
360 839 460 895 illa
490 841 771 912 potestate
801 835 1017 893 diaboli
1051 836 1150 909 qui
1179 841 1319 893 tunc
1350 853 1452 910 per
1488 837 1777 893 mnndum
1810 853 1898 893 re-

258 928 687 1003 gnabat.Homo
715 926 873 981 enim
904 929 1028 981 erat
1060 926 1227 997 inops
1261 942 1273 979 :
1309 925 1447 998 quia
1476 924 1903 998 mortalis,ege-

258 1034 393 1085 nus,
428 1016 567 1089 quia
592 1016 651 1070 in
680 1011 879 1070 labore
908 1019 963 1069 et
994 1014 1206 1070 sudore
1235 1029 1443 1086 panem
1473 1014 1905 1085 quiesivit.Pau-

258 1122 381 1179 per,
414 1106 553 1177 quia
580 1105 651 1160 de
677 1103 964 1177 sapientia
1007 1106 1065 1159 et
1110 1103 1360 1175 puritate
1407 1104 1667 1174 dejectus
1698 1120 1733 1158 a
1759 1102 1902 1157 diri-

258 1194 556 1267 pientibus
598 1191 918 1249 immundis
969 1191 1293 1263 spiritibus,
1327 1190 1512 1247 solam
1564 1195 1799 1247 tenuem
1848 1192 1906 1246 et

258 1281 634 1339 umbratilem
671 1279 1063 1336 ratiunculam
1094 1279 1450 1353 possidebat.

259 1371 324 1427 13
394 1374 690 1440 surgentes
719 1375 871 1425 testes
904 1370 1087 1441 iniqui
1115 1387 1133 1422 :

397 1464 539 1530 Qua:
568 1459 892 1529 ignorabam
922 1457 1343 1529 interrogabant
1370 1472 1474 1511 me.

325 1547 368 1602 C
398 1547 565 1602 Nunc
595 1547 1014 1602 commemorat
1055 1543 1320 1599 Christus
1371 1544 1443 1599 de
1491 1541 1725 1615 propria
1770 1557 1902 1614 pas-

254 1635 441 1692 sione.
473 1634 689 1690 Contra
717 1648 851 1688 eum
882 1632 1040 1687 enim
1070 1635 1248 1689 testes
1278 1632 1473 1688 subito
1516 1632 1737 1703 impetu
1768 1647 1901 1686 con-

252 1724 603 1797 snrgeba'nt,
633 1736 832 1777 revera
861 1719 1067 1792 iniqui,
1099 1721 1240 1791 quia
1285 1720 1452 1775 erant
1498 1723 1699 1775 contra
1726 1718 1900 1789 aequi-

253 1815 440 1868 tatem
466 1808 1002 1875 locuturi.Addidit,
1035 1808 1396 1880 ignorabam,
1428 1808 1485 1863 id
1517 1810 1607 1863 est
1637 1806 1745 1879 ipsi
1770 1822 1900 1861 nar-

254 1901 473 1957 rabant
499 1898 605 1954 illa
631 1914 756 1970 quae
789 1912 880 1953 me
907 1897 1124 1998 dixisse
1153 1894 1505 1951 omnimodis
1543 1894 1894 1951 nesciebam.
1928 1932 1975 1998 Β

252 1990 324 2043 14
402 1988 791 2045 Retribuebant
817 1985 959 2041 mihi
983 1982 1130 2039 mala
1152 1985 1435 2056 pro‘bonis
1465 2001 1485 2038 .-

401 2075 751 2132 Steritimtem
775 2074 982 2129 animae
1007 2087 1147 2127 mea.

320 2168 364 2219 C
396 2163 815 2219 Retribuebant
844 2160 989 2216 mihi
1021 2159 1177 2215 mala
1222 2176 1324 2233 pro
1375 2159 1563 2223 bonis,
1597 2158 1736 2231 quia
1764 2175 1897 2214 cum

246 2252 522 2309 Christus
551 2251 729 2307 vitam
761 2248 1128 2305 credentibus
1157 2247 1486 2315 contulerit,
1517 2246 1601 2302 illi
1649 2250 1896 2303 mortem

243 2358 277 2398 θ
305 2343 514 2397 contra
543 2339 781 2394 reddere
810 2336 1165 2392 maluerunt.
1197 2335 1479 2392 Sterilitas
1524 2336 1732 2391 anima;
1764 2336 1893 2403 fuit,

245 2428 487 2503 quando
517 2426 791 2499 Magister
817 2426 1007 2482 bonus
1035 2423 1095 2479 in
1125 2422 1272 2497 ipsis
1298 2424 1358 2479 in
1376 2423 1629 2479 fructum
1659 2422 1791 2479 fidei
1813 2440 1897 2479 re-

240 2519 439 2592 perire
466 2532 581 2572 non
614 2512 822 2588 potuit.

245 2608 316 2663 15
390 2608 502 2677 Ego
529 2610 712 2659 autem
737 2618 863 2657 cum
887 2601 1031 2657 mihi
1057 2602 1269 2657 molesti
1296 2609 1470 2656 essent
1502 2617 1514 2653 :

387 2694 670 2751 Induebur
698 2693 905 2746 cilicio.

316 2786 357 2837 C
386 2783 509 2855 Ego
541 2781 683 2836 dum
717 2777 861 2833 mihi
891 2777 1122 2834 molesti
1172 2781 1390 2842 essent,
1422 2776 1478 2831 id
1512 2780 1599 2830 cst
1628 2778 1769 2832 dum
1799 2777 1898 2833 Ju-

245 2871 355 2927 dasi
372 2872 578 2926 essent
594 2866 820 2923 molesti
846 2882 949 2939 per
964 2865 1351 2921 contumelias
1367 2868 1422 2920 et
1441 2864 1683 2921 insidias
1709 2864 1897 2919 Chris-

236 2963 325 3025 to,
361 2958 559 3013 induit
589 2972 652 3011 se
692 2953 896 3009 cilicio.
926 2954 971 3008 Η
1004 2954 1067 3009 ld
1088 2958 1177 3009 est
1206 2953 1479 3008 divinitas
1508 2969 1680 3008 carne
1726 2956 1782 3008 et
1828 2954 1898 3008 de

238 3052 486 3120 peccato
529 3043 831 3100 damnavit
879 3046 1176 3113 peccatum
1226 3043 1397 3113 (Rom.
1430 3039 1570 3111 vm).
1613 3040 1654 3095 C
1704 3041 1900 3095 Induit

241 3146 379 3190 vero
411 3149 477 3190 se
510 3145 681 3188 carne
707 3126 1002 3195 divinitas,
1034 3129 1093 3184 id
1123 3132 1212 3184 est
1240 3128 1550 3183 occultavit
1577 3144 1678 3200 per
1706 3129 1896 3185 carnis

240 3222 513 3279 velamen
546 3234 608 3276 se
640 3217 964 3276 tenebrosis
995 3217 1313 3273 mentibus.

243 3313 311 3366 16
385 3308 767 3367 Humiliabam
794 3307 855 3361 in
874 3306 1088 3377 jejunio
1118 3308 1369 3361 animam
1401 3320 1611 3360 meam:

386 3400 453 3454 Et
485 3398 667 3454 oratio
696 3410 817 3451 mea
843 3395 902 3449 in
932 3396 1062 3449 sinu
1089 3409 1205 3449 meo
1229 3398 1573 3449 converetur

314 3487 357 3542 C
383 3485 693 3559 Jejunium
725 3483 947 3538 dictum
972 3485 1062 3537 est
1079 3481 1236 3537 enim
1263 3481 1429 3553 quasi
1455 3480 1895 3553 inedium,quod

242 3576 615 3632 abstinentes
644 3570 869 3627 diutius
900 3570 971 3625 ad
1001 3570 1256 3625 inediam
1289 3586 1475 3642 usque
1500 3569 1897 3641 perdurat.Je-

234 3663 475 3735 junavit
502 3658 841 3716 Christusin
858 3662 1053 3713 monte
1078 3657 1892 3729 quadragintadiebus(Matth.

242 3752 340 3822 ιν).
374 3751 449 3806 Et
477 3748 665 3806 oratio
696 3763 846 3816 mea,
880 3747 938 3802 id
971 3751 1059 3801 est
1082 3746 1224 3801 dum
1256 3745 1607 3801 fundebatur
1637 3764 1671 3801 a
1704 3746 1894 3802 Domi-

242 3856 317 3896 no
347 3840 409 3894 in
443 3854 641 3905 cruce,
691 3841 749 3892 et
803 3852 933 3893 eam
978 3834 1204 3890 miserit
1249 3834 1433 3889 Judaei
1482 3834 1722 3890 minime
1766 3851 1894 3890 sus-

241 3927 437 3999 cipere
469 3930 853 3991 mererentur,
885 3923 1181 3979 remeabat
1212 3922 1268 3978 in
1301 3921 1495 3978 sinum
1528 3924 1676 3995 ejus,
1712 3923 1768 3978 id
1809 3927 1899 3979 est

238 4014 300 4070 in
326 4018 629 4073 secretum
659 4011 930 4085 pectoris,
955 4011 1108 4067 unde
1133 4011 1321 4066 fuerat
1349 4025 1601 4083 egressa.

240 4105 308 4159 17
384 4104 569 4172 Quasi
590 4102 929 4173 proximum,
959 4101 1121 4171 quasi
1144 4101 1374 4171 fratrem
1400 4108 1643 4155 nostrum
1664 4102 1742 4155 sic
1760 4114 1899 4155 com-

454 4190 749 4263 plaoebam
788 4206 801 4244 :

384 4280 562 4348 Quasi
591 4282 783 4349 lugens
812 4285 865 4333 et
887 4278 1234 4333 contristatus
1263 4278 1342 4331 sic
1368 4276 1726 4332 humiliabar.

308 4371 350 4423 C
382 4367 654 4424 Mutatus
697 4371 789 4422 est
837 4364 932 4420 hic
962 4382 1133 4421 casus
1166 4365 1602 4436 nominum,pro
1633 4364 1899 4421 ablativis

239 4457 397 4512 enim
449 4461 600 4513 sunt
647 4452 959 4510 accusativi
1008 4453 1203 4525 positi.
1238 4451 1387 4507 Dicit
1424 4452 1599 4518 enim,
1632 4453 1798 4523 quasi
1830 4454 1900 4509 de

241 4545 534 4616 proximo,
560 4542 731 4615 quasi
762 4542 835 4596 de
864 4540 1041 4597 fratre
1070 4544 1270 4595 nostro
1303 4540 1382 4594 ita
1409 4539 1551 4595 mihi
1585 4539 1899 4611 complace-

1474 437 1886 502 EXPOSITIO
1930 438 2432 506 PSALMORUM.

3538 438 3653 504 130

1930 572 1985 639 Α
2013 570 2314 629 scientiam
2346 572 2582 646 peccati,
2615 576 2850 647 propter
2878 573 3035 647 quod
3067 570 3345 648 ﬂagellari
3386 568 3472 631 vel
3523 584 3652 632 cru-

2012 661 2165 735 cifigi
2194 662 2518 718 debuerim.

2012 748 2082 804 19
2155 752 2421 822 Dissipati
2446 758 2571 806 sunt
2592 766 2690 807 nec
2715 754 3024 824 compuncti
3049 769 3062 807 :
3097 755 3446 808 tentaverunt
3470 768 3576 810 me.

2150 838 2630 895 Subsannaverunt
2656 857 2740 896 me
2764 840 3187 897 subsannatione
3214 858 3231 896 :

2150 928 2528 983 Frenduerunt
2556 944 2718 1000 super
2742 946 2830 985 me
2855 930 3102 985 dentibus
3131 932 3265 986 suis.

2082 1015 2127 1071 H
2160 1016 2436 1088 Dissipati
2467 1021 2622 1082 sunt,
2657 1034 2690 1071 a
2716 1017 2945 1073 vinculo
2983 1018 3305 1087 charitatis,
3337 1035 3443 1075 nec
3490 1035 3649 1075 com-

2010 1104 2210 1178 puncti
2240 1109 2305 1159 ut
2333 1109 2570 1177 agerent
2600 1105 3416 1177 poenitentiam.'l‘entaverunt
3445 1094 3650 1163 multis

2012 1193 2202 1248 modis
2222 1192 2405 1248 Judaei
2438 1192 2754 1249 Christum.
2795 1194 3309 1250 Subsannaverunt
3337 1195 3598 1252 dicentes
3631 1214 3643 1251 :

2010 1283 2144 1346 Ave,
2173 1298 2270 1337 rex
2296 1280 2648 1338 Judazorum.
2670 1282 3088 1349 Frenduerunt,
3123 1280 3478 1339 clamantes:
3507 1282 3649 1339 Cru-

2012 1369 2411 1442 ciflgatur.Per
2440 1374 2633 1425 motus
2663 1369 2920 1442 corporis
2948 1369 3275 1426 ostenditur
3299 1374 3496 1427 motus
3525 1371 3648 1427 ani-

2013 1474 2141 1513 mae.
2176 1458 2221 1513 Η
2251 1462 2289 1512 C
2315 1458 2578 1513 Stridunt
2607 1459 2737 1514 saevi
2778 1457 3045 1514 homines
3094 1454 3386 1525 dentibus,
3418 1456 3650 1531 quando

2012 1546 2232 1602 ratione
2256 1546 2749 1614 vincuntur,nam,
2783 1563 2916 1602 cum
2944 1545 3027 1602 eis
3063 1563 3167 1619 pro
3215 1544 3451 1602 veritate
3479 1546 3653 1601 verba

2011 1634 2342 1700 defecerint,
2372 1634 2743 1707 impatienter
2771 1633 3047 1691 dentibus
3077 1634 3353 1703 fremunt,
3396 1651 3652 1707 suasque

2008 1722 2337 1779 voluntates
2369 1724 2543 1779 tacita
2573 1722 3044 1778 interminatione
3073 1723 3443 1778 denuntiant.

2008 1811 2089 1867 20
2162 1812 2633 1883 Domine,quando
2663 1813 2943 1882 respicies:
2960 1813 3177 1867 restitue
3205 1812 3455 1866 animam
3474 1826 3649 1866 meam

2217 1917 2254 1955 a
2281 1901 2627 1969 malignitate
2655 1914 2843 1955 eorum
2873 1915 2887 1954 :

2146 1988 2183 2043 A
2219 1978 2463 2043 leonibus
2485 1990 2711 2043 unicam
2737 2004 2934 2043 meam.

2075 2080 2115 2130 C
2145 2076 2384 2145 Quando
2415 2074 2818 2148 respicies,pro
2832 2074 3264 2145 consuetudine
3284 2073 3646 2130 infirmitatis

2004 2164 2273 2220 humanae
2303 2164 2534 2231 dicitur,
2557 2163 2650 2219 cui
2672 2180 2978 2220 morosum
2998 2163 3227 2219 videtur
3254 2164 3647 2235 quodcunque

2005 2252 2268 2308 futurum
2298 2257 2414 2320 est;
2448 2268 2575 2321 qua:
2605 2268 2757 2318 mox,
2806 2255 2873 2306 ut
2919 2251 3098 2321 cupit,
3132 2250 3371 2305 festinat
3419 2250 3642 2322 aliquid

2005 2341 2256 2414 impleri.
2290 2341 2569 2406 Restitue,
2604 2340 2771 2411 quasi
2800 2342 3056 2410 ereptam
3088 2324 3346 2393 animam
3377 2339 3573 2394 redde.
3599 2340 3644 2394 Α

2006 2428 2385 2502 malignitate,
2415 2429 2555 2501 quia
2582 2428 2799 2499 injuste
2829 2427 3109 2499 probatur
3134 2426 3434 2482 occisus.A
3462 2424 3643 2481 leoni-

2006 2518 2133 2573 bus.
2172 2518 2216 2572 H
2250 2518 2304 2572 id
2355 2522 2444 2572 est
2489 2534 2524 2572 a
2570 2515 3068 2588 persecutoribus;
3102 2513 3355 2580 unicam,
3387 2513 3644 2569 animam

2004 2623 2171 2661 suam
2204 2606 2376 2671 dicit;
2409 2622 2535 2676 quin
2572 2606 2744 2659 unica
2771 2608 2859 2659 est
2888 2603 3014 2659 sine
3045 2601 3352 2674 peccato.C
3382 2600 3483 2657 Vel
3514 2601 3643 2656 uui-

2004 2711 2091 2760 ca,
2123 2694 2264 2766 quia
2290 2694 2360 2749 de
2386 2693 2619 2765 Virgine
2651 2697 2824 2748 natus
2855 2692 3064 2746 unicus
3093 2695 3200 2757 est,
3232 2689 3289 2746 id
3322 2693 3411 2745 est
3452 2688 3641 2745 solum

2006 2800 2158 2839 unus
2188 2783 2259 2838 dc
2289 2782 2509 2854 virgine
2534 2786 2623 2837 est
2654 2785 2845 2836 natus.
2878 2778 3003 2844 Vel,
3037 2778 3291 2846 unicam,
3324 2777 3641 2835 Ecclesium

2004 2888 2192 2927 suam.

2003 2962 2065 3014 21
2147 2960 2444 3031 Conﬁtebor
2472 2960 2575 3015 tibi
2606 2962 2663 3013 in
2691 2960 2912 3014 ecclesia
2941 2972 3182 3025 magna:

2145 3050 2207 3104 In
2232 3048 2428 3120 populo
2455 3049 2610 3118 gravi
2641 3046 2873 3102 laudabo
2903 3053 2969 3100 te.

2073 3141 2113 3191 c
2138 3136 2292 3191 Duas
2321 3152 2447 3190 esse
2476 3134 2732 3190 diximus
2762 3132 3174 3200 confessiones,
3207 3147 3386 3186 unam
3426 3129 3642 3196 laudis,

2004 3224 2244 3279 alteram
2276 3221 2658 3294 poenitentiae;
2709 3221 2810 3276 sed
2861 3220 2955 3275 hic
3004 3220 3075 3275 ad
3126 3219 3360 3276 laudem
3396 3218 3648 3290 pertinet

1927 3291 1971 3359 (ἶ
2007 3312 2214 3382 Magna
2241 3291 2372 3365 vero
2406 3308 2656 3364 Ecclesia
2684 3313 2773 3363 est
2803 3306 3051 3379 populus
3083 3303 3467 3373 Christianus,
3491 3294 3648 3360 recta

2007 3399 2119 3455 ﬁde
2147 3400 2372 3454 firmus.
2406 3398 2468 3453 In
2500 3394 2713 3468 populo
2742 3394 2932 3468 gravi;
2966 3395 3009 3450 H
3040 3393 3177 3467 quia
3226 3410 3339 3449 non
3388 3396 3477 3448 est
3505 3390 3647 3447 levis

2007 3489 2076 3544 ad
2112 3486 2632 3559 peccandum,ideo
2666 3484 2869 3538 firmus
2900 3482 2957 3538 in
2985 3482 3169 3538 lide.A
3197 3481 3290 3536 Sic
3314 3480 3483 3553 palea
3505 3479 3647 3537 levis

2005 3580 2171 3630 vento
2204 3573 2445 3635 tollitur,
2467 3588 2717 3646 granum
2751 3574 2966 3636 manet,
2996 3570 3134 3641 quia
3162 3585 3367 3642 grave;
3401 3565 3536 3623 talis
3558 3570 3648 3623 est

2006 3664 2195 3718 bonus
2223 3660 2606 3729 Christianus,
2641 3658 2779 3731 quia
2806 3675 3056 3731 granum
3088 3662 3195 3712 est.

2003 3754 2074 3806 22
2144 3753 2262 3808 Non
2296 3749 2729 3822 supergaudeant
2772 3748 2915 3802 mihi
2959 3748 3055 3819 qui
3099 3746 3460 3803 adversantur
3506 3745 3650 3800 mihi

2221 3841 2445 3909 inique:

2147 3928 2254 3994 Qui
2281 3927 2506 3981 oderunt
2537 3942 2622 3979 me
2650 3926 2838 3995 gratis.
2872 3925 2935 3978 Et
2964 3931 3219 3977 annuunt
3248 3923 3439 3978 oculis.

2076 4017 2115 4068 C
2145 4014 2265 4068 Non
2298 4013 2768 4085 supergandeant
2816 4009 2981 4075 mihi,
3014 4009 3072 4064 id
3102 4014 3191 4064 est
3224 4024 3338 4063 non
3370 4005 3651 4064 insultent

2006 4101 2521 4171 hazretici,quando
2548 4100 2777 4171 aliquos
2808 4099 2879 4153 de
2910 4114 3151 4152 numero
3175 4095 3436 4151 fidelium
3460 4094 3650 4168 perdit

2008 4193 2209 4245 sancta
2238 4187 2505 4255 Ecclesia,
2539 4187 2676 4258 quia
2701 4185 2950 4241 haeretici
2991 4196 3223 4255 semper
3272 4183 3651 4256 adversantur

2007 4277 2237 4333 Christo
2266 4280 2322 4331 et
2350 4275 2632 4331 Ecclesiae.
2668 4274 2773 4340 Qui
2804 4274 3050 4328 oderunt
3079 4286 3171 4326 me
3202 4271 3404 4343 gratis,
3430 4270 3541 4335 hoc
3562 4273 3652 4325 est

2008 4365 2279 4434 inaniter,
2314 4364 2529 4435 quibus
2561 4362 2704 4417 nihil
2738 4361 2927 4417 nocui.
2964 4362 3002 4415 C
3031 4360 3269 4413 Annunt
3298 4357 3512 4424 oculis;
3547 4368 3647 4412 an-

2010 4455 2135 4509 nuit
2165 4434 2368 4518 oculis,
2401 4451 2634 4523 quando
2656 4449 2762 4504 hoc
2785 4449 2957 4504 tacite
2978 4451 3034 4502 et
3053 4446 3249 4502 dolose
3277 4445 3400 4500 vult
3427 4445 3649 4518 aliquid
3702 4434 3707 4437 ’

2009 4542 2321 4599 declarare.
2355 4541 2401 4595 Η
2432 4540 2522 4595 Sic
2552 4539 2810 4593 fecerunt
2836 4534 3039 4602 Judaei,
3074 4535 3213 4608 quia
3239 4533 3381 4589 nihil
3413 4534 3548 4589 boni
3590 4534 3649 4589 in

240 4632 399 4699 bam,
432 4632 495 4687 id
531 4636 626 4687 est
653 4631 725 4685 de
755 4645 956 4685 eorum
988 4627 1396 4699 conjunctione
1428 4628 1773 4701 gaudebam,
1800 4630 1897 4699 qui
1937 4645 1978 4709 ι)
2010 4649 2180 4704 opere
2226 4630 2622 4686 ostenderunt.
2673 4629 2718 4681 A
2767 4623 3226 4681 Pronuntiabant
3282 4622 3442 4677 vultu
3495 4621 3650 4694 quod

243 4737 333 4777 me
362 4719 665 4777 hostiliter
698 4717 1177 4789 insequebantur.
1223 4716 1632 4789 Complacebat
1660 4716 1814 4772 enim
1844 4717 1903 4771 in

243 4808 357 4865 illis
386 4807 665 4872 Domino,
700 4805 939 4877 quando
963 4821 1062 4860 eos
1093 4804 1337 4860 docebat
1382 4821 1497 4860 non
1539 4804 1895 4877 delinquere.

243 4896 478 4971 Lageus
510 4901 573 4952 et
602 4894 985 4950 contristatae
1011 4896 1068 4948 et
1097 4892 1442 4949 humiliatus
1469 4892 1734 4949 Christus
1753 4897 1897 4959 erat,

241 4987 381 5057 quia
410 4986 473 5041 in
507 4983 744 5041 cunctis
771 4981 1165 5053 Judaais,quos
1197 4984 1265 5036 ut
1292 4981 1497 5037 fratres
1527 4986 1584 5037 et
1607 4982 1901 5053 proximos

242 5073 463 5141 dilexit,
499 5073 687 5128 ﬁdem
717 5070 982 5126 invenire
1013 5086 1127 5125 non
1159 5070 1367 5141 potuit.

248 5164 310 5217 18
382 5164 450 5218 Et
472 5162 777 5217 adversum
804 5174 891 5214 me
920 5159 1100 5215 ιωίωί
1124 5166 1251 5213 sunt
1278 5164 1331 5213 et
1356 5166 1715 5214 convenerunt
1746 5175 1759 5211 :

383 5252 732 5322 Congregata
762 5254 891 5303 sunt
917 5263 1080 5318 super
1106 5263 1193 5302 me
1217 5247 1437 5315 ﬂagella
1465 5256 1514 5301 et
1548 5249 1814 5315 ignoravi.

315 5341 359 5395 Η
390 5336 605 5395 laetati
635 5339 779 5392 sunt
809 5334 1017 5400 Judazi,
1053 5335 1285 5405 quando
1316 5333 1607 5391 Christum
1648 5352 1908 5407 compre-

248 5426 603 5484 henderunt.
638 5424 1067 5487 Convenerunt,
1101 5427 1165 5476 ut
1192 5439 1325 5477 eum
1357 5421 1908 5495 crucifigerent,non

253 5520 312 5571 ut
338 5515 673 5571 crederent.
708 5511 1072 5583 Congregata
1116 5515 1253 5565 sunt
1301 5509 1544 5582 ﬂagella,
1578 5515 1646 5564 ut
1690 5510 1909 5565 Pilatus

254 5603 430 5660 dixit:
465 5600 874 5659 Emendatum
907 5615 1064 5664 eum,
1103 5597 1162 5652 id
1192 5601 1281 5653 est
1310 5597 1678 5670 flagellatam,
1712 5598 1909 5653 dimit-

257 5696 367 5749 tam
397 5693 555 5763 (Luc.
592 5686 780 5758 mn).
813 5687 887 5742 Et
918 5685 1199 5757 ignoravi,
1226 5685 1281 5739 id
1307 5691 1392 5740 est
1423 5704 1535 5741 non
1566 5685 1743 5741 habui
1775 5702 1907 5740 con-

2013 4722 2183 4775 cordc
2214 4736 2325 4773 non
2360 4716 2682 4791 gestabant.

2006 4810 2076 4864 23
2149 4809 2417 4875 Quoniam
2434 4805 2575 4861 mihi
2599 4801 2815 4877 quidem
2839 4803 3064 4875 paciﬁtte
3093 4803 3449 4874 loquebantur
3481 4818 3494 4855 :

2149 4898 2211 4951 Et
2242 4897 2299 4950 in
2332 4894 2616 4950 iracundia
2784 4900 2947 4949 terra:
2988 4896 3001 4954 ζ
3032 4892 3302 4963 loquentes
3331 4889 3478 4945 dolos
3507 4890 3649 4960 sagi-

2224 4985 2368 5039 bant.

2082 5076 2129 5126 H
2161 5076 2200 5125 C
2230 5070 2469 5126 Paciﬁco
2489 5067 2880 5139 loquebantur
2903 5066 3161 5122 dicentes
3192 5082 3206 5120 :
3233 5064 3523 5138 Magister,
3539 5064 3649 5120 sci-

2016 5176 2147 5214 mus
2180 5158 2318 5230 quia
2344 5174 2516 5212 verax
2545 5172 2605 5211 es
2638 5157 2841 5224 (Matth.
2873 5156 3029 5225 xxii).
3065 5155 3105 5209 C
3140 5155 3207 5209 Et
3238 5154 3297 5209 in
3327 5152 3647 5220 iracundia,

2020 5253 2083 5302 ut
2113 5246 2255 5301 illud
2282 5246 2549 5317 :Oportet
2580 5261 2760 5298 unum
2793 5260 2895 5315 pro
2922 5244 3195 5298 omnibus
3218 5239 3650 5313 mori(Joan.xx),

2021 5336 2187 5407 quasi
2221 5334 2538 5389 invidentes
2568 5331 2669 5387 toti
2703 5331 2915 5403 populo
2947 5336 3128 5386 terrm.
3160 5332 3335 5387 Porro
3366 5329 3525 5385 enim
3555 5326 3653 5380 ali-

2020 5425 2154 5495 quis
2188 5422 2379 5477 dolum
2414 5419 2592 5491 loqui,
2627 5437 2758 5474 cum
2794 5436 2907 5473 non
2940 5408 3154 5488 cogitat
3180 5418 3457 5483 occidere,
3492 5418 3556 5468 ut
3603 5411 3652 5466 si

2019 5512 2152 5583 quis
2180 5508 2481 5583 pecuniam
2515 5507 2772 5579 proximo
2806 5508 3048 5559 conatur
3088 5507 3312 5561 auferre
3353 5505 3654 5575 propterea

2018 5581 2323 5661 adtlidilﬁn
2356 5596 2655 5651 iracundia
2686 5597 2952 5657 tcrrm,ut
2980 5592 3149 5648 dolus
3179 5610 3377 5648 eorum
3408 5581 3653 5643 exitialis

2020 5687 2198 5741 fuisse
2228 5685 2537 5741 delaretur.
