3936 6484
228 419 326 483 153
1415 419 1825 483 EXPOSITIO
1868 419 2378 486 PSALMORUM.

3483 421 3600 485 12M

225 555 336 631 ipso
363 550 502 626 quia
531 568 646 609 non
679 554 769 609 est
797 551 993 621 timor,
1024 550 1487 611 etc.HDiabolus
1515 552 1782 611 videlicet
1798 557 1856 611 et
1881 553 1937 622 Α
2000 556 2035 610 8
2108 556 2243 611 Filii
2270 561 2452 612 autem
2482 556 2762 613 hominum
2789 573 2809 615 :

227 642 391 703 Judaei
423 641 626 698 dolose
653 646 899 715 egerunt
931 642 990 697 in
1021 647 1333 715 conspectu
1363 643 1485 699 Dei.
1515 643 1616 699 Vel
1647 643 1719 699 ad
1748 644 1850 699 Ju-

222 734 342 790 dam
397 730 757 803 proditorem
814 730 1087 802 pertinet,
1137 748 1386 804 quorum
1442 731 1722 805 iniquitas
1779 732 1849 787 ad

220 820 401 878 odium
445 818 678 873 inventa
708 822 815 873 est.
848 820 894 872 A
921 818 1204 875 Similiter
1249 820 1509 875 omnium
1562 821 1849 876 malorum

217 906 495 966 invenitur
525 905 805 978 iniquitas
834 906 906 961 ad
949 907 1170 976 odium,
1204 908 1344 979 quia
1389 909 1512 964 odit
1556 909 1710 965 Deus
1740 909 1849 964 ini-

219 996 517 1070 quitatem,
546 994 688 1049 dum
718 1010 846 1050 eam
878 999 1158 1067 perpetuo
1191 996 1380 1067 punit.

249 1085 281 1139 3
354 1084 520 1141 Verba
550 1084 659 1137 oris
688 1083 807 1154 ejus
840 1085 1105 1155 iniquitas
1134 1092 1186 1139 et
1212 1084 1367 1140 dolus
1398 1103 1417 1138 :

344 1172 530 1228 Noluit
562 1171 871 1242 intelligere
900 1175 961 1226 ut
988 1172 1120 1228 bene
1148 1175 1352 1241 ageret.

281 1261 318 1316 C
334 1258 526 1314 Verba
544 1275 747 1314 eorum
770 1264 908 1314 sunt
928 1258 1267 1332 iniquitates
1288 1265 1345 1315 et
1365 1260 1556 1329 dolus,
1575 1260 1854 1334 iniquitas

212 1348 456 1422 pertinet
480 1348 552 1403 ad
586 1346 1035 1418 blasphemiam,
1059 1347 1229 1403 dolus
1258 1348 1317 1403 in
1350 1348 1679 1420 proximum
1700 1350 1853 1405 deci-

212 1433 718 1509 piendum.Noluit
738 1434 1081 1507 intelligere,
1105 1435 1235 1490 illos
1257 1435 1642 1508 signiﬁcabat,
1667 1438 1767 1509 qui
1788 1454 1857 1494 ex

208 1524 403 1596 aliqua
429 1528 612 1596 parte,
638 1523 961 1595 igniculum
988 1523 1284 1594 sapientiae
1316 1530 1720 1597 perceperunt,
1738 1530 1795 1582 et
1823 1544 1858 1582 a

206 1629 335 1669 vero
364 1611 664 1667 intellectu
691 1610 1194 1678 declinantes,suo
1221 1612 1361 1669 vitio
1390 1613 1675 1685 perversis
1705 1631 1856 1671 erro-

204 1702 366 1757 ribus
399 1717 463 1756 se
496 1699 850 1772 polluerunt.

235 1791 268 1845 4
341 1790 712 1859 Iniquitatem
740 1787 1029 1843 meditatus
1056 1793 1132 1843 est
1162 1791 1220 1843 in
1247 1791 1421 1845 cubili
1447 1807 1542 1845 suo
1574 1808 1592 1844 :

2100 643 2160 699 In
2191 647 2426 713 tegmine
2454 647 2671 702 alarum
2698 652 2919 702 tuarum
2944 646 3258 718 sperabunt.

2029 729 2072 786 C
2099 731 2225 787 Filii
2246 736 2441 788 autem
2465 733 2769 790 hominum
2789 738 2927 790 sunt
2948 734 3047 807 qui
3070 752 3185 792 non
3199 737 3345 792 sunt
3357 735 3597 808 jumen-

1956 824 2036 886 ta,
2061 820 2160 874 sed
2186 821 2604 878 rationabiliter
2621 823 2945 896 vivunt,qui
2961 824 3209 895 gratiam
3228 823 3598 896 baptismatis

1959 909 2359 976 consecuti,in
2408 928 2614 966 novam
2664 912 2997 984 progeniem
3045 916 3450 968 renascuntur.
3483 914 3526 968 H
3558 914 3599 969 C

1958 994 2074 1051 Alae
2105 1012 2238 1052 vero
2270 997 2503 1053 Domini
2536 1004 2675 1054 sunt
2705 1003 2988 1072 praecepta
3005 999 3145 1056 Novi
3167 1005 3224 1056 et
3241 1000 3465 1057 Veteris
3489 1002 3596 1056 Te-

1959 1085 2319 1141 stamenti.C
2346 1087 2409 1141 In
2451 1104 2701 1159 quarum
2759 1089 3114 1160 protectione
3159 1089 3351 1145 omnis
3397 1090 3600 1161 justus

1959 1188 2193 1245 sperare
2223 1176 2613 1247 cognoscitur,
2636 1176 2778 1231 dum
2800 1177 2883 1233 eis
2904 1177 3137 1233 obedire
3157 1177 3501 1233 ostenditur.

1994 1259 2029 1312 9
2104 1261 2526 1317 Inebriabuntur
2555 1265 2613 1318 in
2643 1265 2883 1319 ubertate
2911 1264 3100 1320 domus
3124 1269 3238 1321 tuae
3265 1283 3282 1320 :

2101 1349 2168 1403 Et
2198 1357 2432 1405 torre-nte
2458 1353 2749 1423 voluptatis
2776 1359 2882 1408 luce
2907 1353 3143 1424 potabis.

2032 1435 2077 1490 H
2112 1436 2578 1505 lnebriabuntur,
2610 1438 2666 1494 id
2698 1444 2787 1496 est
2805 1440 2918 1512 ipsi
2948 1439 3052 1495 ﬁlii
3075 1439 3175 1496 Dei
3198 1441 3601 1513 apinguedine

1960 1523 2143 1589 gratia
2175 1522 2427 1595 Spiritus
2458 1526 2667 1592 sancti,
2694 1529 2757 1580 ut
2785 1525 3039 1581 habeant
3068 1525 3424 1583 intellectum
3456 1527 3601 1601 dog-

1962 1613 2186 1664 matum
2211 1609 2855 1683 ecclesiasticorum,ut,
2877 1613 3074 1669 oblitis
3096 1613 3355 1686 ﬂagitiis,
3376 1613 3599 1670 virtuti-

1963 1697 2072 1752 bus
2101 1696 2473 1769 impleantur.
2499 1700 2539 1755 C
2558 1701 2892 1756 Torrentem
2918 1700 3170 1757 dicimus
3199 1717 3326 1757 esse
3357 1702 3599 1757 ﬂuvium

1959 1783 2234 1854 velocem,
2263 1786 2355 1842 cui
2412 1788 2558 1844 bene
2605 1793 2977 1860 comparatur
3024 1787 3317 1861 sapientia
3360 1788 3597 1857 Christi,

338 1877 534 1932 Astitit
554 1878 706 1932 omni
732 1879 837 1933 via:
864 1893 972 1932 non
1013 1877 1202 1934 bonae:
1222 1879 1567 1946 malitiam+
1601 1888 1783 1935 autem
1823 1886 1839 1944 ζ
1879 1916 1926 1982 Β
1958 1873 2095 1982 quia
2124 1878 2181 1973 et
2210 1874 2405 1982 subita
2432 1880 2626 1982 estzct
2653 1877 2986 1982 ita‘rapi‘da,
3018 1881 3083 1933 ut
3112 1878 3184 1933 ad
3215 1877 3390 1934 ﬁdem
3423 1894 3596 1950 quem

416 1982 533 2024 non
562 1966 751 2027 odivit.

264 2052 308 2107 C
327 2052 717 2124 Iniquitatem
740 2052 1050 2108 meditatus
1070 2057 1174 2121 est,
1199 2053 1419 2109 scilicet
1440 2055 1760 2124 haereticus,
1794 2061 1851 2113 et

191 2157 457 2197 errorem
492 2139 669 2212 longa
700 2140 1074 2196 meditatione
1104 2143 1391 2209 tractavit,
1425 2142 1605 2199 libros
1635 2144 1848 2201 facien-

195 2228 263 2284 do
322 2244 659 2300 perversos.
692 2228 738 2283 H
791 2227 854 2283 In
911 2228 1110 2294 cubili,
1142 2229 1201 2284 in
1246 2230 1416 2286 corde
1476 2236 1713 2300 secreto,
1749 2233 1847 2289 ubi

192 2317 427 2371 animus
460 2315 687 2371 bonum
718 2315 805 2371 vel
826 2315 1045 2372 malum
1078 2318 1412 2374 meditatur.
1444 2320 1644 2376 Astitit
1689 2321 1849 2377 omni

190 2404 289 2459 viae
322 2421 444 2459 non
508 2402 696 2469 bonae,
728 2403 856 2459 ideo
896 2405 967 2460 ad
1018 2405 1244 2462 nullum
1299 2408 1553 2463 fructum
1602 2411 1848 2481 justitite

188 2492 497 2564 pervenire
530 2491 740 2564 potuit.
773 2491 1054 2549 Malitiam
1100 2512 1215 2550 non
1264 2494 1461 2564 odivit,
1495 2497 1593 2552 sed
1625 2498 1845 2567 dilexit,

186 2583 231 2635 A
259 2581 420 2653 quod
452 2585 550 2636 est
581 2598 818 2637 summa
848 2581 1101 2652 malitia;
1135 2584 1235 2655 qui
1272 2585 1429 2639 enim
1466 2586 1700 2657 penitus
1733 2604 1848 2643 non

184 2674 375 2741 potest
405 2686 615 2725 carere
646 2668 894 2738 malitia,
923 2670 1092 2726 debet
1120 2672 1327 2728 saltem
1356 2679 1549 2730 mente
1578 2675 1791 2732 odisse.

216 2759 251 2812 5
320 2760 581 2828 Domine,
617 2760 675 2813 in
705 2760 837 2814 caelo
866 2760 1242 2816 misericordia
1272 2770 1366 2817 tua
1397 2781 1416 2818 :

317 2853 375 2913 σί-
417 2850 494 2903 El
532 2855 549 2913 ζ
594 2848 793 2903 veritas
820 2856 917 2903 tua
948 2865 1114 2920 usque
1142 2849 1213 2905 ad
1240 2851 1409 2907 nubes

1954 1965 2081 2017 vult
2108 1962 2234 2018 sine
2266 1962 2385 2019 ulla
2413 1965 2683 2021 tarditate
2712 1965 2999 2022 detrahat.

1957 2050 2023 2105 10
2098 2050 2364 2118 Quoniam
2393 2053 2538 2125 apud
2566 2062 2615 2109 te
2640 2062 2718 2111 est
2743 2056 2864 2125 fons
2888 2057 3010 2110 vita:
3038 2074 3058 2111 :

2096 2140 2160 2194 Et
2187 2141 2244 2194 in
2279 2141 2488 2198 lumine
2517 2150 2609 2199 tuo
2637 2142 2941 2198 videbimus
2970 2144 3172 2199 lumen.

2026 2227 2069 2283 H
2102 2229 2386 2294 Quoniam
2419 2231 2574 2302 apud
2608 2234 2663 2286 te
2691 2239 2768 2287 est
2796 2232 2925 2287 fons
2954 2233 3103 2297 vitae,
3132 2233 3188 2288 id
3219 2237 3305 2289 est
3335 2236 3394 2288 tu
3424 2249 3507 2298 es,
3541 2236 3598 2288 et

1955 2316 2110 2387 apud
2142 2321 2196 2372 te
2227 2322 2315 2374 est
2344 2319 2505 2391 origo
2531 2319 2794 2375 omnium
2821 2320 3128 2374 bonorum.
3154 2321 3305 2376 Fons
3332 2321 3479 2386 vitaz,
3504 2320 3597 2376 do-

1956 2403 2144 2460 ctrina
2163 2406 2291 2475 Dei;
2318 2424 2444 2479 quaa
2480 2407 2688 2462 animae
2713 2408 2827 2462 vita
2856 2411 2961 2463 est.
2988 2408 3212 2463 Lumen
3234 2408 3421 2464 Patris
3442 2407 3599 2463 Chri-

1956 2495 2083 2546 stus
2113 2495 2220 2558 est,
2249 2493 2305 2547 in
2346 2511 2460 2565 quo
2494 2495 2821 2549 videbimus
2852 2494 3071 2563 lumen,
3104 2497 3161 2551 id
3209 2500 3297 2552 est
3345 2494 3596 2568 Spiritus

1955 2580 2139 2635 sancti
2166 2580 2674 2639 illuminationem.

1957 2667 2018 2722 11
2095 2671 2383 2727 Prsetende
2410 2672 2844 2728 miscricordiam
2872 2682 3024 2729 tuam
3050 2673 3346 2730 scientibus
3377 2680 3424 2729 te
3452 2692 3471 2727 :

2095 2760 2163 2813 Et
2182 2759 2461 2829 justitiam
2491 2769 2645 2816 tuam
2672 2767 2727 2828 ρξ-
2762 2762 2847 2817 his
2891 2769 2905 2829 ζ
2972 2765 3069 2834 qui
3096 2771 3235 2819 recto
3262 2768 3392 2819 sunt
3418 2761 3593 2819 corde.

2026 2844 2067 2900 C
2097 2847 2389 2902 Praetende
2423 2849 2585 2915 dixit,
2610 2850 2667 2905 id
2715 2854 2806 2907 est
2852 2849 3024 2924 longe
3070 2850 3301 2923 lateque
3336 2850 3597 2907 diﬂ‘unde

250 2935 295 2991 H
320 2936 607 3004 Domine,
641 2935 702 2991 in
731 2934 894 3004 coelo,
917 2936 976 2992 id
1010 2942 1119 3006 est,
1143 2938 1200 2993 in
1233 2940 1452 2995 sanctis
1480 2940 1724 3013 angelis,
1747 2942 1850 3013 qui

181 3022 236 3078 in
269 3023 415 3080 caelo
462 3024 693 3080 ﬁrmati
747 3026 1002 3092 fuerunt,
1026 3029 1083 3080 et
1110 3043 1225 3082 non
1275 3027 1627 3084 ceciderunt.
1657 3028 1760 3085 Vel
1788 3028 1849 3084 in

181 3111 340 3178 cmlo,
365 3113 427 3167 id
461 3116 561 3168 est
588 3112 870 3170 Ecclesia.
891 3116 938 3169 A
958 3114 1061 3170 Vel
1103 3114 1362 3187 quolibet
1403 3119 1603 3172 sancto
1633 3121 1721 3173 est
1750 3116 1853 3172 mi—
1950 3111 2176 3182 justam
2203 3112 2382 3168 vitam
2428 3120 2889 3185 permanentem,
2910 3115 2994 3173 vel
3044 3119 3328 3188 praecepta
3374 3132 3500 3183 sua,
3532 3118 3598 3170 ut

181 3201 503 3257 sericordia
524 3200 639 3257 Dei
662 3218 841 3257 causa
863 3204 1017 3274 quod
1044 3204 1253 3259 cretum
1284 3207 1391 3271 est,
1415 3209 1472 3259 et
1501 3222 1615 3260 non
1644 3210 1733 3261 est
1761 3205 1851 3261 in-
1958 3215 2026 3255 ea
2052 3199 2296 3257 vivendo
2339 3203 2596 3269 teneant,
2627 3203 2727 3274 qui
2752 3264 2755 3267 _
2778 3206 2931 3258 recto
2979 3207 3117 3257 sunt
3173 3203 3361 3268 corde,
3392 3201 3450 3257 id
3508 3206 3598 3257 est

171 3287 390 3358 justus,
418 3289 585 3345 sicut
619 3288 738 3358 ille,
755 3290 824 3346 de
854 3307 968 3361 quo
1001 3291 1221 3346 dictum
1250 3296 1376 3346 est:
1410 3293 1479 3347 Et
1506 3292 1717 3350 veritas
1748 3298 1851 3350 tua
1881 3274 1923 3343 (ἶ
1962 3288 2061 3359 qui
2093 3287 2187 3343 hic
2215 3292 2370 3344 recte
2400 3293 2593 3345 mente
2640 3294 2949 3362 praestante
2994 3287 3238 3346 Domino
3267 3289 3455 3345 vivere
3484 3304 3601 3345 me-

180 3392 363 3449 usque
384 3378 460 3433 ad
487 3379 715 3434 nubes.
741 3377 781 3433 C
804 3378 866 3434 Id
888 3383 997 3445 est,
1021 3378 1289 3436 Christus
1317 3379 1377 3435 in
1405 3380 1687 3453 apostolis
1706 3386 1763 3437 et
1788 3380 1849 3437 in
1960 3381 2223 3443 ruerunt,
2256 3376 2365 3432 hoc
2393 3382 2504 3446 est,
2527 3377 2626 3450 qui
2658 3394 2756 3434 cor
2801 3394 2975 3433 suum
3005 3377 3065 3434 in
3096 3377 3368 3434 omnibus
3400 3377 3471 3433 ad
3501 3393 3600 3431 vo-

174 3464 483 3537 prophetis
517 3465 780 3533 habitat,
804 3466 906 3538 qui
943 3467 1206 3523 doctrina
1246 3468 1578 3541 evangelica
1605 3469 1852 3542 irrigant
1957 3460 2245 3520 luntatem
2275 3466 2367 3521 Dei
2395 3465 2674 3539 dirigunt.

173 3554 346 3609 corda
386 3554 658 3623 arentia,
686 3558 751 3610 ut
795 3555 1055 3611 fructum
1084 3556 1223 3612 dent
1252 3555 1415 3625 ﬁdei;
1446 3574 1571 3629 quae
1624 3558 1850 3614 steriles
1959 3553 2027 3607 12
2098 3554 2215 3609 Non
2247 3556 2425 3610 veniat
2454 3556 2596 3610 mihi
2618 3572 2717 3627 pes
2743 3557 3018 3627 superbia?
3048 3575 3067 3611 :

169 3641 399 3699 fuerant
430 3643 728 3699 ariditate
756 3644 1000 3716 peccati.
1028 3644 1294 3702 Christus
1323 3644 1480 3701 enim
1500 3646 1710 3703 veritas
1739 3651 1849 3715 est,
2098 3644 2162 3697 Et
2188 3659 2387 3698 manus
2406 3646 2703 3715 peccatoris
2734 3661 2843 3701 non
2872 3652 3079 3701 moveat
3103 3660 3208 3700 me.

166 3732 414 3801 apostoli
450 3733 685 3789 nubes.
1786 3788 1797 3795 ,η
2029 3731 2069 3786 C
2100 3730 2239 3787 Orat
2270 3735 2331 3786 ut
2360 3747 2565 3804 gressu
2612 3734 2825 3789 mentis
2854 3750 2887 3789 a
2907 3734 3071 3804 justo
3100 3731 3332 3788 tramite
3362 3748 3478 3788 non
3507 3748 3600 3786 re-

190 3821 225 3874 6
291 3823 541 3878 Iustitia
574 3830 684 3878 tua
708 3822 852 3877 sicut
880 3829 1090 3878 montes
1119 3823 1217 3878 Dei
1718 3864 1725 3869 .
1958 3821 2143 3888 cedat,
2171 3836 2241 3875 ne
2270 3820 2330 3875 in
2362 3820 2635 3892 superbia
2667 3826 2892 3877 erectus
2922 3821 3109 3876 cadat.
3132 3821 3240 3877 Pes
3270 3823 3465 3876 autem
3497 3834 3600 3892 pro

1950 3910 2165 3965 aﬂ‘ectu
2196 3909 2412 3964 mentis
2441 3914 2531 3964 est
2572 3908 2818 3980 positus.
2850 3910 3057 3966 Manus
3102 3925 3235 3965 vero
3284 3907 3602 3981 peccatoris

1957 4001 2047 4052 est
2077 3995 2334 4068 operatio
2365 3996 2514 4053 male
2544 3997 2864 4066 suadentis,
2889 4014 3014 4069 quas
3047 4003 3185 4053 tunc
3216 4012 3322 4053 nos
3352 4013 3387 4050 a
3414 3994 3603 4051 ﬁrmi-

1956 4089 2077 4140 tate
2104 4085 2237 4139 ﬁdei
2264 4088 2473 4150 movet,
2489 4100 2622 4139 cum
2649 4084 2851 4156 iniqua
2872 4084 3145 4140 suasione
3176 4100 3282 4140 nos
3307 4081 3599 4140 sollicitat.

1958 4171 2256 4244 Ideozvero
2287 4173 2463 4227 timeo
2495 4172 2700 4242 pedem
2732 4172 3039 4244 superbiae,
3063 4172 3202 4244 quia
3231 4171 3334 4238 ibi,
3365 4173 3474 4226 etc.

1958 4261 2027 4315 13
2099 4261 2181 4316 lbi
2208 4260 2516 4316 ceciderunt
2547 4261 2645 4331 qui
2667 4268 2961 4332 operantur
2990 4260 3335 4331 iniquitatem
3363 4277 3382 4313 :

2096 4349 2329 4420 Expulsi
2355 4354 2483 4403 sunt
2512 4364 2610 4402 nec
2634 4352 2928 4419 potuerunt
2956 4356 3121 4402 stare.

2028 4442 2067 4491 Ο
2097 4436 2201 4505 Ibi,
2226 4434 2324 4491 ubi
2364 4435 2633 4507 superius
2682 4435 2844 4503 dixit,
2870 4436 2930 4490 in
2960 4435 3103 4507 pede
3156 4434 3377 4491 scilicet
3403 4452 3602 4506 super-

1956 4525 2064 4582 bia:
2090 4530 2147 4581 et
2177 4525 2437 4596 nequitia
2484 4540 2670 4595 prava:
2719 4523 3016 4579 suasionis
3063 4523 3425 4591 ceciderunt;
3457 4539 3523 4578 ac
3554 4523 3602 4578 si

1877 4635 1925 4700 Β
1957 4615 2189 4681 diceret,
2212 4614 2271 4668 in
2300 4612 2653 4686 profundam
2681 4612 2899 4667 foveam
2927 4616 3271 4668 corruerunt
3291 4611 3601 4679 daemones,

1957 4704 2056 4776 qui
2087 4703 2278 4759 adhuc
2299 4705 2613 4773 operantur
2642 4700 3031 4773 iniquitatem,
3055 4700 3206 4756 male
3226 4700 3523 4756 suadendo
3543 4700 3604 4756 in

1956 4791 2294 4849 hominibus
2325 4796 2381 4845 ct
2407 4790 2478 4845 ad
2511 4790 2845 4863 superbiam
2892 4806 3123 4862 semper
3166 4789 3525 4844 inducentes.
3559 4788 3605 4844 Η

1958 4879 2191 4952 Expulsi
2222 4883 2378 4946 sunt,
2412 4879 2468 4933 id
2515 4883 2606 4934 est
2635 4895 2668 4933 a
2698 4895 2876 4951 regno
2907 4878 3028 4933 Dei.
3062 4877 3104 4933 C
3134 4878 3249 4933 Nec
3292 4880 3609 4949 potuerunt

1958 4972 2130 5035 stare,
2165 4968 2304 5040 quia
2332 4985 2447 5023 non
2479 4967 2564 5022 eis
2595 4966 2804 5022 licebat
2852 4965 3084 5022 Domini
3130 4966 3303 5037 jussu
3350 4965 3602 5035 differre,

1958 5057 2057 5113 sed
2091 5055 2289 5112 statim
2340 5054 2457 5110 illic
2516 5053 2969 5127 praecipitantur,
3004 5053 3101 5109 ubi
3133 5057 3336 5126 parata
3384 5052 3468 5110 eis
3516 5058 3607 5110 est

1960 5144 2197 5200 ﬂamma
2228 5142 2492 5214 pmnalis.
2525 5145 2570 5196 A
2600 5142 2682 5197 lbi
2716 5158 2948 5213 quoque
2977 5142 3161 5198 Adam
3191 5142 3398 5200 cecidit
3425 5147 3481 5199 et
3509 5160 3603 5198 ex-

1961 5231 2166 5304 pulsus
2197 5236 2287 5288 est
2315 5249 2350 5286 a
2378 5229 2676 5303 paradiso;
2708 5230 2806 5303 qui
2832 5229 3046 5286 dicitur
3066 5231 3242 5287 etiam
3264 5231 3455 5288 adhuc
3475 5246 3605 5303 ope-

1961 5320 2073 5376 rari
2102 5319 2492 5391 iniquitatem,
2524 5318 2663 5373 dum
2715 5318 2774 5373 in
2816 5322 3049 5390 peccato
3095 5338 3201 5377 suo
3250 5318 3453 5377 omnes
3502 5334 3605 5373 na-

1960 5410 2197 5465 scimur.
2231 5408 2342 5462 Nec
2394 5406 2682 5473 diabolus,
2719 5423 2821 5462 nec
2852 5406 3039 5462 Adam
3090 5412 3405 5479 potuerunt
3451 5410 3607 5461 stare

1961 5514 2012 5552 Vl
2049 5513 2176 5553 sua.

1956 2936 2118 2989 tuam
2150 2935 2633 3004 misericordiam,
2666 2943 2730 2993 ut
2771 2939 2996 3010 possint
3031 2939 3281 2995 scientes
3309 2943 3365 2996 te
3392 2939 3452 2994 in
3484 2940 3596 2995 isto

1957 3022 2168 3079 saeculo
2192 3024 2417 3079 ﬁrmius
2440 3026 2758 3083 ambulare.
2779 3028 2958 3100 Rogat
2982 3026 3074 3083 bis
3090 3027 3407 3098 justitiam,
3429 3026 3486 3081 id
3510 3030 3598 3082 est

291 3909 531 3965 Iudicia
563 3918 673 3965 tua
703 3910 931 3981 abyssus
961 3910 1156 3965 multa.
1586 3958 1601 3965 -

221 3995 262 4049 C
291 3997 516 4054 Beatos
552 3995 869 4070 apostolos
901 3998 1201 4054 montibus
1226 4001 1606 4072 comparavit,
1633 4000 1732 4072 qui
1760 4018 1851 4056 ca-

158 4099 322 4152 paces
356 4085 616 4142 Domini
645 4083 894 4156 justitiaa
924 4086 1145 4142 devotis
1176 4086 1449 4144 sensibus
1479 4089 1845 4144 exstiterunt.

159 4172 425 4245 Abyssus
465 4173 575 4230 hic
602 4174 674 4229 in
696 4174 920 4229 bonum
944 4174 1157 4246 posuit.
1180 4175 1281 4231 Est
1302 4174 1455 4231 enim
1480 4177 1849 4248 profunditas

157 4248 448 4331 aquarum
475 4264 776 4335 abyssus,
793 4279 972 4334 quam
995 4278 1100 4318 nec
1121 4262 1333 4331 metiri,
1362 4280 1467 4319 nec
1498 4263 1850 4320 intrinsecus

158 4362 217 4403 ex
246 4352 369 4406 toto
400 4351 625 4407 videre
659 4348 985 4417 valeamus,
1009 4349 1092 4405 sic
1124 4349 1379 4406 divinam
1403 4350 1721 4422 justitiam,
1744 4368 1850 4408 nec

157 4445 344 4496 mente
375 4438 746 4512 complecti,
782 4454 887 4494 nec
928 4438 1149 4495 ratione
1193 4437 1392 4510 aliqua
1421 4438 1676 4495 difﬁnire
1714 4456 1849 4512 pos-

157 4542 379 4586 sumus.

184 4616 216 4666 7
286 4612 662 4673 Horm‘nes’et
683 4614 945 4687 jumenta
969 4615 1226 4681 salvebis,
1256 4617 1480 4671 Domine
1508 4633 1528 4670 :

283 4702 797 4774 Quemadmodum
823 4704 1212 4775 multiplicasti
1230 4702 1668 4761 misericordiam
1698 4708 1850 4761 tuam

352 4796 536 4850 Deus.

213 4878 257 4934 Η
290 4882 595 4939 Homines
631 4883 703 4937 et
725 4878 1004 4949 jumenta
1033 4876 1284 4934 salvabit
1315 4877 1619 4946 Dominus,
1650 4879 1708 4935 id
1739 4884 1853 4951 est,

153 4969 461 5027 rationales
493 4975 560 5027 et
592 4964 990 5025 irrationales
1034 4983 1319 5038 personas
1363 4966 1514 5039 regit
1550 4973 1606 5023 et
1643 4967 1846 5023 salvat.

155 5053 188 5108 C
212 5055 394 5115 Malos
436 5064 501 5116 et
553 5052 1042 5123 irrationabiles,
1068 5054 1321 5111 salutem
1368 5056 1746 5127 temporalem
1778 5056 1852 5113 si-

158 5150 240 5198 cut
260 5148 617 5217 jumentis;
656 5147 860 5200 bonos
879 5147 939 5199 et
968 5142 1364 5211 rationabiles,
1390 5144 1769 5216 temporalem
1796 5151 1853 5201 et

161 5237 422 5294 eternam
481 5234 839 5294 tribuendo
885 5230 1071 5287 salvat
1117 5236 1288 5287 Deus.
1338 5231 1439 5288 Vel
1485 5233 1670 5289 bonos
1728 5251 1848 5289 ma-

162 5317 348 5395 losque
410 5326 657 5390 salvas,
688 5338 837 5377 cum
900 5335 1003 5390 pro
1061 5318 1334 5375 omnibus
1381 5319 1673 5376 Christum
1733 5321 1853 5393 pati

163 5408 420 5470 volueris.
454 5415 507 5471 Η
542 5413 739 5469 Tunc
774 5406 1170 5478 multiplicata
1197 5411 1288 5463 est
1317 5408 1714 5464 misericordia
1746 5411 1850 5465 Do-

168 5500 474 5569 mini,cum
529 5518 658 5559 nos
717 5494 968 5571 proprio
1017 5511 1220 5551 cruore
1269 5496 1530 5564 redemit,
1563 5498 1636 5553 ab
1685 5497 1851 5553 initio

166 5588 357 5661 quippe
385 5592 638 5663 proﬂua
664 5586 795 5645 fuit
827 5582 1235 5640 misericordia
1262 5587 1379 5653 tua,
1408 5585 1508 5640 sed
1540 5589 1677 5642 tunc
1709 5584 1856 5641 mul-

173 5672 434 5745 liplicata.

2445 5600 2647 5639 ORATIO
2677 5600 2746 5639 EX
2777 5599 2934 5638 PSAL.
2965 5598 3131 5638 XXXV.

2035 5672 2303 5729 Clariﬁca
2333 5689 2437 5730 nos
2486 5670 2703 5729 caelesti
2753 5668 3176 5738 misericordia,
3206 5671 3335 5728 fons
3365 5673 3420 5724 et
3450 5661 3608 5731 Origo
