3936 6448
359 439 478 508 {55

738 497 771 545 ,ὁ

1279 444 1344 506 S.
1377 441 1772 508 BRUNONIS
1817 443 2440 508 HERBIPOLENSIS
2485 442 2858 508 EPISCOPI.

3680 440 3786 503 ηδ

359 575 605 636 luminis
634 565 1094 652 sempiternijut
1127 575 1400 639 ubertate
1442 579 1656 636 domus
1685 582 1796 635 tuae
1825 573 2013 652 reple-
2043 577 2099 647 Α
2161 577 2196 636 ϐ
2268 580 2335 637 Et
2361 575 2551 637 educet
2591 580 2754 654 quasi
2795 577 2977 636 tamen
3013 575 3295 653 justitiam
3324 581 3481 633 tuam
3509 593 3530 633 :
3561 583 3614 633 et
3631 565 3781 650 judi-

360 667 427 734 ti,
457 684 692 724 omnem
722 663 1098 741 iniquitatem
1137 669 1198 724 et
1233 667 1434 724 dolum
1485 685 1619 724 cum
1670 668 2022 742 procacitate

361 757 573 814 temnis
597 757 888 830 superbiae
908 755 1246 830 renbamus.
1272 759 1382 814 Per
1405 758 1721 815 Dominum
1751 761 2021 816 nostrum

363 845 567 902 Iesum
597 845 921 904 Christum.

893 991 1222 1050 PSALMUS
1260 989 1498 1048 XXXVI.

785 1096 1188 1136 ARGUMENTUM
1219 1097 1376 1138 PSAL.
1409 1097 1578 1136 XXXVI
1587 1120 1602 1136 ο

438 1203 624 1260 CVox
671 1203 938 1260 Ecclesia:
991 1204 1302 1273 monentis,
1347 1221 1462 1261 non
1512 1204 1800 1260 imitando
1851 1200 2019 1258 mall-

365 1297 610 1368 gnantes
643 1311 656 1349 ε
690 1298 746 1350 et
776 1293 848 1350 de
879 1294 1068 1367 poenis
1113 1293 1404 1350 malorum
1437 1311 1504 1352 ac
1532 1293 1791 1368 praemiis
1821 1291 2023 1349 beato-

369 1400 525 1440 rum.

801 1473 920 1530 TT.
955 1478 1010 1539 -ᾇο
1035 1475 1294 1529 Psalmus
1338 1478 1352 1539 ζ
1392 1472 1583 1528 David.

436 1559 482 1618 Η
509 1560 778 1618 Psalmus
811 1563 918 1617 iste
950 1577 1262 1634 personam
1296 1562 1448 1635 justi
1485 1559 1794 1634 gloriﬁcat,
1818 1557 2026 1632 injusti

363 1655 548 1716 notat,
572 1665 764 1708 mores
793 1650 1054 1720 instruit,
1076 1650 1398 1707 bonitatem
1423 1650 1546 1717 Dei,
1569 1650 1738 1706 docet
1768 1647 2026 1722 pravita-

365 1744 488 1796 tem
523 1738 738 1796 avellit.

403 1828 432 1884 1
511 1825 635 1884 Noli
663 1829 930 1886 emulari
952 1827 1392 1898 malignantibus
1424 1847 1442 1884 :

514 1918 692 1990 Neque
719 1917 980 1973 solace-ri:
1007 1917 1268 1989 facientes
1299 1918 1669 1990 iniquitatem.

442 2005 490 2062 H
523 2005 741 2062 Multas
792 2005 969 2062 habet
1015 2005 1310 2063 aemulatio
1356 2005 1884 2080 interpretationes,
1934 2008 2024 2062 ta-

371 2112 506 2152 men
535 2094 631 2151 bie
660 2095 848 2162 docet,
882 2093 999 2151 noli
1030 2095 1321 2169 particeps
1347 2111 1478 2152 esse
1509 2094 1808 2170 malignis.
1839 2107 2026 2169 neque

371 2184 444 2240 ad
467 2182 832 2257 zelum,quia
853 2183 1013 2240 zelus
1043 2184 1131 2240 ira
1155 2188 1265 2253 est,
1289 2201 1478 2260 neque
1499 2185 1571 2241 ad
1597 2184 1908 2254 invidiam;
1943 2185 2028 2242 in-

367 2273 527 2329 vidia
569 2271 727 2329 enim
776 2272 922 2330 livor
966 2277 1075 2330 est.
1098 2273 1297 2346 Neque
1325 2273 1622 2342 zelaveris,
1649 2273 1707 2330 id
1755 2279 1846 2332 est
1891 2273 2025 2331 imi-

368 2361 510 2418 teris
539 2377 639 2418 eos
669 2361 769 2435 qui
802 2362 1023 2418 faciunt
1060 2361 1456 2436 iniquitatem,
1489 2364 1591 2438 qui
1641 2381 1744 2438 per
1787 2363 2026 2438 iniquas

369 2449 602 2508 fraudes
659 2449 893 2509 divitias
949 2457 1344 2526 congregant,
1402 2453 1773 2528 honoresque
1827 2453 2024 2526 requi-

369 2541 527 2596 runt.

403 2631 440 2683 2
513 2630 782 2699 Quoniam
809 2637 1071 2704 tanquam
1097 2633 1290 2704 fenum
1315 2633 1572 2688 velociter
1600 2641 1846 2689 arescent
1874 2651 1894 2689 :

515 2719 581 2774 Et
639 2719 1094 2791 quemadmodum
1157 2721 1306 2777 olera
1373 2721 1669 2777 herbarum
1717 2723 1827 2778 cito
1882 2721 2027 2778 deci-

587 2805 734 2862 dent.

445 2894 488 2950 G
519 2894 760 2964 Fanum,
792 2893 1037 2969 pulchra
1077 2901 1168 2953 est
1214 2915 1306 2954 res
1354 2898 1497 2956 dum
1553 2900 1739 2967 ﬂoret,
1763 2900 1863 2958 sed
1893 2917 2028 2958 cum

365 2984 596 3040 eruerit
625 2987 851 3042 mutato
883 2984 1153 3059 protinus
1183 2986 1372 3044 colbre
1417 2989 1744 3046 marcescit.
1769 2990 1863 3047 Sic
1892 2993 2032 3046 sunt

375 3073 562 3147 iuxpli,
589 3073 692 3147 qui
737 3074 906 3147 quasi
937 3075 1144 3132 ﬂorida
1171 3075 1372 3134 laetitia
1411 3077 1736 3136 relucentes
1785 3093 2030 3152 praema-

369 3167 506 3221 turo
534 3162 658 3221 ﬁne
677 3163 1000 3222 siccantur.
1031 3165 1204 3224 Olera
1233 3170 1431 3225 autem
1463 3168 1534 3226 ab
1565 3169 1680 3226 olla
1708 3167 1866 3225 dicta
1893 3171 2034 3225 sunt

369 3251 474 3311 ubi
503 3251 745 3311 collecta
775 3255 1212 3329 decoquuntur.
1241 3256 1561 3314 Ostensum
1607 3262 1699 3314 est
1748 3255 1905 3315 enim
1936 3255 2032 3313 hic

373 3343 486 3400 cito
531 3341 746 3418 impios
785 3327 1014 3414 cadere,
1045 3361 1150 3420 per
1192 3345 1643 3405 similitudinem
1677 3347 1793 3404 feni
1823 3349 1882 3404 et
1909 3346 2030 3404 olc-
2053 3327 2104 3398 C

357 3446 526 3488 rum.

406 3523 442 3577 3
515 3521 687 3595 Spera
713 3525 774 3578 in
821 3524 1047 3582 Domino
1094 3533 1145 3581 et
1189 3527 1281 3598 fac
1338 3527 1624 3583 bonitaterr
1678 3531 1734 3582 et
1779 3525 2034 3584 inhabita

589 3619 812 3668 terram.

521 3700 586 3754 Et
611 3700 852 3770 pasceris
884 3701 942 3754 in
973 3701 1190 3758 divitiis
1215 3703 1354 3774 ejus.

439 3786 494 3842 ὓ
519 3787 812 3844 Admonet
847 3787 947 3844 hic
987 3790 1289 3862 propheta,
1323 3795 1387 3848 ut
1411 3805 1720 3865 speremus
1747 3793 1807 3848 in
1841 3793 2035 3851 Domi-

381 3891 549 3941 num,
580 3874 690 3932 hoc
720 3877 810 3932 est
846 3876 1125 3936 introitus
1173 3881 1330 3946 ﬁdei,
1365 3881 1476 3938 hec
1522 3881 1757 3939 initium
1805 3883 2032 3941 salutis.

258 4017 266 4024 .
379 3963 424 4020 α
469 3963 518 4020 Η
569 3965 680 4022 Fac
737 3965 1079 4037 bonitatem,
1138 3967 1196 4024 id
1254 3974 1364 4040 est,
1425 3971 1680 4045 adimple
1739 3973 2033 4030 mandata.

378 4051 430 4110 Η
459 4051 730 4112 ln'babita
776 4059 1014 4125 terram,
1048 4057 1158 4116 hoc
1206 4063 1296 4116 est
1341 4061 1644 4119 dominare
1693 4063 1874 4132 carni,
1922 4081 2037 4120 non

382 4153 517 4200 caro
564 4142 689 4200 tibi.
713 4144 755 4201 C
784 4145 855 4202 Et
900 4148 1180 4219 pasceris,
1210 4149 1282 4205 ad
1321 4153 1668 4208 saturitatem
1699 4154 1954 4226 pertinet,
1987 4161 2040 4210 et

381 4233 452 4290 ad
479 4233 807 4291 :aavitatan
833 4236 1146 4308 perennem.
1181 4239 1245 4295 In
1274 4239 1519 4308 divitiis,
1551 4241 1609 4298 id
1653 4245 1744 4298 est
1771 4247 2039 4299 contem-

382 4322 642 4397 platione
697 4324 930 4382 Domini
988 4327 1224 4386 Christi.
1271 4329 1312 4385 ll
1361 4331 1409 4385 Α
1455 4327 1555 4386 Vel
1609 4331 1668 4386 in
1726 4332 2039 4406 scripturis

383 4411 624 4470 sanctis.

403 4503 450 4558 ‘4
525 4503 800 4560 Delectare
831 4507 891 4561 in
922 4507 1147 4565 Domino
1178 4527 1198 4564 .-

526 4593 592 4648 Et
615 4591 767 4648 dabit
797 4595 902 4650 tibi
925 4598 1214 4668 petitiones
1241 4597 1420 4654 cordis
1449 4601 1554 4654 lui.

2341 672 2492 726 cium
2519 675 2673 727 tuum
2703 675 2968 742 tanquam
3308 682 3328 721 :

2271 757 2532 816 Subdilus
2559 767 2670 816 esto
2699 759 2929 816 Domino
2957 759 3011 814 et
3037 769 3136 812 ora
3163 759 3310 813 eam.

2201 847 2244 904 Ο
2272 847 2530 905 Educere
2550 847 2707 905 enim
2729 851 2818 904 est
2847 844 3071 920 aliquid
3093 845 3164 901 de
3195 842 3451 902 tenebris
3477 843 3553 900 ad
3583 839 3781 898 lumen

2131 936 2407 1011 proferre,
2431 937 2539 994 hoc
2560 941 2668 1004 est,
2692 937 2764 993 de
2791 934 3042 1009 caligine
3076 932 3254 1007 hujus
3274 931 3494 999 seaculi,
3516 931 3590 988 ad
3617 929 3781 987 illam

2131 1024 2454 1082 claritatem
2476 1025 2653 1082 futuri
2667 1023 2877 1097 judicli
2901 1021 3238 1097 perducere,
3254 1019 3353 1078 ubi
3373 1019 3572 1078 omnia
3590 1018 3784 1094 palam

2130 1115 2276 1171 ﬂant
2308 1131 2321 1172 :
2355 1119 2412 1172 et
2440 1119 2580 1172 tunc
2609 1113 2846 1187 justitia
2891 1117 3094 1170 nostra
3143 1110 3422 1168 humanis
3451 1108 3786 1182 aspectibus

2132 1204 2456 1278 apparebit.
2481 1205 2527 1260 Η
2560 1205 2628 1260 Et
2649 1203 2942 1278 judicium
2966 1207 3294 1274 tuum,quo
3341 1213 3411 1255 ea
3445 1203 3586 1272 qua
3634 1197 3786 1254 bona

2132 1299 2272 1350 sunt
2289 1292 2535 1366 elegisti,
2554 1296 2836 1366 tanquam
2859 1291 3184 1359 meridiem,
3211 1289 3269 1345 in
3291 1287 3462 1362 pleno
3478 1283 3786 1362 splendore

2131 1383 2329 1457 gratia:
2360 1397 2478 1440 sua:
2517 1381 2795 1440 reVelablt
2822 1395 3017 1438 coram
3058 1377 3284 1454 angelis
3321 1377 3467 1434 suis.
3500 1375 3783 1434 Subditus

2131 1475 2256 1530 esto
2286 1469 2555 1542 Damino,
2588 1481 2705 1530 non
2745 1473 3001 1546 peccato,
3031 1470 3090 1526 et
3118 1480 3221 1526 ora
3249 1481 3383 1524 cum
3421 1471 3527 1540 pro
3555 1461 3782 1520 delictis

2129 1561 2274 1620 tuis.

2165 1651 2202 1706 7
2273 1648 2400 1708 Noli
2427 1651 2685 1708 wmulari
2721 1651 2778 1707 in
2818 1665 2879 1706 eo
2921 1650 3020 1722 qui
3043 1649 3400 1721 prospe'ratur
3427 1645 3489 1701 in
3517 1645 3610 1700 via
3637 1655 3741 1698 sua
3767 1660 3786 1698 :

2277 1743 2340 1797 In
2368 1741 2588 1797 homine
2613 1741 2850 1812 faciente
2882 1739 3155 1809 injastias.

2207 1831 2253 1886 H
2283 1827 2406 1886 Noli
2441 1827 2702 1886 aemulari
2733 1829 2791 1884 in
2823 1843 2911 1896 eo,
2941 1827 2998 1883 id
3031 1831 3140 1895 est,
3171 1839 3287 1881 non
3307 1829 3367 1880 te
3387 1819 3788 1894 terreat'impii

2137 1919 2380 1976 felicitas
2411 1919 2623 1976 brevis.

2204 2009 2246 2064 Ο
2274 2008 2337 2064 ln
2382 2007 2618 2064 nomine
2667 2005 2914 2062 faciente
2959 2000 3304 2076 injustitias,
3335 1999 3395 2057 id
3445 2001 3536 2056 est
3580 1994 3790 2070 nequi-

2133 2098 2268 2166 tias,
2300 2099 2510 2155 scilicet
2552 2097 2647 2153 cui
2688 2103 2838 2152 actus
2885 2093 3062 2167 turpis
3113 2099 3214 2161 est,
3241 2093 3300 2148 et
3347 2083 3573 2164 negotia
3622 2080 3788 2143 tecu-

2133 2187 2311 2244 lenta.

2169 2279 2205 2334 8
2276 2278 2469 2334 Desine
2499 2277 2568 2332 ab
2599 2277 2709 2344 ira,
2737 2282 2786 2331 et
2815 2269 3131 2344 derelinque
3157 2271 3403 2342 furorem
3432 2285 3450 2321 :

2277 2367 2407 2424 Noli
2432 2366 2697 2424 matari
2724 2368 2787 2420 at
2813 2362 3160 2433 maligneris.

2208 2456 2249 2512 C
2278 2456 2461 2512 Furor
2489 2459 2580 2512 est
2609 2454 2789 2522 enim,
2824 2451 2925 2525 qui
2961 2448 3132 2508 celeri
3165 2452 3327 2504 metu
3359 2443 3627 2502 animum
3659 2445 3792 2500 suc-

2137 2545 2350 2604 cendit.
2381 2545 2470 2602 Ira
2510 2561 2640 2617 quas
2688 2542 2911 2599 diutius
2961 2542 3310 2614 perseverat.
3343 2535 3491 2610 Ergo
3540 2535 3792 2604 utraQue

2137 2651 2246 2693 nos
2267 2636 2438 2709 jubet
2485 2635 2770 2698 deserere,
2799 2646 2902 2705 per
2930 2642 3058 2704 qua
3089 2628 3160 2685 ad
3193 2625 3424 2700 culpam
3473 2622 3792 2696 possumus

2138 2723 2458 2799 pervenire.
2487 2721 2616 2780 Noli
2663 2719 2927 2777 aemulari
2965 2722 3033 2774 ut
3080 2713 3438 2789 mali'gneris.
3460 2711 3506 2768 Η
3538 2711 3624 2768 Ne
3669 2711 3791 2784 ipse

2139 2831 2393 2888 nequam
2422 2809 2716 2880 efﬁciaris,
2750 2805 3116 2883 provocando
3161 2803 3308 2862 alios
3338 2802 3409 2859 ad
3443 2799 3789 2888 nequitiam.

2139 2906 2180 2962 C
2207 2883 2540 2977 Nequitiam
2567 2915 2703 2958 vero
2743 2901 2964 2956 veteres
3006 2893 3378 2960 deﬁnierunt,
3399 2883 3792 2947 voluntariam

2139 3004 2268 3051 esse
2287 2989 2581 3050 malitiam
2612 2988 2672 3045 in
2731 2993 2910 3062 quam
2969 3000 3085 3042 non
3130 2985 3270 3040 casu
3313 2979 3656 3044 incidimus,
3690 2977 3791 3034 sed

2141 3081 2523 3141 delectatione
2549 3086 2873 3136 versamur.
2897 3073 3158 3149 Nequam
3187 3071 3344 3130 enim
3365 3067 3558 3126 dictus
3587 3073 3683 3124 est
3703 3081 3795 3123 ne-

2141 3185 2344 3246 quam,
2374 3169 2434 3226 id
2463 3174 2554 3228 est
2583 3165 2742 3225 nullo
2773 3171 3034 3238 tempore
3065 3167 3258 3236 aptus.

2174 3243 2211 3317 9
2283 3259 2565 3335 Quantam
2589 3259 2688 3331 qui
2711 3255 3096 3326 malignantur
3120 3243 3638 3335 exterminabunttti-
3669 3264 3688 3335 .-

2285 3332 2621 3410 Sustine‘nte:
2670 3349 2853 3404 autem
2899 3339 3193 3401 Dominum
3239 3339 3349 3412 ipsi
3392 3332 3797 3394 haereditaqu

2351 3448 2578 3496 terram.

2209 3527 2256 3586 C
2285 3525 2670 3586 Exterminarl
2691 3527 2782 3582 est
2799 3523 2956 3580 foras
2975 3518 3260 3578 terminos
3281 3511 3507 3590 ptbﬂici,
3532 3509 3590 3568 id
3613 3513 3706 3570 est
3723 3509 3798 3566 ab

2140 3617 2245 3676 illa
2271 3617 2375 3676 Dei
2406 3615 2638 3673 civitate
2667 3612 2948 3670 fraudari.
2971 3609 3079 3674 Qui
3107 3613 3245 3664 vero
3273 3601 3473 3662 contra
3502 3597 3802 3658 sustinent

2142 3705 2480 3775 Dominum,
2509 3703 2622 3778 ipsi
2673 3696 3009 3759 haereditate
3055 3689 3682 3778 possidebudtterram
3713 3687 3800 3742 vi-

2143 3796 2403 3854 ventium
2424 3811 2438 3852 :
2457 3775 2738 3867 quoniam
2756 3787 3088 3863 despiciunt
3101 3783 3416 3857 impiorum
3432 3775 3798 3867 felicitatem,

2145 3883 2378 3944 Domini
2403 3865 2702 3956 judicium
2749 3875 3172 3952 exspectantes,
3199 3877 3266 3930 et
3311 3868 3602 3944 patienter
3647 3865 3798 3922 inte-

2147 3975 2259 4032 rim
2290 3973 2536 4030 adversa
2560 3968 2942 4027 sustinentes.

2148 4063 2218 4120 10
2287 4071 2340 4130 ἐκ
2376 4063 2441 4118 Et
2485 4068 2499 4128 ζ
2539 4059 2720 4116 adhuc
2739 4053 3009 4131 pusillam
3039 4062 3230 4112 etnon
3267 4049 3375 4108 erit
3398 4043 3650 4121 peccator
3675 4063 3697 4101 :

2287 4153 2354 4209 Et
2381 4161 2596 4224 quaeres
2623 4148 2803 4206 locum
2830 4147 2947 4220 eius
2973 4152 3026 4201 et
3053 4155 3165 4200 non
3194 4140 3458 4196 invenite.

2219 4238 2262 4299 C
2279 4221 2578 4298 'Pusillnm
2597 4236 2754 4296 enim
2779 4247 2813 4293 a
2832 4241 3038 4310 pugno
3053 4227 3290 4295 dicitur,
3311 4231 3369 4284 et
3387 4221 3808 4314 θχὶἓυῖξωξῖῖ·

2149 4331 2290 4406 quid
2319 4328 2748 4405 parmamque
2790 4319 3104 4399 signiﬁcat,
3126 4315 3282 4392 quod
3313 4310 3810 4406 contractisdigi-

2149 4403 2226 4478 tis
2257 4403 2436 4477 manu
2465 4415 2653 4492 possit
2694 4412 2940 4472 includi.
2963 4411 3036 4470 Et
3081 4407 3178 4466 hic
3226 4403 3517 4480 signiﬁcat
3545 4403 3812 4472 tempus,

2149 4511 2304 4585 quod
2333 4491 2516 4566 restat
2555 4519 2742 4580 usque
2770 4503 2834 4560 in
2863 4502 3018 4559 diem
3057 4496 3286 4588 judicii,
3312 4491 3466 4567 quod
3498 4491 3810 4588 compara-

2148 4578 2306 4657 tione
2338 4578 2764 4672 praeteritorum
2811 4591 3063 4656 dierum,
3095 4585 3335 4645 omnino
3383 4578 3811 4672 parvisSi'tiium

451 4681 495 4738 ϐ
525 4680 822 4738 Delectata
849 4666 984 4740 eum
1027 4685 1172 4742 dicit
1221 4685 1280 4742 in
1336 4687 1602 4755 Domino,
1633 4704 1874 4745 suavem
1921 4689 2044 4746 vult
2070 4693 2118 4770 ι)
2149 4693 2259 4748 est.
2280 4666 2359 4744 Et
2380 4682 2496 4743 non
2530 4680 2642 4741 erit
2681 4686 2968 4757 peccator,
2991 4685 3106 4770 non
3137 4673 3280 4770 (19ίῆ
3460 4666 3560 4770 (ΙΨ
3581 4671 3812 4770 Pe?"

381 4781 513 4828 esse
537 4770 649 4827 tibi
678 4771 808 4842 ejus
836 4773 1320 4842 recordationem,
1347 4779 1412 4832 ut
1441 4791 1602 4832 ames
1634 4793 1809 4849 quem
1842 4779 2036 4836 times.

384 4859 556 4916 Dabit
573 4859 682 4916 tibi
702 4860 1047 4933 petitionem
1067 4862 1284 4932 cordis,
1308 4879 1428 4919 non
1459 4862 1673 4921 carnis.
1694 4864 1901 4922 Petitio
1922 4881 2042 4924 cor-

385 4948 476 5038 dis
521 4954 631 5017 est,
657 4950 823 5020 ﬁdes,
848 4950 1122 5020 charitas,
1169 4951 1630 5038 intellectusDei
1679 4957 1737 5012 et
1782 4956 2040 5030 operatio

387 5036 681 5095 bonOrum
708 5044 969 5098 actuum.

421 5127 459 5181 5
529 5127 726 5184 Revela
752 5130 980 5190 Βωηϋιο
1006 5134 1155 5191 viam
1183 5140 1336 5192 tuam
1364 5140 1417 5192 et
1443 5151 1605 5208 spera
1632 5137 1694 5191 in
1723 5151 1848 5193 eum
1879 5155 1899 5192 :

531 5215 598 5270 Et
625 5218 742 5288 ipse
767 5221 948 5290 faciet.

463 5305 502 5360 C
530 5301 740 5360 Velum
797 5309 1091 5378 quoddam
1151 5316 1240 5368 est
1307 5313 1574 5370 densitas
1644 5319 2040 5388 peccatorum,

394 5393 547 5449 unde
569 5391 686 5459 via,
716 5392 774 5448 id
807 5400 914 5462 est,
947 5393 1064 5454 vita
1092 5403 1311 5467 nostra,
1341 5403 1650 5460 tenebroso
1683 5403 1901 5460 amictu
1931 5403 2042 5460 cir-

394 5481 740 5538 cumvestita
794 5487 926 5538 est:
972 5485 1122 5542 hanc
1179 5487 1523 5561 revelamus,
1547 5493 1786 5565 quando
1833 5492 2046 5550 delicta

395 5573 594 5628 nostra
623 5571 1064 5646 promptissime
1105 5578 1470 5636 confitemur.
1503 5581 1549 5638 H
1581 5582 1764 5655 Spera
1794 5582 1851 5638 in
1882 5599 2044 5654 eum,

397 5662 460 5713 ut
490 5659 678 5732 possit
723 5660 1017 5719 remittere
1060 5665 1444 5740 delinquenti.
1476 5670 1548 5726 Et
1603 5671 1730 5742 ipse
1787 5670 1958 5728 faciet
1986 5671 2044 5729 id

377 5749 550 5822 quod
573 5749 871 5824 “sequitur.

2143 4775 2296 4835 verit
2323 4786 2440 4833 non
2460 4773 2590 4844 erit,
2613 4755 2720 4830 sed
2737 4779 2976 4846 peccare
2997 4769 3126 4840 jam
3155 4760 3390 4821 desinit.
3413 4757 3634 4815 Locum
3645 4755 3807 4828 ejus,

2147 4867 2330 4925 istum
2361 4863 2646 4922 mondum
2692 4857 3007 4935 signiﬁcat,
3041 4853 3142 4928 qui
3191 4847 3810 4935 peccatores_tantum

2149 4953 2460 5023 demulcet,
2483 4929 2836 5028 proprieque
2865 4946 3015 5020 ipsis
3040 4941 3270 5001 amicus
3295 4942 3406 4995 est.
3435 4932 3482 4992 Η
3504 4929 3610 4988 Vel
3639 4930 3809 4987 locus

2145 5045 2300 5119 ejus,
2323 5039 2630 5100 delectatio
2661 5035 2908 5114 peceati.

2154 5135 2214 5192 11
2293 5129 2560 5189 Mamaea
2584 5133 2770 5186 autem
2799 5123 3205 5184 haereditabant
3235 5119 3440 5176 terram
3465 5131 3486 5170 :

2298 5225 2366 5281 Et
2391 5219 2752 5278 deetabantur
2778 5218 2842 5272 tn
2867 5211 3224 5271 multitudine
3249 5208 3424 5282 pacis.

2222 5315 2266 5371 Ο
2293 5311 2634 5369 Mansuetus
2663 5299 3250 5376 autem‘appellamus
3271 5299 3452 5352 manu
3473 5290 3808 5376 consectans,

2149 5403 2212 5460 in
2245 5405 2352 5471 est,
2385 5399 2678 5474 patientes
2715 5400 2774 5452 et
2808 5375 3005 5451 mites.
3030 5381 3487 5478 H-Qu05_nlﬂl“3

2154 5491 2305 5548 roris
2334 5465 2604 5564 cingitat.
2633 5485 2675 5542 C
2697 5484 2814 5559 Ipsi
2847 5481 3232 5556 possidebunt
3257 5473 3516 5568 futuram
3542 5465 3817 5568 Hiems}-

2153 5581 2292 5650 lem,
2315 5585 2374 5636 et
2399 5551 2476 5634 id
2500 5594 2569 5634 ea
2611 5551 3044 5650 permanebunt
3071 5569 3132 5626 in
3152 5561 3444 5655 saeculum

2155 5641 2530 5728 multitudine
2574 5641 2758 5740 pacis,
2773 5677 2895 5738 pax
2939 5660 3123 5718 futuri
3152 5651 3347 5714 saecuii
3397 5645 3634 5718 δεῖ,ιῶ
3665 5641 3813 5700 nihil

2156 5760 2492 5830 adversum,
2523 5754 2670 5814 nihil
2701 5755 2894 5828 potest
2921 5767 3051 5809 esse
3081 5742 3460 5806 contrarium.
