3936 6448
196 464 300 525 15⁸7

189 596 253 653 12
326 594 641 653 Observabit
658 603 907 669 peccator
919 597 1142 670 justum
1175 612 1188 653 :

321 688 397 741 Et
423 685 677 742 stridebit
705 701 868 757 super
895 701 1021 741 eum
1049 685 1302 741 dentibus
1326 687 1463 741 suis.

248 774 290 829 C
322 772 664 830 Observabit
694 778 963 847 peccator
997 776 1253 847 justum,
1286 774 1519 847 quando
1551 772 1717 829 illum
1746 773 1829 828 vi-

187 862 334 918 derit
377 860 695 918 sceleratus
744 862 912 918 bonis
964 863 1227 919 moribus
1281 863 1573 919 insudare.
1606 864 1655 916 Η
1686 860 1831 925 Quia

184 967 281 1023 per
312 964 491 1023 opera
518 954 876 1018 sanctorum,
901 950 1013 1022 ipsi
1035 950 1372 1006 cruciantur
1400 955 1457 1006 et
1484 954 1832 1023 torquentur

174 1038 237 1094 'in
267 1037 545 1111 presenti
573 1039 712 1093 vita.
744 1038 1021 1094 Stridebit
1051 1037 1283 1093 malitiae
1324 1042 1380 1094 et
1416 1037 1645 1093 invidiae
1689 1039 1827 1094 den-

182 1120 339 1182 tibus
360 1125 576 1199 quibus
598 1142 732 1181 eum
751 1125 957 1181 nititur
973 1127 1247 1182 devorare
1270 1143 1282 1194 ;
1308 1143 1411 1198 per
1433 1130 1656 1182 motum
1671 1126 1828 1182 enim

182 1212 362 1269 istum
394 1213 672 1286 corporis,
697 1212 953 1269 ostendit
983 1217 1208 1268 motum
1241 1212 1524 1269 animae.A
1554 1214 1596 1269 C
1627 1213 1831 1270 Obser-

178 1301 335 1357 vabit
362 1302 542 1375 igitur
571 1302 739 1374 quasi
758 1302 828 1356 de
846 1299 1090 1357 occultis
1102 1301 1338 1357 insidiis
1354 1307 1421 1357 ut
1437 1318 1570 1358 eum
1585 1301 1826 1357 alliciat.

178 1390 305 1446 Ideo
339 1406 476 1445 vero
506 1389 751 1445 occultis
784 1388 1014 1446 insidiis
1045 1390 1333 1456 observat,
1358 1390 1496 1460 quia
1526 1390 1663 1445 dum
1677 1388 1831 1445 videt

170 1479 426 1550 justum,
459 1477 643 1533 credit
684 1494 746 1533 se
798 1478 870 1533 ab
920 1493 987 1532 eo
1040 1476 1324 1542 accusari,
1357 1483 1601 1534 conatur
1650 1478 1832 1551 igitur
1874 1508 1881 1517 -

169 1566 403 1637 justum
433 1566 485 1622 ei
518 1565 773 1622 similem
806 1564 1012 1621 facere.
1036 1565 1198 1629 Quod
1231 1565 1279 1621 si
1310 1583 1425 1622 non
1455 1570 1668 1639 potest,
1701 1566 1830 1621 stri-

178 1653 358 1721 debit,
393 1657 505 1710 etc.

172 1742 239 1796 13
343 1741 613 1798 Dominus
660 1748 715 1806 ις·-
740 1750 927 1797 autem
967 1746 981 1808 ζ
1029 1742 1282 1798 irridebit
1309 1758 1471 1798 enm:

372 1835 429 1895 ’ἓ-
448 1832 726 1900 Quoniam
767 1836 779 1893 Σ
811 1833 1073 1903 prospicit
1100 1830 1239 1902 quod
1270 1833 1448 1885 veniat
1474 1830 1588 1886 dies
1615 1832 1751 1902 ejus.

1400 462 1815 527 EXPOSI'I‘IO
1859 460 2335 527 PSALMORUM
2346 509 2358 524 .

1854 600 1904 663 Α
1936 606 2063 668 qua:
2093 599 2486 664 conterentur,
2509 596 2564 652 id
2595 598 2684 652 est
2713 591 2955 652 assidua
2983 560 3193 652 tritura
3211 593 3561 653 minuuntur

3461 459 3581 524 138

1940 684 1986 741 Η
2017 684 2140 752 Vel,
2173 684 2448 741 fortitudo
2479 684 2710 741 illorum
2740 688 3070 741 conteretur
3101 685 3160 739 in
3204 683 3479 752 vindicta,
3511 694 3583 741 ne

1940 773 2350 830 innocentibus
2376 777 2639 829 noceant.
2669 773 2885 829 Justos’
2903 777 3097 829 autem
3133 772 3444 829 confirmat
3471 773 3580 830 Do-

1939 862 2167 917 minum
2197 861 2256 916 in
2288 862 2418 917 fide.
2452 861 2497 917 Η
2523 863 2567 916 Α
2596 860 2856 929 Brachia,
2890 862 3209 933 potentiam
3257 865 3313 917 et
3352 861 3578 918 fortitu-

1938 950 2135 1006 dinem
2185 954 2552 1022 peccatorum
2601 949 2907 1023 significat.
2940 953 2988 1006 A
3033 950 3347 1006 Confirmat
3385 949 3581 1022 justos

1940 1039 2220 1094 Dominus
2268 1054 2372 1111 per
2424 1053 2586 1110 spem
2636 1038 2696 1092 in
2748 1038 3005 1095 adversis
3053 1042 3110 1094 et
3157 1055 3260 1110 per
3296 1037 3578 1110 exempla,

1938 1126 2196 1183 maxime
2228 1126 2436 1182 crucis.
2470 1128 2622 1183 Crux
2649 1127 2807 1182 enim
2837 1127 3005 1183 ﬁnita
3032 1132 3121 1183 est
3151 1127 3209 1182 in
3260 1142 3444 1198 paena,
3478 1128 3577 1184 sed

1939 1219 2136 1272 manet
2163 1215 2223 1270 in
2255 1214 2458 1289 gloria.
2487 1221 2529 1269 A
2561 1214 2703 1270 locis
2745 1216 2902 1270 enim
2961 1215 3325 1286 suppliorum
3370 1216 3581 1270 transit

1939 1305 2009 1360 ad
2042 1304 2262 1359 frontes
2292 1304 2848 1376 imperatorum.0ui
2868 1307 3096 1359 tantum
3122 1303 3400 1359 honorem
3422 1303 3581 1359 dedit

1922 1392 2128 1464 pomis
2157 1391 2304 1458 suis,
2337 1391 2476 1464 quid
2510 1392 2680 1447 faciet
2709 1391 2982 1447 fidelibus
3010 1390 3154 1447 suis.

1939 1481 2010 1536 19
2078 1482 2234 1535 Novit
2261 1483 2530 1536 Dominus
2557 1480 2671 1536 dies
2695 1480 3175 1536 immaculatornm
3205 1496 3218 1535 :

2077 1570 2142 1623 Et
2168 1569 2460 1625 haereditas
2482 1585 2668 1624 eorum
2692 1570 2749 1623 in
2774 1576 3047 1625 aeternum
3065 1569 3190 1623 erit.

2006 1658 2045 1708 C
2075 1656 2355 1712 Dominus
2376 1660 2572 1711 autem
2603 1655 2761 1711 novit
2795 1653 3487 1723 diesimmaculatorum,
3520 1655 3577 1710 id

1936 1747 2025 1799 est
2052 1743 2175 1799 vias
2206 1744 2303 1816 qui
2336 1760 2434 1800 eas
2475 1743 2748 1811 condidit,
2785 1760 2933 1815 quas
2962 1742 3223 1798 humana
3249 1741 3578 1815 ignorantia

1934 1848 2048 1887 non
2079 1835 2267 1904 potest
2305 1831 2535 1888 intueri.
2582 1830 2895 1887 Hereditas
2942 1835 3032 1886 est
3077 1829 3325 1887 cmlestis
3370 1830 3573 1886 Hieru-

242 1917 290 1974 H
323 1917 457 2018 an
490 1918 631 1990 quia
657 1917 939 1974 Dominus
969 1917 1221 1990 aliquem
1270 1918 1523 1987 irrideat,
1557 1918 1656 1974 sed
1688 1917 1824 1990 quia
1858 1954 1901 2020 Β
1933 1919 2354 1987 salemaeterna
2374 1937 2514 1993 pace
2534 1920 2883 1993 ditisssima,
2912 1936 3038 1991 quae
3061 1919 3121 1975 in
3143 1922 3421 1976 aeternum
3445 1918 3573 1987 erit,

172 2005 292 2078 ipsi
325 2004 491 2079 digni
525 2008 680 2075 sunt,
706 2010 771 2061 ut
797 2005 1149 2062 irrideantur
1175 2005 1234 2061 in
1266 2005 1823 2072 vindictaQuoniam

170 2094 483 2166 prospicit,
516 2093 623 2149 hoc
650 2098 737 2150 est
766 2093 1047 2149 Dominus
1079 2094 1189 2149 scit
1214 2095 1443 2167 quando
1472 2094 1665 2150 veniet
1702 2094 1825 2151 dies

172 2180 420 2236 ultionis
455 2184 512 2236 et
540 2181 883 2253 perditionis
914 2181 1061 2253 ejus.

182 2271 244 2325 14
319 2268 584 2325 Gladium
613 2271 1039 2340 evaginaverunt
1055 2278 1398 2342 peccatores:

311 2355 681 2413 Intenderunt
706 2373 895 2411 arcum
919 2373 1098 2413 suum.

238 2447 278 2499 ϐ
308 2442 557 2500 Gladius
587 2444 909 2516 peccatoris
954 2448 1042 2501 est
1079 2444 1324 2517 quilibet
1360 2444 1549 2513 dolus,
1584 2444 1824 2502 alterius

173 2532 523 2588 desiderans
552 2531 879 2601 leasionem;
912 2548 1086 2600 quem
1131 2532 1326 2588 educit
1370 2532 1485 2599 ille,
1519 2534 1618 2606 qui
1649 2551 1825 2606 prava

174 2621 455 2677 suasione
485 2619 781 2676 desiderat
809 2620 1072 2695 decipere
1103 2620 1330 2676 animas
1360 2621 1825 2678 innocentes.Ar-

175 2726 303 2765 cum
338 2712 544 2764 autem
573 2708 928 2776 tendere,est
956 2725 1126 2781 opere
1158 2708 1494 2765 faudulento
1524 2714 1821 2783 exspecta-

177 2812 234 2852 re
263 2800 527 2869 tempus,
559 2797 794 2870 quando
850 2796 1080 2868 possint
1126 2796 1423 2870 simplices
1464 2796 1825 2856 innocentes-

175 2901 284 2956 que
314 2884 609 2957 decipere.
641 2885 689 2940 A
738 2883 999 2953 Gladius,
1034 2889 1293 2957 apertam
1332 2887 1819 2958 persecutionem,

175 2988 339 3029 arcus
368 2987 511 3029 vero
542 2972 831 3029 occultam
857 2972 1109 3042 indicat;
1143 2972 1243 3045 qui
1274 2973 1439 3029 enim
1471 2973 1663 3048 gladio
1709 2992 1822 3047 pu-

170 3065 367 3133 gnant,
403 3060 719 3129 cominus;
753 3061 854 3133 qui
884 3077 1018 3117 vero
1046 3077 1210 3119 arcu.
1243 3061 1475 3117 eminus
1507 3066 1749 3134 pugnat.

176 3151 239 3203 15
313 3152 376 3208 Ut
405 3149 692 3222 decipiunt
713 3166 1007 3221 pauperem
1036 3153 1088 3205 et
1119 3152 1334 3221 inopem
1366 3165 1379 3205 :

307 3238 371 3296 Ut
399 3236 682 3293 trucident
708 3245 881 3294 rectos
906 3237 1083 3293 corde.

1934 2009 2211 2081 quoniam
2242 2009 2368 2065 sine
2399 2010 2514 2065 ﬁne
2543 2011 2868 2082 praestatur.

1931 2098 2001 2152 20
2070 2102 2194 2157 Non
2221 2098 2623 2168 confundantur
2651 2100 2712 2153 in
2742 2102 2974 2170 tempore
2998 2098 3146 2154 malo
3178 2113 3191 2153 :
3225 2103 3276 2153 et
3304 2098 3362 2152 in
3386 2095 3575 2153 diebus

2141 2187 2308 2258 famis
2334 2187 2729 2242 saturabuntur
2761 2203 2775 2241 :

2076 2275 2217 2343 Quia
2242 2283 2544 2347 peccatores
2563 2275 2844 2347 peribunt.

2004 2363 2049 2418 Η
2075 2366 2115 2417 C
2144 2363 2363 2419 Malum
2394 2367 2625 2436 tempus
2656 2363 2946 2435 signiﬁcat
2974 2363 3126 2417 diem
3150 2360 3378 2432 judicii.

1932 2450 1973 2506 Ο
2017 2450 2256 2515 Quando
2312 2450 2504 2507 omnis
2550 2468 2684 2507 caro
2735 2450 2982 2507 sollicita
3037 2454 3273 2506 actuum
3330 2465 3571 2506 suorum

1931 2539 2372 2595 retributionem
2403 2538 3056 2612 compensationemque
3078 2537 3436 2605 formidat,in
3454 2538 3571 2593 «isto

1928 2631 2187 2700 tempore
2208 2645 2323 2684 non
2355 2628 2785 2684 confundantur
2813 2625 3192 2683 immaculati.
3218 2625 3348 2681 Dies
3374 2625 3567 2693 famis,

1928 2716 2352 2787 tempushujus
2365 2715 2567 2772 mundi
2581 2714 3128 2790 signiﬁcat,quando
3141 2712 3572 2770 beatiosuriunt

1920 2804 2301 2875 justitiam,et
2325 2805 2746 2876 saturabuntur
2775 2821 2876 2876 per
2904 2802 3235 2875 Scripturae
3262 2806 3495 2858 sanctas
3514 2806 3571 2858 et

1929 2891 2194 2964 exempla
2244 2891 2557 2947 Dominica.
2591 2875 2925 2948 Peccatores
2968 2889 3260 2963 peribunt,
3294 2890 3350 2944 id
3390 2894 3480 2945 est
3508 2890 3567 2945 in

1928 2978 2024 3034 illa
2040 2980 2400 3050 judicatione
2417 2981 2731 3036 damnandi
2756 2982 2962 3036 sunt.A
2980 2978 3081 3036 Vel
3097 2982 3329 3052 tempus
3346 2978 3567 3035 malum

1929 3068 2071 3124 dicit
2103 3073 2335 3141 tempus
2364 3068 2758 3124 tribulationis
2788 3067 2965 3133 hic,in
2988 3084 3103 3140 quo
3126 3066 3259 3122 boni
3282 3083 3384 3139 spe
3405 3070 3569 3123 satu-

1930 3160 2135 3211 rantur
2166 3157 2372 3211 futuraa
2400 3158 2582 3229 pacis.
2613 3160 2941 3228 peccatores
2968 3171 3102 3211 vero
3155 3154 3252 3210 hic
3296 3156 3564 3221 satumti,

1934 3245 2205 3317 peribunt
2232 3250 2447 3301 aeterna
2474 3244 2626 3299 fame
2655 3243 2972 3299 cruciandi.

232 3322 277 3380 Η
307 3322 381 3382 Ut
412 3324 715 3398 decipiant
744 3335 1204 3399 pauperem,n0n
1227 3325 1462 3381 divitem
1485 3327 1817 3396 mundi,sed
1850 3310 1894 3381 C
1929 3310 1991 3387 ὲ1
2072 3334 2295 3391 tnimicz
2324 3349 2449 3389 vero
2474 3334 2696 3389 Domini
2721 3348 2848 3388 mox
2874 3335 2935 3387 ut
2963 3329 3315 3401 honoriﬁeati
3354 3332 3566 3401 fuerint

158 3418 477 3486 pauperem
511 3414 753 3470 Christi.
802 3417 844 3469 C
890 3414 1129 3470 Addidit
1159 3418 1347 3470 rectos
1387 3415 1576 3482 corde,
1608 3415 1719 3471 hoc
1750 3416 1821 3473 de

166 3502 520 3574 martyribus
550 3505 745 3575 potest
775 3500 1147 3573 intelligi,qui
1178 3500 1316 3558 recti
1349 3506 1490 3557 sunt
1517 3502 1816 3571 corde,sed

164 3602 327 3645 carne
357 3584 762 3645 trucidantur.
796 3589 1022 3662 Pauper
1050 3588 1389 3661 dicitur,qui
1424 3589 1536 3646 sibi
1566 3607 1680 3647 non
1703 3592 1818 3647 suf-

162 3675 295 3732 ﬁcit.
329 3677 511 3751 Inops
544 3678 647 3751 qui
680 3694 786 3734 nec
814 3694 984 3751 opem
1014 3677 1188 3734 habet
1233 3678 1305 3734 ab
1354 3677 1485 3747 alio,
1518 3678 1639 3735 sive
1682 3678 1816 3735 alie-

163 3779 288 3821 nam
298 3806 311 3820 .

161 3851 221 3906 16
291 3853 531 3910 Gladius
563 3864 754 3911 eorum
782 3860 947 3911 intret
978 3856 1039 3910 in
1068 3854 1231 3912 corda
1260 3857 1499 3929 ipsorum
1530 3871 1543 3911 ε

289 3942 356 3998 Et
386 3958 561 3998 arcus
588 3956 780 3999 eorum
807 3938 1208 4014 confringatur.

220 4028 260 4083 Ο
286 4029 541 4086 Gladius
574 4029 733 4086 enim
766 4029 1107 4103 dicitur,qui
1130 4032 1196 4086 fit
1218 4032 1288 4086 ad
1310 4031 1569 4088 hostium
1592 4032 1809 4101 clades,

156 4112 199 4168 Η
227 4116 290 4171 Et
319 4117 629 4192 signiﬁcat
656 4117 1063 4173 vindictam-in
1096 4118 1322 4175 animas
1352 4119 1633 4192 ipsorum.
1662 4122 1701 4176 C
1743 4122 1813 4177 Et

156 4217 312 4261 arcus
366 4207 674 4281 ipsorum,
706 4206 765 4262 id
801 4211 890 4263 est
925 4206 1155 4263 occulta
1202 4207 1425 4263 malitia
1454 4211 1653 4263 contra
1683 4208 1811 4281 pios

157 4292 559 4368 confringitur,
592 4296 734 4367 quia
753 4311 867 4350 non
898 4296 1009 4350 erit
1038 4294 1307 4350 fidelibus
1327 4294 1388 4350 in
1411 4294 1617 4351 animai
1646 4301 1811 4369 parte

155 4378 425 4438 nocitura.
459 4386 508 4438 Α
540 4383 621 4438 Se
654 4383 813 4438 enim
846 4383 984 4438 mali
1017 4383 1181 4455 prius
1225 4383 1283 4437 in
1327 4384 1499 4439 corde
1527 4387 1585 4439 et
1613 4384 1810 4442 anima

159 4464 357 4525 laedunt
388 4488 579 4542 quam
607 4472 846 4541 justum
876 4470 936 4526 in
970 4487 1209 4543 corpore
1239 4475 1297 4526 et
1328 4472 1501 4527 rebus
1519 4472 1808 4529 exteriori-

157 4551 338 4612 bus.in
361 4558 542 4615 corde
561 4558 725 4614 enim
745 4560 979 4629 justum
1012 4557 1219 4613 laedere
1235 4574 1346 4613 non
1371 4560 1802 4631 possunt.Quod

159 4641 493 4736 siin-rebus
522 4646 713 4701 laesus
731 4644 1157 4736 justusgfuerit,
1182 4638 1374 4701 dicit:
1418 4645 1647 4716 Melius,
1692 4652 1801 4703 etc.
1835 4672 1880 4736 Β

163 4729 217 4784 17
286 4732 477 4790 Helius
504 4740 595 4791 est
622 4734 903 4790 medicum
923 4734 1090 4806 justo.

280 4821 450 4894 Super
478 4823 723 4878 divitias
748 4830 1094 4894 peccatorum
1123 4824 1341 4878 multas.

216 4909 251 4959 C
276 4907 578 4967 Modicum
612 4910 714 4966 hic
741 4910 1031 4966 sentiatur
1058 4910 1381 4981 humilitas,
1409 4914 1471 4967 in
1502 4929 1635 4985 qua,
1661 4915 1800 4971 dum

162 4997 457 5054 aeanimus
490 5003 709 5055 noster
736 4997 1015 5066 custodit,
1046 5000 1255 5054 mundi
1303 5000 1558 5072 pretiosa
1608 5005 1798 5059 trans-

160 5084 581 5143 cenditDivitise
615 5091 999 5161 peccatorum
1030 5092 1171 5142 sunt
1194 5090 1675 5162 congregationes
1694 5092 1799 5146 cri~

2140 3430 2192 3479 et
2217 3423 2447 3479 excitati
2475 3439 2489 3477 :

2068 3512 2380 3583 Deﬁcientes
2406 3510 2853 3583 quemadmodum
2879 3512 3064 3582 fumus
3089 3508 3356 3579 deﬁcient.

1996 3599 2043 3654 H
2077 3599 2298 3655 Inimici
2328 3614 2460 3655 vero
2494 3598 2745 3665 Domini,
2773 3596 2827 3653 id
2856 3602 2946 3654 est
2974 3595 3159 3669 impii,
3190 3599 3264 3651 ut
3285 3594 3560 3652 honoriﬁ-

1923 3687 2034 3743 cati
2069 3688 2242 3744 fuerit
2269 3688 2328 3743 in
2359 3691 2640 3760 potestate
2668 3690 2980 3754 terrena-,et
2997 3684 3232 3742 excitati
3262 3684 3321 3741 in
3350 3696 3560 3740 vanam

1921 3776 2187 3849 gloriam,
2221 3792 2374 3845 mox,
2408 3775 2747 3833 adveniente
2777 3781 2983 3844 morte,
3015 3775 3209 3831 omnis
3232 3773 3426 3848 gloria
3464 3790 3558 3830 eoo

1922 3879 2053 3920 rum
2083 3869 2363 3937 tanquam
2394 3865 2593 3921 fumus
2622 3870 2723 3921 aut
2751 3863 2966 3919 nebula
2995 3863 3260 3919 tabescit.

1917 3955 1989 4007 22
2061 3954 2412 4009 Mutuabitur
2430 3962 2685 4024 peccator
2710 3958 2762 4008 et
2790 3967 2898 4008 non
2925 3953 3093 4009 solvet
3118 3966 3131 4006 :

2056 4042 2244 4097 Justus
2271 4046 2454 4097 autem
2485 4044 2769 4098 miseretur
2797 4045 2848 4097 et
2878 4042 3095 4096 tribuet.

1990 4128 2036 4183 ll
2065 4130 2106 4183 C
2135 4129 2497 4184 Mutuabitur
2542 4133 2824 4202 peccator,
2857 4114 3090 4200 quando
3138 4127 3239 4183 Dei
3278 4126 3557 4183 beneﬁcia

1919 4215 2147 4272 diversa
2174 4216 2451 4288 suscipit;
2483 4221 2539 4271 et
2568 4234 2682 4274 non
2713 4215 3029 4283 solvet,hoc
3059 4219 3166 4281 est,
3200 4231 3319 4271 non
3347 4214 3555 4288 dignas

1910 4304 2138 4376 gratias
2164 4305 2285 4377 agit
2315 4309 2448 4360 Deo.
2480 4304 2686 4361 Justus
2715 4308 2908 4359 autem
2942 4302 3268 4370 miseretur,
3286 4302 3555 4374 quamvis

1917 4392 2012 4447 hic
2041 4409 2226 4464 pauca
2253 4391 2552 4464 suscipiat,
2587 4395 2893 4464 promptus
2921 4394 3113 4446 tamen
3145 4390 3218 4445 ad
3245 4388 3555 4462 eleemosy-

1917 4498 2024 4536 nas
2054 4480 2349 4536 faciendas
2379 4480 2688 4536 invenitur.

1912 4570 1982 4623 23
2057 4570 2197 4637 Quia
2229 4569 2592 4626 benedicentes
2619 4570 2672 4624 ei
2699 4568 3102 4626 hareditabunt
3132 4571 3335 4622 ten-am
3365 4582 3379 4621 :

2055 4658 2438 4715 Malcdicentes
2469 4665 2648 4713 autem
2674 4660 2729 4713 ei
2754 4656 3111 4730 disperibunt.

1980 4750 2019 4800 C
2047 4746 2189 4801 Nam
2240 4747 2339 4818 qui
2391 4746 2744 4803 bcncdicunt
2785 4743 3118 4810 Dominum,
3151 4743 3207 4800 id
3240 4746 3330 4800 est
3354 4742 3456 4816 qui
3487 4743 3547 4798 in

1913 4835 2187 4891 omnibus
2217 4836 2435 4908 gratias
2482 4836 2756 4902 referunt,
2785 4839 2843 4891 et
2873 4835 2999 4906 ejus
3030 4832 3307 4889 mandata
3351 4835 3543 4888 custo-

1911 4924 2098 4992 diunt,
2131 4928 2343 4981 terram
2377 4924 2535 4980 illam
2565 4925 2880 4981 viventium
2912 4922 3205 4995 accipiunt
3238 4920 3543 4996 possiden-

1908 5011 2063 5067 dam.
2098 5012 2523 5081 Malediccntes,
2558 5015 2613 5069 id
2645 5017 2735 5069 est
2762 5010 3107 5085 blasphemi,
3139 5009 3226 5065 vel
3256 5009 3355 5066 Dei
3400 5008 3541 5084 legi-

1904 5100 2015 5156 bus
2046 5100 2464 5172 inobedientes,
2497 5101 2568 5158 ab
2599 5101 2699 5157 illa
2726 5100 2913 5172 patria
2936 5100 3370 5156 submoventur.

164 5170 557 5260 nuarumﬂnde
592 5173 964 5230 aestimemus
994 5178 1283 5247 quantum
1314 5175 1393 5232 sit
1421 5177 1631 5235 melius
1649 5178 1793 5235 illud
1902 5189 1970 5243 24
2045 5188 2197 5260 Apud
2224 5170 2510 5244 Dominam
2535 5170 2746 5258 gressus
2774 5188 3007 5244 hominis
3035 5187 3342 5259 dirigentur
3372 5203 3385 5242 :

163 5259 423 5319 modicum
452 5264 609 5337 justi
647 5262 968 5335 percipere,
1001 5266 1058 5318 et
1088 5262 1298 5319 molem
1330 5268 1622 5323 tantorum
1671 5284 1794 5324 sce-

163 5341 318 5405 lerum
347 5368 461 5408 non
493 5352 826 5408 habere.Et
854 5366 987 5407 vere
1016 5350 1203 5407 multo
1248 5351 1477 5421 melius,
1518 5357 1794 5426 quoniam

170 5430 388 5507 brachia,
422 5445 536 5497 etc.

173 5519 223 5573 18
282 5528 545 5594 Quoniam
576 5526 817 5584 brachia
843 5534 1183 5598 peccatorum
1216 5535 1560 5586 conterentur
1591 5549 1603 5586 :

282 5616 584 5689 Conﬁrmat
618 5620 820 5671 autem
837 5617 1019 5687 justas
1044 5616 1321 5670 Dominus.

2044 5278 2110 5331 Et
2138 5278 2285 5331 viam
2313 5278 2427 5348 ejus
2456 5277 2611 5332 votet.

1974 5364 2020 5418 Η
2042 5365 2205 5435 Apud
2235 5364 2541 5420 Dominum
2565 5365 2882 5437 gressus,id
2913 5370 3001 5421 est
3032 5382 3241 5421 sensus
3258 5366 3539 5421 uniuscu-

1897 5452 2115 5523 jusque
2142 5451 2414 5519 hominis,
2449 5469 2482 5507 a
2511 5452 2755 5509 Domino
2787 5453 3204 5525 dirigentur.Et
3225 5453 3379 5508 viam
3411 5451 3538 5519 eius

1892 5539 2123 5596 scilicet
2153 5540 2248 5594 Dei
2275 5540 2444 5607 volet,
2482 5546 2543 5595 ut
2573 5542 2643 5596 ad
2675 5558 2737 5596 se
2767 5540 3086 5612 veniat,qui
3115 5545 3204 5596 est
3247 5539 3358 5604 via,
3388 5536 3535 5590 veri-

1903 5632 2012 5696 tas,
2047 5632 2104 5682 et
2132 5628 2249 5683 vita
2273 5631 2457 5697 (Joan.
2495 5631 2631 5697 xw).
2664 5630 2917 5686 Gressus
2940 5628 3083 5683 dicit
3110 5642 3284 5697 opera
3313 5628 3370 5679 et
3399 5621 3508 5678 atl‘e

229 5702 260 5754 C
282 5702 515 5763 Brachia
548 5707 1289 5779 peccatorum,perversas
1318 5705 1576 5762 actiones
1604 5708 1797 5779 signat
1902 5718 2206 5786 clus,quos
2236 5715 2433 5788 dirigit
2464 5714 2778 5771 Deus.A.Et
2800 5722 2914 5784 per
2944 5714 3051 5769 hoc
3079 5712 3237 5781 quod
3271 5704 3537 5775 dirigitur
