3988 6424
421 348 540 410 {59
571 326 578 337 ’

1333 361 1398 426 S.
1444 364 1846 434 BRUNONIS
1892 371 2518 446 HERBIPOLENSIIS
2563 383 2942 452 EPISCOPI.

3727 402 3836 466 160

418 487 546 546 vult
562 489 764 592 justus
791 489 946 602 viam
979 493 1077 551 Dei
1109 497 1427 602 :‘qu‘amvi‘s
1471 499 1619 558 dura
1666 501 1762 560 sit.
1796 503 1903 562 Via
1942 523 2077 566 vero
2106 513 2162 584 Α
2189 516 2262 572 32
2335 516 2404 574 0s
2421 520 2562 592 justi
2590 522 2943 583 meditabitur
2968 528 3306 602 sapientiam
3333 548 3353 588 :

420 581 585 637 terra:
618 581 854 653 nonfest
883 583 1160 651 dura,sed
1191 585 1362 659 plena
1392 587 1854 651 latronibus.Via
1884 601 2081 655 autem

420 669 654 726 Domini
687 674 836 739 tuta,
871 674 1140 746 quamvis
1169 677 1444 734 dura.Vel
1467 681 1616 737 viam
1635 683 1788 754 justi
1819 684 2082 745 hominis

417 755 590 828 volet,
625 759 684 815 in
715 777 832 834 qua
862 779 996 821 cum
1028 764 1320 834 ceciderit,
1351 771 1460 824 etc.

418 865 490 922 25
561 869 702 924 Cum
723 870 982 928 ceciderit
1009 889 1118 930 non
1145 875 1470 934 coltidetur:

561 960 714 1030 Quia
743 960 1006 1016 Dominus
1035 967 1295 1036 supponit
1316 983 1546 1023 manum
1572 986 1753 1026 suam.

489 1065 536 1124 Η
565 1070 709 1124 Cum
731 1069 1005 1126 ceciderit
1027 1077 1261 1145 propter
1282 1075 1682 1136 infirmitatem
1713 1081 2079 1156 carnis,quia

416 1155 634 1228 septies
664 1157 721 1212 in
755 1159 850 1214 die
880 1160 1036 1216 cadit
1055 1162 1259 1233 justus
1290 1169 1347 1219 et
1379 1169 1636 1241 resurgit
1664 1173 1848 1242 (Prov.
1898 1155 2072 1242 xxiv),

414 1260 530 1300 non
563 1245 893 1318 collidetur,
927 1250 1070 1322 quia
1109 1251 1395 1312 Dominus
1445 1259 1641 1328 agenti
1669 1261 2072 1331 paenitentiam

413 1335 612 1391 statim
645 1337 1172 1400 miseretursSicut
1200 1342 1380 1400 David
1412 1349 1469 1401 et
1509 1347 1717 1403 Petrus
1766 1351 2069 1422 cognitum

409 1429 686 1486 delictum
720 1435 1117 1502 purgaverunt
1146 1429 1506 1503 lacrymis,et
1535 1453 1570 1492 a
1600 1439 1844 1495 Domino
1865 1441 2072 1497 conﬁr-

409 1519 551 1576 mati
582 1525 746 1576 sunt.

407 1629 478 1684 26
548 1629 749 1685 Iunior
773 1630 864 1700 fui
890 1631 1090 1685 etenim
1113 1631 1274 1685 senui
1307 1648 1319 1686 :
1351 1636 1403 1688 et
1433 1648 1543 1688 non
1575 1634 1690 1689 vidi
1709 1636 1927 1707 justum
1973 1637 2066 1694 de-

621 1718 875 1774 relictum
899 1735 912 1773 :

551 1811 656 1866 Nec
681 1827 863 1867 semen
888 1812 1007 1884 ejus
1036 1827 1285 1884 qua’rens
1306 1831 1527 1887 panem.

478 1901 524 1954 A
555 1899 597 1955 Ο
624 1899 834 1956 Junior
863 1900 968 1967 fui,
999 1917 1109 1956 vox
1141 1902 1430 1972 Ecclesiae,
1457 1907 1692 1978 quando
1724 1907 1892 1965 initia
1919 1908 2067 1983 legis
2098 1897 2142 1963 Β

406 1987 696 2045 naturalis
726 1989 786 2044 in
813 1989 940 2062 ipso
971 1989 1330 2064 protoplasto
1353 1993 1629 2066 primaeva
1660 1999 1936 2070 suscepit.
1970 2001 2066 2056 Se-

403 2079 798 2152 nuit,quando
827 2080 900 2135 ad
932 2078 1341 2138 honorabilem
1376 2084 1636 2154 pervenit
1667 2089 2062 2153 aetatem,cum

404 2166 746 2224 novissimis
773 2169 1136 2241 temporibus
1167 2171 1466 2243 suscipere
1503 2175 1716 2230 meruit
1747 2176 2062 2234 Dominum

399 2255 776 2314 Salvatorem.
809 2258 855 2313 H
887 2261 930 2312 A
962 2261 1002 2313 C
1030 2262 1260 2326 Semen,
1293 2277 1470 2334 opera
1497 2261 1756 2321 hominis
1803 2266 2064 2325 diximus

397 2362 548 2415 esse,
580 2363 706 2419 quae
729 2346 982 2403 seminat
1011 2352 1068 2404 et
1097 2353 1296 2405 metet.
1340 2349 1386 2406 Η
1429 2353 1469 2407 C
1515 2353 1664 2425 Ergo
1695 2371 1873 2428 opera
1910 2355 2061 2428 justi

398 2451 515 2491 non
547 2439 818 2508 quaerunt
839 2436 1190 2508 panem,hoc
1215 2444 1307 2494 est
1333 2440 1574 2496 verbum
1602 2441 1870 2515 Dei,quia
1887 2445 2062 2502 verbo

396 2523 498 2580 Dei
529 2523 778 2580 satiatus
808 2529 917 2592 est,
950 2529 1007 2581 et
1035 2542 1152 2597 quo
1182 2525 1345 2583 intus
1376 2545 1574 2585 revera
1613 2530 1754 2585 vivit
1781 2535 1840 2588 et
1870 2534 2060 2606 pasci-

393 2615 564 2669 tur.A
596 2613 877 2686 Loquitur
897 2614 1055 2668 enim
1077 2613 1172 2669 hic
1202 2615 1464 2672 Ecclesia
1493 2618 1665 2689 quasi
1697 2635 1852 2676 unus
1883 2620 2060 2678 homo

395 2700 444 2757 Η
475 2699 578 2758 Vel
609 2700 789 2757 David
821 2701 1209 2776 loquitur,qui
1238 2703 1519 2776 parvulus
1551 2706 1661 2762 fuit
1691 2707 1751 2763 in
1785 2709 2012 2766 malitia
2043 2728 2056 2768 :

395 2807 573 2847 senex
600 2789 662 2846 in
691 2791 1036 2847 virtutibus.

392 2899 465 2955 27
542 2900 669 2955 Tota
697 2899 787 2954 die
813 2899 1106 2956 miseretur
1133 2907 1185 2956 et
1210 2901 1513 2959 commodat
1541 2919 1553 2958 :

535 2989 604 3044 Et
627 3004 810 3044 semen
841 2989 998 3044 illius
1028 2990 1088 3045 in
1115 2989 1485 3049 benedictione
1513 2995 1640 3050 erit.

465 3095 512 3152 H
545 3095 717 3153 Omni
748 3097 1011 3170 tempore
1032 3096 1346 3156 miseretur
1373 3117 1408 3158 a
1441 3101 1684 3160 Domino
1715 3107 1771 3160 et
1801 3121 2054 3162 commo-

2334 608 2399 664 Et
2429 610 2622 682 lingua
2652 615 2772 687 ejus
2802 615 3052 690 loquetur
3069 619 3368 692 judicium.

2265 697 2311 754 ΙΙ
2343 699 2420 756 Os
2442 701 2592 773 justi
2625 693 3006 762 meditabitur
3036 709 3408 782 sapientiam,
3441 711 3499 770 id
3548 718 3637 772 est
3681 715 3836 774 Chri-

2191 788 2419 845 stum.C
2450 790 2554 848 Per
2587 808 2653 849 os
2681 794 2840 851 enim
2871 795 3257 870 cogitationes
3287 799 3570 860 debemus
3616 801 3711 861 hic
3755 823 3839 862 ac-

2189 876 2402 964 cipere,
2434 880 2574 952 quia
2603 881 2757 939 sicut
2805 899 2905 941 cor
2953 885 3336 945 meditabitur
3363 891 3730 964 sapientiam,
3760 895 3836 952 ita

2187 963 2392 1040 lingua
2417 968 2690 1042 loquetur
2708 990 2813 1046 per
2841 979 3058 1031 cuncta
3077 976 3375 1048 justitiam
3405 963 3464 1036 et
3497 982 3785 1054 judicium
3817 1003 3828 1040 :

2187 1055 2234 1112 Η
2265 1056 2375 1114 hoc
2406 1064 2602 1116 autem
2633 1062 2732 1118 ﬁet
2783 1079 2798 1118 :
2847 1079 2983 1121 cum
3015 1066 3217 1124 omnia
3245 1077 3601 1140 mensurate,
3633 1075 3692 1129 et
3723 1091 3831 1130 non

2185 1145 2612 1219 fraudulenter,
2644 1168 2834 1226 neque
2865 1170 2999 1210 cum
3033 1154 3248 1219 ira,sed
3281 1175 3416 1214 cum
3439 1160 3601 1231 justo
3613 1163 3831 1234 judicio

2183 1251 2312 1308 qua:
2343 1238 2414 1295 de
2443 1243 2555 1296 Deo
2587 1241 2765 1298 sentit
2795 1250 3050 1313 enarrat,
3079 1248 3234 1319 quod
3267 1247 3377 1304 erit
3407 1247 3466 1304 in
3492 1251 3683 1324 patria
3710 1251 3833 1309 bea-

2183 1329 2398 1383 torum.

2178 1415 2249 1470 33
2323 1416 2435 1474 Lex
2463 1418 2561 1475 Dei
2587 1421 2704 1493 ejus
2734 1423 2795 1478 in
2823 1423 2983 1480 corde
3010 1426 3183 1497 ipsius
3213 1445 3232 1480 :

2336 1513 2391 1571 σξ-
2421 1509 2486 1564 Et
2528 1515 2541 1575 ζ
2587 1527 2697 1567 non
2725 1513 3232 1585 supplantabuntur
3257 1533 3476 1586 gressus
3501 1519 3638 1591 ejus.

2248 1597 2289 1650 ι]
2318 1595 2430 1652 Lex
2464 1599 2559 1654 Dei
2591 1601 2858 1672 ejus,boc
2886 1603 3043 1660 enim
3076 1621 3399 1676 pronomen
3432 1623 3446 1662 :
3473 1607 3721 1680 gratiam
3747 1609 3828 1667 in-

2174 1682 2330 1740 dicat
2385 1686 2616 1744 Domini
2667 1689 3002 1749 Salvatoris.
3037 1693 3182 1750 Nam
3240 1710 3376 1752 cum
3432 1695 3510 1752 sit
3564 1697 3823 1755 omnium

2177 1773 2326 1830 Deus
2361 1793 2374 1832 :
2411 1776 2599 1850 ipsius
2630 1782 2826 1836 tamen
2859 1781 3091 1855 proprie
3117 1783 3354 1851 dicitur,
3377 1801 3552 1858 quem
3581 1785 3823 1844 liberare

2172 1861 2450 1936 dignatus
2479 1872 2588 1922 est.
2621 1872 2685 1924 In
2717 1871 2892 1928 corde
2922 1871 3132 1944 ipsius,
3152 1872 3490 1930 universum
3521 1875 3675 1932 beati
3697 1893 3820 1932 sen-

2175 1967 2310 2009 sum
2341 1953 2440 2010 tali
2471 1955 2624 2013 bono
2655 1958 2852 2031 signat
2879 1960 3242 2034 completum
3270 1963 3650 2028 esse,scilicet
3673 1966 3732 2022 in
3758 1983 3821 2022 eo

2173 2042 2331 2112 quod
2363 2059 2462 2099 cor
2490 2052 2775 2105 consonat
2798 2048 3037 2124 linguae,
3060 2054 3126 2107 ut
3153 2050 3244 2108 lex
3275 2053 3374 2108 Dei
3407 2069 3522 2110 non
3553 2053 3742 2110 solum
3767 2053 3822 2110 in

2173 2147 2294 2199 ore,
2319 2133 2420 2190 sed
2450 2135 2628 2192 etiam
2663 2138 2739 2192 sit
2768 2137 2827 2194 in
2859 2141 3052 2208 corde,
3085 2146 3142 2196 et
3186 2140 3347 2197 omni
3391 2159 3593 2200 sensu.
3646 2143 3827 2216 Hujus

2172 2238 2414 2294 gressus
2441 2224 2820 2298 snpplantare
2851 2227 3050 2285 nullus
3079 2230 3434 2302 prevalebit.
3447 2231 3827 2306 Supplautare

2173 2311 2330 2366 enim
2363 2312 2619 2371 dicimus
2651 2315 2870 2389 plantis
2903 2317 3095 2375 foveas
3128 2320 3505 2392 praetendere,
3538 2339 3609 2378 ne
3653 2321 3830 2396 possit

2173 2399 2440 2459 incidens
2470 2403 2711 2461 firmum
2744 2407 3000 2478 reperire
3022 2408 3474 2482 vestigium,boc
3499 2409 3828 2468 nullatenus

2172 2496 2404 2547 constat
2431 2509 2561 2550 esse
2591 2494 2950 2568 laciendum,
2979 2497 3080 2554 ubi
3125 2515 3335 2556 secura
3362 2502 3420 2556 et
3448 2503 3665 2558 aeterna
3695 2505 3829 2558 sunt

2171 2579 2391 2638 omnia.
2421 2584 2468 2638 A
2497 2583 2644 2648 Quia
2675 2585 2918 2642 verbum
2952 2587 3052 2644 Dci
3085 2587 3144 2644 in
3181 2588 3354 2645 corde
3403 2589 3660 2647 custodit
3687 2607 3723 2648 a
3749 2589 3826 2647 la-

2170 2669 2338 2742 queis
2368 2670 2560 2728 bonus
2590 2680 2812 2742 custos,
2845 2674 3114 2734 Christus
3147 2677 3206 2733 in
3238 2678 3436 2735 corde.

2168 2758 2238 2814 34
2314 2758 2634 2819 Considerat
2656 2772 2905 2836 peccator
2923 2765 3139 2838 justum
3168 2786 3187 2823 :

2311 2849 2376 2906 Et
2401 2853 2608 2922 quaerit
2631 2855 2968 2926 morti/icore
2992 2872 3138 2913 eum.

2236 2936 2284 2994 Η
2315 2938 2660 2998 Considerat
2687 2948 2956 3016 peccator
2994 2945 3252 3016 justum,
3286 2945 3623 3004 intuebatur
3669 2947 3819 3004 enim

2165 3026 2418 3100 populus
2447 3029 2786 3089 Judaeorum
2808 3033 3042 3106 justum
3074 3034 3285 3092 Filium
3314 3035 3521 3093 Deizet
3543 3036 3821 3094 stridebat

2161 3115 2220 3171 in
2268 3133 2426 3188 eum,
2460 3123 2518 3175 et
2548 3122 2816 3193 quaesivit
2847 3124 3088 3196 perdere
3115 3141 3278 3196 eum,
3309 3125 3448 3198 quia
3475 3126 3672 3200 gravis
3701 3131 3820 3182 erat

389 3184 511 3252 dat,
545 3186 646 3259 qui
677 3184 810 3242 aliis
841 3186 1137 3288 ministret
1166 3189 1492 3288 doctrinam
1522 3208 1716 3249 suam.
1751 3194 1822 3288 Et
1849 3211 2048 3288 semen
2084 3271 2122 3288 η
2161 3184 2429 3264 doctrina
2461 3184 2592 3282 eius
2639 3211 2711 3267 ad
2761 3184 3123 3270 audiendum
3152 3184 3348 3283 eis,'et
3377 3184 3512 3288 ipse
3533 3213 3713 3272 etiam
3744 3216 3814 3272 ad

386 3274 537 3348 eius:
569 3293 746 3350 Opem
775 3294 904 3350 (ἶυίε
935 3277 1138 3352 ὅθεείῑν
1163 3278 1249 3335 νει
1283 3279 1549 3338 doctrina
1579 3299 1760 3355 quam
1790 3283 2050 3354 domita
2079 3271 2123 3340 (ἶ
2159 3271 2512 3354 videndum:
2533 3298 2624 3354 Sic
2653 3302 2714 3356 et
2746 3317 2905 3358 nunc
2936 3302 3216 3360 inimicus
3247 3303 3578 3362 considerat
3605 3321 3819 3361 unum-

383 3365 629 3422 Domino
660 3365 1098 3425 benedicentur.

380 3472 452 3527 28
523 3472 748 3529 Declina
779 3489 813 3528 a
842 3475 988 3530 malo
1016 3483 1069 3531 et
1091 3479 1182 3548 [ac
1213 3477 1414 3533 bonum
1443 3493 1457 3532 :

528 3561 592 3616 Et
619 3561 878 3617 inhabita
904 3564 965 3618 in
993 3560 1261 3620 saeculum
1306 3572 1362 3632 +
1389 3569 1586 3624 βῶσαιὶ
1627 3571 1641 3635 ζ

455 3648 503 3704 Η
533 3648 776 3706 Declina
804 3667 840 3706 a
869 3650 1048 3714 malo.
1081 3652 1141 3708 id
1175 3657 1284 3720 est,
1317 3671 1353 3711 a
1383 3656 1538 3713 malo
1569 3661 1825 3730 opere,et
1843 3658 1931 3714 fac
1953 3659 2049 3716 bo-

383 3754 528 3794 num
551 3739 708 3811 quod
740 3739 1012 3812 praecepit
1041 3740 1216 3798 Deus.
1254 3742 1522 3802 Inhabita
1549 3745 1610 3802 in
1643 3745 1864 3803 unitate
1887 3747 2041 3805 fidei.

383 3825 424 3882 C
455 3825 744 3882 Saeculum
775 3844 908 3884 vero
939 3829 1136 3886 seaculi
1162 3831 1457 3904 signiﬁcat
1481 3837 1765 3892 aeternum
1797 3852 2043 3910 regnum

382 3915 540 3988 quod
570 3914 734 3972 nulla
763 3917 1135 3976 successione
1166 3921 1514 3979 mutabitur.

378 4023 450 4078 29
523 4025 666 4092 Quia
691 4025 958 4082 Dominus
988 4031 1140 4084 amat
1151 4028 1450 4100 judicium,
1481 4036 1536 4088 et
1562 4049 1674 4088 non
1702 4033 2043 4109 derelinquet

592 4123 806 4170 sanctos
833 4131 956 4172 suos
987 4133 1000 4172 ;

484 4205 550 4260 In
575 4212 850 4262 aeternum
873 4209 1357 4266 conservabuntur.

446 4292 494 4348 H
527 4293 676 4362 Quia
705 4295 985 4353 Dominus
1015 4303 1177 4354 amat
1195 4299 1751 4371 judicium,scilicet
1761 4305 1994 4375 justum
2021 4321 2035 4362 :

376 4399 496 4456 qua
515 4383 715 4454 justos
747 4385 1078 4460 impiosque
1109 4388 1408 4446 discernit.
1429 4392 1498 4447 Et
1527 4409 1643 4448 non
1672 4392 2039 4467 derelinquat

374 4476 610 4528 sanctos
645 4491 658 4528 :
692 4473 793 4546 qui
824 4474 885 4531 in
911 4492 1049 4533 eum
1080 4482 1203 4534 tota
1228 4496 1330 4551 spe
1352 4481 1785 4554 contidunt,qui
1809 4499 2040 4540 conser-

371 4561 668 4619 vabuntur
694 4563 753 4619 in
785 4570 1089 4635 aeternum,
1123 4566 1233 4624 hoc
1263 4573 1356 4625 est
1385 4571 1441 4624 in
1475 4575 1761 4643 perpetua
1788 4571 1924 4629 vita.

371 4669 442 4723 30
531 4670 810 4742 elnjusti
837 4673 1146 4743 punientur
1189 4679 1202 4738 ζ

516 4763 584 4815 Et
610 4775 792 4816 semen
824 4762 1126 4832 impiorum
1153 4763 1380 4832 peribit.

442 4865 486 4920 A
511 4863 723 4937 Injusti
748 4863 1071 4936 punientur
1095 4866 1154 4922 in
1180 4866 1683 4926 vindicta.Peribit
1699 4874 2038 4944 semen,hoc

370 4957 462 5008 est
501 4970 679 5026 opera
708 4969 911 5008 eorum
962 4971 1098 5010 cum
1143 4955 1290 5029 ipsis
1337 4959 1659 5032 punientur
1687 4961 1746 5017 in
1779 4967 2034 5022 tormen-

369 5039 466 5109 tis,
500 5045 557 5096 et
587 5040 814 5097 vanitas
842 5045 898 5097 et
927 5043 1233 5103 delectatio
1264 5047 1324 5104 in
1359 5051 1615 5122 peccatis
1646 5052 1891 5124 quaesita
1912 5072 2037 5114 eva-

375 5133 597 5186 nescet.

369 5237 432 5292 31
509 5238 657 5294 Justi
684 5245 872 5294 autem
905 5241 1316 5304 haereditabunt
1338 5255 1545 5304 terram
1579 5267 1590 5304 :

529 5333 585 5393 ~5-
613 5331 681 5384 Et
722 5330 735 5395 ζ
784 5329 1176 5392 inhabitabant
1223 5338 1284 5392 in
1329 5337 1598 5396 saeculum
1662 5347 1722 5408 οὗ·
1767 5344 1968 5400 δὰννσυίί
2008 5349 2021 5411 Σ

589 5433 756 5490 super
773 5434 915 5474 eam.

442 5513 486 5568 Η
512 5513 668 5572 Justi
695 5519 894 5573 autem
930 5520 1318 5591 possidebunt
1349 5527 1564 5582 terram
1594 5525 1934 5587 viventium.
1967 5532 2037 5588 Et

367 5601 786 5693 inhabitabunt
815 5605 1000 5678 illam,
1033 5627 1159 5682 qua:
1191 5615 1282 5668 est
1311 5611 1438 5669 sine
1472 5614 1610 5682 line,
1645 5616 1717 5672 de
1747 5634 1866 5690 qua
1888 5620 2037 5693 fugit

370 5691 535 5750 dolor
565 5699 624 5752 et
650 5695 910 5768 gemitus
937 5698 1116 5772 (Apoc.
1144 5701 1280 5774 xxx).

2162 3401 2458 3460 quemque
2489 3393 2761 3446 nostrum
2796 3394 2860 3447 ut
2885 3392 3218 3464 perdat,sed
3249 3393 3301 3450 si
3329 3391 3642 3467 vigilanter
3679 3394 3816 3452 resi-

2161 3476 2284 3531 stas
2304 3475 2495 3532 evenit
2524 3478 2680 3550 quod
2703 3479 2996 3550 sequitur.

2157 3562 2229 3618 35
2299 3566 2563 3623 Dominus
2607 3575 2664 3635 οξ-
2689 3577 2876 3626 autem
2917 3576 3060 3636 :non
3087 3570 3429 3645 derelinquat
3457 3588 3583 3629 eum
3612 3573 3676 3628 in
3701 3589 3814 3629 ma-

2371 3673 2476 3712 nus
2505 3658 2623 3730 ejus
2653 3677 2672 3714 :
3663 3725 3671 3736 ,

2297 3745 2405 3800 Nec
2430 3745 2716 3805 damnabit
2743 3765 2870 3806 eum
2895 3766 3019 3806 cum
3037 3749 3387 3824 judicabitur
3429 3757 3486 3818 αξ-
3514 3752 3604 3808 illi
3646 3759 3662 3817 ζ

2227 3831 2273 3888 Η
2299 3833 2462 3890 Sicut
2492 3852 2606 3892 non
2639 3835 2956 3911 dereliquit
2977 3839 3212 3912 justum
3232 3839 3522 3897 Dominus
3545 3839 3605 3896 in
3631 3837 3816 3895 mani-

2153 3919 2264 3978 bus
2289 3922 2714 3992 Judaaorumﬁd
2745 3926 2915 3984 estin
2935 3932 3220 4001 potestate
3239 3945 3465 3995 eorum,
3497 3928 3580 3986 ita
3607 3945 3812 4002 quem-

2152 4008 2296 4068 libet
2315 4013 2551 4084 justum
2585 4031 2702 4071 non
2734 4015 3103 4090 derelinquet
3133 4018 3192 4074 in
3224 4022 3511 4092 potestate
3549 4022 3812 4091 peccato-
3853 4060 3860 4066 .

2152 4117 2284 4156 rum
2316 4103 2642 4159 secundum
2693 4103 2976 4175 animam,
3031 4112 3094 4164 ut
3116 4108 3327 4164 animae
3349 4115 3616 4178 noceant,
3647 4107 3710 4165 id
3730 4111 3815 4164 est

2153 4193 2218 4246 ut
2247 4188 2420 4247 malis
2452 4191 2511 4247 in
2543 4191 2697 4250 malo
2729 4195 3078 4253 consentiat.
3113 4197 3227 4254 Nec
3258 4197 3564 4255 damnabit
3593 4214 3756 4268 eum,
3777 4195 3816 4252 C

2147 4279 2206 4335 id
2225 4281 2565 4353 estjustum
2596 4299 2732 4340 cum
2749 4284 2981 4356 judicat
3001 4286 3250 4360 impium
3285 4304 3298 4343 :
3333 4288 3435 4346 sed
3467 4287 3817 4344 discretione

2149 4371 2770 4445 meritorum,justum
2799 4375 3104 4449 suscipiet,
3141 4377 3393 4450 impium
3423 4376 3621 4434 debita
3647 4392 3815 4450 pinna

2147 4459 2470 4533 torquebit.

2145 4549 2216 4606 36
2289 4553 2531 4622 Expecta
2557 4553 2854 4610 Dominum
2879 4559 2934 4611 et
2961 4555 3175 4638 custodi
3206 4558 3356 4613 viam
3399 4556 3515 4630 ejus
3550 4573 3563 4611 :
3595 4556 3810 4614 exalta-

2366 4641 2447 4696 bit
2477 4649 2528 4697 te
2573 4647 2629 4713 -;-
2652 4650 2714 4699 ut
2752 4646 2770 4712 ζ
2813 4644 3137 4704 haereditate
3163 4647 3354 4720 capias
3385 4653 3589 4704 terram
3619 4663 3632 4700 :

2294 4732 2435 4788 Cum
2457 4733 2729 4802 perierint
2753 4743 3061 4807 peccatores
3082 4737 3311 4794 videbis.

2219 4817 2267 4876 Η
2297 4820 2582 4893 Exspecta
2611 4823 2947 4894 Dominum,
2981 4824 3039 4881 id
3070 4830 3160 4883 est
3196 4826 3490 4900 patienter
3527 4842 3635 4898 age
3692 4823 3813 4882 sive

2147 4905 2208 4964 in
2240 4909 2540 4981 prosperis
2591 4927 2696 4967 seu
2743 4909 2804 4966 in
2856 4913 3139 4972 adversis.
3169 4917 3208 4971 C
3249 4915 3358 4983 Qui
3405 4915 3529 4972 vias
3581 4913 3810 4972 Domini

2147 4996 2432 5067 custodis,
2466 4998 2576 5056 hoc
2603 5003 2696 5057 est
2721 5003 3076 5062 sacrassima
3106 5008 3411 5079 praecepta.
3443 5004 3491 5062 Η
3530 5004 3601 5061 Et
3650 5002 3811 5061 exal-

2145 5085 2294 5144 tabit
2321 5091 2397 5158 te,
2432 5092 2496 5145 ut
2525 5088 2862 5148 hereditate
2887 5092 3086 5167 capias
3112 5099 3328 5152 terram
3358 5093 3521 5152 illam
3558 5093 3808 5151 beatitu-

2145 5175 2388 5247 dinis,in
2419 5196 2538 5252 qua
2559 5180 2710 5252 justi
2743 5181 3181 5240 exaltabuntur.
3214 5184 3256 5242 C
3285 5185 3448 5242 Tunc
3469 5182 3621 5256 justi
3648 5181 3808 5240 vide-

2146 5265 2297 5323 bunt
2343 5272 2678 5340 peccatores
2726 5269 2939 5343 perire,
2974 5274 3214 5345 quando
3265 5276 3580 5348 conspecta
3636 5272 3812 5329 fuerit

2146 5355 2396 5428 pcenalis
2425 5357 2835 5427 adversitas,et
2851 5359 2970 5418 illis
2994 5364 3466 5434 pereuntibus,se
3492 5363 3554 5420 in
3575 5377 3810 5420 summa

2145 5443 2508 5500 beatitudine
2537 5444 2822 5503 videbunt
2851 5447 3187 5506 collocatos.

2144 5533 2214 5588 37
2295 5533 2417 5591 Vidi
2445 5535 2679 5606 impium
2707 5538 3180 5609 superexaltatum
3213 5557 3227 5595 :

2287 5627 2357 5681 Et
2382 5623 2652 5680 eleuatum
2680 5627 2826 5682 sicut
2855 5628 3038 5684 cedros
3070 5629 3290 5686 Libani.

2215 5712 2258 5770 C
2287 5713 2521 5772 Vidisse
2551 5713 2802 5788 impium
2835 5733 2898 5774 se
2923 5717 3087 5787 dicit,
3119 5718 3180 5777 id
3210 5722 3300 5778 est
3319 5718 3712 5788 crevisse,non
3735 5715 3808 5774 ad
