3936 6484
166 504 255 563 l6l
1358 498 1770 561 EXPOSlTIO
1816 498 2314 562 PSALMRUM.
3426 500 3538 562 162

160 637 417 692 honorem
444 647 457 689 :
482 631 586 687 sed
610 629 802 705 potius
822 631 891 687 ad
923 630 1174 688 ruinam.
1199 633 1264 687 Et
1294 649 1365 688 ne
1393 637 1627 706 putares
1649 648 1779 688 eum
1811 633 1866 699 Α
1966 632 2008 686 C
2036 632 2105 686 Et
2132 631 2200 687 ad
2200 632 2427 702 juvabit
2454 649 2572 700 eos,
2595 633 2655 689 id
2696 641 2784 691 est
2814 635 3012 694 ﬁdeles
3054 640 3307 699 famulos
3335 643 3397 699 in
3435 659 3538 701 ooc

162 726 368 780 tantum
394 737 575 792 supra
594 720 848 777 humiles
871 726 1150 790 erectum,
1174 720 1413 791 addidit,
1427 726 1485 778 et
1500 721 1784 778 clevatum
1895 719 2114 774 mundo
2145 718 2397 792 adjuvat,
2422 723 2653 794 quando
2679 726 2967 782 contraria
2991 728 3420 788 colluctationel
3441 736 3541 789 uti-

160 812 294 868 sicut
317 809 526 865 cedros
557 809 762 864 Libani
788 826 802 864 :
836 810 1009 881 cujus
1039 810 1329 883 profectus
1376 811 1436 866 in
1484 811 1700 867 honore
1731 814 1790 866 et
1896 812 2140 880 gantur;
2166 807 2393 875 liberat,
2415 810 2555 865 dum
2586 811 2762 868 ﬁdem
2793 813 3025 871 illorum
3059 834 3170 874 non
3194 819 3334 875 sinit
3365 838 3541 894 prava

159 899 357 958 divitiis
388 902 447 954 et
479 902 761 971 potestate
800 899 929 955 ideo
966 903 1195 954 tantum
1229 898 1538 969 extollitur,
1569 905 1635 956 ut
1663 900 1791 971 ejus
1899 895 2173 953 suasione
2230 898 2496 969 perverti.
2546 901 2711 956 Eruet
2766 903 2986 976 utique,
3022 906 3160 962 dum
3220 908 3280 963 in
3335 911 3539 966 mundi

153 986 594 1045 irremediabilis
624 986 795 1042 ruina
832 992 1209 1044 monstretur.
1240 989 1287 1044 H
1318 989 1434 1044 Hoc
1463 990 1534 1045 de
1564 988 1792 1045 diabolo
1900 984 2072 1040 istius
2102 986 2505 1043 contrarietate
2543 994 2729 1044 servat
2766 990 2997 1049 illaesos.
3030 996 3315 1060 Quoniam
3345 982 3543 1070 spera;

158 1078 236 1133 fas
264 1080 317 1132 et
344 1074 622 1148 intelligi,
655 1092 757 1131 nec
788 1092 904 1131 non
944 1080 1002 1131 et
1037 1076 1206 1133 Juda.
1240 1078 1309 1133 Et
1339 1078 1387 1133 si
1418 1079 1489 1134 de
1518 1078 1670 1135 Juda
1698 1094 1793 1133 ex-
1902 1077 2116 1129 uerunt
2145 1073 2202 1129 in
2234 1091 2390 1141 eum,
2418 1074 2476 1130 id
2526 1080 2613 1132 est
2644 1094 2807 1149 spem
2839 1096 3006 1136 suam
3057 1082 3115 1137 in
3162 1082 3392 1140 Domini
3424 1087 3543 1157 pie-

153 1164 403 1238 ponitur,
432 1180 684 1236 sequens
710 1163 1035 1220 versiculus
1061 1165 1144 1221 sic
1175 1165 1502 1239 exponitur.
1905 1164 2021 1217 tate
2052 1167 2390 1233 posuerunt.

156 1256 219 1309 38
284 1254 350 1308 Et
375 1254 618 1307 transivi
643 1261 694 1307 et
721 1269 837 1309 ecce
863 1269 974 1309 non
1003 1261 1124 1310 erat
1153 1273 1171 1308 :
1843 1318 1849 1323 η
2376 1269 2579 1309 ORATIO
2606 1271 2677 1309 ax
2708 1271 2862 1310 psse.
2898 1274 3082 1315 xxxvi.

287 1342 540 1410 Quaesivi
562 1357 687 1396 eum
715 1349 766 1397 ει
792 1358 905 1397 non
931 1347 1011 1398 est
1038 1345 1290 1399 ίηυεηιυς
1308 1352 1363 1411 ιθ.
1404 1344 1548 1400 locus
1577 1344 1713 1416 ejus.
1980 1338 2278 1395 Beatitudo
2306 1340 2569 1396 omnium
2621 1358 2735 1398 non
2787 1343 3009 1400 incerta
3044 1346 3365 1417 justorum,
3397 1350 3550 1407 Deus

217 1429 263 1484 Η
284 1429 355 1484 Et
374 1427 813 1494 transivi,dicat
840 1428 951 1486 hoc
977 1431 1329 1503 apostolicus
1353 1436 1559 1488 coetus.
1587 1433 1800 1487 Trans-
1912 1426 2031 1499 (qui
2062 1430 2294 1483 sanctos
2324 1432 2455 1484 tuos
2487 1446 2602 1485 non
2641 1431 3001 1505 derelinquis
3046 1434 3103 1491 in
3149 1436 3320 1505 fame,
3357 1454 3461 1492 nec
3490 1438 3551 1494 in

150 1517 221 1572 ivi
253 1522 517 1588 tempore
547 1516 840 1589 passionis
868 1518 1008 1573 Jesu
1036 1535 1050 1573 :
1074 1523 1131 1574 et
1168 1518 1267 1574 illo
1298 1524 1658 1593 resurgente,
1690 1536 1803 1576 non
1912 1515 2101 1571 stadio
2130 1515 2562 1573 tribulationem
2596 1521 2858 1590 superari
2890 1522 3224 1595 permittis),
3249 1540 3554 1596 precamur

150 1610 267 1660 erat
295 1605 511 1670 Judas,
532 1604 671 1677 quia
700 1605 841 1660 abiit
870 1609 927 1662 et
956 1607 1165 1679 laqueo
1196 1624 1258 1663 se
1288 1609 1611 1682 suspendit.
1644 1609 1804 1673 Qum-
1913 1607 1979 1657 ut
2005 1620 2072 1658 ea
2102 1619 2208 1658 nos
2237 1603 2469 1661 munias
2509 1606 2762 1673 dextera,
2795 1625 2972 1679 quam
3013 1610 3129 1666 illis
3155 1628 3227 1666 ne
3257 1619 3552 1681 corruant,

150 1694 250 1747 sivi
286 1699 343 1748 et
377 1710 497 1749 non
530 1697 619 1749 est
646 1692 936 1761 inventus,
972 1694 1193 1751 scilicet
1224 1696 1413 1769 ipsius
1449 1697 1614 1769 impii
1645 1697 1806 1753 locus
1911 1690 2183 1747 velociter
2219 1692 2468 1765 porrigis
2516 1698 2917 1767 praeparatam.
2947 1697 3055 1753 Per
3099 1698 3412 1756 Dominum
3448 1720 3556 1757 no-

146 1781 597 1854 apostolus,qui
650 1786 812 1837 tanta
842 1782 1142 1839 velocitate
1171 1785 1491 1841 deficiebat.
1522 1786 1631 1842 Sed
1664 1787 1805 1842 dum
1914 1782 2101 1833 Strum
2132 1778 2330 1834 JeSUm
2366 1779 2682 1849 Christum,
2715 1788 2822 1839 etc.

146 1873 213 1927 de
244 1872 412 1927 Juda
443 1872 772 1945 exponitur,
797 1889 902 1944 per
929 1874 1130 1929 cedros
1175 1873 1420 1946 apostoli
1459 1874 1803 1947 .intelligun-
2418 1868 2746 1926 PSALMUS
2785 1872 3046 1931 XXXVII.

140 1966 268 2028 tur;
304 1964 368 2016 et
403 1960 646 2032 quando
694 1960 765 2017 de
812 1960 1063 2027 diabolo,
1095 1978 1197 2034 per
1242 1964 1446 2019 cedros
1492 1962 1678 2035 angeli
1728 1962 1804 2020 si-
1837 1995 1882 2035 η
2317 1973 2717 2014 ARGUMENTUM
2759 1977 2912 2017 PSAL.
2954 1980 3164 2020 xxxv".

141 2051 439 2120 gnantur.
480 2052 623 2103 Dum
658 2065 789 2105 vero
821 2050 891 2104 de
921 2048 1195 2105 divitibus
1223 2049 1419 2122 impiis
1449 2050 1536 2107 vel
1567 2053 1814 2125 potenti-
1837 2043 1883 2060 ¹’
1990 2043 2031 2098 C
2061 2043 2181 2099 V0!
2212 2045 2544 2117 pmnitcntis
2577 2048 3036 2107 misericordiam
3078 2052 3313 2127 benigni
3336 2057 3559 2127 judicia

138 2138 246 2192 bus
304 2136 641 2209 exponitur
671 2137 789 2208 (qui
845 2136 1043 2192 relicto
1100 2138 1215 2194 Deo
1245 2138 1303 2194 in
1334 2138 1554 2195 divitiis
1613 2143 1798 2197 mund
1921 2131 2305 2203 deprecantis.
2336 2135 2530 2205 quise
2576 2152 2813 2210 corpore
2861 2141 3190 2197 εθυοῖαίιιω
3238 2148 3294 2199 et
3340 2145 3558 2214 animo»

139 2225 484 2294 conﬁdunt,
512 2225 611 2296 qui
643 2223 965 2297 quamlibet
994 2225 1256 2293 ﬂoreant,
1289 2227 1612 2299 quamlibet
1641 2229 1818 2286 exta]-
1923 2221 2240 2277 amicorum
2272 2223 2712 2295 exprobratione
2742 2225 2883 2280 dicit
2912 2233 3064 2284 esset
3094 2232 3427 2288 confusum.
3564 2280 3573 2289 .

139 2312 342 2368 lantur
372 2316 437 2368 et
489 2311 804 2381 elevantur,
829 2330 945 2368 non
992 2314 1379 2383 invenientur,
1403 2334 1534 2372 cum
1589 2320 1661 2374 ab

2005 2309 2037 2361 .‘.
2069 2310 2320 2365 Psalmus
2348 2311 2519 2366 David
2558 2314 2616 2368 in
2658 2319 3214 2373 commemcrationem
3256 2326 3310 2385 -ξ-
3331 2320 3395 2375 de
3420 2323 3559 2378 Sab-

144 2401 371 2456 mundo
407 2399 840 2473 migraverint),
869 2402 1007 2457 tunc
1055 2419 1160 2475 per
1187 2404 1388 2461 cedros
1419 2404 1559 2461 mali
1605 2407 1815 2463 intelli'
2135 2396 2256 2453 bato
2296 2403 2313 2465 Σ

134 2493 362 2561 ευηίιιι-
412 2488 477 2543 in
535 2486 644 2544 hoc
675 2490 894 2545 mundo
925 2490 1148 2546 elevati,
1181 2491 1342 2547 sicut
1397 2495 1553 2550 enim
1605 2497 1815 2552 cedrus
1993 2484 2033 2539 C
2068 2485 2316 2542 Dicendo
2362 2487 2417 2541 in
2467 2491 3037 2561 commemoratione,
3064 2493 3172 2549 hoc
3218 2495 3424 2554 titulus
3456 2499 3563 2554 iste

136 2595 314 2650 super
342 2576 625 2633 excelsos
656 2582 888 2633 montes
909 2585 1149 2651 apparet
1176 2580 1441 2649 exaltata,
1467 2588 1523 2637 et
1551 2583 1690 2657 imp!

2005 2574 2350 2641 )nuntiat,ut
2366 2577 2505 2648 quia
2522 2581 2819 2649 peccatum
2839 2580 3089 2654 effugere
3111 2601 3223 2639 non
3243 2584 3559 2656 valeamus,

133 2671 447 2722 ventorum
486 2681 649 2739 saepe
673 2665 973 2735 dilabitur,
998 2667 1078 2723 ita
1098 2671 1155 2723 et
1182 2669 1422 2741 impius,
1454 2670 1617 2728 locus
1650 2657 1815 2745 impii
1924 2666 2075 2717 certe
2104 2661 2301 2735 ipsum
2341 2662 2617 2720 delictum
2649 2665 2708 2721 in
2738 2671 3287 2729 commemoratione
3336 2691 3566 2747 semper

134 2753 414 2826 impietas
446 2758 570 2810 est.
1924 2749 2135 2806 habere
2165 2752 2500 2821 debeamus,
2527 2757 2589 2808 ut
2619 2771 2725 2811 nos
2754 2772 2788 2810 a
2813 2756 3026 2813 futuris
3055 2760 3243 2833 culpis
3265 2762 3380 2818 Deo
3402 2764 3567 2835 adju-

135 2842 205 2895 39
276 2842 522 2899 εαειοάι·
551 2844 926 2899 innocentiam
955 2848 1007 2900 ει
1034 2844 1156 2900 vide
1182 2847 1493 2917 aequitatem
1522 2868 1541 2903 ,ο
1922 2843 2091 2894 vante
2120 2844 2529 2911 temperemus.
2555 2841 2600 2897 Η
2627 2843 2947 2901 Sabbatum
2975 2850 3188 2918 requies
3218 2849 3564 2922 interpreta-

274 2932 581 3003 Quoniam
614 2940 742 2987 sunt
769 2933 1024 3003 reliquiae
1052 2933 1267 2989 homini
1287 2936 1538 3006 paciﬁca.
1924 2930 2038 2994 tur,
2065 2928 2121 2982 id
2153 2933 2243 2984 est
2273 2931 2504 3000 quando
2533 2932 2857 3003 requiescet
2898 2935 3153 2993 Ecclesia
3181 2937 3241 2993 in
3274 2940 3564 3013 paradiso,

204 3018 249 3073 Η
282 3018 541 3075 Custodi
579 3018 999 3089 innocentiam,
1026 3021 1075 3077 si
1102 3021 1329 3077 nullum
1359 3040 1569 3080 noceas
1598 3030 1655 3081 et
1682 3044 1815 3083 cum
1926 3032 2097 3087 (ιυθιη
2129 3017 2381 3088 Perdidit
2407 3019 2612 3075 Adam-

137 3106 296 3161 nullo
327 3107 658 3180 litigiosus
697 3107 832 3176 eris,
855 3107 1079 3164 videbis
1118 3108 1412 3166 Christum
1444 3113 1545 3184 qui
1577 3131 1691 3186 aqu

1672 3116 1819 3171 uuas
1964 3103 1990 3157 1
2066 3105 2312 3170 Domine,
2342 3121 2413 3160 ne
2443 3107 2503 3161 in
2529 3109 2717 3177 furore
2746 3116 2835 3165 tuo
2863 3127 3065 3179 arguas
3092 3130 3178 3169 me
3208 3133 3226 3169 :

139 3194 521 3269 intelligitur,
551 3196 716 3252 sicut
757 3196 853 3253 via
890 3200 947 3252 et
984 3197 1196 3254 veritas
1227 3203 1283 3254 et
1310 3200 1446 3256 vita.
1472 3200 1512 3256 C
1542 3201 1693 3275 Reliq

1472 3200 1512 3256 C.
1542 3201 1818 3275 Reliquias,
2066 3192 2244 3263 Neque
2274 3193 2335 3247 in
2363 3194 2450 3247 ira
2481 3197 2576 3249 tua
2603 3198 2871 3267 corripias
2900 3214 3003 3253 me.

136 3288 270 3338 sunt
301 3283 550 3340 homini
592 3283 861 3356 paciﬁco,
887 3286 1122 3357 quando
1154 3303 1287 3359 spes
1314 3289 1442 3360 ejus
1470 3274 1690 3347 Domini

2011 3279 2046 3334 ll
2076 3280 2258 3335 Totus
2288 3280 2397 3336 iste
2427 3280 2689 3353 psalmus
2720 3300 2790 3339 ex
2819 3301 3065 3357 persona
3093 3289 3437 3359 poenitentia
3457 3297 3565 3357 est,

137 3374 560 3430 munemtione
597 3356 926 3446 peragitur;
956 3374 1013 3429 id
1038 3378 1126 3430 est
1147 3356 1424 3448 impleti"
1450 3380 1604 3451 quod
1637 3397 1828 3453 ερρη-
1858 3356 1900 3423 C
1939 3369 2039 3423 sed
2071 3372 2127 3424 et
2155 3369 2225 3424 ad
2259 3369 2553 3426 Christum
2588 3372 2782 3427 referri
2804 3378 3013 3445 potest,
3038 3356 3189 3431 sicut
3208 3383 3265 3431 et
3285 3356 3572 3450 sexagesi-

131 3461 225 3515 νίι,
251 3461 557 3534 Reliquis;
593 3461 787 3535 igitur
827 3466 985 3529 sunt,
1011 3479 1136 3535 qua;
1190 3469 1322 3536 post
1360 3472 1604 3524 mortem
1653 3468 1824 3526 ιυριίη-
1932 3472 2067 3513 mus
2121 3461 2379 3513 octavus.
2440 3458 2640 3525 Furor,
2680 3460 2935 3517 vindicta
2980 3462 3394 3522 irrationabilis
3438 3483 3573 3523 cum

132 3554 416 3618 quuntnr,
436 3553 489 3606 Α
526 3548 845 3622 Relinquit
873 3566 1005 3609 vero
1024 3552 1221 3623 justas
1254 3559 1387 3626 post,
1427 3561 1674 3613 mortem
1706 3576 1824 3614 me-
1932 3545 2082 3602 fellis
2112 3546 2520 3603 amaritudine.
2543 3548 2626 3603 Ita
2649 3565 2781 3604 vero
2829 3553 3056 3606 tantum
3088 3554 3399 3611 commotio
3450 3558 3574 3611 ani-

131 3639 377 3695 moriam
400 3639 689 3712 justitiaz
730 3655 853 3695 sua:
889 3640 1196 3707 bonam,et
1226 3641 1379 3698 Deus
1411 3645 1522 3700 sibi
1549 3644 1685 3701 relin

2018 3652 2061 3689 e.
2084 3634 2217 3690 Ideo
2249 3635 2360 3691 iste
2382 3635 2669 3708 pcenitens
2698 3638 2796 3709 qui
2828 3655 2890 3693 se
2920 3645 3280 3711 peccatorem
3303 3644 3431 3712 scit,
3458 3662 3572 3701 non

131 3728 370 3795 praemia
420 3726 754 3784 aeterna.C
784 3728 1067 3784 Paciﬁcus
1098 3746 1229 3786 vcro
1262 3731 1495 3805 dicitur,
1525 3735 1624 3807 qui
1676 3735 1826 3791 inter
1931 3721 1991 3777 in
2022 3722 2128 3789 ira»
2153 3724 2252 3779 Sed
2277 3740 2379 3793 Per
2404 3725 2884 3795 misericordiam»
2911 3745 3015 3785 nec
3035 3729 3095 3785 in
3120 3731 3329 3799 Γυνονθ,
3355 3734 3454 3789 98d
3475 3750 3579 3806 P8P

128 3814 555 3874 discordantes
602 3832 819 3890 pacem
851 3816 1008 3872 facit.
1934 3811 2271 3884 patientiam
2304 3830 2366 3867 se
2395 3813 2559 3886 argui
2591 3815 2867 3886 postulat.

132 3902 194 3954 40
262 3905 490 3975 Injusti
517 3911 733 3961 aufem
761 3905 1107 3977 disperibunt
1132 3909 1302 3963 simul
1330 3927 1349 3963 :

1968 3902 2005 3953 2
2077 3902 2346 3968 Quoniam
2371 3904 2586 3971 sagittae
2616 3911 2729 3960 tuae
2756 3906 2950 3976 infixae
2976 3912 3105 3962 sunt
3129 3909 3271 3964 mihi
3297 3928 3318 3964 .·

260 3994 559 4066 Reliquize
593 3995 909 4065 impiorum
939 3995 1266 4051 interibunt.
2076 3993 2145 4044 Et
2173 3990 2509 4061 conﬁrmasti
2534 4007 2697 4063 super
2723 4009 2811 4049 me
2836 4010 3061 4049 manum
3087 4000 3258 4052 tuam.

192 4078 233 4133 C
259 4082 430 4138 Justi
467 4086 723 4151 autem,
747 4086 856 4137 etc.
879 4082 1024 4137 Nam
1057 4083 1209 4139 sicut
1237 4084 1385 4156 justi
1417 4089 1550 4158 post
1571 4087 1722 4145 hanc
1751 4090 1830 4145 vi-
2008 4077 2055 4132 Η
2084 4077 2338 4149 Sagitta,
2368 4080 2541 4133 verba
2569 4078 2843 4134 άοοῐνίηω
2872 4085 3031 4147 δυοῖν
3067 4099 3194 4154 quae
3227 4089 3292 4139 ιιι
3313 4085 3579 4155 incumin

130 4168 238 4221 tam
258 4170 708 4241 gratulantur,
734 4169 813 4224 ita
844 4169 1046 4241 injusti
1070 4170 1236 4227 finita
1253 4171 1367 4228 ista
1384 4173 1514 4232 luce
1535 4177 1828 4247 peribunt.
1937 4163 2242 4220 Verberant
2262 4180 2360 4219 σοι·
2379 4165 2732 4236 Ρωῐιίίθυῑίεν
2758 4172 2821 4221 υί
2849 4173 2984 4240 θεαί
3002 4169 3423 4240 Ρωῐιίῖθηίίθιω·
3442 4174 3582 4229 0011·

131 4252 431 4329 Reliquiae,
460 4264 536 4315 ut
570 4258 821 4315 dictum
861 4263 970 4327 est,
996 4259 1329 4333 signiﬁcant
1361 4264 1703 4320 memoriam
1726 4266 1832 4337 ju-
1939 4253 2211 4319 ﬁrmas“:
2235 4256 2367 4320 δίου
2392 4256 2457 4309 ιιι
2498 4256 2777 4325 umquam
2827 4256 3015 4312 bonus
3046 4258 3344 4331 ωαείειεν,
3377 4262 3584 4317 νθνῧθ·

132 4347 376 4413 storum,
402 4363 611 4420 quam
651 4347 722 4402 in
763 4345 873 4402 hoc
905 4348 1126 4404 mundo
1163 4353 1295 4421 post
1336 4350 1560 4407 obitum
1589 4352 1835 4409 derelin-
1940 4342 2103 4397 ribus
2135 4340 2480 4413 οαειίεειιυαι
2512 4343 2781 4397 redderes
2809 4344 3203 4401 emendatum-

131 4438 333 4503 quunt,
368 4436 492 4492 hoc
530 4435 774 4492 mereri
805 4434 968 4507 impii
1020 4436 1354 4494 nullatenus
1391 4445 1656 4511 possunt,

1976 4430 2011 4483 3
2081 4428 2199 4484 Non
2225 4436 2303 4484 est
2332 4430 2544 4485 sanitas
2576 4431 2635 4484 in
2663 4446 2829 4486 carne
2855 4448 2975 4487 mea
3004 4450 3039 4487 a
3066 4436 3208 4505 facie
3236 4436 3341 4491 irae
3369 4445 3480 4494 iw
3511 4454 3523 4491 :

134 4520 302 4592 niam,
328 4522 835 4599 superveniente
882 4522 1147 4591 interitu,
1174 4523 1321 4581 falsa
1367 4525 1499 4583 laus
1528 4532 1579 4584 et
1614 4529 1688 4584 fra

2083 4517 2197 4573 Non
2240 4524 2319 4573 est
2357 4535 2473 4590 pax
2522 4519 2727 4574 ossibus
2779 4521 2913 4576 meis
2968 4538 3002 4575 a
3056 4524 3199 4592 facie
3248 4533 3585 4595 peccatorum

133 4610 239 4665 vita
265 4613 674 4670 dissolvitur.
711 4614 767 4667 A
818 4611 1094 4685 Reliquis:
1125 4630 1357 4687 quoque
1386 4632 1608 4687 eorum,
1643 4618 1700 4674 id
1749 4624 1839 4675 est
2153 4622 2417 4661 πιεοηινηι
2811 4663 2820 4672 .

134 4699 354 4757 terrena
388 4703 771 4761 interibunt
803 4700 1020 4756 omnia.
1867 4719 1914 4784 Β
2017 4694 2063 4750 Η
2092 4694 2216 4751 Non
2248 4699 2336 4750 est
2364 4694 2584 4753 sanitas
2608 4695 2806 4753 afacie
2836 4697 2931 4753 ira:
2954 4698 3014 4754 in
3037 4715 3207 4756 carne
3229 4717 3379 4770 mea,
3412 4701 3469 4756 id
3499 4706 3588 4758 est

137 4786 188 4839 ti
263 4791 438 4847 ,ςαιιιε
465 4799 683 4848 autem
705 4791 996 4863 juszorum
1024 4806 1062 4845 α
1093 4793 1325 4848 Domino
1354 4811 1375 4848 ε
1946 4784 2061 4840 vidi
2092 4784 2297 4840 faciem
2323 4784 2418 4839 iras
2441 4790 2554 4841 tuae
2580 4801 2592 4841 :
2617 4790 2675 4841 et
2696 4803 2810 4843 non
2834 4787 3023 4860 ipsam
3045 4788 3215 4855 iram,
3239 4789 3347 4846 hoc
3374 4794 3481 4859 est,
3504 4790 3591 4846 in-

279 4885 337 4945 -ἓ-
353 4884 431 4937 Εἰ
467 4887 486 4948 ζ
526 4885 840 4953 protector
866 4892 1054 4933 eorum
1083 4879 1146 4933 in
1171 4885 1405 4951 tempore
1433 4883 1829 4941 tribulationis.
1941 4872 2129 4930 tellexi
2154 4890 2255 4946 per
2271 4873 2601 4945 Scripturas
2619 4880 2871 4944 sanctas,
2888 4880 3106 4948 quanta
3125 4876 3446 4934 minaberis
3462 4895 3590 4951 pec-

200 4965 241 5021 H
272 4968 454 5027 gaius
507 4974 731 5026 autem
768 4982 805 5021 a
834 4966 1063 5023 Domino
1091 4967 1263 5035 venit,
1289 4969 1427 5041 quia
1470 4969 1595 5044 ipse
1622 4977 1712 5028 est
1739 4990 1831 5029 ea-
1947 4961 2261 5031 catoribus,
2294 4966 2350 5018 et
2380 4962 2642 5031 extimui,
2675 4966 2876 5034 petens
2907 4981 2978 5019 ne
3007 4964 3136 5036 ipsa
3172 4964 3259 5020 ira
3289 4982 3466 5039 super
3494 4983 3589 5022 me

141 5048 221 5108 lus
250 5062 480 5115 nostra.
507 5058 557 5115 C
590 5062 864 5127 tempus
913 5054 1152 5127 quidem
1200 5056 1592 5115 tribulationis
1622 5066 1695 5116 esl

2033 5051 2339 5107 scendcret.
2373 5051 2496 5106 Non
2529 5056 2619 5107 est
2646 5068 2756 5123 pax
2787 5052 3019 5107 ossibus
3059 5054 3225 5122 meis,
3249 5054 3306 5108 id
3338 5058 3427 5111 est
3456 5055 3587 5111 nul-

143 5139 279 5213 plex,
300 5164 444 5204 nam
479 5147 590 5204 hic
621 5141 955 5201 tribulatio
978 5142 1314 5215 temporalis
1344 5149 1451 5212 est,
1474 5148 1574 5203 sed
1605 5147 1664 5203 in
1687 5149 1840 5220 judi.
1948 5138 2065 5195 lam
2097 5138 2350 5211 quietem
2378 5137 2599 5194 indulsi
2629 5137 2717 5195 vel
2748 5138 2981 5195 ossibus
2999 5139 3087 5196 vel
3113 5142 3395 5200 membris
3420 5143 3587 5214 meis,

146 5230 221 5285 cio
248 5238 519 5294 εχιι-εωο
554 5239 661 5293 εει
716 5234 984 5299 interna;
1018 5228 1117 5286 illa
1145 5231 1325 5304 igitur
1370 5231 1525 5291 mala
1570 5239 1679 5304 est,
1701 5237 1844 5308 quia
1949 5232 2264 5300 antequam
2296 5225 2623 5297 pmnitendo
2650 5234 2903 5283 mentem
2935 5245 3265 5302 purgarem.

150 5323 340 5381 eterna
370 5342 510 5400 qua
546 5328 616 5382 in
653 5322 770 5380 die
796 5318 1015 5390 judicii
1045 5318 1244 5392 impiis
1271 5322 1446 5378 venit.
1478 5322 1541 5378 In
1571 5322 1678 5380 hoc
1704 5340 1840 5398 ergo
1986 5316 2017 5370 4
2093 5316 2363 5383 Quoniam
2394 5316 2713 5387 iniquitates
2741 5332 2880 5373 meae
2901 5333 3265 5391 supergressw
3281 5327 3411 5377 sunt
3429 5326 3592 5392 caput

151 5409 387 5484 ίεωροιιθ
432 5408 915 5475 tribulationis,
938 5411 1227 5480 protector
1269 5414 1359 5466 est
1386 5410 1673 5480 Christus,
1704 5412 1843 5486 quia
2158 5419 2340 5460 meum
2369 5422 2388 5458 .-

154 5510 209 5551 ex
235 5498 355 5572 ipsa
384 5504 576 5578 eripit
600 5504 864 5576 justas.
2090 5491 2243 5547 Sicut
2269 5508 2406 5547 onus
2434 5508 2598 5564 grave
2623 5503 2868 5563 gravata)
2894 5500 3024 5551 sunt
3050 5513 3214 5569 super
3237 5514 3343 5553 me.

158 5584 214 5636 42
275 5594 339 5645 Et
365 5591 682 5666 adjuvabit
718 5603 827 5645 eos
868 5585 1201 5651 Dominus-:—
1236 5590 1289 5641 et
1334 5585 1591 5645 liberabit
1614 5606 1702 5647 eos
1744 5595 1758 5656 ζ
1790 5593 1845 5646 et
2021 5581 2062 5637 C
2089 5580 2432 5653 Iniquitates
2462 5584 2671 5637 nostra;
2702 5581 2929 5639 elevant
2971 5600 3033 5639 se
3077 5601 3254 5655 super
3282 5585 3459 5653 caput
3485 5595 3589 5633 no-

342 5691 502 5740 eruet
530 5699 634 5741 eos
668 5697 711 5736 a
741 5674 1135 5750 peccatoribus
1165 5692 1184 5729 :
1952 5669 2405 5741 strum,quando
2424 5668 2676 5741 amplius
2697 5670 3273 5740 cumulantur,quam
3296 5668 3442 5724 ratio
3464 5679 3590 5750 quae

278 5776 326 5837 -Ξ-
368 5776 437 5831 Et
463 5747 877 5830 salvabiteos
918 5768 932 5832 ζ
977 5764 1108 5837 quia
1135 5773 1493 5838 speraverunt
1520 5768 1576 5824 in
1606 5783 1685 5825 eo.
1952 5761 2039 5817 est
2066 5762 2241 5833 caput
2270 5756 2483 5816 mentis
2511 5757 2751 5816 sutI'erre
2779 5758 2992 5829 valeat;
3026 5771 3204 5833 quam
3232 5756 3283 5813 si
3312 5747 3592 5825 iniquitas
