3936 6422
393 429 508 490 163

1353 425 1418 488 S.
1465 423 1731 488 BRUNO
1774 423 2395 486 HEBBIPOLENSIS
2439 422 2896 488 EPISCOPUS.

3688 425 3787 492 16b

391 558 773 634 ορργρεςςθιυίι,
803 557 907 614 illa
937 557 1202 631 protinus
1231 557 1379 612 victa
1422 555 1768 612 succumbit.
1807 556 1848 611 ll
1885 553 2046 612 Sicut
2072 556 2126 623 Α
2158 573 2311 612 nunc
2342 555 2480 613 dicit
2511 574 2639 630 quae
2671 557 2812 614 foris
2840 557 3062 630 patitur
3081 555 3155 614 ab
3184 555 3279 612 his
3297 555 3453 616 inter
3470 574 3619 631 quos
3645 558 3787 618 habi-

389 667 542 707 onus
571 647 921 722 grave,quia
952 664 1066 702 non
1097 652 1188 703 est
1213 645 1334 702 leve
1355 663 1504 701 onus
1535 645 1772 718 peccati,
1796 645 1895 700 sed
1920 661 2038 702 om-

387 739 566 796 nibus
594 737 768 792 debet
807 751 936 791 esse
973 751 1167 808 grave,
1198 733 1335 808 quia
1375 734 1649 790 omnibus
1679 751 1851 808 grave
1873 733 2036 806 judi-

387 825 462 884 cli
494 842 646 884 onus
675 823 944 898 imponit.

420 919 459 972 5
529 917 873 972 Putruerunt
899 918 952 969 et
974 921 1244 985 corruptae
1266 921 1393 969 sunt
1419 915 1699 970 cicatrices
1727 928 1864 970 meae
1890 932 1912 967 .-

533 1011 584 1060 .4
612 1004 757 1076 facie
787 1004 1128 1074 insipientia?
1153 1017 1312 1058 meae.

456 1093 503 1150 H
532 1093 1020 1165 Computrescunt
1044 1091 1186 1146 mihi
1217 1095 1274 1148 et
1298 1092 1478 1148 t‘etent
1507 1091 1750 1147 vulnera
1780 1096 2035 1164 peccato-

384 1199 541 1250 rum,
563 1198 868 1254 quousque
888 1181 948 1236 in
969 1181 1424 1254 peccatisjaceo,
1443 1185 1501 1236 et
1520 1199 1676 1237 nunc
1695 1181 2033 1238 desideran-

382 1278 472 1328 ter
499 1287 693 1344 quaero
719 1269 1010 1324 medicum
1042 1286 1146 1342 per
1166 1269 1588 1343 pmnitentiam.
1612 1269 1654 1325 C
1675 1269 1923 1326 Cicatrix
1944 1275 2036 1326 est

380 1362 552 1431 dicta,
587 1360 741 1432 quod
775 1357 832 1413 in
864 1375 928 1414 se
954 1358 1170 1420 vulnus
1200 1358 1452 1416 celatum
1483 1359 1777 1425 ostendat,
1803 1358 2032 1431 signiti-

379 1467 518 1506 cans
548 1448 776 1505 occulta
819 1452 1074 1520 peccata.
1102 1448 1150 1504 Η
1203 1449 1337 1512 Quae
1396 1448 1681 1522 contingit
1730 1447 2031 1505 hominem

375 1542 613 1612 propter
642 1554 810 1593 suam
843 1537 1239 1608 insipientiam
1271 1535 1477 1593 celare.

409 1631 446 1684 6
519 1629 696 1684 Miser
720 1629 898 1697 factus
917 1643 1038 1678 sum
1063 1629 1115 1680 ct
1134 1630 1392 1680 curvatus
1411 1641 1532 1680 sum
1557 1642 1728 1696 usque
1747 1627 1807 1680 in
1826 1627 1992 1698 ﬁnem
2012 1644 2032 1681 :

523 1715 650 1769 Tota
677 1713 769 1768 die
795 1715 1148 1766 contristatus
1179 1713 1564 1788 ingrediebar._

450 1803 497 1858 Η
520 1802 698 1858 Miser
717 1802 906 1857 factus
927 1817 1084 1866 sum,
1100 1817 1286 1872 usque
1306 1801 1449 1858 dum
1471 1802 1800 1858 confitendo
1822 1819 2032 1876 purga-

377 1909 490 1959 rer,
512 1892 654 1964 quia
682 1890 808 1946 sine
827 1887 1170 1944 confusione
1190 1893 1248 1944 et
1276 1889 1555 1946 mmstitia
1581 1908 1694 1946 non
1718 1891 2026 1948 dimittun-

374 1984 476 2035 tur
495 1975 1169 2052 peccata.Contristatus,
1193 1975 1250 2032 id
1273 1982 1362 2038 est
1386 1977 1694 2051 indignum
1717 1995 1810 2034 me
1828 1979 2024 2036 existi-

375 2063 670 2134 mans,vel
692 2065 764 2120 ad
787 2063 999 2121 caelum
1021 2063 1220 2120 oculos
1240 2064 1450 2130 levare,
1477 2067 1578 2122 sed
1604 2072 1806 2140 pectus
1828 2085 2030 2126 meum

373 2154 726 2228 percutiens,
747 2153 1006 2222 aiebam;
1039 2153 1216 2222 Deus,
1231 2155 1522 2228 propitius
1560 2161 1686 2213 esto
1717 2155 1859 2212 mihi
1891 2175 2022 2230 pec-

371 2243 552 2302 catori
573 2245 726 2313 (Luc.
748 2243 933 2315 xvm).

401 2335 440 2388 7
512 2333 782 2401 Quoniam
811 2332 986 2388 lumbi
1011 2334 1122 2388 mei
1148 2334 1359 2406 impleti
1386 2339 1517 2390 sunt
1548 2335 1902 2397 illusionibus
1928 2355 1950 2392 .·

505 2407 572 2461 Et
601 2421 711 2462 non
736 2413 814 2460 est
842 2406 1053 2460 sanitas
1083 2405 1140 2460 in
1173 2405 1336 2461 carne
1363 2423 1504 2462 mea.

437 2493 484 2550 Η
517 2492 898 2550 Illusionibus
916 2491 1030 2549 illis
1052 2493 1364 2549 conﬁtetur
1383 2511 1444 2549 se
1469 2495 1758 2566 pcenitens
1778 2512 1907 2552 esse
1937 2513 2020 2552 re-

365 2581 590 2655 pletum
619 2585 794 2653 atque
829 2580 1218 2648 inﬁrmatum,
1243 2581 1460 2654 quibus
1498 2582 1766 2638 diabolus
1809 2583 2018 2642 huma-

367 2687 510 2728 num
541 2685 728 2742 genus
756 2668 1018 2742 quotidie
1054 2667 1219 2725 illicit
1247 2674 1304 2725 et
1333 2670 1563 2739 suadet,
1597 2675 1660 2727 ut
1689 2670 2013 2745 delinquat.

367 2760 476 2816 Per
509 2758 746 2816 lumbos
773 2756 1130 2814 voluntatem
1177 2758 1434 2832 corporis
1475 2760 1745 2832 designat
1774 2761 2016 2818 titillan-

367 2853 506 2918 tem,
537 2847 597 2904 id
626 2852 718 2904 est
740 2846 934 2904 carnis
965 2847 1313 2920 appetitum.

395 2941 432 2998 8
501 2937 750 3010 Afﬂictus
776 2953 900 2993 sum
925 2941 980 2993 et
1009 2936 1336 3010 humiliatus
1363 2955 1485 2994 sum
1511 2940 1681 2996 nimis
1709 2958 1732 2996 ,ο

505 3009 802 3079 Rugiebam
829 3025 864 3064 a
892 3010 1095 3081 gemitu
1121 3009 1304 3066 cordis
1330 3011 1458 3067 mei.

2146 649 2250 701 tat.
2273 645 2315 702 C
2346 645 2531 702 Amici
2557 649 2696 702 sunt
2726 646 2981 702 extranei
3031 643 3341 719 sanguine,
3370 645 3472 702 sed
3522 646 3784 704 charitate

2145 735 2462 807 conjuncti.
2488 735 2727 792 Amicus
2755 735 2914 792 enim
2957 734 3151 791 dictus
3197 734 3368 808 quasi
3387 738 3572 792 animi
3591 752 3784 812 aquas,

2145 823 2204 879 id
2237 827 2325 880 est
2355 823 2589 880 similis.
2613 823 2864 880 Proximi
2896 829 3035 881 sunt
3055 828 3251 881 autem
3275 823 3375 898 qui
3401 824 3571 882 nobi
3601 843 3786 898 paren-

2146 910 2260 969 tela
2289 912 2606 972 sociantur.
2635 915 2673 970 ll
2700 914 2894 970 Potest
2925 913 3152 970 amicus
3186 917 3243 969 et
3273 913 3580 986 proximus
3612 915 3679 972 de
3705 914 3786 971 di-

2145 1000 2386 1074 scipulis
2408 1001 2614 1076 accipi,
2633 1002 2734 1076 qui
2756 1002 2815 1057 in
2838 1001 3113 1076 passione
3135 1001 3350 1058 Christi
3371 1002 3580 1071 territi,
3602 1003 3656 1058 in
3677 1009 3788 1061 tan-

2145 1095 2270 1146 tum
2302 1109 2337 1148 a
2366 1092 2611 1147 Domino
2643 1095 3031 1159 recesserunt,
3055 1095 3119 1146 ut
3149 1089 3273 1164 ipse
3303 1090 3510 1148 Petrus
3541 1100 3784 1168 negaret.

2142 1179 2448 1252 Exponant
2477 1179 2575 1236 alii
2621 1180 2896 1253 deinceps
2944 1180 3015 1236 de
3062 1178 3398 1254 pmnitente,
3421 1196 3528 1254 ego
3577 1180 3648 1238 ab
3692 1180 3785 1239 illo

2143 1285 2319 1341 passu
2347 1286 2534 1343 usque
2563 1269 2636 1325 ad
2678 1269 2854 1326 tinem
2879 1287 2892 1324 :
2919 1269 3086 1326 video
3133 1267 3444 1326 Dominum
3477 1286 3670 1326 meum
3697 1269 3784 1326 Je-

2143 1374 2276 1414 sum
2307 1374 2342 1412 a
2368 1357 2586 1414 Judzeis
2615 1357 2987 1414 circumdari.

2142 1447 2210 1501 12
2282 1451 2350 1504 Et
2378 1449 2477 1520 qui
2494 1448 2662 1520 juxta
2690 1463 2776 1503 me
2801 1456 2960 1504 erant
2987 1464 3022 1502 a
3051 1447 3212 1516 longe
3239 1450 3508 1502 steterunt
3538 1465 3558 1503 :

2282 1537 2346 1593 Et
2373 1538 2483 1592 vim
2508 1537 2783 1608 faciebant
2807 1538 2904 1610 qui
2930 1537 3251 1609 quazrebant
3268 1537 3518 1592 animam
3544 1554 3736 1594 meam.

2211 1624 2257 1681 Η
2288 1625 2586 1681 Steterunt
2615 1626 2686 1681 de
2719 1625 2890 1698 longe
2916 1623 3190 1698 discipuli
3221 1624 3460 1692 Christi,
3485 1625 3555 1680 de
3578 1625 3787 1699 quibus

2139 1711 2493 1785 evangelista
2517 1713 2630 1768 ait:
2655 1713 2898 1770 Stabant
2918 1713 3034 1768 noti
3061 1715 3189 1786 ejus
3211 1731 3244 1770 a
3263 1713 3436 1786 longe
3452 1714 3783 1786 (Lucum).

2138 1801 2250 1857 Sed
2271 1801 2388 1860 vim
2411 1801 2702 1858 faciebant
2729 1801 2938 1858 Judtei.
2963 1802 3004 1856 C
3022 1801 3122 1858 Vel
3147 1801 3416 1859 diabolus
3447 1819 3583 1858 cum
3615 1803 3786 1860 mini-

2137 1889 2415 1963 stris,qui
2447 1894 2667 1964 quanto
2693 1907 2829 1947 eum
2854 1890 3129 1947 videbant
3157 1890 3217 1946 in
3249 1890 3350 1948 Dei
3381 1907 3578 1948 amore
3608 1892 3784 1965 persi-

2133 1983 2286 2035 stere
2319 1997 2332 2035 :
2361 1983 2522 2036 tanto
2554 1979 2606 2038 ei
2639 1983 2890 2039 mortem
2921 1978 3128 2038 animae
3173 1979 3514 2038 nitebantur
3554 1980 3782 2040 inferre.

2135 2068 2204 2124 13
2276 2071 2343 2126 Et
2369 2069 2464 2141 qui
2492 2069 2848 2142 inquirebant
2893 2069 3045 2124 mala
3074 2068 3216 2124 mihi
3257 2069 3427 2126 locuti
3471 2074 3602 2126 sunt
3626 2071 3782 2126 vani-

2346 2165 2480 2214 tates
2511 2176 2531 2212 :

2271 2247 2339 2302 Et
2367 2245 2514 2304 dolos
2542 2250 2656 2302 tota
2683 2246 2773 2302 die
2798 2246 3221 2305 meditabantur.

2201 2334 2493 2391 H.Multos
2523 2335 2761 2408 quidem
2777 2334 2940 2391 dolos
2955 2335 3217 2392 meditati
3245 2339 3404 2405 sunt,
3437 2352 3571 2392 cum
3605 2335 3780 2397 inter-

2128 2427 2405 2496 rogarent
2442 2423 2491 2478 si
2531 2423 2897 2496 deprehensa
2944 2423 3158 2480 mulier
3207 2423 3455 2498 lapidari
3486 2425 3786 2482 debuisset

2126 2515 2462 2582 (Joan.vm),
2486 2517 2543 2570 et
2573 2511 2623 2568 si
2653 2511 2853 2586 liceret
2883 2512 3021 2568 dare
3061 2529 3301 2568 censum
3335 2512 3542 2570 Caesari
3577 2514 3782 2586 (Matth.

2123 2601 2285 2673 xm),
2321 2605 2379 2657 et
2407 2600 2626 2657 similia
2667 2585 2942 2669 facerent,
2992 2601 3095 2657 sed
3145 2605 3286 2658 tunc
3334 2587 3529 2674 aperte
3581 2585 3783 2662 dolum

2125 2688 2404 2754 inierunt,
2437 2706 2571 2744 cum
2603 2688 2784 2744 falsos
2831 2691 3010 2745 testes
3052 2689 3375 2745 adducunt.
3407 2688 3611 2746 Locuti
3641 2697 3783 2747 sunt

2123 2794 2272 2834 vana
2306 2794 2320 2833 :
2354 2779 2416 2834 In
2447 2776 2768 2834 Beelzebub
2798 2777 2959 2849 ejicit
2989 2776 3276 2834 daemonia
3307 2777 3454 2850 (Luc.
3485 2778 3586 2851 x1).

2125 2866 2193 2924 14
2265 2869 2388 2936 Ego
2412 2875 2599 2923 autem
2631 2874 2894 2938 tanquam
2923 2865 3120 2923 surdus
3149 2883 3260 2923 non
3288 2865 3579 2924 audiebam
3606 2887 3629 2922 .-

2262 2959 2334 3014 Et
2359 2958 2504 3012 sicut
2531 2963 2713 3012 mutus
2742 2971 2853 3011 non
2881 2956 3131 3026 aperiens
3161 2971 3217 3012 os
3245 2972 3426 3014 suum.

2191 3045 2238 3101 Η
2269 3045 2512 3117 Semper
2541 3043 2709 3117 quasi
2743 3043 2960 3100 surdus
3001 3043 3244 3101 sustulit
3275 3043 3540 3102 Christus
3565 3059 3779 3118 expro~

431 3096 941 3206 ξζΑαιίοξξιξέειω
983 3097 1434 3206 θξδυωίιίειξυξ
1480 3100 1550 3156 δά
1603 3099 2011 3206 mutuli?!“
2116 3096 3242 3206 ι)τᾶίῦὲῖὧῖυᾶξεῖἦῶἐῖιὲιῖᾇίιξιὲί
3284 3096 3778 3201 animus.

359 3187 558 3258 nimis,
591 3187 914 3262 rugiebam,
947 3193 1148 3261 petens
1197 3189 1606 3246 remissionem
1649 3206 1782 3246 cum
1823 3188 2004 3246 luctu.

2118 3223 2301 3280 Pilato
2326 3239 2348 3283 :
2373 3221 2517 3278 Mihi
2547 3239 2663 3278 non
2693 3221 3048 3296 respondes?
3069 3221 3242 3296 (Joan.
3265 3223 3407 3293 xix.)
3430 3221 3471 3277 C
3491 3220 3646 3280 Nihil
3676 3239 3779 3296 po-

354 3276 523 3385 ᾼξίυά
555 3283 648 3379 εῗει
671 3277 929 3385 gemitus
974 3278 1254 3385 οοξῬονίεν
1298 3277 1458 3385 aliud
1487 3279 1718 3385 ,ξιονάίεο
1742 3279 2007 3385 gemitus
2041 3294 2084 3362 C
2117 3276 3554 3385 {satisimagini:distinguisatas.
3575 3276 3774 3378 nisi,

357 3367 642 3442 corporis,
665 3371 904 3441 propter
924 3385 1017 3425 res
1037 3372 1317 3427 terrenas.
1336 3367 1601 3427 Gemitus
1631 3369 1847 3437 cordis,
1869 3385 2009 3442 pro-

353 3461 480 3528 pter
499 3474 608 3517 sua
628 3462 863 3530 peccata
883 3460 942 3516 et
961 3456 1282 3516 aliorum.C
1303 3457 1524 3532 Rugire
1535 3462 1752 3526 autem,
1775 3457 2010 3532 proprie

353 3545 683 3607 belluarum
709 3549 818 3618 est,
850 3545 1085 3604 leonum
1115 3546 1356 3604 scilicet.
1379 3549 1426 3604 A
1453 3547 1558 3603 Vel
1587 3547 1842 3604 afﬂictus
1872 3564 2008 3605 sum

353 3639 413 3697 et
439 3634 788 3698 humiliatus
819 3633 1020 3694 nimiis
1049 3635 1306 3696 miseriis
1329 3641 1386 3694 et
1409 3635 1842 3695 calamitatibus
1874 3653 2006 3712 pro-

355 3728 484 3796 pter
511 3727 840 3797 peccatum,
874 3723 1002 3780 ideo
1034 3724 1219 3797 rugio.

386 3812 423 3866 9
511 3805 600 3883 cx.
646 3813 874 3870 Domine
915 3819 928 3880 ζ
971 3821 1097 3870 ante
1125 3822 1175 3872 te
1203 3830 1358 3875 omne
1385 3815 1722 3874 desiderium
1747 3833 1950 3874 meum.

491 3903 558 3958 Et
584 3903 817 3972 gemitus
847 3919 996 3968 meus
1023 3919 1057 3959 ιι
1087 3907 1138 3960 te
1166 3921 1273 3961 non
1302 3913 1382 3964 est
1409 3905 1775 3972 absconditus,

420 3989 462 4046 C
491 3989 629 4047 Tale
673 3989 786 4048 fuit
826 3991 1179 4053 desiderium
1211 3995 1360 4066 ejus,
1392 3998 1457 4054 ut
1481 3999 1617 4052 ante
1659 3994 1847 4052 Deum
1878 4010 2009 4052 esse

351 4083 690 4153 mereretur,
716 4083 982 4146 Dominus
1010 4083 1158 4141 enim
1195 4083 1463 4158 quidquid
1503 4099 1616 4142 non
1655 4091 2004 4156 aspernatur,

345 4169 724 4243 amplectitur;
756 4168 853 4228 ille
893 4171 1049 4231 enim
1098 4173 1356 4246 gemitus
1405 4190 1526 4232 non
1554 4172 1937 4230 absconditur
1973 4189 2009 4228 a

348 4256 484 4334 Deo,
511 4259 612 4332 qui
643 4258 777 4332 pius
805 4263 914 4333 est,
937 4265 994 4322 et
1022 4279 1126 4335 pro
1159 4262 1370 4322 animae
1403 4261 1750 4322 liberatione
1782 4259 2006 4334 persol-

345 4347 520 4404 vitur.
545 4348 743 4406 Dictus
787 4354 876 4407 est
917 4356 1110 4408 autem
1142 4351 1404 4426 gemitus
1449 4350 1620 4424 quasi
1670 4350 2006 4427 geminatus

343 4436 558 4512 luctus,
579 4438 720 4512 quia
751 4439 814 4496 ﬁt
841 4457 945 4513 pro
975 4441 1352 4516 exprimendo
1383 4456 1602 4514 magno
1630 4438 1850 4498 dolore.

345 4527 412 4584 10
487 4529 588 4587 Cor
613 4545 796 4586 meum
823 4533 1208 4594 conturbatum
1239 4539 1319 4590 est.
1344 4547 1358 4588 :
1393 4530 1687 4602 dereliquit
1715 4545 1803 4586 me
1830 4529 2008 4585 virtus

554 4616 676 4658 mea
703 4620 721 4656 .'

479 4673 544 4728 Et
581 4673 766 4730 lumen
811 4677 1093 4734 oculorum
1121 4692 1390 4740 meorum,
1421 4681 1474 4730 et
1527 4674 1712 4745 ipsum
1763 4686 1878 4726 non
1922 4677 2004 4728 est
2029 4670 2078 4736 D

546 4761 776 4802 mecum.

406 4833 449 4890 C
479 4833 644 4890 Nunc
692 4836 850 4892 venit
878 4837 950 4894 ad
985 4835 1368 4912 gravissimos
1397 4830 1631 4888 dolores
1664 4827 1869 4899 animi,
1903 4830 2000 4886 de-

338 4925 524 4982 cursis
567 4927 860 4999 corporeis
889 4927 1193 4984 aerumnis.
1231 4925 1367 4980 ldeo
1407 4919 1826 4978 conturbatum
1874 4935 2004 4976 esse

338 5029 510 5070 suum
533 5031 633 5072 cor
651 5016 814 5085 dicit,
829 5017 972 5090 quia
991 5016 1182 5073 virtus
1203 5029 1340 5071 eum
1363 5007 1656 5075 deseruit;
1677 5007 1820 5063 dicit
1841 5023 2000 5081 ergo,

336 5101 651 5178 Dereliquit
680 5123 773 5162 me
806 5107 992 5185 virtus
1025 5121 1177 5171 mea,
1201 5105 1248 5157 A
1269 5114 1452 5185 quam
1485 5095 1668 5185 habui
1701 5099 1838 5185 ante
1868 5112 2002 5185 pec-

335 5195 548 5250 catum.
579 5199 693 5250 Cur
721 5213 855 5252 vero
880 5183 1092 5250 virtus
1141 5206 1234 5245 me
1283 5183 1622 5256 dereliquit,
1657 5183 1795 5256 quia
1823 5190 1882 5241 et
1909 5184 2002 5242 lu-

334 5295 486 5353 men,
509 5289 619 5341 etc.
647 5286 871 5341 Lumen
894 5281 1204 5340 oculorum
1232 5289 1480 5332 suorum
1513 5288 1630 5328 non
1651 5289 1779 5330 esse
1799 5290 2003 5331 secum

331 5377 543 5432 narrat.
570 5374 616 5431 Η
647 5374 814 5442 Quia,
843 5367 1176 5446 postposito
1196 5361 1462 5421 veritatis
1487 5359 1732 5430 lumine,
1757 5361 1818 5418 in
1848 5367 2006 5420 tene-

330 5457 462 5519 bras
491 5463 792 5520 deciderat
824 5460 1224 5532 peccatorum.

329 5547 387 5603 11
466 5553 645 5609 Amici
672 5551 784 5606 mei
811 5553 866 5604 et
891 5543 1144 5618 proximi
1169 5541 1301 5596 mei.

469 5643 770 5699 Adversum
801 5652 892 5694 me
919 5631 1504 5704 appropinquavcrunt
1531 5637 1582 5685 ct
1609 5633 1890 5688 steterunt.

397 5730 443 5788 Α
471 5731 774 5792 Hactenus
805 5723 1114 5785 confessus
1145 5722 1232 5777 cst
1255 5735 1383 5795 quas
1407 5718 1632 5796 patitur
1659 5735 1694 5777 a
1723 5735 1790 5778 se
1817 5720 1998 5799 intus,

2117 3405 2176 3459 et
2203 3419 2319 3458 non
2353 3401 2702 3474 respondere
2729 3400 3040 3456 contraria.

2117 3491 2188 3548 15
2262 3494 2330 3549 Et
2357 3492 2536 3563 factus
2562 3506 2685 3546 sum
2711 3490 2854 3546 sicut
2883 3489 3040 3546 homo
3066 3505 3178 3560 non
3207 3488 3455 3564 audiens.

2259 3583 2326 3636 Et
2353 3596 2462 3636 non
2493 3579 2696 3636 habens
2726 3580 2786 3635 in
2815 3595 2908 3636 ore
2933 3594 3032 3635 suo
3055 3578 3483 3649 redargutiones.

2187 3669 2236 3725 Η
2265 3668 2364 3725 Sic
2407 3669 2590 3726 tacuit
2616 3667 2886 3724 Christus
2929 3670 3238 3724 accusatus
3279 3684 3314 3724 a
3353 3666 3572 3723 Iudaeis
3603 3667 3782 3740 quasi

2118 3776 2234 3815 non
2263 3757 2506 3814 haberet
2533 3757 2675 3830 quid
2706 3772 2812 3829 pro
2837 3771 2900 3812 se
2928 3756 3280 3829 respondere
3307 3755 3562 3824 deberet,
3586 3770 3788 3812 exem-

2117 3847 2281 3922 plum
2313 3845 2580 3902 tribuens
2609 3843 2859 3913 homini,
2882 3849 2949 3900 ut
2977 3843 3206 3918 flagella
3225 3861 3328 3918 pro
3351 3844 3466 3900 Deo
3489 3844 3787 3918 patienter

2117 3939 2351 4010 portare
2382 3934 2612 4001 debeat,
2640 3933 2769 3990 ideo
2799 3949 2913 3988 non
2941 3932 3242 4005 redarguit
3261 3949 3322 3989 se
3347 3932 3562 4004 injuste
3592 3931 3788 3990 incre-

2115 4028 2348 4098 pantes.

2117 4115 2188 4169 16
2261 4113 2534 4182 Quoniam
2561 4113 2628 4168 in
2658 4117 2726 4176 te,
2758 4111 3006 4178 Domine,
3037 4112 3254 4183 speravi
3283 4127 3304 4166 :

2264 4203 2340 4258 Tu
2367 4201 2632 4258 exaudies
2661 4217 2767 4268 me,
2797 4201 3029 4257 Domine
3057 4205 3203 4258 Deus
3230 4215 3401 4256 meus.

2186 4292 2228 4346 C
2253 4291 2386 4346 Ideo
2414 4289 2755 4364 petitionem
2784 4305 2957 4346 suam
2989 4288 3412 4345 exaudiendam
3441 4287 3600 4357 dicit,
3637 4287 3789 4361 quia

2117 4397 2185 4436 se
2202 4380 2262 4436 in
2287 4379 2472 4437 Deum
2490 4394 2758 4452 sperasse
2781 4377 3040 4449 conﬁdit,
3057 4376 3192 4434 talis
3211 4381 3549 4432 sanctorum
3569 4376 3786 4433 volun-

2117 4473 2229 4538 tas,
2263 4467 2380 4526 tale
2413 4469 2525 4524 ‘ixa
2569 4471 2764 4524 mente
2795 4467 3132 4536 consilium,
3153 4472 3218 4522 ut
3250 4483 3366 4523 non
3397 4463 3789 4522 emolimento

2116 4557 2314 4630 aliquo
2331 4557 2636 4631 praesentis
2651 4556 2954 4630 temporis,
2968 4557 3070 4613 sed
3095 4559 3325 4612 tantum
3347 4553 3660 4612 dilectione
3675 4553 3790 4612 Dei

2117 4647 2444 4720 capiantur.

2111 4739 2179 4793 17
2251 4737 2398 4806 Quia
2443 4735 2569 4792 dixi
2609 4751 2622 4791 :
2667 4733 2964 4809 Nequando
3009 4733 3447 4812 supergaudeant
3471 4739 3528 4800 -:-
3562 4733 3718 4789 mihi
3761 4740 3778 4799 ζ

2331 4826 2552 4904 inimici
2575 4827 2688 4881 mei
2714 4841 2730 4882 :

2251 4917 2330 4970 Et
2357 4914 2490 4970 dum
2519 4923 2923 4972 commoventur
2933 4913 3094 4988 pedes
3123 4916 3234 4972 mei
3260 4929 3425 4988 super
3455 4928 3544 4968 me
3569 4928 3800 4984 magna

2327 5005 2498 5060 locuti
2522 5011 2674 5060 sunt.

2182 5093 2230 5150 H
2261 5093 2622 5150 Insultarent
2675 5092 2900 5149 inimici
2949 5093 3184 5150 Christo
3243 5092 3589 5167 gaudentes,
3615 5089 3670 5146 si
3727 5089 3797 5160 in

2113 5182 2388 5258 passione
2403 5181 2753 5240 humiliatus
2769 5199 2886 5239 non
2906 5183 3276 5240 surrexisset.
3295 5181 3476 5238 Pedes
3497 5179 3802 5236 dicuntur

2113 5273 2488 5342 commoveri,
2513 5273 2573 5328 id
2603 5276 2695 5328 est
2725 5271 2972 5346 apostoli
3013 5273 3084 5329 de
3117 5271 3232 5328 fide
3262 5271 3335 5327 ad
3368 5266 3798 5326 inﬁdelitatem

2111 5362 2642 5436 commoti.Magna
2671 5361 2851 5419 locuti
2884 5365 3025 5418 sunt
3051 5361 3240 5419 Judaei
3271 5360 3568 5417 dicentes:
3590 5357 3657 5416 Si
3691 5355 3797 5412 Fi-

2109 5451 2226 5508 lius
2255 5452 2358 5509 Dei
2390 5469 2474 5524 es,
2495 5452 2784 5508 descende
2816 5453 2886 5508 de
2915 5468 3092 5508 cruce
3108 5449 3320 5524 (διαίτη.
3343 5448 3543 5522 xxvn).

2111 5543 2180 5598 18
2257 5541 2528 5610 Quoniam
2557 5557 2653 5615 ego
2685 5543 2744 5598 in
2771 5542 2996 5619 ﬂagella
3021 5545 3258 5614 paratus
3293 5559 3307 5598 :

2249 5633 2316 5686 Et
2345 5630 2498 5687 dolor
2525 5647 2678 5687 meus
2709 5633 2770 5687 in
2799 5639 3080 5704 wnspectu
3111 5647 3227 5686 meo
3253 5645 3481 5704 semper.

2181 5721 2228 5780 Η
2261 5721 2506 5780 Paratus
2547 5726 2636 5779 est
2679 5720 2949 5780 Christus
2995 5721 3067 5778 ad
3120 5718 3352 5795 flagella
3399 5718 3796 5808 sustinenda,
