3988 6428
363 432 477 492 ΙϐἿ

393 572 429 621 ϋ
506 564 568 623 Et
594 581 889 621 numerum
917 564 1135 621 dierum
1160 581 1423 621 meorum.
1461 566 1593 634 Quis
1622 570 1741 623 est?

504 659 566 714 L't
593 657 768 711 sciam
796 654 928 728 quid
957 655 1095 711 desit
1125 657 1284 710 mihi.

431 747 472 801 C
509 744 724 801 Deinde
753 745 1047 800 desiderat
1079 744 1364 817 Propheta
1381 745 1531 801 scire
1549 762 1864 801 numerum
1894 745 2013 801 die-

359 833 586 900 rum,id
619 839 708 889 est
737 838 801 888 ut
830 833 1159 889 evidentius
1189 840 1513 906 appareret,
1545 835 1593 889 si
1627 833 1844 889 Christi
1875 850 2010 890 con-

359 927 626 997 spectum
657 923 951 995 corporeis
979 922 1164 980 oculis
1190 927 1514 979 mereretur
1534 923 2010 997 aspicere.Addi-

357 1012 464 1082 dit,
498 1016 566 1068 ut
595 1013 777 1069 sciam
810 1011 952 1084 quid
981 1011 1135 1068 desit
1169 1011 1335 1067 mihi.
1371 1012 1593 1068 Revera
1635 1013 1836 1068 deesse
1898 1012 2010 1068 sibi

349 1101 655 1173 judicabat
683 1101 753 1157 ad
800 1101 1002 1169 vitam,
1039 1099 1087 1156 si
1125 1101 1254 1172 ejus
1296 1118 1412 1156 non
1455 1100 1767 1156 meruisset
1817 1101 2010 1157 videre

357 1189 813 1262 praesentiamJi
847 1190 1009 1256 Quod
1041 1194 1235 1246 autem
1263 1207 1379 1246 non
1411 1191 1482 1246 de
1504 1189 1628 1247 suis
1659 1189 1866 1246 diebus
1887 1189 2009 1246 haec

355 1280 648 1354 loquatur,
683 1279 987 1352 sequentia
1016 1279 1248 1334 docent.

389 1371 425 1424 7
501 1370 631 1424 Ecce
658 1366 1064 1425 mensurabiles
1090 1370 1326 1440 posuisti
1351 1367 1468 1425 dies
1500 1385 1643 1425 meos
1675 1387 1689 1425 :

494 1460 561 1515 Et
587 1461 895 1516 substantia
919 1475 1041 1514 mea
1072 1466 1332 1532 tanquam
1361 1459 1606 1514 nihilum
1636 1467 1764 1514 ante
1792 1467 1859 1514 te.

425 1550 471 1605 Η
503 1549 837 1606 Secundum
860 1552 1112 1604 veterem
1149 1547 1682 1620 hominemmsque
1715 1548 2004 1603 nuncfue-

354 1644 494 1696 runt
518 1639 644 1694 dies
675 1636 1125 1702 mensurabiles,
1158 1637 1264 1692 hoc
1291 1641 1380 1692 est
1410 1637 1521 1692 sub
1567 1637 1714 1710 jugo
1760 1636 2003 1709 peccati.

354 1733 520 1783 Nunc
541 1744 686 1783 novo
717 1726 1007 1781 desiderio
1039 1742 1225 1780 unum
1247 1730 1529 1780 aeternum
1549 1725 2003 1782 immensurabi-

354 1818 469 1875 lem
502 1815 656 1872 diem
692 1820 922 1888 appeto,
953 1830 1127 1886 quem
1185 1814 1480 1870 Abraham
1509 1814 1653 1870 vidit
1680 1818 1738 1871 et
1767 1813 2004 1887 gavisus

1273 433 1340 494 S.
1385 428 1782 495 BRUNONIS
1824 427 2446 534 HERBIPOLENSIS
2491 433 2870 499 EPISCOPI.

2047 570 2097 636 Α
2131 585 2260 625 esse
2327 573 2709 642 memoratur,
2749 568 2850 626 ubi
2877 566 3022 624 nihil
3053 571 3146 625 est
3173 567 3288 624 nisi
3317 567 3656 640 perfectum.
3679 569 3785 624 AC

3666 433 3786 495 168

2131 657 2278 714 Dicit
2310 676 2444 715 vero
2475 659 2873 715 substantiam
2911 674 3026 714 non
3057 657 3133 714 ab
3161 657 3345 712 Adam
3397 662 3777 726 contractam,

2121 751 2225 802 aut
2249 748 2662 821 temporalium
2694 764 2912 814 rerum,
2947 747 3234 803 sed-bona:
3259 745 3626 802 conscientia;
3648 763 3779 820 pos-

2121 835 2476 904 sessionem;
2509 836 2612 892 illa
2641 837 2796 909 apud
2829 837 3014 892 Deum
3047 839 3156 902 est,
3189 836 3345 908 apud
3367 835 3637 892 homines
3663 853 3778 891 non

2123 930 2233 993 est,
2267 925 2408 998 quia
2440 927 2513 982 ab
2545 927 2630 983 eis
2661 944 2775 981 non
2807 926 3056 982 videtur.

2119 1014 2190 1070 42
2262 1015 2341 1070 Ab
2371 1018 2626 1071 omnibus
2657 1017 3048 1088 iniquitatibus
3076 1017 3215 1071 meis
3244 1031 3375 1071 erue
3403 1031 3524 1071 me:

2263 1104 2628 1176 Opprobrium
2655 1106 2947 1176 insipienti
2969 1103 3170 1160 dedisti
3190 1120 3295 1160 me.
3401 1099 3406 1104 ’

2190 1192 2235 1247 Η
2267 1192 2635 1249 Petiteruere
2647 1194 2721 1248 ab
2747 1193 3162 1266 iniquitatibus
3187 1191 3779 1266 prateritis,praasen-

2117 1281 2277 1338 tibus
2307 1286 2364 1337 et
2395 1282 2630 1337 futuris.
2655 1281 2962 1338 CSanctus
2975 1281 3133 1338 enim
3163 1282 3643 1355 viropprobrium
3657 1287 3780 1337 erat

2116 1370 2340 1437 stultis,
2373 1371 2514 1443 quia
2542 1370 2654 1426 sibi
2677 1370 3029 1426 dissimilem
3049 1370 3422 1443 respuebant.
3452 1369 3590 1426 Sola
3617 1370 3776 1426 enim

2115 1476 2184 1516 ea
2213 1459 2476 1515 scelerati
2507 1459 2891 1532 laudantquze
2903 1459 3402 1515 videnturhabere
3414 1459 3773 1514 communia.

2116 1554 2162 1603 Α
2192 1549 2342 1613 Quia
2370 1549 2588 1616 omnia,
2623 1566 2750 1621 qua:
2780 1549 2877 1604 bic
2891 1547 3440 1620 bominescupiunt,
3458 1547 3586 1602 dico
3605 1564 3775 1612 vana,

2114 1642 2171 1694 et
2201 1639 2471 1709 ignorare
2501 1653 2706 1693 avaros
2736 1637 2832 1693 cui
2863 1641 3220 1710 congregent
3264 1642 3321 1692 et
3351 1635 3774 1707 thesaurizant,

2115 1728 2385 1783 derideor
2408 1727 2481 1782 ab
2511 1727 2620 1796 eis,
2652 1732 2708 1782 et
2738 1726 2882 1782 facis
2912 1743 3005 1781 me
3032 1724 3414 1798 opprobrium
3471 1723 3776 1796 insipienti

2113 1833 2306 1873 avaro.
2339 1817 2409 1872 Et
2437 1833 2798 1888 quamquam
2835 1832 2926 1872 me
2947 1816 3031 1870 sic
3048 1813 3296 1870 delirare
3309 1813 3544 1880 diceret,
3572 1819 3771 1870 tamen

353 1911 444 1964 est
465 1908 648 1970 (Joan.
679 1903 900 1971 vm),in
928 1921 1044 1975 quo
1069 1902 1208 1959 alibi
1240 1903 1549 1960 hortamur
1575 1903 1855 1971 lastari,in
1887 1920 2003 1976 quo
2035 1947 2082 2012 Β
2116 1906 2410 1963 obmutui.

353 1995 396 2012 η
543 1999 582 2012 ν.
874 1991 1058 2012 εηωει
1111 1992 1275 2012 μυ-
1730 1992 1768 2012 η
1801 1991 1996 2012 πωει,
2124 1998 2184 2012 ..-
2266 1995 2324 2012 η.

352 1995 510 2052 Deus
543 1993 823 2050 Dominus
872 1991 1063 2048 illuxit
1109 1992 1279 2048 nobis
1301 1993 1474 2064 (Psal.
1503 1997 1695 2061 cxvn).
1729 1992 1770 2047 C
1801 1991 2004 2048 Merito

353 2083 748 2140 substantiam
781 2099 950 2137 suam
983 2079 1127 2136 dicit
1155 2081 1300 2137 nihil
1330 2098 1458 2138 esse
1483 2087 1618 2137 ante
1643 2086 1844 2148 Deum,
1876 2098 2004 2154 quae

350 2176 534 2230 Adam
569 2176 845 2247 peccante
877 2171 1155 2227 damnata
1185 2175 1293 2238 est,
1327 2171 1418 2227 cui
1451 2171 1564 2226 nisi
1607 2171 1826 2244 aliquid
1861 2169 2004 2226 divi-

353 2264 506 2320 nitas
535 2262 866 2328 contulerit,
899 2261 970 2316 de
1001 2260 1235 2334 propria
1272 2259 1604 2316 substantia
1657 2278 1770 2316 non
1829 2259 2006 2316 habet

350 2355 506 2427 quod
539 2355 876 2426 prmsumat.
896 2352 943 2406 A
975 2349 1121 2406 Dicit
1140 2367 1274 2405 vero
1305 2353 1438 2406 ante
1471 2350 1617 2416 te,id
1647 2354 1734 2406 est
1763 2349 1821 2405 in
1853 2365 2008 2406 com-

349 2443 647 2518 paratione
659 2441 729 2497 ad
745 2445 904 2496 tuam
927 2439 1342 2506 substantiam,
1356 2438 1444 2494 vel
1459 2443 1592 2494 ante
1610 2439 2002 2511 cognitionem

348 2540 534 2600 tuam,
566 2536 624 2587 et
655 2531 713 2586 in
745 2528 1077 2602 cognitione
1108 2533 1166 2584 et
1217 2527 1647 2583 illuminatione
1697 2532 1820 2583 tua.
1851 2531 2004 2584 Ante

347 2622 620 2678 homines
644 2620 801 2676 enim
833 2617 1056 2690 aliquid
1077 2616 1327 2683 videtur,
1344 2617 1444 2673 sed
1466 2622 1599 2673 ante
1626 2620 2001 2689 te,tanquam

349 2711 496 2767 nihil
526 2711 586 2766 in
618 2707 1054 2782 comparatione
1084 2706 1445 2762 aeternitatis.

491 2803 883 2856 Verumtamen
911 2797 1167 2852 universa
1199 2797 1416 2851 vanitas
1442 2813 1461 2850 .·

490 2889 680 2946 Omnis
708 2888 866 2945 homo
894 2887 1098 2943 vivens.
1515 2885 1854 2958 Diapsalma.

418 2983 459 3037 C
486 2978 722 3038 Vanitas
767 2981 925 3034 enim
958 2976 1136 3050 (sicut
1179 2991 1331 3048 smpe
1382 2973 1666 3046 diximus)
1702 2973 2000 3029 mutabili-

345 3073 526 3127 tatem
541 3067 853 3143 signiﬁcat,
870 3083 1048 3143 quam
1073 3065 1453 3122 omnishomo
1468 3069 1678 3138 printer
1698 3063 1998 3120 Christum

345 3160 617 3226 sustinet,
651 3158 751 3232 qui
782 3157 890 3213 hac
923 3173 1097 3212 carne
1123 3155 1374 3211 vestitus
1405 3158 1512 3210 est.
1547 3152 1812 3226 Intelligo
1865 3169 1998 3208 vero

2119 1998 2185 2052 13
2260 1995 2519 2052 Obmutui
2535 2000 2591 2061 -ἓ
2615 2004 2667 2052 et
2711 2001 2725 2062 ζ
2777 2011 2884 2050 non
2922 1996 3120 2066 aperui
3163 2010 3222 2050 os
3248 2009 3457 2050 meum:
3511 1995 3776 2065 quoniam

2330 2094 2388 2141 tu
2416 2088 2626 2158 fecisti:

2259 2175 2454 2231 Amove
2482 2193 2517 2230 a
2545 2191 2631 2231 me
2657 2175 2852 2247 plagas
2881 2182 3021 2230 tuas.

2187 2263 2564 2332 CObmutui,
2623 2263 2847 2319 scilicet
2893 2262 2954 2319 in
3009 2261 3232 2319 salubri
3291 2261 3546 2331 silentio,
3613 2261 3771 2333 quod

2115 2351 2371 2409 caelestis
2399 2351 2642 2426 largitas
2672 2352 2981 2409 concessit.
3016 2349 3302 2416 Quoniam
3327 2355 3390 2406 tu
3421 2350 3772 2422 fecisti,ipse

2116 2444 2320 2514 utique
2347 2443 2500 2510 fecit,
2533 2442 2634 2514 qui
2667 2442 2960 2514 patientiae
2992 2442 3146 2496 dona
3176 2441 3356 2496 dedit.
3399 2439 3584 2513 Plaga:
3630 2444 3772 2494 sunt

2115 2533 2534 2604 correptiones,
2569 2532 2788 2604 quibus
2820 2548 2924 2605 pro
2956 2530 3176 2587 nostris
3205 2529 3458 2602 peccatis
3500 2527 3770 2584 verbera-

2116 2638 2267 2689 mur,
2301 2621 2462 2693 ipsas
2493 2621 2786 2678 desiderat
2818 2625 3060 2677 sanctus
3083 2619 3171 2676 vir
3199 2636 3234 2674 a
3263 2635 3326 2676 se
3342 2616 3615 2684 amoveri,
3637 2633 3769 2690 quae

2113 2711 2302 2783 culpis
2331 2711 2697 2767 debebantur
2725 2711 3082 2766 commissis.

2115 2801 2182 2856 14
2255 2803 2293 2856 Α
2325 2800 2654 2873 fortitudine
2680 2817 2879 2856 manus
2910 2809 3019 2856 tua:
3046 2815 3144 2869 ego
3172 2798 3347 2870 deieci
3361 2816 3374 2854 :

2253 2891 2317 2946 In
2347 2891 2814 2963 increpationibus
2841 2897 3063 2962 propter
3083 2889 3430 2960 iniquitatem
3449 2887 3772 2958 corripuisti

2325 2979 2621 3036 hominem.

2181 3069 2222 3126 C
2252 3069 2441 3126 Fortis
2485 3069 2645 3126 enim
2694 3085 2908 3125 manus
2955 3067 3209 3141 graviter
3255 3064 3529 3139 ﬂagellat,
3575 3068 3633 3122 et
3661 3081 3764 3122 ne-

2110 3174 2270 3216 cesse
2299 3161 2424 3215 erat
2452 3159 2748 3232 quemlibet
2782 3157 2951 3212 illum
2999 3157 3268 3224 deficere,
3319 3171 3496 3228 quem
3548 3169 3761 3210 manus

345 3268 459 3308 non
510 3248 894 3305 mutationem
945 3245 1225 3320 corporis,
1272 3263 1448 3318 quam
1494 3245 1670 3301 etiam
1729 3242 1998 3299 Christus
2108 3247 2336 3304 excelsa
2365 3252 2710 3321 percuteret.
2744 3247 2790 3304 H
2824 3247 3205 3302 Incumbente
3233 3245 3413 3301 etiam
3445 3243 3764 3300 manuvin-

341 3339 644 3407 sustinuit,
673 3338 775 3396 sed
808 3335 1022 3393 mentis
1053 3333 1518 3391 instabilitatem.

373 3430 410 3483 9
485 3430 866 3486 Verumtamen
897 3428 956 3482 in
989 3427 1231 3496 imagine
1256 3424 1558 3496 pertransit
1589 3423 1746 3478 homo
1783 3440 1802 3476 :

480 3517 582 3574 Sed
609 3526 662 3574 et
690 3518 904 3588 frustra
931 3514 1311 3570 conturbatur.

409 3606 884 3663 CVerumtamen
904 3601 1232 3675 inimagine
1247 3600 1562 3674 pertransit
1576 3601 1774 3656 homo.
1795 3599 1994 3671 Imago

341 3697 439 3753 Dei
472 3699 562 3751 est
593 3693 694 3750 illa
724 3691 1000 3759 conditio,
1034 3708 1212 3763 quam
1241 3689 1418 3744 homo
1451 3689 1731 3761 suscepit,
1757 3688 1994 3760 quando

339 3786 562 3841 dictum
574 3782 996 3839 estzFaciamus
1008 3779 1306 3836 hominem
1322 3778 1714 3851 adimaginem
1732 3781 1993 3834 nostram

339 3874 494 3946 (Gen.
529 3873 592 3945 ι).
624 3873 694 3928 Et
733 3871 882 3928 bene
920 3869 1066 3926 dixit
1095 3886 1110 3925 :
1146 3870 1365 3926 frustra
1412 3868 1821 3933 conturbatur,
1854 3866 1997 3939 quia

339 3962 657 4038 puritatem
681 3960 895 4017 mentis
916 3960 1189 4038 perdunt,
1205 3958 1304 4032 qui
1329 3956 1636 4014 desideriis
1656 3955 1994 4029 temporali-

337 4053 448 4109 bus
479 4048 984 4122 occupantur,boc
1014 4052 1104 4104 est
1131 4049 1289 4104 enim
1321 4045 1653 4103 conturbari
1679 4063 1714 4102 a
1743 4044 1995 4118 puritate

338 4140 552 4198 mentis
574 4140 632 4195 in
665 4138 893 4196 actibus
925 4136 1121 4194 seaculi
1153 4135 1586 4206 deduci;ethoc
1600 4136 1838 4203 frustra,
1855 4133 1995 4207 quia

338 4230 464 4287 sine
496 4227 766 4296 utilitate,
798 4227 918 4284 imo
949 4244 1081 4284 cum
1119 4227 1334 4283 damno
1356 4225 1576 4284 anima.

339 4322 407 4376 10
481 4319 837 4378 Thesaurizat
865 4336 883 4372 :

477 4411 544 4465 Et
574 4410 791 4480 ignorat
816 4410 910 4464 cui
931 4407 1279 4480 congregabit
1308 4422 1374 4463 ea

406 4497 453 4554 Η
483 4498 646 4572 Saepe
675 4497 830 4554 enim
851 4497 1113 4570 plerique
1143 4493 1544 4553 thesaurizant
1565 4495 1995 4566 etcongregant

339 4588 544 4644 multa.
575 4605 702 4660 qum
737 4591 838 4644 aut
867 4587 1095 4644 desidia
1126 4585 1382 4642 filiorum
1415 4583 1626 4656 perdit,
1660 4587 1762 4638 aut
1813 4582 1992 4637 ﬁscus

2025 3321 2068 3387 C
2104 3337 2291 3406 dieue,
2323 3337 2508 3393 virtus
2539 3335 2736 3393 delicti
2767 3336 2986 3402 deficit,
3009 3340 3078 3391 ut
3096 3333 3312 3391 Paulus
3343 3329 3755 3406 aitapostolus:

2101 3431 2244 3483 Cum
2277 3428 2546 3484 inﬁrmor
2573 3432 2717 3483 tunc
2746 3431 2953 3500 potens
2985 3443 3119 3482 sum
3153 3426 3226 3497 (11
3252 3426 3372 3481 Cor.
3404 3425 3524 3496 xu).
3562 3423 3754 3479 Incre-

2105 3521 2277 3589 patur
2301 3515 2497 3574 omnis
2529 3516 2704 3572 homo
2735 3521 2972 3589 propter
3000 3515 3394 3588 iniquitatem,
3418 3527 3592 3586 quem
3625 3529 3753 3585 per-

2103 3607 2239 3663 dere
2269 3623 2387 3663 non
2415 3606 2541 3662 vult
2569 3605 2768 3662 divina
2799 3606 3101 3677 majestas.

2107 3696 2175 3750 15
2247 3698 2323 3752 Et
2350 3695 2619 3752 tabescere
2645 3695 2826 3767 fecisti
2851 3696 2998 3750 sicut
3025 3708 3289 3749 araneam
3316 3693 3562 3747 animam
3607 3691 3754 3763 ejus:

2249 3785 2626 3841 Verumtamen
2655 3801 2794 3840 vane
2832 3783 3259 3847 E—conturbatur
3301 3789 3315 3848 ζ
3365 3783 3543 3838 omnis
3580 3779 3757 3836 homo.

2318 3874 2656 3946 Diapsalma.

2175 3964 2222 4020 Η
2253 3963 2528 4020 Tabescit
2555 3963 2774 4031 anima,
2820 3978 2954 4018 cum
3002 3978 3136 4018 caro
3181 3961 3430 4018 luxuriis
3459 3964 3516 4016 et
3545 3975 3759 4016 concu-

2104 4053 2408 4128 piscentiis
2435 4053 2784 4110 refrenatur.
2821 4052 2921 4108 Est
2948 4051 3106 4108 enim
3137 4052 3452 4117 tabescere,
3484 4050 3761 4121 obstupe-

2103 4159 2265 4200 scere
2297 4143 2369 4199 de
2399 4142 2791 4199 anterioribus
2822 4139 3075 4198 delictis.
3105 4140 3206 4198 Ille
3234 4157 3368 4197 vero
3399 4139 3500 4212 qui
3529 4155 3599 4194 ea
3619 4137 3759 4210 agit,

2104 4250 2233 4306 quas
2261 4232 2573 4288 mundana:
2601 4229 2878 4287 vanitatis
2901 4235 3060 4298 sunt,
3075 4225 3760 4295 telastexitaranec,hoc

2102 4326 2195 4380 est
2223 4320 2316 4378 die
2348 4325 2640 4393 noctuque
2670 4320 2730 4376 in
2761 4337 2934 4393 opere
2962 4334 3111 4374 vano
3140 4323 3328 4388 vacat,
3359 4321 3417 4373 et
3445 4333 3561 4374 non
3593 4313 3762 4372 utilia

2103 4413 2206 4469 sed
2234 4409 2606 4468 dissolubilis
2633 4414 2690 4465 et
2717 4407 3123 4482 corruptibilis
3150 4411 3442 4481 operatur.
3476 4406 3587 4462 Sed
3621 4404 3761 4478 quia

2104 4501 2392 4573 Propheta
2421 4489 2682 4556 animam
2713 4514 2819 4554 ceu
2851 4513 3128 4555 araneam
3148 4497 3446 4553 tabescere
3462 4494 3624 4560 dicit,
3649 4492 3760 4550 hoc

2100 4595 2192 4647 est
2214 4589 2690 4663 intelligendum,
2719 4593 2788 4644 ut
2807 4588 2879 4644 ad
2895 4592 3121 4644 tantam
3149 4585 3534 4644 subtilitatem
3557 4583 3757 4640 afﬂicti

335 4682 602 4751 occupat,
635 4683 737 4733 aut
765 4676 1052 4749 diripiunt
1081 4674 1278 4740 alieni,
1313 4673 1524 4728 Beatus
1555 4675 1751 4727 autem
1783 4675 1873 4726 est
1895 4668 1994 4726 ille
2025 4695 2033 4759 J

2152 4681 2302 4736 sima
2329 4678 2546 4752 vigiliis
2578 4682 2635 4734 et
2662 4676 3171 4734 obsecrationibus
3201 4692 3306 4748 pcr
3335 4673 3758 4732 abstinentiam

334 4768 435 4841 qui
469 4768 545 4823 ibi
579 4765 939 4822 thesaurizat
970 4763 1067 4817 ubi
1099 4762 1304 4817 audire
1351 4763 1684 4816 mereatur:
1722 4759 1992 4822 Quandiu

337 4855 558 4912 fecistis
579 4855 680 4909 uni
724 4871 794 4908 ex
833 4849 1099 4907 minimis
1135 4849 1284 4916 istis,
1317 4848 1466 4903 mihi
1511 4847 1732 4904 fecistis
1775 4847 1989 4921 (Matth.

335 4945 486 5011 xxv).
562 4941 670 4998 Ubi
735 4941 894 4996 fures
961 4955 1075 4994 non
1156 4938 1448 5006 furantur,
1517 4953 1623 4993 nec
1709 4937 1994 4994 eﬂ'odiunt

339 5032 547 5102 (Matth.
576 5030 678 5100 vi).

340 5119 398 5175 ll
479 5120 545 5176 Et
585 5135 734 5174 nunc
780 5133 906 5192 qua:
947 5127 1026 5176 est
1081 5119 1414 5192 exspectatio
1461 5133 1603 5182 mea,
1654 5133 1837 5174 nonne
1883 5122 1991 5174 Do-

548 5210 737 5264 minus
753 5213 779 5263 ?

477 5299 542 5354 Et
571 5299 886 5355 substantia
912 5315 1034 5356 mea
1063 5297 1210 5372 apud
1243 5302 1293 5354 te
1319 5304 1418 5353 est.

407 5387 450 5444 C
477 5388 545 5444 Et
574 5403 733 5443 nunc
761 5404 890 5459 qua:
923 5393 1014 5444 est
1055 5386 1410 5459 exspectatio
1460 5385 1634 5443 mea?
1655 5401 1854 5442 nonne
1885 5391 1995 5443 Do-

337 5475 982 5549 minus?pronuntians
1011 5475 1125 5532 sibi
1145 5491 1274 5531 esse
1297 5474 1793 5548 exspectationem
1811 5477 1999 5532 Domi-

335 5582 479 5622 num
493 5564 812 5630 Christum,
829 5564 1004 5621 necin
1019 5564 1257 5621 caducis
1270 5563 1577 5620 desideriis
1591 5563 1766 5621 aliam
1782 5565 1998 5623 habere

335 5672 399 5712 se
455 5655 995 5730 praesumptionem,
1049 5654 1159 5709 nisi
1223 5653 1390 5709 illum
1443 5652 1658 5710 solum.
1710 5655 1999 5711 Substan-

333 5745 437 5823 tia,
489 5746 547 5805 in
600 5747 813 5805 bonam
867 5748 1092 5822 partem
1141 5743 1308 5817 dicit,
1341 5759 1467 5816 quae
1514 5747 1648 5800 ante
1696 5744 1997 5804 Christum

2105 4771 2489 4842 decoquatur,
2520 4771 2587 4823 ut
2616 4766 2804 4823 instar
2845 4765 3080 4824 illorum
3127 4765 3364 4822 illorum
3413 4764 3758 4828 deducatur,

2101 4857 2326 4915 scilicet
2348 4861 2412 4913 ut
2441 4855 2588 4912 nihil
2613 4873 2878 4913 crassum
2894 4857 3182 4914 durumve
3205 4854 3426 4928 peccati
3444 4852 3759 4910 contineat.

2103 4949 2210 5018 Qui
2239 4949 2299 5003 in
2329 4947 2666 5002 vanitatibus
2695 4947 2850 5016 vivit,
2882 4963 3034 5003 vana
3048 4951 3139 5003 est
3167 4945 3217 5002 ei
3238 4949 3296 5001 et
3325 4961 3439 5002 non
3457 4941 3620 4999 utilis
3640 4940 3762 4997 haec

2103 5037 2409 5094 mundana
2437 5035 2830 5104 conturbatio,
2861 5036 2972 5093 Sed
3007 5040 3066 5092 et
3095 5035 3197 5108 qui
3215 5035 3275 5091 in
3291 5039 3408 5091 Deo
3436 5031 3764 5102 vivit,vana

2101 5131 2194 5185 est
2217 5126 2268 5182 ei
2301 5131 2360 5182 et
2390 5143 2506 5182 non
2537 5123 2702 5182 utilis
2734 5125 2844 5182 hac
2875 5126 3175 5183 mundana
3205 5123 3602 5183 conturbatio.

2103 5217 2174 5273 46
2244 5215 2466 5273 Exaudi
2482 5217 2786 5274 orationem
2820 5233 3019 5285 meam,
3068 5218 3308 5274 Domine
3333 5222 3385 5272 et
3425 5211 3762 5286 deprecatio-

2316 5322 2443 5362 nem
2466 5322 2646 5362 meam
2661 5323 2674 5362 Ξ
2861 5363 2870 5370 ,

2247 5396 2488 5452 Auribus
2512 5397 2732 5469 percipe
2761 5395 3034 5469 lacrymas
3065 5411 3234 5453 meas.

2105 5486 2172 5541 l7
2247 5489 2328 5543 Ne
2355 5485 2522 5541 sileas
2552 5487 2814 5558 quoniam
2838 5485 3048 5541 advena
3067 5502 3165 5555 ego
3187 5501 3313 5541 sum
3331 5480 3478 5557 apud
3509 5488 3593 5538 te:

2249 5575 2313 5654 Et
2337 5577 2662 5647 peregrinus
2690 5577 2836 5630 sicut
2864 5589 3048 5631 omnes
3073 5583 3260 5647 patres
3289 5575 3422 5630 mei.

2178 5667 2220 5722 C
2249 5665 2417 5722 Prius
2447 5665 2644 5738 itaque
2679 5665 3003 5721 orationem
3035 5664 3198 5732 dixit,
3228 5667 3362 5737 post
3403 5656 3767 5735 deprecatio-

2107 5770 2263 5812 nem.
2295 5752 2492 5811 Oratio
2522 5758 2611 5812 est
2640 5756 2754 5812 oris
2787 5755 2952 5822 ratio,
3001 5769 3180 5827 quam
3214 5753 3383 5829 proni
3430 5749 3764 5819 referimus,
