3936 6484
216 516 328 577 169
1426 517 1770 578 ΕΧΡΟΞΙΤ

2047 478 2388 580 LMORUM.
3484 517 3601 580 no

213 652 345 705 vota
375 651 575 704 nostra
604 648 946 721 pandentes.
982 649 1315 722 Deprecatio
1364 653 1451 704 est
1492 648 1765 721 frequens
1795 650 1851 703 et
1878 650 1930 715 Α
1960 647 2175 703 rem.Et
2198 648 2268 702 de
2296 646 2417 704 luto
2443 649 2656 705 fecis.C
2685 650 2830 706 Nam
2860 648 3014 706 sicut
3043 648 3205 706 lutus
3238 648 3345 705 laci
3380 648 3599 705 fetidus

213 737 452 793 assidua
480 736 999 809 supplicatio,qua3
1031 739 1103 793 ab
1135 737 1251 793 imo
1284 736 1532 810 pectoris
1560 736 1853 809 profertur
1962 738 2049 790 est
2092 737 2265 806 atque
2313 735 2522 807 gravis,
2552 737 2632 792 ita
2675 742 2734 793 et
2778 737 3083 793 hominum
3131 737 3343 793 delicta
3388 737 3601 793 limosa

208 824 686 881 arcano.Addidit
714 824 1157 898 lacrymas,quaa
1188 825 1448 881 violentae
1466 828 1604 881 sunt
1622 839 1853 895 semper
1961 828 2100 878 sunt
2127 828 2185 878 et
2213 822 2493 879 fetoribus
2525 824 2888 881 horrescunt.
2924 826 2970 881 H
3002 826 3165 882 Unde
3195 826 3265 881 de
3293 825 3415 881 luto
3437 824 3597 893 fecis,

206 913 265 967 in
295 912 588 985 precibus,
622 916 681 968 et
710 914 782 968 ad
812 913 1185 969 clementiam
1217 911 1627 969 medicinalem
1666 912 1852 967 addu—
1960 910 2017 965 id
2049 915 2138 967 est
2166 912 2411 969 terrenis
2440 913 2763 969 desideriis.
2789 914 2912 981 Vel,
2939 914 3485 988 lacus,profundum
3516 912 3602 967 in-

202 1006 343 1057 cunt
373 1002 641 1057 animum
675 1001 1033 1058 miserantis.
1963 999 2295 1069 ﬁdelitatis;
2332 999 2512 1067 lutus,
2544 1002 2833 1058 desideria
2863 1003 3138 1058 carnalia.

275 1088 317 1143 C
347 1089 428 1145 Ne
458 1088 633 1146 sileas
678 1089 847 1158 dixit,
879 1089 935 1144 id
986 1095 1076 1145 est
1129 1090 1364 1145 audiam
1413 1094 1468 1145 te
1515 1089 1802 1144 dicentem
1836 1104 1849 1139 :
1997 1089 2032 1143 3
2103 1090 2169 1143 Et
2195 1092 2389 1144 statuit
2415 1106 2585 1162 supra
2609 1094 2823 1161 petram
2846 1091 3006 1163 pedes
3033 1108 3209 1147 meos:

205 1177 463 1233 Dimissa
494 1181 632 1234 sunt
660 1178 765 1233 tibi
798 1183 1054 1251 peccata.
1086 1180 1267 1234 Incola
1315 1194 1451 1234 vero
1496 1177 1711 1233 dicitur
1755 1175 1855 1247 qui
2103 1178 2170 1232 Et
2194 1177 2401 1233 direxit
2429 1194 2641 1247 gressus
2669 1195 2832 1234 meos.

202 1270 422 1320 terram
454 1265 589 1321 colit
620 1266 870 1321 alienam
903 1267 976 1321 ad
1004 1267 1421 1338 tempus,sicut
1440 1282 1643 1321 omnes
1668 1263 1854 1319 sancti
2035 1264 2080 1319 Η
2112 1265 2327 1321 Statuit
2358 1282 2535 1337 supra
2566 1271 2815 1338 petram,
2846 1267 2902 1321 id
2934 1270 3022 1323 est
3064 1283 3238 1338 super
3279 1267 3593 1323 Christum.

201 1353 267 1407 in
297 1352 409 1409 isto
442 1353 652 1409 szeculo
675 1353 978 1409 constituti
1004 1354 1069 1408 ,Η
1090 1354 1235 1420 Quia
1265 1358 1324 1410 et
1367 1353 1471 1421 illi,
1503 1354 1645 1408 dum
1693 1354 1859 1407 erant
1966 1352 2144 1407 Pedes
2174 1370 2355 1421 meos,
2389 1371 2597 1410 sensus
2628 1371 2807 1411 meos.
2828 1355 2892 1410 Et
2920 1355 3129 1411 direxit
3155 1371 3392 1426 gressus
3415 1372 3595 1422 meos,

205 1440 268 1495 in
299 1457 558 1513 corpore,
592 1442 1115 1514 peregrinabantur
1161 1459 1193 1497 a
1241 1442 1489 1497 Domino
1520 1443 1595 1509 (II
1622 1441 1748 1497 Cor.
1777 1440 1853 1511 v).
1966 1440 2022 1495 id
2056 1444 2145 1497 est
2188 1458 2398 1497 sensus
2448 1443 2733 1498 bonorum
2782 1459 3023 1514 operum
3068 1442 3264 1515 dirigit
3311 1441 3597 1509 Ecclesia},

199 1532 245 1582 C
276 1528 495 1583 Omnes
524 1529 681 1585 enim
712 1546 746 1584 a
776 1529 971 1584 divina
1001 1529 1227 1584 civitate
1279 1546 1384 1584 nos
1432 1533 1728 1601 peccatum
1777 1528 1858 1582 fe-
1966 1530 2103 1600 quia
2132 1531 2537 1602 unusquisque
2564 1547 2668 1602 per
2695 1548 2756 1587 se
2789 1535 3080 1587 tortuosus
3108 1535 3217 1599 est,
3249 1530 3362 1585 nisi
3392 1530 3604 1602 diriga-

199 1617 288 1671 cit
329 1621 656 1685 extraneos,
691 1621 747 1671 et
795 1617 853 1672 in
904 1616 1017 1671 ista
1068 1617 1299 1689 regione
1345 1617 1534 1672 tenuit
1581 1616 1854 1687 captivos.
1965 1620 2120 1672 tura
2149 1617 2394 1673 Christo.
2429 1618 2645 1673 Direxit
2686 1618 2866 1690 igitur
2910 1635 3148 1691 gressus
3193 1634 3371 1685 meos,
3406 1634 3477 1673 ne
3526 1618 3599 1673 ad

197 1703 413 1760 Omnis
443 1705 621 1760 etiam
644 1704 1394 1777 quirecipiturinzeteruam
1416 1704 1853 1770 beatitudinem,
1963 1720 2096 1759 eum
2130 1705 2383 1773 veniens,
2418 1711 2552 1778 post
2581 1710 2808 1779 tergum
2858 1706 3203 1778 respicerem
3252 1706 3324 1761 ad
3372 1709 3603 1762 terrena

190 1793 556 1865 peregrinus
586 1792 824 1863 dicitur,
858 1792 997 1865 quia
1025 1792 1232 1865 incipit
1261 1808 1390 1849 esse
1421 1793 1517 1847 ubi
1550 1809 1667 1847 non
1711 1795 1854 1846 erat.
1965 1808 2091 1863 qua:
2148 1791 2515 1865 reliquissen.
2566 1794 2688 1863 Vel,
2751 1795 2949 1867 pedes,
3008 1794 3288 1863 affectus;
3338 1809 3597 1866 gressus,

187 1880 558 1954 Peregrinus
588 1880 822 1948 dicitur,
856 1880 1023 1952 quasi
1052 1897 1305 1953 pergens
1353 1880 1606 1953 longius.
1637 1881 1684 1934 A
1728 1877 1853 1945 Vel,
1962 1895 2136 1952 opera
2165 1886 2321 1937 sunt.

183 1969 394 2068 Deum
415 1973 517 2070 est
544 1968 606 2023 in
637 1968 836 2070 fidenet
864 1969 1169 2024 charitate.
1204 1969 1245 2023 C
1290 1967 1465 2023 Addit
1511 1984 1735 2034 omnes,
1783 1984 1854 2022 ne
1884 2004 1930 2070 Β
1998 1971 2031 2023 4
2100 1972 2166 2025 Et
2186 1971 2411 2026 immisit
2438 1972 2497 2026 in
2526 1988 2581 2027 os
2610 1988 2789 2027 meum
2813 1973 3088 2027 canticum
3112 1987 3312 2027 novum
3332 1989 3352 2027 :

183 2056 343 2129 quis
376 2057 450 2112 ab
482 2056 590 2112 hac
621 2056 951 2112 conditione
983 2060 1291 2129 putaretur
1319 2060 1614 2129 exceptus.
1884 2056 1930 2070 ⁵’
2107 2060 2337 2114 Carmen
2364 2059 2469 2115 Deo
2498 2065 2699 2116 nostra.

190 2146 266 2201 18
357 2145 592 2200 Remitte
618 2144 762 2199 mihi
788 2149 850 2199 ut
871 2146 1183 2215 refrigerer,
1213 2146 1538 2216 priusquam
1567 2146 1756 2200 abeam
1776 2161 1795 2200 :
2035 2146 2079 2201 H
2102 2147 2171 2201 Et
2196 2146 2443 2203 immisit
2468 2148 2527 2202 in
2558 2164 2622 2203 os
2652 2165 2849 2204 meum
2880 2148 3172 2204 canticum
3204 2164 3438 2205 novum.
3459 2148 3602 2204 Lau-

352 2233 423 2287 Et
450 2232 691 2303 amplius
718 2249 826 2287 non
858 2248 970 2288 ero.
1966 2234 2098 2290 dem
2124 2235 2326 2307 utique
2356 2251 2546 2301 suam,
2579 2236 2718 2309 quia
2746 2253 2927 2291 novus
2956 2235 3130 2291 homo
3156 2236 3315 2292 venit
3345 2236 3406 2291 in
3437 2252 3603 2297 mun-

271 2321 321 2376 C
354 2319 559 2375 Merito
590 2336 723 2392 ergo
779 2337 841 2375 se
884 2319 1209 2394 refrigerari
1259 2320 1328 2375 de
1358 2321 1667 2377 securitate
1697 2320 1857 2392 regni
1966 2323 2127 2391 dum,
2155 2327 2215 2378 et
2243 2340 2451 2378 novam
2481 2323 2667 2395 legem
2702 2324 2862 2379 dedit
2903 2323 3143 2379 mundo.
3175 2323 3443 2403 Carmen,
3473 2326 3513 2378 C
3540 2322 3599 2399 id

197 2407 467 2465 cmlestis
497 2406 853 2480 petebatzqui
878 2408 1022 2464 tanti
1050 2408 1319 2464 desiderii
1350 2408 1539 2469 calore
1558 2409 1856 2481 ﬂagrabat.
1968 2417 2056 2467 est
2082 2410 2315 2466 laudem
2344 2412 2669 2467 carminum
2692 2412 2814 2484 lege
2836 2410 3358 2483 compositam.Deo
3380 2414 3598 2479 nostro,

195 2498 389 2553 Addit
420 2496 768 2570 priusquam
803 2496 1018 2564 eam,id
1049 2501 1137 2553 est
1166 2502 1478 2570 antequam
1508 2498 1580 2552 de
1598 2497 1713 2562 ista
1733 2497 1860 2552 luce
1968 2501 2015 2556 H
2040 2504 2100 2556 ut
2124 2501 2248 2571 jam
2280 2518 2393 2556 non
2426 2518 2600 2558 sonos
2628 2504 2828 2572 turpes
2858 2504 2914 2555 et
2938 2499 3251 2556 theatrales
3272 2500 3599 2570 concinam,

194 2584 812 2658 discedam.Amplius
841 2602 956 2640 non
982 2602 1100 2654 ero,
1136 2584 1357 2641 scilicet
1385 2585 1443 2639 in
1478 2584 1587 2640 hoc
1618 2585 1857 2653 mundo,
1969 2590 2071 2645 sed
2098 2590 2157 2644 in
2190 2589 2287 2645 Dei
2326 2588 2570 2645 viventis
2619 2589 2849 2661 hymnis
2895 2606 2997 2662 per
3041 2589 3408 2645 harmoniam
3459 2588 3599 2644 Novi

191 2673 283 2730 vel
325 2690 449 2728 non
482 2690 580 2728 ero
612 2677 745 2746 post
776 2677 1043 2742 mortem,
1064 2674 1112 2729 si
1143 2673 1238 2728 hic
1269 2673 1501 2729 desinas
1531 2673 1858 2741 subvenire,
1970 2677 2328 2753 Testamenti
2359 2676 2627 2733 delecter.

200 2762 357 2834 quia
388 2778 505 2817 non
536 2766 626 2817 est
654 2778 803 2830 esse,
836 2761 895 2817 in
923 2762 1151 2817 aeternis
1180 2762 1592 2818 afflictionibus
1634 2778 1861 2834 perma-
2003 2768 2039 2822 5
2115 2766 2388 2822 Videbunt
2415 2767 2583 2821 multi
2608 2773 2660 2821 et
2688 2766 2988 2822 timebunt:

194 2866 366 2905 nere.
403 2849 607 2905 Merito
657 2865 793 2923 ergo
823 2848 1050 2905 dicebat
1079 2867 1140 2905 se
1170 2867 1282 2905 non
1316 2866 1462 2918 esse,
1496 2850 1543 2904 si
1577 2866 1638 2906 se
1695 2848 1865 2905 intel-
2110 2856 2175 2909 Et
2199 2856 2491 2927 sperabunt
2514 2857 2575 2910 in
2604 2855 2848 2910 Domino.
3340 2925 3344 2929 _

193 2938 455 2994 lexisset
482 2954 595 2993 non
628 2937 842 2994 habere
873 2954 1006 2993 cum
1038 2938 1237 2994 electis
1278 2938 1623 3010 portionem.
1649 2940 1696 2993 A
1727 2937 1865 3009 quia
2042 2944 2087 2998 Η
2118 2943 2411 2999 Videbunt
2441 2942 2609 2998 multi
2640 2944 3051 3000 annuntiatum
3082 2944 3399 3011 venisse,et
3418 2941 3606 2998 multa

194 3027 287 3083 illi
324 3027 441 3084 soli
471 3031 612 3082 sunt
644 3027 743 3099 qui
778 3026 1227 3082 immutabiliter
1255 3026 1315 3081 in
1346 3026 1462 3081 Deo
1502 3026 1654 3081 beati
1705 3030 1860 3081 sunt.
1971 3031 2261 3087 mirabilia
2291 3030 2516 3097 fecisse,
2547 3034 2605 3086 et
2630 3030 2939 3099 timebunt,
2989 3031 3126 3103 quia
3173 3048 3234 3087 se
3272 3030 3607 3103 intelligunt
3719 3064 3722 3068 ι

194 3116 316 3180 Qui
354 3116 542 3189 igitur
570 3113 1111 3182 ininfexnosunt,in
1125 3113 1866 3187 comparationeilliusesse
1970 3124 2321 3194 peccatores.
2352 3119 2421 3173 Et
2454 3118 2863 3190 sperabunt,ut
2891 3119 2974 3175 eis
3005 3118 3255 3192 pristina
3281 3117 3493 3176 delicta
3522 3134 3607 3174 re~

198 3221 323 3259 non
361 3202 675 3276 sunt,quia
704 3202 763 3258 in
797 3208 1012 3259 eterna
1043 3202 1411 3275 corruptione
1441 3207 1497 3257 et
1525 3202 1720 3258 dolore
1748 3218 1862 3257 non
1970 3208 2298 3264 mittantur.

189 3293 473 3350 finiendo
507 3296 669 3349 sunt.
1180 3342 1183 3345 .
1905 3362 1927 3365 Δγ
2004 3299 2039 3351 6
2112 3300 2312 3352 Beatus
2341 3295 2427 3349 vir
2453 3294 2609 3365 cujus
2635 3300 2713 3349 est
2733 3309 2927 3348 nomen
2957 3294 3179 3349 Domini
3205 3278 3323 3365 spes
3350 3294 3466 3365 ejus
3498 3311 3512 3348 :

646 3407 851 3446 onA'rio
889 3407 959 3444 ax
1000 3405 1156 3444 psse.
1197 3405 1427 3445 xxxvm.
1890 3362 1932 3428 (ἶ
2112 3384 2176 3439 Et
2200 3399 2310 3438 non
2329 3383 2566 3453 respexit
2596 3382 2657 3436 in
2686 3383 2956 3437 vanitates
2985 3388 3036 3437 et
3061 3382 3310 3437 insanias
3337 3382 3526 3453 falsas.

263 3488 548 3557 Custodi,
580 3487 1013 3558 Domine,viam
1044 3490 1328 3554 nostram,
1351 3503 1421 3541 ne
1450 3484 1863 3557 delinquemus
2038 3472 2086 3527 Η
2114 3473 2323 3527 Beatus
2352 3471 2456 3538 νίν,
2490 3468 2624 3524 felix
2651 3468 2752 3524 illa
2780 3469 2976 3525 “ima
3001 3486 3129 3541 ίῖυω
3161 3469 3337 3525 habet
3366 3469 3600 3525 ﬁrmam

188 3579 251 3635 in
306 3577 549 3651 lingua,
602 3580 668 3632 ut
717 3576 777 3631 in
826 3557 1304 3631 meditationibus
1352 3574 1567 3630 nostris
1615 3572 1863 3645 spiritali
1971 3562 2166 3651 fidem.
2201 3563 2257 3615 εἴ
2283 3558 2752 3651 εΡθωλάίΓεῖο-ξίξω
2783 3558 2843 3612 in
2877 3558 3131 3651 Ebrietq-
3164 3558 3399 3651 C_Sl_’e§
3445 3557 3601 3613 enim

184 3644 474 3740 igniculo
506 3664 868 3729 ardescente,
902 3679 971 3719 ea
1007 3662 1470 3718 thesaurizcmus
1518 3662 1576 3716 in
1629 3644 1863 3727 saeculo,
1970 3648 2126 3745 dicti}
2154 3645 2461 3745 QStL‘lPESi
2489 3646 2705 3701 δίαὺίίίε
2729 3662 2842 3745 20.93-
2876 3644 2979 3745 ξηθ
3026 3645 3201 3745 inim.
3233 3646 3411 3702 habet
3439 3663 3604 3745 53me

184 3734 329 3827 q‘uae
366 3758 432 3810 te
466 3752 766 3808 tribuente
793 3751 1097 3824 capiamus
1125 3750 1185 3805 in
1218 3750 1379 3806 coelo.
1409 3750 1514 3806 Per
1554 3750 1863 3806 Dominum
1972 3736 2226 3827 Ποωίῐιίζό
2254 3735 2355 3827 Dei
2386 3734 2637 3827 ﬁrmam,
2670 3734 2771 3806 (Ιυί
2794 3734 3007 3827 fon}?
3038 3735 3352 3827 {hminum
3400 3736 3606 3810 avidus

182 3821 494 3899 nostrum
525 3840 754 3909 Jesum,
783 3821 892 3895 etei.
1972 3822 2346 3896 concupiscit,
2382 3839 2498 3876 non
2530 3821 2891 3893 temporalia.
2921 3821 3162 3878 Vanitas
3205 3827 3294 3878 est
3344 3840 3378 3879 a
3406 3827 3609 3880 sancta

1974 3913 2249 3986 religione
2296 3910 2487 3967 subita
2533 3910 2807 3966 varietate
2854 3914 3100 3966 mutare.
3159 3911 3402 3967 Insanis:
3450 3910 3609 3968 falsas

739 3971 1069 4028 PSALMUS
1107 3970 1344 4026 xxx1x.
1976 3970 2132 4068 sum;
2166 4018 2224 4056 sa

670 4076 1036 4117 RGUMENTUM
1076 4076 1232 4115 PSAL.
1274 4076 1463 4115 XXXIX.
1978 4093 2224 4117 ...κη-ιη...

2058 4006 2132 4068 nt,
2166 4000 2320 4056 saxis
2369 4000 2540 4056 deum
2592 3998 2912 4066 formasse;
2963 3998 3129 4054 dictae
3175 3999 3438 4067 insania,
3474 3999 3612 4071 quia

2058 4093 2231 4117 ...ιη-ν.
2268 4086 2471 4117 fallunt
2498 4104 2510 4117 ο
2545 4087 2590 4117 ῐ]
2623 4090 2675 4117 ιιι
2709 4086 2901 4117 ην-ηηῖη
2948 4102 3050 4117 -ηιη
3085 4087 3299 4117 una“...
3346 4086 3612 4117 ‘nnm:nnn

632 4080 1036 4117 ARGUMENTUM
1076 4080 1232 4115 PSAL.
1274 4080 1463 4115 XXXIX.

254 4183 303 4239 C
338 4180 478 4237 Vox
514 4176 784 4234 Ecclesia
813 4176 1033 4249 gratias
1059 4175 1306 4249 agentis,
1339 4175 1480 4247 quia
1526 4175 1595 4230 de
1627 4190 1871 4230 moerere
1978 4176 2282 4233 insaniunt
2311 4178 2375 4230 ut
2403 4176 2801 4249 peccent.Quas
2818 4173 3084 4229 nominat
3109 4174 3420 4245 Apostolus
3441 4190 3617 4246 opera

176 4270 419 4328 mundi
456 4267 711 4323 liberata
760 4269 867 4334 est,
900 4264 1143 4338 ipseque
1175 4264 1459 4319 Dominus
1489 4266 1751 4319 sanctam
1783 4263 1871 4317 in-
1980 4264 2173 4320 carnis
2215 4262 2356 4335 (Gal.
2387 4261 2482 4333 v);
2515 4260 2754 4316 insaniae
2784 4261 2941 4317 falsas
2972 4265 3128 4330 sunt,
3161 4261 3300 4332 quia
3327 4259 3556 4318 fallunt.

177 4357 629 4416 carnationem
660 4357 718 4409 et
739 4353 1032 4425 justitiam
1072 4369 1193 4409 suae
1224 4350 1651 4425 praedicationis
1697 4367 1874 4427 expo-
2013 4355 2048 4407 7
2122 4352 2303 4407 Multa
2332 4350 2529 4419 fecisti,
2563 4357 2622 4404 tu
2653 4350 2873 4404 Domine
2901 4350 3042 4404 Deus
3062 4350 3351 4405 mirabilia
3377 4356 3472 4405 tua
3491 4368 3512 4405 :

177 4465 367 4515 nens,
407 4443 618 4502 Patris
648 4440 934 4498 auxilium
966 4441 1327 4512 deprecatur.
2125 4444 2192 4497 Et
2215 4437 2631 4507 cogitationibus
2660 4438 2787 4505 tuis,
2820 4452 2931 4492 non
2960 4440 3040 4492 est
3060 4438 3158 4508 qui
3174 4437 3376 4493 similis
3396 4439 3470 4494 sit
3487 4439 3610 4495 tibi.

334 4535 473 4592 TT.
513 4532 579 4587 In
606 4532 772 4603 finem
796 4529 1046 4602 psalmus
1078 4527 1273 4585 David.
2020 4531 2055 4585 8
2124 4527 2460 4584 Annuntiavi
2486 4532 2538 4581 et
2567 4526 2773 4581 locutus
2798 4541 2922 4580 sum
2949 4542 2962 4579 :

250 4630 297 4681 C
328 4626 526 4696 Saepe
559 4619 818 4675 diximus
848 4635 952 4692 per
1002 4618 1200 4684 finem,
1250 4619 1306 4671 et
1351 4615 1531 4671 David
1582 4614 1876 4671 Christum
2126 4616 2470 4687 Multiplicati
2497 4621 2623 4669 sunt
2647 4629 2810 4686 super
2837 4629 3147 4670 numerum.

177 4713 545 4770 Dominum
578 4706 1023 4781 signiﬁcari,eui
1044 4705 1311 4779 psalmus
1331 4703 1441 4760 iste
1460 4704 1750 4776 aptandus
1770 4707 1877 4759 est.
1910 4723 1956 4787 ι)
2058 4706 2106 4762 Η
2137 4703 2319 4761 Multa
2343 4702 2757 4772 fecisti,narrat
2786 4701 3071 4775 Propheta
3090 4702 3289 4759 divina
3318 4703 3621 4759 miracula.

216 4807 240 4859 1
332 4805 700 4873 Respectans
727 4796 1033 4868 exspectavi
1065 4796 1366 4850 Dominum
1397 4812 1413 4847 :
1985 4796 2042 4853 id
2064 4798 2151 4851 est
2163 4791 2471 4850 ostendisti
2489 4791 2754 4865 patribus
2768 4790 2982 4847 nostris
2998 4791 3398 4848 mirabiliatua
3418 4792 3620 4849 multa.

334 4893 412 4947 Et
452 4886 712 4945 intendit
727 4886 888 4941 mihi.
1991 4885 2115 4942 Non
2147 4887 2235 4940 est
2265 4881 2363 4954 qui
2394 4881 2608 4937 similis
2642 4880 2721 4936 sit
2750 4880 2857 4935 tibi
2892 4898 2904 4935 :
2951 4880 2993 4934 C
3040 4880 3317 4952 Nunquid
3365 4879 3478 4936 tale
3515 4884 3625 4950 est,

253 4981 304 5037 H
338 4980 758 5051 Exspectans,
791 4989 901 5030 vox
930 4971 1215 5028 Ecclesiae.
1251 4971 1402 5027 Dicit
1445 4988 1506 5026 se
1552 4974 1882 5043 exspectare
1995 4972 2195 5047 ignitis
2228 4970 2452 5026 facibus
2482 4969 2542 5024 in
2574 4969 2796 5025 theatro
2822 4967 3041 5037 ludere,
3076 4968 3250 5040 quale
3295 4968 3403 5025 fuit
3440 4969 3497 5023 in
3527 4985 3627 5025 ca-

179 5058 1885 5136 Dominuminpromissionibusprophetarum,quiapra:—
1994 5062 2153 5116 mino
2201 5059 2355 5132 ignis
2406 5058 2595 5113 tribus
2645 5057 2841 5127 pueris
2897 5056 3233 5113 ambulasse
3278 5060 3451 5127 (Dan.
3495 5057 3629 5128 ni)?

180 5157 438 5215 videbat
473 5151 786 5224 Propheta
815 5167 919 5223 per
948 5149 1232 5221 Spiritum
1265 5152 1534 5203 sanctum
1584 5146 1883 5202 Christum
1993 5153 2038 5205 A
2070 5147 2358 5219 Prospicis
2390 5146 2448 5201 in
2481 5146 2618 5200 fune
2639 5142 3037 5199 ambulantem
3052 5146 3220 5217 quasi
3243 5146 3393 5202 mira
3424 5146 3631 5202 facien-

182 5252 541 5303 venturum
576 5241 638 5296 in
672 5254 864 5296 carne.
896 5238 942 5293 H
974 5238 1041 5292 Et
1071 5235 1322 5292 intendit
1347 5234 1515 5301 mihi,
1560 5250 1663 5306 per
1699 5234 1888 5306 Splen-
1994 5235 2370 5304 tem,attende
2401 5235 2633 5288 Petrum
2666 5237 2929 5288 nostrum
2945 5233 3631 5301 nonfuniambulum,sed

183 5335 398 5393 dorem
441 5326 794 5401 Evangelii,
827 5327 887 5382 in
920 5342 1036 5399 quo
1065 5342 1158 5381 me
1191 5322 1565 5378 illuminavit.
1996 5329 2060 5380 ut
2089 5325 2168 5380 ita
2198 5324 2388 5378 dicam
2420 5321 2871 5377 mariambulum
2902 5322 3083 5394 (Joan.
3110 5327 3247 5391 xxx).
3279 5324 3409 5379 Haec
3455 5321 3630 5377 mira-

217 5429 254 5481 2
333 5429 408 5483 8t
440 5417 762 5480 exaudivit
784 5431 973 5488 preces
1002 5430 1151 5470 meas
1184 5432 1202 5467 :
1996 5412 2128 5470 cula
2159 5410 2289 5467 fecit
2317 5410 2507 5476 Deus;
2540 5409 2669 5481 ipsa
2700 5409 2923 5465 intuere
2969 5410 3136 5466 oculo
3181 5411 3337 5468 fidei.
3371 5412 3496 5468 Non
3545 5411 3635 5463 est

330 5516 406 5571 Et
439 5508 664 5569 eduxit
695 5520 782 5560 me
808 5503 874 5559 de
897 5504 1023 5558 lacu
1049 5502 1297 5558 miseria
1324 5506 1375 5554 et
1404 5499 1468 5555 de
1498 5500 1609 5554 luto
1637 5500 1789 5570 feris.
1997 5499 2096 5573 qui
2130 5497 2342 5554 similis
2363 5497 2439 5553 sit
2467 5498 2539 5553 ei.

258 5603 306 5658 Η
337 5603 417 5658 Et
451 5592 779 5655 exaudivit
808 5606 1009 5664 preces
1057 5605 1245 5658 meas,
1280 5586 1419 5657 quia
1466 5587 1589 5658 ipse
1640 5585 1783 5640 mihi
1829 5586 1888 5641 in
2070 5587 2116 5641 Η
2170 5585 2483 5658 Hucusque
2539 5584 2899 5640 credentium
2951 5584 3205 5656 populus
3247 5586 3478 5643 locutus
3525 5582 3633 5635 est.

194 5690 348 5749 Novo
378 5684 801 5748 Testamento
833 5678 1082 5735 refulsit.
1115 5678 1184 5732 Et
1213 5673 1412 5729 eduxit
1442 5690 1535 5729 me
1564 5675 1633 5729 de
1664 5672 1889 5742 lacu,in
2000 5674 2147 5731 Hinc
2196 5674 2321 5746 ipse
2364 5672 2646 5728 Dominus
2696 5673 2768 5729 ad
2818 5673 3043 5728 Patrem
3102 5670 3183 5725 ita
3232 5687 3474 5730 exorsus
3530 5667 3639 5749 08?-

196 5745 665 5857 quo'immersa
701 5782 887 5838 eram,
920 5784 1056 5823 cum
1106 5760 1424 5823 simulacra
1470 5768 1635 5819 muta
1686 5762 1891 5822 adora-
2001 5760 2372 5834 Annuntiavi,
2407 5761 2607 5820 dicens
2642 5777 2654 5817 :
2689 5758 3090 5816 Paenitentiam
3123 5757 3283 5827 agite
3316 5756 3521 5831 (Matth.
3542 5745 3643 5821 ιν).

542 5900 829 5964 ΡΑτηοι..
877 5892 1107 5959 CXLII.

3298 5880 3343 5960 ρ

1978 4093 2234 4146 mentem
2266 4086 2512 4155 fallunt;
2545 4087 2591 4141 Η
2623 4090 2679 4141 et
2709 4086 2906 4142 omnia
2948 4102 3051 4158 pro
3084 4087 3300 4158 quibus
3346 4086 3614 4143 homines
3716 4125 3723 4132 -
