3936 6416
301 442 412 502 171

1213 451 1280 510 8.
1327 449 1722 511 BRUNONIS
1767 446 2384 510 HERBIPOLENSIS
2428 447 2804 510 EPlSCOPI.

3601 447 3722 531 H3

299 576 344 633 C
371 576 628 637 Locutus
657 579 1056 653 sum,scilicet
1083 596 1220 637 cum
1245 580 1398 638 inter
1426 597 1534 637 nos
1566 585 1946 638 conversatus
1973 581 2030 649 Α
2061 572 2216 653 (Luc.
2242 579 2330 652 ιι.)
2359 580 2402 635 Η
2436 580 2662 637 Veritas
2692 585 2750 637 et
2778 578 3055 638 salutaris
3085 579 3353 644 Christus
3390 583 3502 648 est,
3537 597 3720 654 quem

295 665 732 739 evangelizavit.
768 667 1140 740 Multiplicati
1174 673 1311 726 sunt
1341 687 1518 742 super
1547 674 1950 736 numerum,H

223 759 230 763 ’
293 753 488 812 Judaei
521 755 582 812 in
638 755 866 814 malitia
913 775 1023 814 sua
1068 757 1208 814 foris
1249 775 1560 814 numerum
1619 763 1778 828 sunt,
1813 759 1952 832 quia

294 859 414 899 non
445 848 586 900 sunt
615 844 777 918 digni
798 845 1094 904 numerari
1121 847 1181 903 in
1195 863 1440 904 numero
1451 849 1836 919 justorum.H
1850 847 1952 904 AC

289 929 398 988 Vel
427 937 788 1006 peccatores,
821 935 1156 1010 quicunque
1199 936 1540 1004 damnandi,
1571 937 1748 992 etiam
1783 936 1946 992 Chri-

293 1019 470 1076 stiani
517 1021 657 1078 dicti
699 1029 840 1081 sunt
866 1041 1045 1098 super
1072 1042 1384 1082 numerum
1418 1025 1857 1096 salvandorum,
1890 1027 1948 1082 id

294 1113 386 1166 est
407 1113 589 1167 extra.

331 1199 368 1254 9
439 1200 786 1274 Sacriﬁcium
807 1211 859 1260 et
885 1203 1213 1262 oblationem
1241 1205 1474 1261 noluisti
1501 1223 1520 1260 :

439 1290 610 1346 Aures
637 1299 820 1348 autem
842 1292 1130 1368 per/ecisti
1150 1295 1312 1350 mihi.

462 1377 614 1436 Dicit
655 1378 917 1438 noluisse
957 1381 1187 1440 Patrem
1231 1381 1609 1450 sacrificium,
1659 1382 1798 1456 quia
1848 1398 1948 1438 ve-

297 1466 496 1524 niente
523 1466 773 1526 Domino
799 1471 1112 1528 cessabant
1140 1472 1430 1528 sacriﬁcia
1455 1472 1817 1529 Judaeorum.
1840 1474 1951 1528 Au-

296 1570 394 1614 res
431 1561 628 1614 autem
677 1559 970 1632 perfecisti
1028 1559 1196 1630 mihi,
1230 1559 1288 1616 id
1320 1565 1409 1618 est
1433 1562 1506 1618 ad
1555 1561 1947 1618 obediendum

296 1643 664 1703 Patri.C.Vel
683 1651 946 1704 sanctam
977 1648 1439 1706 incarnationem
1470 1651 1599 1722 ejus
1633 1650 1949 1724 signiﬁcat,

296 1732 359 1790 in
389 1751 508 1807 qua
535 1733 691 1790 Patri
723 1737 1004 1793 obediens
1036 1737 1147 1794 fuit
1176 1755 1365 1810 usque
1397 1741 1469 1795 ad
1499 1744 1770 1809 mortem,
1804 1744 1861 1795 et
1888 1739 1949 1795 in

297 1838 416 1895 qua
445 1823 804 1880 sacrificium
825 1829 883 1881 et
911 1825 1266 1883 oblationem
1287 1826 1769 1884 etholocaustum
1797 1829 1950 1885 Patri

299 1914 606 1984 acceptum
638 1929 743 1985 pro
775 1914 1032 1986 peccatis
1063 1915 1328 1971 omnium
1360 1915 1592 1972 obtulit.

301 2001 371 2056 10
441 2001 826 2058 Holocaustum
854 2007 908 2060 et
931 2020 1034 2075 pro
1057 2009 1278 2076 peccato
1307 2022 1419 2062 non
1442 2007 1738 2079 postulasti
1760 2026 1772 2064 :

446 2090 594 2147 Tunc
619 2090 745 2147 dixi
774 2109 788 2148 :
818 2093 951 2149 Ecce
982 2095 1137 2150 venio

375 2177 420 2234 ll
449 2177 870 2238 Holocaustum
900 2186 1098 2240 autem
1129 2199 1233 2256 pro
1266 2188 1502 2257 peccato
1533 2203 1647 2242 non
1688 2185 1794 2242 tibi
1827 2185 1950 2259 pla-

300 2265 442 2338 cuit,
479 2267 593 2324 nisi
623 2269 1038 2344 memetipsum
1061 2289 1165 2345 pro
1187 2273 1366 2330 totius
1397 2274 1601 2330 mundi
1623 2275 1831 2332 delicto
1845 2275 1950 2332 tibi

297 2349 655 2414 sacriﬁcium
687 2358 1009 2417 exhiberes.
1042 2362 1206 2417 Tunc
1237 2361 1546 2420 dixizEcce
1559 2364 1750 2432 venio,
1767 2365 1822 2421 id
1838 2371 1948 2437 est,

299 2461 602 2504 assumam
632 2462 872 2504 carnem
901 2447 961 2504 in
995 2466 1112 2524 qua
1140 2449 1348 2522 patiar.

301 2535 364 2590 11
440 2535 506 2592 In
551 2537 728 2609 capite
777 2537 913 2594 libri
955 2541 1221 2611 scriptum
1257 2545 1336 2598 est
1383 2541 1449 2597 de
1491 2558 1579 2599 me
1614 2552 1676 2600 ut
1713 2545 1951 2616 facerem

511 2624 850 2682 voluntatem
879 2629 1053 2682 tuam.

443 2713 582 2769 Deus
609 2729 783 2781 mus,
813 2714 968 2771 volui
993 2723 1044 2772 et
1073 2715 1245 2786 legem
1274 2725 1428 2774 tuam
1455 2721 1517 2775 in
1556 2721 1734 2778 medio
1775 2724 1952 2782 cordis

511 2802 645 2858 mei.

371 2887 419 2944 H
449 2889 497 2944 A
539 2889 581 2945 C
629 2889 694 2946 In
741 2889 930 2962 capite
970 2889 1104 2947 libri
1153 2893 1438 2966 seriptum
1491 2899 1580 2952 est
1625 2897 1698 2953 de
1742 2915 1856 2967 me,
1889 2899 1950 2957 in

299 2975 452 3034 libro
490 2975 604 3034 isto
661 2977 1048 3049 Psalmorum.
1086 2981 1150 3037 In
1192 2983 1379 3056 capite
1424 2984 1490 3040 de
1533 3001 1591 3042 se
1634 2985 1776 3044 dicit
1823 3005 1950 3046 esse

299 3065 608 3142 scriptum,
641 3082 778 3123 cum
809 3067 1024 3124 dicitur
1056 3086 1068 3126 :
1103 3070 1316 3128 Beatus
1347 3071 1435 3128 vir
1463 3073 1564 3146 qui
1615 3091 1733 3130 non
1785 3077 1947 3147 abiit,

299 3155 410 3210 etc.
443 3153 493 3210 Η
521 3153 626 3212 Vel
654 3155 716 3212 in
743 3154 1054 3230 Evangelia
1087 3175 1101 3213 :
1124 3159 1186 3214 In
1209 3159 1495 3234 principio
1516 3167 1642 3220 erat
1669 3164 1947 3222 Verbum.

300 3241 406 3299 Vel
435 3242 494 3299 in
525 3245 716 3318 capite
742 3243 875 3302 libri
907 3246 1132 3304 Veteris
1155 3249 1532 3320 Testamenti,
1561 3252 1661 3308 ubi
1693 3253 1946 3313 dicitur:

1983 1958 2032 2024 B

2059 666 2379 741 praedicant
2409 671 2617 727 sancti.
2650 671 2691 726 C
2721 669 2785 726 In
2815 669 3264 743 congregatione
3299 685 3537 744 quoque
3567 671 3720 728 den-

2061 755 2301 813 sissima
2360 757 2664 814 veritatem
2708 758 2856 816 dixit
2909 759 3198 828 Christus,
3251 760 3487 834 quando
3553 759 3717 821 Isaia

2061 846 2279 904 librum
2310 847 2602 920 accipiens
2629 853 2686 904 et
2713 849 3131 922 legens,dixit:
3167 849 3347 906 Hodie
3377 849 3722 924 impletaest

2060 935 2183 991 hanc
2203 936 2504 1008 Scriptura
2530 937 2681 1008 (Luc.
2717 940 2812 1009 Iv).

2063 1026 2132 1082 15
2211 1026 2367 1090 Τασέο
2424 1033 2607 1083 autem
2649 1033 2663 1092 ζ
2731 1027 2978 1096 Domine,
3011 1043 3081 1082 ne
3129 1027 3286 1096 longe
3331 1028 3507 1098 facias
3546 1029 3714 1084 mise-

2274 1115 2514 1170 rationes
2545 1123 2668 1172 tuas
2698 1133 2733 1172 a
2759 1132 2846 1174 me
2877 1134 2890 1174 :

2201 1203 2573 1260 Misericordia
2619 1213 2715 1262 tua
2741 1212 2794 1262 et
2829 1207 3032 1262 veritas
3077 1213 3174 1264 tua
3212 1221 3422 1278 semper
3463 1221 3714 1283 suscepe-

2274 1300 2409 1348 runt
2434 1310 2542 1348 me.

2130 1377 2172 1434 C
2211 1379 2472 1438 Narratis
2524 1381 2742 1436 sanctis
2793 1379 3088 1454 operibus,
3120 1381 3194 1439 ad
3241 1381 3535 1458 passionis
3590 1399 3716 1442 sum

2057 1466 2304 1540 gloriam
2364 1469 2534 1536 redit,
2594 1469 2696 1525 ubi
2751 1468 2960 1526 merito
3020 1471 3247 1530 Patrem
3305 1475 3598 1544 precatur,
3637 1487 3716 1532 ne

2057 1554 2230 1630 longe
2260 1556 2332 1613 ab
2381 1573 2448 1613 eo
2489 1557 2665 1614 faciat
2708 1559 3116 1618 misericordias
3163 1576 3312 1618 suas.
3341 1559 3716 1622 Misericordia

2057 1645 2207 1700 enim
2236 1644 2368 1714 fuit,
2401 1649 2467 1701 ut
2491 1645 2817 1706 humanam
2867 1652 3140 1706 naturam
3195 1647 3340 1706 vitio
3386 1649 3715 1724 sauciatam

2061 1734 2558 1806 praevaricationis
2589 1753 2699 1792 sua
2728 1737 3128 1794 incarnatione
3153 1736 3428 1798 salvaret.
3456 1737 3711 1814 Veritas,

2061 1827 2127 1878 ut
2182 1822 2630 1880 resurrectionis
2685 1825 2966 1882 beneﬁcio
3016 1827 3244 1886 sederet
3288 1826 3363 1884 ad
3412 1827 3713 1890 dexteram

2061 1911 2268 1968 Patris.
2303 1913 2700 1986 Susceperunt
2729 1931 2843 1983 me,
2876 1913 3096 1972 scilicet
3129 1915 3202 1972 ad
3238 1913 3711 1988 gloriﬁcandum.

2067 2001 2132 2055 16
2207 2001 2478 2070 Quoniam
2516 2002 2992 2060 circumdederunt
3020 2019 3106 2062 me
3133 2003 3286 2060 mala
3321 2020 3554 2077 quorum
3599 2022 3717 2066 non

2274 2099 2355 2147 est
2383 2107 2644 2148 numerus
2679 2110 2692 2149 ἒ

2206 2179 2738 2252 Comprehenderunt
2779 2196 2866 2238 me
2921 2182 3240 2254 iniquitates
3295 2195 3454 2248 mea,
3503 2189 3556 2238 et
3598 2198 3709 2238 non

2271 2271 2431 2340 potui
2458 2277 2519 2324 ut
2548 2269 2807 2326 viderem.

2132 2356 2173 2410 C
2193 2355 2346 2414 Dicit
2368 2357 2440 2414 de
2467 2357 2748 2415 membris
2777 2358 2926 2428 suis,
2953 2374 3204 2432 quorum
3236 2357 3363 2432 ipse
3388 2362 3564 2432 caput
3593 2363 3710 2426 est,

2057 2461 2126 2500 se
2157 2445 2599 2504 circundedisse
2630 2445 2806 2514 mala,
2837 2451 2904 2503 ut
2941 2464 3006 2504 se
3057 2446 3179 2520 pati
3223 2447 3616 2520 proﬁteretur,
3649 2448 3712 2510 id

2061 2534 2216 2605 quod
2237 2536 2412 2590 turba
2423 2534 2685 2591 ﬁdelium
2717 2535 3066 2603 sustinebat,
3097 2552 3204 2592 nec
3219 2552 3347 2594 esse
3370 2551 3710 2608 numerum,

2061 2621 2286 2680 scilicet
2314 2624 2470 2697 apud
2493 2623 2976 2681 homines.Addit
3003 2624 3574 2698 comprehenderem
3603 2624 3714 2692 ini-

2061 2711 2332 2785 quitates,
2349 2713 2631 2770 Dominus
2643 2713 2801 2770 enim
2819 2713 3081 2772 Salvator
3109 2730 3215 2772 nec
3236 2714 3393 2774 mala
3417 2719 3715 2788 perpetra-

2058 2801 2160 2871 vit,
2184 2818 2290 2858 nec
2321 2801 2736 2876 iniquitatibus
2767 2802 2982 2875 patuit,
3001 2803 3105 2860 sed
3135 2802 3246 2860 hoc
3274 2819 3309 2859 a
3336 2807 3501 2884 parte
3528 2819 3716 2869 mem-

2059 2891 2302 2947 brorum
2343 2891 2509 2960 dixit,
2543 2908 2578 2948 a
2633 2891 2851 2966 quibus
2903 2891 3044 2948 talia
3089 2897 3437 2952 sustinetur.
3469 2891 3712 2959 Pietatis

2059 2980 2218 3037 enim
2246 2981 2430 3037 nostri
2461 2981 2672 3054 capitis
2704 2982 2816 3037 fuit
2843 2985 2906 3038 ut
2927 2980 3028 3054 qui
3054 2982 3126 3037 de
3155 2998 3217 3038 se
3248 2979 3432 3040 multa
3462 2981 3709 3052 dixerat,

2059 3070 2130 3126 de
2160 3069 2432 3126 ﬁdelibus
2473 3071 2688 3126 faceret
2738 3069 3116 3128 mentionem.
3148 3069 3195 3127 Η
3244 3061 3710 3143 Οοωρνθὶιθιιὰϐέ

2059 3163 2199 3215 runt
2228 3159 2556 3216 humanum
2587 3176 2774 3232 genus
2804 3159 3167 3232 iniquitates,
3199 3159 3258 3216 id
3291 3163 3381 3216 est
3425 3158 3710 3234 originale

2058 3251 2386 3320 peccatum,
2420 3264 2490 3304 ex
2520 3265 2636 3320 quo
2668 3247 3036 3321 pullularunt
3079 3246 3441 3320 iniquitates.
3473 3245 3541 3304 Et
3587 3264 3706 3310 non

295 3333 342 3388 A
373 3332 437 3390 In
483 3333 792 3410 principio,
823 3335 883 3391 id
913 3341 1004 3393 est
1035 3335 1180 3394 ﬁlio
1205 3339 1424 3395 creavit
1471 3339 1649 3406 Deus,
1682 3347 1792 3398 etc.
1837 3343 1950 3401 Vo-
1981 3331 2025 3398 C
2061 3337 2254 3410 potuit
2283 3341 2349 3392 ut
2374 3337 2812 3410 viderem,quia
2840 3336 2941 3392 lux
2967 3335 3227 3392 veritatis
3251 3336 3360 3392 fuit
3388 3336 3705 3393 abstracta.

295 3421 584 3479 luntatem
628 3418 819 3480 Patris
865 3423 1000 3480 fecit
1047 3427 1283 3498 quando
1331 3429 1635 3484 descendit
1681 3431 1752 3486 de
1782 3431 1945 3488 ccelo.

298 3509 472 3589 Volui
501 3515 568 3567 ut
597 3527 703 3584 pro
719 3511 838 3568 vita
853 3513 1118 3570 omnium
1141 3519 1392 3570 mortem
1421 3517 1767 3575 sustineam.
1782 3520 1823 3576 C
1839 3521 1952 3578 Lex

301 3599 504 3655 divina
531 3599 594 3655 in
637 3599 832 3656 medio
885 3600 1080 3658 cordis
1117 3602 1306 3676 ipsius
1356 3603 1486 3672 fuit,
1525 3607 1669 3663 dum
1717 3607 1778 3663 in
1824 3609 1952 3684 lege

301 3685 538 3744 Domini
567 3687 966 3744 meditabatur
995 3688 1088 3745 die
1116 3706 1184 3746 ac
1214 3695 1400 3748 nocte.

297 3777 371 3834 42
441 3777 790 3833 Annuutiavi
806 3777 1086 3850 justitiam
1113 3786 1264 3834 tuam
1289 3781 1349 3836 in
1379 3782 1606 3839 ecclesia
1631 3799 1832 3857 magna
1860 3805 1875 3844 :

438 3865 572 3922 Ecce
598 3865 750 3922 labia
775 3882 898 3922 mea
924 3881 1035 3923 non
1058 3869 1352 3940 prohibebo
1379 3871 1624 3941 Domine,
1657 3881 1716 3929 tu
1741 3877 1908 3933 scisti.

365 3951 412 4008 ὓ
439 3941 593 4009 Bene
622 3951 912 4008 nuntiavit
929 3952 1249 4030 justitiam,
1273 3955 1500 4014 dicens:
1518 3959 1643 4016 Non
1666 3960 1750 4018 sic
1780 3963 1945 4038 impii

293 4057 411 4098 non
435 4040 546 4122 sic.
569 4041 644 4124 _In
673 4040 919 4098 ecclesia
945 4059 1182 4117 magna,
1216 4044 1274 4101 id
1315 4050 1404 4103 est
1432 4047 1491 4104 in
1546 4053 1667 4108 toto
1721 4055 1944 4111 mundo

288 4130 524 4189 diffusa.
554 4129 682 4188 Non
712 4131 1012 4204 prohibuit
1039 4132 1196 4192 labia
1225 4151 1354 4203 sua,
1409 4138 1510 4210 qui
1541 4155 1658 4197 non
1717 4142 1946 4200 destitit

289 4220 661 4294 praedicando
678 4221 992 4279 admonere
1021 4221 1307 4296 populum
1335 4227 1800 4298 perﬁdorumzin
1826 4249 1945 4305 qua

287 4312 452 4382 parte
481 4313 692 4367 testem
737 4310 965 4368 Patrem
997 4312 1247 4382 invocat,
1285 4315 1426 4386 quia
1474 4317 1640 4375 nulla
1684 4322 1944 4392 pericula

287 4397 510 4456 timuit.
542 4399 590 4456 H
623 4399 805 4456 Labia
833 4414 1068 4475 quoque
1098 4401 1338 4475 Christi,
1371 4407 1560 4462 sancti
1612 4415 1790 4478 sunt;
1822 4419 1940 4466 non

285 4477 558 4562 prahibet
584 4487 717 4546 illos
746 4491 1079 4562 praedicare,
1095 4493 1250 4549 sicut
1269 4499 1510 4550 sanctus
1533 4497 1750 4555 Paulus
1777 4477 1938 4568 dicit,

283 4577 528 4634 verbum
559 4579 658 4636 Dei
690 4595 807 4635 non
837 4584 928 4636 est
955 4579 1260 4654 alligatum
1293 4582 1366 4653 (II
1399 4585 1531 4639 Tim.
1566 4589 1650 4653 ιι).

285 4667 354 4723 13
423 4669 710 4724 Justitiam
741 4672 897 4724 tuam
923 4685 1035 4724 non
1063 4669 1325 4725 abscondi
1351 4671 1413 4724 in
1443 4672 1602 4728 corde
1627 4689 1745 4730 meo
1775 4693 1796 4732 :

427 4756 716 4812 Veritatem
745 4759 899 4811 luam
925 4759 979 4811 et
1006 4757 1253 4812 salutare
1283 4761 1444 4812 tuum
1471 4759 1622 4815 dixi.

351 4843 396 4898 C
420 4843 578 4900 Justi
615 4843 908 4910 voluntas,
931 4848 1021 4898 est
1067 4859 1204 4898 cum
1246 4848 1440 4916 potest
1479 4849 1794 4921 prodesse;
1824 4870 1938 4911 non

281 4931 640 4988 abscondere
669 4931 994 5000 veritatem,
1011 4932 1166 5004 quod
1191 4931 1475 4990 Dominus
1500 4935 1764 4996 Salvator
1781 4942 1936 5013 fecit,

280 5019 562 5090 quoniam
617 5021 825 5075 turbas
861 5019 1222 5094 increpabat,
1251 5024 1536 5096 arguebat
1581 5026 1935 5100 incredulos,

279 5104 328 5162 Il
358 5107 678 5164 Veritatem
710 5113 872 5164 tuam
903 5110 1042 5178 dixi,
1077 5111 1217 5184 quia
1246 5129 1420 5170 verax
1453 5132 1534 5171 es.
1559 5117 1628 5172 Et
1657 5119 1931 5190 salutare,

280 5197 436 5267 quod
469 5195 634 5253 salus
663 5214 727 5254 es
757 5199 1048 5256 omnium.

281 5285 349 5340 14
419 5287 541 5342 Non
567 5286 824 5344 abscondi
857 5291 1296 5347 misericordiam
1344 5295 1496 5350 tuam
1545 5305 1596 5352 et
1637 5302 1933 5358 veritatem

491 5379 649 5432 tuam
679 5394 693 5434 :

415 5465 458 5520 Α
487 5453 720 5522 concilio
747 5465 942 5534 multo,

347 5551 388 5606 C
415 5553 542 5610 Non
573 5553 882 5612 abscondit
928 5556 1388 5616 misericordiam
1437 5562 1626 5620 Patris
1669 5582 1805 5625 cum
1838 5569 1926 5625 di-

274 5640 466 5726 xit:Si
499 5659 634 5700 cum
662 5661 766 5702 vos
797 5645 930 5722 sitis
954 5645 1336 5726 _mali:nostis
1365 5651 1517 5707 bona
1545 5653 1682 5708 data.
1711 5656 1849 5712 dare
1867 5659 1926 5715 fi-

2061 3427 2128 3480 17
2201 3426 2586 3499 Malliplicatae
2612 3434 2744 3482 sunt
2771 3442 2936 3498 super
2961 3425 3191 3498 capillos
3218 3426 3414 3498 capitis
3440 3426 3551 3482 mei
3580 3442 3596 3481 :

2200 3517 2267 3571 Et
2291 3532 2385 3572 cor
2410 3532 2595 3572 meum
2621 3515 2917 3588 dereliquit
2945 3530 3053 3571 me.
3075 3509 3082 3514 ’

2130 3603 2172 3660 C
2203 3603 2586 3678 Multiplicata
2614 3610 2704 3662 est
2732 3605 2863 3679 ipsa
2882 3603 3163 3678 iniquitas
3177 3619 3352 3677 snper
3371 3602 3632 3677 capillos,
3647 3603 3708 3661 id

2059 3698 2148 3750 est
2159 3709 2532 3770 supergenus
2544 3693 3063 3752 humanum.CCor
3073 3709 3322 3754 nosvero
3334 3693 3714 3775 derelinquit,

2060 3786 2279 3855 quanto
2310 3784 2566 3857 peccatis
2595 3783 2771 3840 homo
2801 3799 2953 3856 aeger
2980 3782 3288 3856 profutura
3315 3797 3431 3848 non
3463 3784 3708 3858 appetit.

2057 3871 2106 3928 ll
2135 3871 2238 3928 Vel
2271 3874 2507 3946 quando
2538 3873 2714 3930 homo
2743 3877 2962 3946 peccat,
2993 3886 3096 3928 cor
3122 3888 3299 3928 suum
3338 3889 3454 3928 non
3506 3871 3706 3940 habet,

2056 3965 2121 4016 ut
2150 3978 2283 4016 cum
2309 3961 2493 4019 David
2523 3961 2670 4020 dixit
2699 3981 2714 4020 :
2747 3960 2973 4022 Invenit
3000 3977 3206 4028 servus
3233 3965 3373 4018 tuus
3401 3977 3500 4018 cor
3529 3976 3711 4019 suum

2052 4051 2130 4120 (II
2147 4050 2276 4120 Reg.
2310 4054 2432 4122 vn).

2055 4139 2122 4194 18
2197 4139 2542 4212 Complacent
2569 4142 2692 4212 tibi,
2725 4141 2976 4210 Domine,
3004 4148 3068 4198 ut
3093 4155 3256 4208 eruas
3275 4156 3362 4203 me
3393 4158 3408 4196 :

2202 4233 2450 4299 Domine,
2478 4231 2546 4288 od
2573 4230 2947 4304 adjuvandum
2973 4247 3063 4286 me
3085 4231 3312 4316 respice.

2124 4325 2166 4380 C
2196 4320 2588 4394 Complaceat,
2623 4321 2681 4376 id
2713 4324 2820 4388 est,
2855 4319 3100 4377 comiter
3129 4318 3376 4394 placeat,
3397 4317 3712 4385 concordia

2051 4413 2147 4470 hic
2175 4409 2475 4468 Trinitatis
2487 4409 2834 4465 ostenditur.
2848 4409 2994 4466 Nam
3009 4409 3166 4483 quod
3179 4407 3388 4482 placet,
3403 4404 3580 4475 Patri,
3594 4407 3708 4486 hoc

2051 4501 2214 4570 Filio,
2230 4501 2338 4558 hoc
2370 4503 2428 4556 et
2457 4498 2702 4571 Spiritui
2731 4502 2954 4556 sancto.
2976 4497 3174 4566 Addit,
3193 4497 3321 4564 tibi,
3341 4500 3408 4554 ut
3435 4501 3707 4556 sanctam
3810 4525 3820 4533 ~

2047 4589 2393 4647 Trinitatem
2427 4604 2611 4643 unum
2643 4587 2828 4645 Deum
2857 4603 2988 4649 esse
3019 4601 3422 4660 cognosceres.
3441 4585 3704 4655 Domine,

1966 4699 2014 4766 D
2046 4681 2119 4736 ad
2141 4677 2543 4752 adjuvandum
2566 4693 2660 4732 me
2681 4677 2924 4766 respice,
2945 4680 3012 4732 ut
3035 4659 3436 4766 intelligamus
3457 4688 3708 4766 conspes

2045 4773 2206 4826 ctum
2237 4767 2366 4840 ejus
2397 4769 2665 4822 nostrum
2697 4764 3038 4838 praesidium
3059 4779 3188 4821 esse
3215 4781 3228 4834 ;
3251 4762 3422 4822 aliter
3447 4761 3605 4820 enim
3635 4761 3708 4826 li-

2049 4857 2241 4914 berari
2272 4872 2388 4912 non
2417 4869 2739 4926 possumus
2767 4852 2882 4912 nisi
2923 4871 3032 4912 nos
3064 4853 3346 4911 Divinitas
3384 4851 3707 4910 clementer

2045 4943 2340 5019 respiciat.

2049 5035 2114 5090 19
2190 5031 2612 5106 Confundantur
2638 5039 2690 5088 et
2719 5039 3072 5094 revereantur
3100 5031 3270 5088 simul
3303 5049 3316 5088 :

2187 5125 2294 5194 Qui
2322 5129 2582 5195 quarunt
2610 5123 2864 5178 animam
2891 5138 3072 5180 meam
3103 5129 3166 5178 ut
3195 5121 3460 5196 auferant
3485 5137 3628 5179 eam.

2112 5215 2154 5270 C
2183 5209 2908 5279 Confundautur,dixit,id
2939 5209 3401 5268 estmirabilium
3430 5207 3698 5266 conside.
3739 5253 3749 5258 -

2040 5302 2265 5358 ratione
2295 5301 2626 5358 turbentur.
2657 5299 2724 5355 Et
2751 5305 3144 5369 revereantur,
3173 5299 3284 5357 hoc
3314 5304 3404 5356 est
3433 5312 3695 5358 resurre-

2039 5389 2250 5447 ctionis
2287 5388 2477 5463 gloria
2531 5389 2918 5462 corrigantur,
2955 5393 3022 5444 ut
3076 5387 3246 5448 illum
3306 5388 3695 5449 conﬁteantur

2039 5486 2437 5552 Deum,quem
2449 5477 2676 5536 dudum
2697 5481 3056 5550 putaverunt
3081 5479 3361 5541 occisum.
3395 5473 3603 5543 Simul,
3629 5472 3691 5530 id

2035 5574 2126 5626 est
2173 5573 2315 5641 quot
2357 5567 2862 5640 persequebantur
2911 5567 3232 5628 Christum.
3266 5565 3378 5638 Qui
3423 5566 3693 5640 qumruut

2034 5659 2318 5728 animam,
2333 5657 2404 5711 ad
2429 5659 2677 5710 mortem
2699 5673 2712 5724 ;
2731 5660 2794 5710 ut
2809 5656 3080 5716 auferant
3099 5673 3250 5724 eam,
3269 5655 3328 5710 id
3347 5653 3548 5728 estqui
3559 5669 3692 5710 con-

271 5725 368 5790 liis
397 5734 626 5808 vestris,
661 5737 883 5816 quanto
931 5725 1123 5818 magis
1169 5735 1340 5795 Pater
1394 5744 1584 5800 vester
1625 5742 1924 5805 caelestis?
2032 5725 2352 5808 tendunt'a
2381 5760 2624 5824 corpore
2655 5760 2786 5804 meo
2815 5761 3124 5824 segregare
3152 5761 3284 5805 eam
3322 5744 3385 5805 in
3417 5725 3686 5804 mortem.

617 5977 657 6002 ιι
