3936 6434
188 568 307 625 173

185 699 251 771 20
326 699 733 767 Convertantur
758 705 1055 765 retrorsum
1084 704 1135 753 et
1164 702 1512 765 revereantur
1540 712 1553 750 :

331 786 438 854 Qui
466 786 657 857 volunt
682 787 825 843 mihi
849 787 1020 841 mala.

250 872 295 928 C
326 872 447 928 Vox
476 873 691 945 Christi
740 879 1083 943 retrorsum,
1115 873 1210 930 hic
1241 873 1298 928 in
1348 874 1559 929 bonam
1608 875 1834 944 partem

1407 563 1826 625 EXPOSITIO
1867 563 2370 628 PSALMORUM.

1862 700 1920 767 Α

3464 570 3586 628 1⁸14

2526 695 2857 759 PSALMUS
2891 698 3002 759 XL.
3092 762 3095 765 .

2400 802 2793 843 ARGUMENTUM
2828 803 2995 853 PSAL.
3028 804 3118 844 XL.

2011 874 2053 929 C
2073 874 2194 929 Vox
2223 872 2515 946 Prophetas
2546 874 2781 929 beatum
2825 873 3191 953 praedicantis
3239 873 3583 949 elgmosynaa

185 960 345 1027 dicit,
371 966 435 1019 ut
465 962 706 1019 redeant
734 961 794 1033 in
826 961 1183 1034 bonum,qui
1215 960 1437 1017 malum
1467 975 1704 1016 cursum
1726 959 1835 1013 ha-
1941 960 2304 1034 largitorem;
2329 965 2385 1015 et
2404 962 2474 1017 de
2497 961 2763 1032 passione
2784 978 2850 1017 ac
2870 963 3292 1023 resurrectione
3308 963 3544 1033 Christi.

186 1050 459 1123 buerunt.
485 1050 593 1121 Qui
624 1049 882 1120 cogitant
914 1049 1067 1105 mala
1095 1049 1262 1105 mihi.
1288 1048 1328 1105 C
1360 1049 1704 1121 Significant
1731 1047 1836 1102 Ju-

185 1137 444 1193 deorum
477 1137 773 1212 improbas
795 1135 1142 1206 voluntates,
1167 1154 1293 1210 quae
1328 1135 1491 1192 malae
1525 1152 1640 1190 non
1671 1138 1838 1191 erant

189 1225 451 1292 Domino,
473 1226 575 1283 sed
603 1225 729 1281 suis
759 1226 1115 1283 auctoribus.
1144 1225 1448 1298 Cogitatio,
1473 1224 1629 1279 dicta
1659 1240 1693 1277 a
1712 1239 1837 1279 coa-

2314 1050 2430 1105 TT.
2465 1050 2526 1106 In
2553 1051 2716 1121 ﬁnem
2742 1050 2984 1121 psalmus
3014 1051 3214 1127 David.

2014 1138 2055 1193 C
2076 1136 2309 1194 Titulus
2332 1137 2441 1194 iste
2465 1138 2592 1212 jam
2616 1138 2958 1199 notissimus
2987 1144 3097 1213 est,
3117 1142 3220 1197 sed
3250 1141 3584 1217 magnificat

1945 1224 2099 1279 hunc
2150 1225 2473 1297 psalmum,
2519 1227 2677 1298 quod
2724 1225 2784 1281 in
2832 1227 3297 1306 quadragenario
3340 1247 3583 1307 numero

181 1314 406 1383 gitando
446 1330 548 1370 seu
596 1314 849 1386 cogendo.
885 1315 929 1371 il
970 1314 1093 1369 Non
1145 1312 1339 1369 solum
1371 1312 1471 1384 qui
1502 1312 1705 1369 dicunt
1750 1309 1837 1366 vel
1946 1312 2207 1369 noscitur
2252 1312 2598 1381 collocatus;
2646 1313 2746 1387 qui
2792 1314 3051 1377 calculus
3099 1317 3501 1393 emundntioni
3528 1322 3585 1373 et

184 1400 434 1466 faciunt,
458 1402 560 1457 sed
592 1401 769 1457 etiam
799 1400 901 1473 qui
932 1401 1129 1456 volunt
1172 1400 1318 1456 mihi
1350 1398 1507 1457 mala
1537 1415 1549 1454 :
1586 1396 1837 1469 humiles
1944 1400 2330 1473 puriﬁcationi
2361 1402 2693 1474 frequenter
2721 1406 2973 1474 aptatur.

185 1493 510 1560 sequantur
540 1505 653 1555 me,
678 1490 780 1560 qui
812 1489 1060 1561 superbe
1091 1488 1394 1561 praeibant.

181 1578 246 1631 2i
324 1579 527 1631 Ferant
554 1578 842 1647 confestim
864 1578 1241 1648 confusionem
1266 1592 1445 1631 suam.

324 1666 439 1738 Qui
463 1664 658 1723 dicunt
683 1666 824 1720 mihi
856 1682 869 1720 :
904 1665 1069 1737 Euge,
1101 1680 1252 1736 euge.

250 1753 294 1810 C
328 1753 543 1827 Ferant
572 1752 737 1823 dixit,
759 1751 930 1825 quasi
962 1752 1191 1824 pondus
1222 1752 1607 1818 immensum;
1641 1749 1833 1805 confe-

177 1841 345 1910 stim,
372 1845 441 1901 ut
468 1857 705 1913 peccare
731 1840 1026 1912 coeperint,
1052 1857 1123 1909 ne
1152 1840 1384 1911 longius
1414 1837 1833 1911 progrediendo

60 1926 65 1947 '
173 1929 443 2002 peccatis
462 1927 851 2002 periculosius
868 1926 1617 2001 graventur.tlonfusionem
1639 1941 1827 1992 suam,

171 2017 235 2073 id
271 2022 370 2074 est
398 2016 806 2090 cogitationem
833 2033 1091 2089 pravam,
1114 2016 1353 2071 veritate
1374 2012 1829 2081 convictam.Qui

167 2105 392 2162 dicunt
415 2105 590 2163 mihi:
615 2105 791 2177 Euge,
818 2104 910 2161 hic
942 2105 1119 2160 lalsos
1144 2105 1336 2175 arguit
1364 2103 1714 2171 laudatores,
1729 2100 1828 2174 qui

170 2193 480 2259 adulando
500 2192 635 2265 plus
662 2192 928 2248 nituntur
946 2192 1209 2266 decipere
1230 2209 1407 2264 quam
1429 2190 1658 2265 possint
1687 2191 1832 2246 vitu-

170 2280 584 2355 perationibus
614 2280 895 2337 sauciare.
921 2280 966 2336 Η
998 2285 1153 2337 Duos
1185 2280 1400 2352 quippe
1430 2279 1628 2335 hostes
1657 2278 1832 2336 habet

172 2369 457 2433 Ecclesia,
502 2366 866 2424 adulationes
915 2372 973 2424 et
1020 2367 1572 2440 blasphemationes.
1613 2370 1659 2422 A
1706 2367 1830 2424 Duo

170 2458 327 2514 enim
360 2473 584 2530 genera
612 2455 871 2514 hostium
904 2457 1154 2529 maxime
1200 2457 1454 2513 cavenda
1484 2460 1642 2524 sunt,
1678 2454 1829 2510 scili-

168 2552 257 2603 cet
288 2546 393 2618 qui
429 2545 585 2615 bona
609 2545 815 2600 dicunt
835 2544 987 2615 malo
1008 2544 1225 2611 animo,
1247 2545 1319 2600 de
1342 2544 1555 2615 quibus
1577 2542 1721 2597 dixit
1740 2560 1832 2599 su-

170 2652 279 2708 pra
310 2652 325 2690 :
360 2632 468 2706 qui
500 2631 704 2688 volunt
744 2632 888 2688 mihi
938 2632 1121 2697 mala;
1152 2636 1209 2688 et
1257 2633 1356 2703 qui
1404 2632 1559 2687 mala
1606 2631 1827 2699 dicunt,

170 2722 376 2780 dolose
406 2721 731 2789 laudando,
753 2721 825 2777 de
855 2721 1073 2792 quibus
1104 2720 1217 2776 hic.

165 2814 235 2865 22
306 2810 607 2867 Exsultent
635 2817 688 2866 et
727 2810 986 2867 uitentur
1027 2826 1189 2881 super
1241 2817 1292 2866 te
1340 2826 1524 2867 omnes
1575 2824 1833 2883 quaeren-

386 2906 603 2957 teste:

304 2988 374 3044 Et
403 2986 602 3043 dicant
630 3002 841 3057 semper
867 3005 887 3040 :
918 2986 1304 3056 Magni/iretur
1334 2986 1595 3042 Dominus
1623 2986 1721 3057 qui
1746 2984 1833 3041 di-

382 3076 578 3147 ligunt
600 3074 845 3130 salutare
875 3082 1051 3129 tuum.
1762 3079 1770 3087 '

234 3164 277 3219 C
305 3161 651 3229 Exsultent,
684 3160 1098 3233 scilicetjusti,
1130 3168 1187 3217 et
1216 3162 1484 3218 laetentur
1519 3161 1577 3216 in
1618 3161 1833 3235 gaudio

163 3258 406 3320 aeterno,
440 3252 641 3323 Super
678 3255 753 3317 te,
777 3250 824 3306 H
873 3251 930 3306 id
979 3257 1069 3307 est
1118 3252 1174 3307 in
1209 3251 1457 3306 Christo.
1481 3251 1522 3305 C
1554 3251 1658 3319 Qui
1702 3250 1832 3305 dili-

160 3350 316 3412 gunt,
351 3340 412 3396 id
457 3348 544 3397 est
589 3342 688 3412 qui
732 3356 816 3396 me
870 3341 1117 3410 spiritali
1165 3340 1430 3397 cltaritatc
1484 3342 1831 3411 perquirunt.

1984 1491 2005 1545 1
2052 1492 2248 1546 Beatus
2267 1492 2366 1562 qui
2386 1491 2649 1560 intelligit
2664 1507 2828 1564 super
2844 1506 3072 1569 egenum
3089 1498 3145 1558 -:-
3158 1501 3210 1551 et
3221 1509 3516 1571 pauperem
3556 1500 3569 1557 ζ

2050 1580 2111 1639 1η
2140 1579 2229 1635 die
2254 1579 2404 1635 mala
2433 1579 2688 1635 liberabit
2713 1594 2839 1635 eum
2861 1580 3145 1636 Dominus.
3520 1578 3524 1583 ’

2012 1667 2058 1720 Α
2078 1665 2119 1721 C
2141 1667 2351 1722 Beatus
2367 1665 2465 1738 qui
2491 1665 2784 1738 intelligit,
2798 1666 2855 1721 id
2877 1671 2967 1722 est
2987 1671 3051 1722 ut
3066 1667 3243 1747 etiam
3262 1685 3377 1748 non
3398 1674 3572 1748 pstea

1941 1753 2100 1809 tibus
2153 1754 2506 1826 pauperibus
2552 1754 2826 1835 offeratur
2869 1753 3251 1837 eletemosyna.
3479 1754 3583 1831 qui

1941 1841 2157 1913 petenti
2190 1841 2413 1907 tribuit,
2447 1842 2668 1897 bonum
2699 1858 2846 1915 opus.
2875 1840 3080 1910 eilicit;
3113 1843 3214 1916 qui
3232 1860 3364 1911 vero
3394 1848 3586 1901 tacen-

1939 1933 2055 1985 tem
2101 1945 2412 2003 pauperem
2462 1929 2755 2005 intelligit,
2788 1930 3207 1987 beatitudinem
3257 1931 3383 1999 sine
3413 1934 3583 1993 dubi-

1938 2017 2154 2073 tatione
2193 2017 2502 2090 conquirit.
2536 2020 2715 2084 Quem
2767 2018 3052 2085 Dominus
3096 2017 3371 2093 liberabit
3396 2021 3457 2077 in
3488 2022 3582 2078 die

1940 2105 2113 2172 malo,
2138 2106 2193 2161 id
2228 2111 2316 2161 est
2359 2107 2417 2161 in
2468 2106 2559 2161 die
2583 2106 2812 2176 judicii,
2848 2107 2945 2180 qui
2974 2107 3167 2163 malus
3198 2108 3323 2165 dies
3358 2096 3582 2167 dicitur

1940 2193 2132 2260 malis,
2156 2193 2253 2266 qui
2284 2194 2685 2267 peccatoribus
2729 2199 2868 2249 tunc
2897 2194 3094 2253 debita
3141 2212 3312 2270 poma
3358 2195 3579 2270 persol-

1936 2282 2113 2338 vitur.

1974 2373 2009 2424 2
2080 2369 2339 2427 Dominus
2367 2378 2637 2426 conservet
2664 2385 2789 2425 eum
2824 2376 2876 2429 et
2916 2370 3150 2440 vivi/teet
3176 2386 3302 2426 eum
3328 2388 3347 2425 :
3377 2378 3428 2427 et
3456 2372 3579 2427 bea-

2152 2463 2269 2513 tum
2293 2460 2465 2531 faciat
2492 2474 2617 2513 eum
2644 2460 2700 2513 in
2735 2465 2881 2514 terra
2911 2475 2931 2514 :

2084 2554 2148 2609 Et
2170 2563 2281 2603 non
2301 2534 2483 2603 tradat
2502 2563 2624 2601 eum
2645 2548 2707 2607 in
2726 2548 2970 2601 animam
2992 2547 3341 2602 inimicorum
3367 2547 3500 2620 ejus.

2009 2635 2051 2691 C
2081 2635 2409 2705 Conservet,
2432 2635 2598 2703 dixit,
2623 2634 2679 2690 id
2708 2639 2797 2690 est
2826 2635 2976 2691 inter
2996 2633 3152 2692 mala
3172 2633 3365 2692 saeculi
3397 2636 3585 2707 perire

1941 2740 2054 2778 non
2087 2724 2246 2790 sinit,
2281 2724 2381 2779 sed
2413 2723 2483 2778 ad
2516 2739 2687 2779 suam
2717 2722 2963 2795 gratiam
2995 2723 3279 2797 perducit.
3307 2721 3435 2782 Vivi
3458 2740 3587 2797 pro-

1941 2812 2063 2885 prie
2093 2811 2387 2877 dicuntur,
2414 2812 2516 2884 qui
2568 2828 2630 2867 se
2669 2827 2703 2867 a
2739 2810 3067 2867 Christiana
3112 2812 3226 2867 fide
3276 2829 3391 2869 non
3439 2812 3586 2889 divi-

1940 2900 2106 2955 dunt.
2140 2901 2207 2954 Et
2254 2899 2491 2955 beatum
2541 2898 2733 2965 faciet,
2765 2899 2967 2971 utique
3024 2899 3084 2955 in
3143 2900 3585 2970 resurrectione,

1941 3004 2074 3043 cum
2106 3004 2238 3043 eum
2270 2986 2331 3042 in
2361 2987 2595 3042 dextera
2627 2986 2952 3054 collocabit,
2983 2992 3039 3067 et
3077 2987 3135 3042 in
3166 2987 3415 3062 patriam
3446 2988 3582 3059 bea-
3695 3040 3698 3043 .

1942 3082 2134 3131 torum
2167 3074 2440 3131 admittit.
2464 3075 2511 3130 H
2543 3075 2611 3130 Et
2642 3092 2755 3131 non
2785 3076 2977 3132 tradat
3006 3075 3066 3131 in
3100 3092 3309 3131 manus
3338 3074 3425 3131 vel
3457 3075 3583 3132 ani-

1944 3181 2123 3229 mam,
2155 3163 2212 3218 id
2243 3167 2349 3231 est,
2382 3162 2443 3217 in
2491 3166 2803 3235 potestates
2852 3162 3205 3236 diaboli,qui
3253 3161 3579 3218 credulitati

1944 3257 2151 3308 nostrae
2184 3267 2412 3323 semper
2459 3249 2735 3306 inimicus
2781 3249 2994 3305 existit.
3022 3251 3068 3306 Α
3098 3249 3144 3305 Η
3174 3249 3275 3305 Vel
3307 3249 3365 3305 in
3405 3254 3579 3317 terra,

1941 3340 1999 3396 id
2031 3346 2119 3395 est
2148 3339 2408 3406 ecclesia,
2440 3339 2527 3395 vel
2556 3339 2728 3394 etiam
2759 3336 2853 3393 hic
2885 3337 3167 3394 viventem
3195 3338 3255 3393 in
3286 3355 3410 3410 spe.

161 3432 207 3484 Η
238 3429 667 3503 Magniﬁcetur
694 3427 977 3484 Dominus
1002 3427 1062 3483 in
1093 3428 1394 3492 membris,
1428 3413 1903 3501 magniﬁceturC
1974 3431 2009 3485 3
2084 3431 2349 3485 Dominus
2377 3444 2529 3497 opem
2575 3429 2721 3499 [erat
2767 3427 2858 3482 illi
2910 3442 3074 3498 super
3127 3426 3321 3484 lectum
3373 3426 3579 3485 doloris

160 3517 420 3593 populus
451 3521 804 3589 sanctorum
826 3520 884 3572 et
910 3515 1269 3589 gloriﬁcatur
1300 3517 1357 3572 in
1385 3515 1469 3572 eis
1490 3514 1831 3572 Deus.Unde

160 3606 339 3664 dixit:
366 3606 622 3663 videant
661 3621 838 3677 opera
858 3608 1049 3661 vestra
1078 3604 1249 3672 bona,
1272 3610 1330 3661 et
1369 3604 1695 3677 gloriﬁcent
1733 3603 1832 3659 Pa-

160 3699 308 3752 trem
338 3694 405 3751 in
438 3694 615 3751 oculis
635 3694 843 3763 (Matth.
870 3693 948 3764 v).
974 3694 1021 3750 A
1051 3693 1150 3750 Isti
1196 3693 1375 3765 igitur
1403 3693 1501 3768 qui
1534 3692 1831 3759 Christum

158 3781 415 3859 diligunt
465 3780 740 3857 salutare
790 3786 1081 3851 nostrum,
1132 3798 1363 3853 semper
1386 3781 1583 3837 dicant
1615 3798 1628 3836 :
1664 3795 1829 3852 euge,

158 3886 324 3943 euge,
371 3888 498 3927 non
555 3873 628 3925 ut
674 3868 835 3937 mali,
871 3884 963 3925 me
1007 3868 1321 3937 laudando,
1355 3870 1453 3925 sed
1502 3874 1557 3925 te
1604 3869 1832 3937 Patrem

162 3957 619 4032 magnificando
652 3956 712 4011 in
745 3973 859 4031 me.

159 4047 224 4100 23
296 4048 410 4118 Ego
443 4054 647 4102 autem
674 4045 953 4101 mendicus
980 4062 1103 4100 sum
1128 4054 1179 4101 et
1203 4062 1413 4120 pauper

297 4136 588 4192 Dominus
619 4133 893 4191 sollicitus
921 4141 999 4189 est
1026 4135 1153 4189 mei.

227 4223 273 4280 Η
302 4225 559 4299 Egenus
592 4221 836 4289 dicitur,
860 4220 961 4294 qui
988 4220 1208 4295 aliquid
1238 4220 1414 4278 habet
1443 4225 1499 4278 et
1525 4220 1722 4295 aliquo
1752 4220 1836 4277 in—

2147 3533 2284 3588 ejus.

2083 3607 2403 3663 Universum
2428 3612 2659 3661 stratum
2704 3605 2820 3677 ejus
2864 3606 3091 3662 versasti
3141 3605 3203 3661 in
3254 3604 3575 3677 inﬁmitate

2149 3710 2283 3766 ejus.

2009 3783 2056 3839 Η
2086 3782 2266 3861 Opem
2306 3782 2452 3839 ferat
2496 3781 2601 3849 illi,
2632 3781 2741 3838 hoc
2796 3785 2886 3838 est
2931 3781 3287 3853 adjutorium
3343 3783 3577 3854 prastat

1940 3871 2045 3937 illi,
2068 3871 2128 3925 in
2160 3870 2308 3926 lecto
2338 3869 2577 3939 doloris,
2599 3870 2657 3925 id
2688 3875 2778 3926 est
2797 3868 2856 3925 in
2880 3869 3219 3939 infirmitate
3240 3868 3451 3938 carnis,
3476 3868 3578 3943 qui

1940 3961 1998 4015 in
2030 3958 2410 4015 delectatione
2439 3976 2547 4014 sua
2596 3959 2763 4030 quasi
2794 3958 3047 4030 quodam
3094 3957 3306 4025 lectulo
3352 3954 3577 4023 saucia-

1942 4053 2057 4104 tur.
2079 4048 2344 4104 Stratum
2373 4047 2522 4117 eius,
2546 4063 2758 4117 corpus
2795 4046 2889 4101 hic
2928 4064 3029 4118 pro
3059 4050 3247 4103 strato
3277 4045 3578 4117 accipitur.

1941 4136 2161 4201 CQuod
2196 4134 2289 4188 hic
2319 4133 2563 4189 diversis
2600 4133 3030 4190 calamitatibus
3065 4132 3328 4202 versasti,
3354 4131 3582 4204 inquie-

1942 4224 2078 4280 tasti
2110 4226 2168 4278 et
2212 4221 2488 4288 afﬂixisti,
2519 4226 2586 4277 ut
2625 4226 2851 4277 aeternae
2882 4220 3261 4278 beatitudinis
3317 4210 3580 4299 requiem

163 4309 344 4383 diget;
377 4328 627 4384 pauper
657 4310 762 4382 qui
811 4309 958 4365 nihil
1009 4310 1211 4379 habet;
1243 4309 1436 4385 inops,
1469 4310 1526 4366 id
1577 4314 1667 4365 est
1711 4309 1837 4366 sine
1944 4313 2353 4382 consequatur,
2383 4309 2539 4365 sicut
2574 4310 2791 4365 factum
2821 4313 2911 4366 est
2938 4309 2998 4365 in
3026 4309 3155 4366 Job.

162 4415 347 4470 opere.
462 4401 715 4468 Pauper
759 4398 955 4455 dictus
986 4398 1272 4455 Dominus
1301 4399 1371 4454 de
1415 4402 1644 4466 nostro;
1678 4398 1838 4454 dives

164 4485 227 4541 de
254 4504 385 4555 suo,
421 4488 535 4561 qui
589 4488 733 4544 ideo
759 4485 1150 4561 indigentiam
1195 4484 1578 4553 humanitatis
1607 4502 1837 4559 assum-

164 4576 291 4646 psit,
318 4581 384 4634 ut
411 4575 815 4654 abundantiae
842 4593 960 4633 suae
988 4592 1095 4632 nos
1121 4578 1322 4647 [ticeret
1349 4591 1476 4632 esse
1507 4573 1836 4647 participes.

164 4666 206 4719 Δ
229 4664 338 4721 Sed
370 4666 509 4723 vide
542 4680 889 4739 pauperum
918 4663 1398 4731 consolationem,
1423 4660 1839 4722 Dominussol-

166 4749 354 4821 licitas
384 4759 481 4811 est
514 4769 634 4827 pro
667 4751 788 4821 eis;
820 4751 1010 4808 securi
1042 4756 1201 4808 sunt.

165 4842 227 4895 24
296 4843 550 4914 Adjutor
578 4857 749 4899 meus
777 4843 829 4896 et
850 4848 1118 4912 protector
1146 4857 1297 4896 meus
1327 4843 1386 4895 tu
1410 4856 1467 4897 es

295 4936 446 4988 Deus
478 4946 650 4987 meus
680 4944 755 4985 ne
786 4928 1110 4985 lordaveris.

230 5015 268 5070 C
295 5019 553 5090 Adjutor
582 5022 650 5075 et
683 5020 983 5091 protector
1004 5033 1137 5072 cum
1168 5016 1325 5086 dicit,
1350 5017 1604 5075 ostendit
1624 5016 1841 5088 patien-

1979 4402 2013 4455 4
2084 4401 2204 4468 Ego
2231 4397 2354 4453 dixi
2380 4414 2401 4453 :
2432 4398 2680 4463 Domine,
2703 4399 2960 4454 miserere
2986 4399 3099 4452 mei
3129 4412 3143 4452 ε

2085 4487 2235 4543 Sana
2263 4487 2507 4542 animam
2532 4501 2728 4550 meam,
2757 4487 2885 4557 quia
2908 4487 3129 4557 peccavi
3155 4486 3277 4543 tibi.

1972 4606 1982 4614 -
2016 4575 2058 4631 C
2088 4574 2354 4631 Exclamo
2391 4573 2676 4646 Propheta
2704 4575 2797 4645 pie
2834 4573 3117 4645 trepidus,
3139 4577 3205 4629 ut
3232 4574 3360 4646 ipse
3407 4571 3581 4629 mise-

1944 4664 2255 4720 ricordiam
2311 4662 2537 4718 Domini
2608 4667 3015 4735 consequatur.
3075 4662 3231 4719 Sana
3296 4662 3578 4729 animam,

1867 4773 1918 4851 ι)
1946 4769 2119 4835 omne
2146 4751 2302 4822 enim
2334 4754 2636 4824 peccatum
2684 4751 2925 4807 morbus
2953 4754 3044 4807 est
3083 4750 3434 4817 animarum,
3465 4766 3582 4829 quo

1947 4828 2240 4899 crescente
2269 4840 2431 4896 salus
2459 4840 2753 4897 interioris
2773 4839 3026 4897 hominis
3047 4838 3384 4912 dissipatur.
3408 4839 3454 4894 Η
3480 4828 3583 4895 Vel

1947 4931 2042 4986 hic
2072 4930 2357 5001 Propheta
2384 4928 2659 4984 immutat
2685 4929 2969 4997 ordinem,
2994 4934 3051 4984 et
3071 4927 3341 5001 deinceps
3373 4927 3431 4983 in
3462 4943 3585 5000 per-

1947 5036 2091 5074 sona
2110 5017 2326 5073 Christi
2349 5017 2620 5089 loquitur,
2646 5017 2745 5088 qui
2769 5016 3026 5073 animam
3052 5016 3250 5090 populi
3275 5016 3365 5072 sui
3388 5016 3584 5073 sanari

173 5102 299 5163 tiam
329 5105 726 5166 diversarum
758 5104 1129 5177 passionum.
1162 5105 1324 5161 Unde
1362 5111 1420 5160 et
1456 5106 1571 5177 ipse
1594 5106 1841 5176 psalmus
1949 5125 1983 5163 a
2010 5111 2242 5178 peccato
2268 5106 2435 5179 petit.

176 5191 293 5248 fecit
322 5196 594 5273 initium,
627 5192 745 5269 qui
776 5197 867 5250 est
893 5194 1098 5251 eodem
1129 5194 1245 5253 fine
1273 5193 1664 5260 concluditur;
1696 5209 1842 5264 qua-

177 5286 393 5357 propter
422 5288 596 5345 totus
630 5281 851 5339 virtuti
880 5280 1171 5353 patientiae
1200 5281 1403 5339 merito
1434 5281 1769 5354 deputatur.

618 5387 841 5428 οιιΑτιο
880 5387 949 5424 εχ
989 5386 1150 5425 PSAL.
1198 5386 1389 5426 XXXIX.

1982 5195 2019 5249 5
2089 5196 2308 5249 Inimici
2331 5196 2443 5249 mei
2467 5194 2728 5249 dixerunt
2755 5195 2903 5251 mala
2931 5196 3078 5252 mihi
3106 5214 3125 5251 :

2092 5282 2323 5353 Quando
2352 5285 2618 5339 morietur
2644 5291 2695 5337 et
2718 5284 2924 5353 peribit
2949 5300 3143 5341 nomen
3172 5285 3307 5356 ejus.

2016 5370 2056 5425 C
2081 5369 2304 5425 inimici
2329 5387 2461 5426 vero
2482 5369 2753 5425 dixerunt
2783 5370 2936 5427 mala
2965 5372 3025 5427 in
3056 5374 3328 5444 passione
3346 5370 3584 5435 Christi,

242 5458 610 5536 Exspectatio
633 5465 890 5533 tuorum
910 5457 1085 5513 unica
1104 5456 1456 5514 famulorum
1478 5456 1839 5528 Deus,quem
1946 5458 2180 5528 quando
2212 5456 2358 5513 falsa
2386 5457 2561 5513 locnti
2593 5461 2751 5513 sunt.
2777 5457 3022 5515 Necesse
3065 5475 3182 5516 non
3228 5463 3353 5515 erat
3382 5461 3448 5513 ut
3476 5457 3586 5513 im-

188 5554 464 5608 venturam
494 5551 560 5607 in
592 5545 909 5607 mundum
940 5549 1115 5619 caput
1160 5544 1292 5600 libri
1342 5544 1677 5617 principalis
1706 5544 1841 5600 edo-

1950 5545 2030 5617 pii
2062 5544 2363 5601 mendacia
2404 5545 2743 5617 cogitarent,
2777 5545 2876 5615 qui
2918 5546 3149 5603 diabolo
3197 5551 3433 5603 auctore
3477 5544 3590 5599 fre-

193 5634 309 5701 cuit,
330 5638 544 5710 insere,
570 5651 934 5714 precamur,
957 5632 1143 5706 legem
1164 5636 1325 5688 tuam
1354 5631 1411 5687 in
1445 5633 1633 5690 medio
1653 5631 1844 5688 cordis
1952 5636 2244 5688 muerunt.
2267 5632 2505 5697 Quando
2536 5631 2836 5695 morietur,
2860 5634 3038 5689 verba
3064 5639 3201 5691 sunt
3230 5632 3590 5689 dementiam

198 5727 371 5796 nostri,
401 5735 463 5789 ut
491 5734 633 5787 tuas
659 5723 951 5801 justitias
983 5722 1341 5787 nuntiantes,
1365 5720 1436 5775 ab
1486 5719 1843 5778 imminenti-

197 5808 289 5873 bus
312 5816 583 5892 periculis
615 5828 943 5876 eruamur.
975 5809 1083 5878 Qui
1115 5824 1247 5867 cum
1279 5806 1465 5878 Patre,
1488 5813 1593 5868 etc.

1950 5720 2316 5785 Judaeorum,
2382 5726 2444 5779 ut
2502 5720 2739 5792 Caiphas
2804 5720 2883 5774 ait
2940 5721 3257 5794 :.Expedit
3326 5724 3394 5774 ut
3436 5732 3591 5771 unus

1956 5809 2238 5870 moriatur
2308 5825 2412 5886 pro
2481 5806 2699 5885 populo
2754 5806 2938 5881 (lacn.
2988 5810 3093 5881 xu).
3154 5807 3330 5864 Periit
3382 5816 3593 5859 nomen
