3898 6434
334 572 450 632 ns
679 536 686 540 ’
1059 538 1064 543 ’
1246 573 1308 632 s.
1355 567 1750 632 BRUNONIS
1797 565 2411 630 HERBIPOLENSIS
2455 565 2834 629 EPISCOPI.
3633 559 3743 624 ne

333 705 484 776 ejus,
526 702 629 759 sed
675 700 824 776 ipsis
872 699 1078 775 utique
1124 701 1224 776 qui
1271 703 1322 759 ei
1371 702 1604 758 credere
1652 701 1988 762 noluerunt.
2019 701 2076 768 Α
2104 701 2210 768 eis,
2246 699 2533 756 scilicotA
2563 698 2980 765 Judzeis.Quod
3004 697 3225 754 factum
3249 710 3408 754 nunc
3435 696 3744 765 cernimus;

370 813 408 869 6
477 811 544 868 At
570 811 624 866 si
666 809 1080 880 ingrediebatur
1123 817 1182 867 ut
1228 811 1431 867 videret
1479 828 1622 867 vana
1669 809 1992 882 loquebatur
2098 788 2276 889 ξλξδθξ
2303 789 2460 889 θξλίῐη
2492 806 2611 844 una
2640 787 2977 889 “lieni-ei;
3013 787 3260 889 alla-0‘}

549 915 644 958 cor
671 877 836 974 ejus:
1728 877 1744 882 _

2245 879 2304 934 In
2337 878 2438 935 hoc
2463 879 2689 948 cognovi
2717 879 2980 950 quoniam
3006 877 3230 934 voluisti
3254 892 3341 934 me
3371 893 3392 932 :

481 966 840 1060 οοηρνεραυίι
867 990 1214 1063 iniquitatem
1241 991 1369 1046 sibi.
2182 1061 2210 1067 _
2243 967 2513 1067 ρειίζηίιιιη
2540 983 2652 1023 non
2680 966 3240 1067 αξιιιιίιξὸἰεηίηίνηέσυέ
3266 979 3420 1067 gneus
3461 980 3744 1067 superne.

407 1079 450 1136 Ο
478 1054 738 1153 Tempus
789 1077 933 1136 illud
961 1054 1311 1137 -Domiuicaa
1373 1077 1668 1152 passionis
1733 1076 1990 1151 exponit,
2103 1147 2116 1158 -
2173 1057 2304 1158 (ξῙῐι
2338 1057 2448 1114 hoc
2489 1055 2752 1157 οοῐῆηονί,
2785 1055 3156 1158 almaque?
3196 1054 3388 1158 Ραίινξθ
3416 1054 3748 1158 “tendith

343 1167 578 1242 quando
605 1167 794 1226 Judas
823 1185 939 1226 non
981 1169 1053 1225 ad
1090 1169 1488 1226 venerandum
1528 1167 1868 1234 Dominum,
1891 1183 1970 1223 sei

2202 1147 2313 1203 hoc
2367 1145 2728 1219 cognovisse,
2763 1145 2904 1218 quia
2959 1145 3213 1219 gloriosa
3269 1147 3359 1201 est
3415 1145 3746 1200 resurrectio

337 1231 409 1316 aid
439 1257 805 1331 prodendum
833 1256 1074 1315 dolosus
1123 1258 1399 1314 intrabat.
1431 1258 1596 1314 Vana
1647 1231 1970 1330 loqueb—atu:

2175 1240 2396 1293 cutura.
2421 1235 2710 1302 Quoniam
2739 1233 2974 1292 voluisti
3001 1251 3115 1302 me,
3141 1231 3426 1289 subaudis
3450 1231 3746 1305 glorificari

335 1320 588 1422 populus
615 1346 978 1416 Judeorum,
1003 1349 1239 1420 quando
1269 1347 1342 1404 de
1381 1346 1541 1403 illius
1571 1320 1757 1402 morte
1788 1347 1964 1402 crude

2191 1324 2742 1393 exaltari.Quonian
2793 1341 2910 1380 non
2967 1322 3248 1397 gaudebit
3305 1321 3600 1390 inimicus,
3641 1320 3744 1378 hoc

334 1407 466 1493 liter
493 1435 784 1492 tractavit.
808 1435 856 1492 H
885 1407 1271 1510 congregavit
1317 1452 1418 1492 cor
1446 1437 1576 1508 ejus
1620 1435 1970 1507 iniquitaten

2175 1418 2228 1469 at
2256 1413 2412 1486 quod
2444 1412 2606 1480 dixit,
2637 1411 2917 1485 quoniam
2946 1409 3186 1466 voluisti
3218 1423 3334 1477 me,
3365 1407 3586 1464 scilicet
3609 1423 3747 1480 quo-

335 1525 497 1598 (dum
529 1542 728 1582 rerum
755 1499 1074 1582 Dominum
1106 1499 1389 1583 scelerata
1417 1499 1628 1582 cdhors
1653 1524 1994 1597 cruciﬁgere
2103 1503 2260 1598 ηίξιω
2292 1501 2570 1560 inimicus
2619 1518 2798 1576 super
2850 1517 2986 1558 eum
3033 1499 3287 1574 gaude"
3334 1515 3450 1554 ηοη
3497 1501 3583 1554 θεῖ
3626 1512 3747 1570 Pe"

332 1591 603 1688 decrevit)
647 1614 784 1682 sibi,
832 1613 1080 1672 dicendo
1114 1631 1128 1670 :
1162 1615 1417 1689 Sanguis
1471 1616 1602 1687 ejus
1655 1631 1830 1687 super
1861 1591 1970 1670 'no:

2175 1591 2346 1647 issus.

333 1703 542 1775 (Ιαιιιι,
572 1679 785 1775 in“);
1284 1679 1318 1689 ”
1498 1679 1521 1687 ⁷
1728 1679 1747 1687 ’
2107 1680 2173 1735 13
2246 1679 2325 1775 {Ie
2352 1687 2538 1775 autem
2562 1686 2784 1775 propter
2813 1679 3187 1775 innocentiam
3211 1679 3498 1775 suscepisti
3526 1693 3546 1730 :

2247 1771 2312 1825 Et
2336 1769 2676 1841 conﬁrmasti
2701 1784 2788 1824 me
2811 1769 2872 1823 in
2899 1773 3182 1840 conspectu
3210 1774 3301 1822 tuo
3333 1767 3394 1821 in
3423 1772 3702 1822 δέων-ηυρλ.

2177 1856 2221 1912 Η
2256 1855 2510 1913 Maxima
2533 1855 2871 1912 innocentia
2904 1860 3014 1926 est,
3038 1871 3173 1912 cum
3195 1855 3399 1926 justus
3428 1868 3532 1927 pro
3561 1850 3750 1924 impiis

2105 1945 2429 2002 moritur.C
2460 1945 2530 2001 Et
2561 1944 2724 2001 nulla
2752 1961 2816 2002 se
2846 1944 3217 2001 contentione
3242 1942 3518 1999 defendit.
3544 1941 3587 1996 Η
3617 1941 3746 1997 Pro-

2105 2040 2234 2108 pter
2262 2051 2440 2108 quam
2489 2035 2887 2090 innocentiam
2929 2033 3156 2090 devicta
3185 2035 3370 2090 morte
3417 2048 3454 2087 a
3499 2031 3660 2086 Patre
3689 2028 3745 2085 in

2105 2123 2440 2181 coelestibus
2462 2127 2776 2196 susceptus
2795 2127 2884 2180 est
2911 2127 2969 2179 et
2999 2122 3380 2178 conﬁrmatus
3399 2123 3489 2176 est
3514 2119 3570 2175 in
3591 2123 3746 2175 aster-

2108 2231 2273 2270 num.
2297 2213 2339 2268 C
2359 2213 2542 2284 Cujus
2579 2217 2840 2286 potestas
2873 2211 3016 2269 ccelo
3055 2216 3334 2283 terraeque
3364 2209 3626 2280 imperat,
3658 2205 3748 2262 cui

2107 2319 2280 2360 omne
2309 2317 2461 2374 genu
2495 2301 2748 2358 ﬂectitur
2779 2299 3129 2369 caelestium,
3159 2297 3546 2369 terrestrium,
3577 2300 3633 2352 et
3661 2295 3747 2352 iu-

2107 2393 2406 2449 feruorum
2435 2391 2668 2464 (Philip.
2693 2393 2776 2460 il).

2110 2483 2176 2537 14
2253 2481 2574 2537 Benedictus
2609 2481 2877 2536 Dominus
2904 2480 3046 2536 Deus
3076 2478 3264 2535 Israel.

2249 2572 2287 2626 Α
2321 2571 2524 2627 saecqu
2552 2574 2604 2626 et
2635 2571 2697 2626 in
2721 2569 2986 2627 saeculum
3020 2586 3038 2623 :
3068 2567 3165 2640 ﬁat
3192 2567 3291 2638 ﬁat
3317 2583 3336 2620 :

2177 2664 2217 2716 C
2247 2659 2532 2716 Dominus
2575 2663 2775 2716 autem
2823 2656 3165 2714 benedictus
3212 2660 3321 2722 est,
3353 2659 3411 2710 et
3457 2651 3508 2709 si
3555 2668 3754 2710 omnes

2105 2753 2322 2817 tacent,
2355 2749 2496 2822 quia
2524 2747 2620 2804 ille
2649 2764 2822 2804 omne
2866 2747 3086 2802 bonum
3117 2761 3234 2801 non
3265 2749 3544 2816 tanquam
3571 2747 3752 2798 extra-

2107 2856 2281 2894 neum
2307 2839 2575 2911 suscipit,
2599 2839 2698 2894 sed
2722 2837 2796 2892 ab
2817 2836 2944 2909 ipso
2967 2834 3282 2908 egreditur.
3301 2835 3346 2888 Α
3367 2831 3598 2899 saeculo,
3620 2848 3754 2905 pre-

2107 2934 2330 2986 sentem
2391 2929 2684 2984 mundum
2743 2927 2968 3000 signat;
3015 2929 3072 2982 et
3115 2940 3304 2997 usque
3359 2923 3418 2979 in
3476 2921 3751 2978 saeculum

2106 3019 2371 3074 futurum
2401 3017 2525 3073 vult
2557 3015 2828 3089 intelligi,
2859 3015 2958 3071 ubi
3001 3014 3121 3086 jam
3153 3012 3354 3069 omnia
3377 3019 3591 3068 aeterna
3617 3027 3750 3067 con-

2105 3106 2344 3164 sistunt.
2380 3106 2426 3162 Η
2457 3105 2634 3161 Addit
2667 3123 2680 3161 :
2715 3105 2843 3161 Fiat
2872 3103 2993 3173 ﬁat,
3029 3102 3139 3158 hoc
3183 3105 3275 3158 est
3326 3099 3481 3173 quod
3530 3098 3749 3156 Hebraei

2105 3196 2308 3252 dicunt
2341 3213 2354 3251 :
2388 3197 2594 3262 Amen,
2627 3209 2820 3250 amen.

2603 3299 2808 3339 ORATIO
2846 3298 2916 3336 sx
2956 3296 3120 3354 fSAL.
3167 3294 3258 3335 XL.

751 3368 1069 3447 ξ”Ῡθωηω
1098 3368 1299 3447 Win“
1327 3368 1644 3447 "viain."
1683 3368 1859 3382 "mm
2172 3374 2518 3430 Nostrorum
2561 3371 2969 3447 peccaminum
3019 3369 3182 3428 mitis
3226 3369 3506 3438 indultor,
3537 3368 3638 3442 qui
3671 3368 3758 3424 di-

369 3431 406 3484 9
486 3430 996 3536 [ενδυπξξτιιίιξυξιη
1018 3431 1730 3536 θίῖξ²⁶ί²ί²⁴θνξξῖιίθαξίυῗν³¹ιη³
1755 3450 1844 3536 mi
2021 3447 2066 3514 C
2102 3469 2350 3536 gnanter
2399 3430 2668 3519 insinuas
2698 3461 2952 3534 effugere
2994 3459 3151 3516 diem
3207 3458 3452 3527 malum,
3482 3458 3533 3514 si
3580 3458 3759 3514 misc-

479 3517 740 3624 meqfu-fi
767 3521 868 3618 qui
893 3517 1094 3576 dormit
1119 3535 1228 3624 nm}
1258 3519 1479 3624 adiiciet
1498 3529 1566 3624 βα
1595 3527 1888 3624 (85359?”
1935 3612 1990 3624 η,
2391 3517 2790 3624 subsequatur
2817 3517 3110 3624 Legenum,
3162 3549 3248 3604 fer
3297 3517 3488 3620 opem,
3531 3563 3764 3619 quassu-

405 3605 1000 3710 V°”‘Z‘.‘m...if‘iq““m'
1023 3608 1259 3708 q“‘““l°
1309 3608 1852 3710 climabaf‘tfi‘at°
1885 3629 1899 3667 ³
1933 3612 1993 3710 si
2103 3605 3109 3710 mus—,ﬁdoloribusjnostris,vfitdum
3135 3605 3392 3694 carnalia
3419 3605 3635 3693 delicta
3653 3636 3762 3692 cle-

830 3711 1055 3803 Tufa
1077 3713 1330 3803 ,ξξξηῖδυδ
1377 3697 1623 3803 cf”???
1651 3701 1827 3803 (lofm'
1851 3703 1990 3803 “39°
2103 3735 2333 3787 menter
2374 3729 2594 3803 arguis,
2619 3729 2973 3786 medicinam
3017 3725 3225 3784 anima:
3259 3723 3622 3799 placabiliter
3650 3724 3761 3782 lar-

337 3784 801 3893 COlismuemnE’
835 3784 894 3839 id
935 3789 1024 3893 ei?
1061 3785 1874 3893 difﬁnie'“,“f-H,9i°°“‘:?3
1905 3790 1993 3845 Tu
2101 3784 2804 3893 giaris—SPerUDominum
2861 3784 3129 3876 nostrum
3188 3784 3389 3872 Jesum
3434 3814 3758 3886 Christum,

338 3873 714 3966 accipe_eu_m
729 3876 788 3930 et
815 3873 1109 3966 cruciﬁge.
1133 3874 1408 3966 Nunquid
1426 3877 1542 3966 qui
1575 3877 1812 3946 dormit,
1835 3880 1876 3934 C
1897 3895 1994 3933 au-

337 3962 505 4055 diant
531 3961 1006 4055 Judiei,_audiant
1037 3967 1117 4055 et
1137 3963 1389 4020 haeretici
1421 3965 1591 4022 illum
1623 3966 1722 4038 qui
1754 3967 1990 4037 dormit,
2102 3952 2210 3966 VM
2261 3968 2268 3973 ’
2670 3997 2998 4054 pSALMUS
3046 3996 3186 4055 XLI,

337 4051 536 4126 ipsum
556 4049 670 4108 sibi
695 4049 943 4122 adjicere
971 4052 1240 4124 protinus
1261 4057 1326 4126 ut
1346 4058 1634 4128 rssurgat,
1659 4055 1950 4112 dicentem
1977 4073 1989 4113 :

336 4139 688 4198 Potestatem
720 4139 906 4196 habeo
953 4140 1208 4214 ponendi
1257 4143 1516 4199 animam
1560 4161 1774 4212 meam,
1800 4149 1857 4201 et
1885 4146 1992 4202 ite-

335 4227 783 4338 rumj-guineudi
819 4245 950 4338 ean}
971 4231 1149 4338 (Joan.
1174 4229 1252 4302 Χ).
1280 4230 1569 4289 Putabant
1599 4233 1756 4338 enim
1803 4233 1989 4290 Judaei
2102 4227 3390 4338 ωξᾳύέθξὲῶῌῶω
3421 4227 3768 4318 ὲέίώοέω-

333 4319 512 4391 quod,
544 4317 595 4376 si
625 4335 760 4376 eum
791 4319 1139 4389 occiderent,
1165 4336 1282 4376 non
1315 4325 1664 4394 resurgeret.
2100 4317 2248 4411 Chl-1101

335 4425 404 4480 10
475 4426 702 4517 Etenim
729 4425 886 4483 homo
904 4427 1058 4499 pacis
1094 4441 1234 4484 meae
1259 4427 1318 4482 in
1347 4443 1451 4500 quo
1477 4431 1698 4501 speravi
1743 4431 1840 4502 qui
1867 4429 1988 4486 ede-
2385 4444 2499 4501 TT.
2532 4447 2592 4502 In
2624 4447 2792 4517 ﬁnem
2824 4445 3127 4501 intellectus
3153 4443 3290 4515 ﬁliis
3320 4443 3478 4498 Core.

549 4513 640 4570 bat
661 4529 833 4588 panes
860 4531 1008 4571 meos
1022 4533 1042 4570 :

2175 4534 2212 4591 C
2256 4533 2416 4590 Filiis
2473 4513 2633 4590 Core.
2685 4535 2829 4590 Core
2885 4513 3164 4590 Hebraice
3217 4531 3431 4588 dicitur
3486 4529 3772 4587 calvaria.

475 4604 852 4676 Magniﬁoavit
874 4619 1042 4677 super
1067 4619 1155 4660 me
1181 4605 1701 4677 supplantationem.

2178 4623 2359 4680 lvaria
2377 4641 2513 4680 vero
2534 4623 2699 4680 locus
2725 4628 2816 4679 est
2847 4623 2946 4678 ubi
2985 4621 3272 4678 Dominus
3302 4617 3625 4676 cruciﬁxus
3655 4624 3774 4676 est.

405 4691 448 4748 C
477 4691 784 4749 Hominem
814 4692 996 4766 pacis.
1021 4693 1164 4748 dicit
1201 4692 1439 4760 Judam,
1463 4692 1566 4765 qui
1607 4693 1690 4748 illi
1721 4695 1970 4754 osculun

2175 4716 2463 4784 Iapropter
2484 4711 2587 4766 ﬁlii
2611 4711 2754 4767 Core
2780 4709 2988 4767 merito
3009 4709 3285 4766 dicuntur
3305 4707 3404 4782 qui
3432 4706 3776 4780 gloriosum

335 4779 496 4854 pacis
526 4780 704 4850 dedit,
719 4782 954 4854 quando
977 4796 1112 4838 eum
1144 4779 1407 4835 tradidit.
1432 4781 1494 4836 In
1517 4798 1634 4853 quo
1657 4786 1962 4855 sperabam

2175 4779 2425 4872 )pbacum
2459 4799 2714 4856 caelestis
2745 4799 2920 4872 regis,
2943 4798 3001 4855 id
3045 4803 3135 4855 est
3164 4779 3535 4872 signaculum
3569 4795 3779 4852 crucis

335 4869 394 4926 id
426 4873 516 4966 esi
545 4871 605 4926 ίη
636 4886 752 4942 quo
783 4885 1020 4966 εβοῐξθτθ
1047 4869 1507 4966 Ριξξαδαῗνξιυθφ
1540 4875 1855 4966 Nimium}
1888 4892 1984 4932 113-
2021 4869 2070 4891 ν
2102 4869 2401 4961 suscipere
2432 4893 2793 4944 meruerunt.
2814 4869 2887 4944 Et
2922 4886 3050 4944 ideo
3080 4869 3346 4960 psalmus
3386 4884 3482 4942 hic
3533 4883 3783 4941 homini

333 4963 594 5016 sceretur
623 4958 1068 5032 cagnoscebam.
1103 4957 1514 5030 Magnificavit,
1535 4961 1790 5032 quando,
1825 4962 1970 5036 igno‘

2175 4977 2369 5034 nvenit
2410 4977 2764 5049 Christiano,
2793 4975 2895 5050 qui
2925 4992 3122 5032 amore
3169 4974 3399 5032 Domini
3431 4979 3489 5030 et
3521 4973 3785 5030 ﬂamma

333 5047 603 5105 rentibus
633 5047 768 5121 quis
797 5050 956 5104 esset
981 5045 1088 5112 eis,
1111 5063 1244 5102 eum
1277 5045 1402 5120 ipse
1434 5049 1796 5106 monstravit.

2175 5067 2413 5123 lminicm
2443 5065 2747 5122 charitatis
2777 5065 3137 5133 accenditur,
3170 5065 3242 5121 de
3277 5080 3393 5138 qua
3422 5079 3484 5118 re
3515 5061 3620 5118 hic
3655 5063 3786 5136 pri-

372 1811 407 1865 7
478 1809 873 1884 Egrediebatur
897 1814 1050 1884 foras
1085 1830 1104 1868 :

479 1902 549 1957 Et
575 1901 898 1973 loquebatur
925 1903 986 1957 in
1016 1901 1276 1973 idipsum.

375 1990 411 2043 8
482 1987 779 2046 Adversum
807 2006 894 2046 me
917 1990 1283 2047 susurrabant
1309 1978 1494 2046 omnes
1526 1991 1744 2046 inimici
1769 1990 1880 2045 mei
1907 2007 1924 2044 :

481 2076 784 2135 Adversum
808 2095 897 2136 me
921 2081 1245 2154 cogitabant
1271 2079 1422 2134 mala
1451 2079 1611 2134 mihi.
2025 2075 2075 2142 B

418 2165 460 2222 C
487 2166 734 2240 Egressa
761 2172 852 2224 est
880 2168 1058 2236 foras,
1094 2169 1168 2224 ab
1217 2185 1430 2224 arcano
1463 2171 1619 2223 recto
1651 2167 1786 2223 ﬁdei
1833 2166 1997 2240 plebs

343 2254 610 2326 Judaica,
635 2272 762 2329 quas
795 2256 955 2315 intus
1001 2261 1155 2314 stare
1185 2273 1300 2314 non
1340 2259 1584 2328 poterat,
1619 2256 1760 2329 quia
1810 2256 1994 2313 incre-

343 2343 588 2402 dulitate
612 2343 746 2402 ﬁdei
774 2362 809 2402 a
826 2345 1100 2403 fidelibus
1125 2346 1512 2420 discrepabat.
1544 2346 1918 2418 Loquebatur
1936 2345 1997 2401 in

341 2433 623 2506 idipsum,
650 2433 870 2491 scilicet
896 2435 1193 2505 vanitatis,
1217 2435 1276 2492 id
1317 2437 1408 2492 est
1444 2433 1788 2491 inﬁdelitate
1819 2451 1997 2508 quam

341 2522 622 2580 introibat
645 2539 679 2579 a
697 2523 956 2580 veritatis
991 2523 1127 2580 sinu
1151 2525 1445 2593 exeundo;
1477 2523 1824 2596 loquebatur
1850 2541 2000 2581 vana

341 2614 398 2667 et
427 2610 599 2680 falsa,
622 2615 679 2668 et
707 2611 790 2668 ita
818 2611 1170 2686 loquebatur
1198 2613 1258 2669 in
1289 2613 1547 2684 idipsum
1583 2614 1739 2686 quod
1773 2613 2000 2687 ingres-

341 2715 445 2757 sus
476 2699 614 2770 ﬁuit;
647 2700 873 2758 scilicet
911 2701 1113 2758 dolum
1164 2705 1223 2758 et
1268 2703 1496 2774 falsum,
1529 2718 1654 2774 quae
1695 2701 1998 2776 ingressus

340 2787 470 2844 fuit.
504 2787 694 2846 Malus
725 2789 1050 2863 ingressus,
1085 2790 1280 2846 malus
1309 2807 1604 2863 egressus.

409 2878 451 2934 C
479 2877 816 2936 Susurratio
846 2884 938 2935 est
957 2879 1075 2935 oris
1107 2878 1493 2953 parvissimus
1524 2896 1728 2945 sonus,
1755 2880 1998 2952 sineque

339 2965 537 3040 aliqua
554 2966 713 3025 vocis
732 2967 1110 3027 distinctione
1133 2969 1414 3024 confusus
1439 2985 1655 3038 sermo,
1678 2973 1902 3025 tractus
1923 2971 1996 3026 ab

338 3055 570 3127 apibus,
605 3073 859 3129 quarum
903 3073 1011 3112 vox
1067 3056 1292 3130 prolata
1339 3074 1622 3114 susurrus
1671 3062 1789 3126 est;
1841 3059 1996 3130 quod

337 3143 490 3202 inter
517 3145 651 3202 illos
677 3143 868 3202 evenit
897 3145 996 3219 qui
1028 3163 1127 3202 ore
1155 3145 1404 3202 invicem
1451 3145 1513 3202 in
1559 3147 1804 3204 auribus
1835 3164 1996 3204 mur-

338 3231 674 3292 murabant.
697 3233 914 3292 Omnes
945 3234 1192 3303 inimici,
1217 3235 1277 3290 id
1309 3240 1398 3292 est
1429 3236 1751 3310 supradicti
1782 3236 1994 3308 Judaei,

338 3323 440 3396 qui
472 3339 703 3397 semper
729 3324 1069 3398 cogitabant
1097 3329 1299 3381 contra
1327 3325 1644 3382 Dominum
1683 3325 1859 3382 mala.

2563 4104 2953 4144 ARGUMENTUM
2992 4103 3152 4143 PSAL.
3191 4103 3301 4142 XLI.

2173 4177 2218 4232 Η
2251 4176 2373 4232 Vox
2403 4176 2666 4233 ﬁdelium
2698 4174 3014 4232 Dominum
3053 4172 3533 4239 desiderantium,
3557 4173 3600 4228 C
3630 4172 3764 4228 ani-

334 5155 397 5210 11
491 5161 547 5220 ~j—
579 5156 652 5210 Tu
681 5161 886 5218 autem,
917 5153 1163 5223 Domine,
1191 5157 1451 5212 miserere
1474 5159 1587 5213 mei
1626 5163 1640 5223 ;
2100 5174 2234 5213 mus
2266 5155 2533 5229 psalmus
2553 5159 2662 5226 est,
2687 5171 2865 5228 quem
2887 5154 3281 5228 octogesimus
3315 5151 3523 5210 tertius
3548 5156 3615 5208 et
3645 5167 3794 5209 cen-

475 5244 539 5298 Et
570 5243 836 5298 resuscita
865 5257 950 5297 me
975 5249 1026 5297 et
1053 5242 1355 5299 retribuam
1382 5245 1454 5300 ei.
2100 5246 2346 5304 tesimus
2377 5243 2712 5303 tricesimus
2741 5245 2953 5301 tertius
2983 5243 3384 5316 subsequitur.

403 5331 447 5388 C
477 5333 565 5386 Tu
615 5334 838 5398 autem,
869 5329 1134 5396 Domine,
1168 5331 1508 5389 humanitas
1539 5339 1706 5408 rogat
1751 5335 1829 5392 ibi
1881 5335 1990 5392 hoc
2135 5338 2161 5392 1
2245 5334 2706 5406 Quemadmodum
2736 5334 3006 5392 desiderat
3038 5349 3226 5390 cervus
3273 5332 3344 5389 ad
3384 5333 3566 5404 fontes
3592 5347 3790 5404 aqua-

332 5420 489 5494 quod
523 5418 662 5476 alibi
693 5417 968 5474 divinitas
997 5419 1319 5491 pollicetur,
1340 5421 1576 5479 dicens:
1607 5423 1820 5481 Solvite
1850 5429 1992 5482 tern-
2313 5441 2438 5480 rum
2469 5442 2490 5480 :

333 5509 500 5582 plum
539 5507 671 5576 hoc,
695 5511 752 5564 et
800 5507 860 5563 in
919 5508 1112 5564 triduo
1171 5510 1468 5566 suscitabo
1528 5511 1672 5568 illud
1700 5515 1876 5582 (Joan.
1901 5518 1986 5584 ιι).
2241 5514 2322 5570 Ita
2351 5512 2622 5570 desiderat
2652 5514 2844 5568 anima
2869 5527 2992 5568 mea
3021 5511 3092 5568 ad
3119 5519 3189 5579 te,
3222 5513 3378 5568 Deus.

335 5595 644 5654 Resuscita
673 5612 786 5665 me,
813 5596 857 5651 Η
890 5595 1108 5652 scilicet
1127 5614 1162 5652 a
1185 5604 1392 5664 morte,
1417 5600 1600 5670 Pater,
1631 5601 1861 5658 Filium.
1888 5601 1992 5658 Re-
2168 5603 2210 5658 Ο
2231 5602 2739 5668 Quemadmodum
2762 5601 3056 5658 desiderat
3075 5617 3298 5667 cervus,
3319 5615 3436 5656 non
3459 5597 3799 5654 immerito

334 5684 592 5742 tribuam
623 5685 696 5754 ei,
729 5686 885 5758 quod
919 5685 1136 5742 factum
1166 5691 1253 5742 est
1283 5703 1416 5742 cum
1450 5688 1724 5746 interitus
1755 5691 1990 5748 debitus
2096 5691 2206 5748 hoc
2237 5689 2457 5746 animal
2517 5694 2919 5763 comparatum
2961 5693 3052 5746 est
3089 5687 3394 5754 ﬁdelibus;
3452 5690 3555 5743 est
3611 5685 3804 5742 enim

336 5776 638 5850 occupavit
689 5774 930 5834 Judam.
981 5775 1332 5848 Anticipavit
1382 5775 1524 5832 ultio
1571 5778 1812 5848 Judam,
1851 5796 1986 5836 cum
2097 5781 2286 5854 primo
2317 5774 3539 5846 innoxium,deindevelocissimum,tertio
3575 5773 3809 5830 siticu-

335 5879 469 5927 eum
521 5864 797 5930 interitus
854 5861 1086 5923 debitus
1149 5862 1466 5943 sugillavit.
1503 5865 1604 5924 Vel
1663 5868 1985 5927 retribuam
2094 5869 2306 5928 losum.
2329 5869 2373 5924 il
2404 5869 2445 5926 Ο
2475 5869 2784 5944 Serpentes
2815 5867 3057 5926 naribus
3090 5864 3288 5936 trahit,
3309 5880 3460 5938 quos
3491 5868 3570 5922 ut
3604 5879 3808 5922 vora-
