3898 6482
212 460 319 523 1⁵17

1411 458 1830 522 EXPOSITIO
1871 455 2377 521 PSALMORUM.

3489 454 3606 516 178

201 595 361 665 Vel-it,
393 598 677 654 aestuante
716 611 938 654 veneno
969 594 1041 653 ad
1089 594 1307 653 fontem
1354 591 1611 651 festinat.
1641 591 1683 650 C
1731 591 1849 649 Hoc
1876 591 1934 660 Α
1995 594 2029 648 6
2103 591 2277 661 Quare
2297 588 2468 646 tristis
2494 605 2550 646 es
2572 589 2760 646 anima
2787 593 2951 647 mea!

205 701 303 742 nos
334 685 631 753 admonet,
665 690 729 742 ut
742 687 996 758 .quando
1024 702 1246 743 venena
1274 684 1580 741 haurimus
1618 680 1847 755 antiqui

203 774 582 847 serpentis,ad
599 775 820 831 fontem
833 774 1041 830 divinae
1054 773 1463 830 misericordiae
1476 772 1842 829 festinemus.

203 862 348 919 Fons
373 862 532 920 enim
554 879 787 937 semper
815 862 1074 936 irriguus
1102 867 1192 919 est
1219 861 1486 918 Christus
1511 880 1523 929 ;
1544 861 1699 917 unde
1729 877 1845 915 non

200 949 341 1006 dixit
369 951 441 1006 ad
485 951 725 1017 ﬂuenta,
758 950 898 1023 quia
941 950 1146 1007 siccari
1177 954 1460 1023 possunt;
1489 951 1618 1005 fons
1650 952 1845 1005 autem

200 1054 431 1111 semper
459 1038 606 1094 ﬁuit.
638 1039 687 1094 H
734 1039 919 1094 Homo
962 1056 1097 1112 ergo
1146 1038 1432 1106 Ecclesiae,
1482 1037 1582 1110 qui
1635 1037 1733 1092 diu
1784 1035 1844 1090 in

198 1131 327 1183 actu
360 1144 651 1184 venenoso
682 1128 1094 1200 degebat,cum
1123 1127 1280 1183 hunc
1308 1126 1500 1200 gratia
1529 1126 1627 1183 Dei
1646 1124 1847 1181 videns

198 1214 603 1287 derelinquere
629 1214 1048 1289 cupit,clamat,
1068 1216 1586 1289 quemadmodum,
1619 1217 1751 1279 etc.,
1785 1215 1850 1268 ut

204 1303 547 1377 poenitentia
576 1304 1087 1378 ablutns,gloriam
1116 1304 1218 1361 Dei
1246 1305 1457 1361 videat.

228 1413 267 1465 2
340 1410 533 1468 Sitivit
547 1411 1018 1479 animamea-i-‘ad
1057 1415 1071 1475 ζ
1101 1412 1273 1467 Deum
1293 1410 1846 1484 Xfortemzvivum:

342 1499 572 1563 Quando
600 1502 819 1557 veniam
845 1508 897 1556 et
925 1500 1196 1571 apparebo
1227 1506 1354 1555 ante
1382 1501 1581 1571 faciem
1606 1498 1746 1555 Dei?

265 1586 313 1642 Η
346 1587 540 1643 Sitivit
569 1587 768 1644 anima
798 1604 947 1655 mea,
974 1603 1090 1643 non
1140 1587 1212 1643 ad
1244 1592 1477 1643 mortua
1513 1585 1848 1654 simulacra,

190 1675 297 1732 sed
355 1676 429 1731 ad
462 1676 632 1732 illum
684 1676 784 1749 qui
814 1676 1005 1731 dixit:
1034 1675 1176 1731 Vivo
1229 1691 1333 1749 ego
1376 1675 1517 1731 dicit
1567 1674 1849 1731 Dominus

190 1764 414 1835 (Emit.
445 1765 665 1835 χχχιιι).
694 1764 736 1819 C
764 1763 1006 1833 Quando
1053 1763 1311 1832 veniam;
1329 1764 1466 1835 quia
1494 1767 1633 1819 tunc
1662 1761 1849 1818 mani-

187 1852 386 1908 festus
418 1852 750 1925 apparebit,
784 1851 1017 1925 quando
1042 1868 1148 1907 nos
1172 1850 1462 1923 injudicio
1493 1869 1600 1907 suo
1632 1850 1848 1907 miseri-

182 1939 452 1997 corditer
484 1940 823 2013 inspexerit.
852 1940 899 1995 H
926 1938 1028 1996 Vel
1076 1940 1308 2012 quando
1337 1940 1581 2008 veniam,
1617 1939 1847 2011 quando
1878 1958 1927 2023 Β

179 2027 301 2085 erit
334 2032 673 2101 tempus,ut
698 2045 832 2085 cum
847 2027 1061 2083 sanctis
1076 2028 1134 2083 in
1148 2027 1408 2083 claritate
1420 2032 1521 2083 tua
1540 2031 1595 2083 te
1619 2027 1845 2083 videam

181 2118 377 2188 (loan.
414 2118 525 2188 in),
556 2120 613 2173 et
642 2117 723 2172 ita
748 2120 881 2172 ante
910 2118 1283 2188 conspectum
1322 2115 1640 2171 divinitatis
1670 2132 1846 2188 appa-

178 2206 353 2274 rebo,
386 2208 447 2259 te
481 2204 682 2260 videns
712 2205 882 2261 sicuti
913 2221 995 2275 es,
1023 2203 1161 2277 quia
1174 2204 1432 2260 Ecclesia
1459 2203 1582 2260 vult
1610 2202 1847 2260 dissolvi

178 2311 216 2349 a
244 2308 521 2366 corpore,
555 2297 614 2349 et
641 2309 770 2349 esse
799 2308 933 2349 cum
964 2292 1191 2349 Christo
1219 2293 1445 2367 (Philip.
1480 2294 1543 2364 1).

210 2401 251 2456 3
331 2402 583 2456 Fuerunt
610 2399 754 2454 mihi
781 2400 1044 2472 lacrymae
1070 2415 1209 2457 mem
1233 2416 1402 2471 panes
1431 2400 1526 2454 die
1554 2412 1620 2455 ac
1647 2405 1803 2456 nocte
1831 2415 1844 2454 :

329 2489 481 2543 Dum
507 2486 711 2543 dicitur
738 2487 880 2542 mihi
893 2488 1133 2560 quotidie
1167 2504 1179 2542 :
1216 2487 1316 2544 Ubi
1343 2495 1421 2544 est
1449 2488 1585 2543 Deus
1617 2491 1777 2543 tuus?

249 2594 303 2650 Η
334 2594 645 2658 Quomodo
675 2597 866 2666 potest
887 2593 956 2649 de
977 2592 1251 2665 lacrymis
1271 2594 1440 2665 panis
1458 2593 1617 2648 ﬁeri?
1637 2597 1847 2666 potest,

172 2683 333 2756 quia
367 2682 529 2738 sicut
552 2698 766 2753 corpus
789 2680 1039 2737 satiatur
1062 2681 1317 2753 pane,ita
1330 2680 1525 2737 anima
1552 2698 1654 2753 per
1672 2681 1851 2754 lacry-

165 2770 494 2843 mas,quia
522 2770 729 2826 exinde
760 2786 823 2825 se
844 2770 1057 2826 habere
1083 2774 1274 2840 sperat
1295 2769 1697 2825 remissionem
1724 2787 1851 2842 pec-

163 2863 483 2915 catorum.
515 2858 557 2913 C
587 2857 774 2922 Diem,
806 2857 1249 2930 prosperitatem
1275 2875 1290 2925 ;
1324 2863 1552 2914 noctem
1583 2874 1717 2914 vero
1747 2859 1851 2914 de-

157 2947 401 3004 bemus
434 2944 699 3016 accipere
728 2944 1173 3001 tristitiam.Per
1202 2944 1322 2999 haec
1352 2945 1467 3001 duo
1498 2962 1669 3002 omne
1698 2951 1848 3002 tem-

160 3052 287 3107 pus
323 3035 525 3105 hujus
549 3033 675 3087 vitza
701 3032 1011 3088 indicatur.
1041 3033 1192 3089 Dum
1226 3032 1365 3088 dicit
1398 3032 1540 3087 mihi
1568 3033 1849 3105 quotidie.

156 3123 281 3179 hoc
315 3121 495 3179 enim
528 3121 833 3178 dicebatur
858 3120 1095 3177 assidue
1132 3120 1551 3193 persecutionis
1593 3125 1852 3193 tempore

158 3208 553 3266 Christianis
588 3209 746 3264 :Non
795 3214 885 3265 est
942 3209 1044 3281 qui
1092 3225 1195 3265 vos
1240 3209 1492 3265 vindicet
1525 3227 1538 3276 ;
1568 3209 1852 3266 sustinete

2092 681 2157 735 Et
2184 696 2352 752 quare
2379 679 2666 736 conturbas
2685 682 2804 735 me?

2024 785 2065 842 C
2097 785 2381 858 Loquitur
2408 784 2563 842 ﬁlius
2583 787 2744 854 Core,
2775 786 2835 841 id
2866 789 2953 841 est
2982 779 3147 842 ﬁlius
3168 782 3609 868 crucis,dicen£

1955 876 2024 931 ad
2048 875 2305 930 animam
2337 891 2503 930 suam
2539 891 2553 929 :
2586 876 2771 940 Quare
2796 873 2980 930 tristis
3004 874 3151 943 es,id
3183 878 3480 945 est,quare
3507 890 3601 939 me

1953 967 2055 1020 tua
2078 963 2391 1019 afflictione
2439 963 2798 1019 conturbas?
2823 978 3058 1019 necesse
3104 966 3193 1018 est
3237 962 3418 1030 enim,
3452 966 3516 1018 ut
3544 965 3601 1019 te

1952 1050 2138 1107 tristis
2168 1068 2234 1107 ac
2261 1055 2487 1121 moesta,
2520 1051 2834 1107 inﬁrmitas
2864 1049 3119 1124 corporis
3149 1051 3263 1107 mei
3302 1051 3591 1119 turbetur,

1955 1139 2143 1195 dicam
2175 1139 2280 1196 tibi
2309 1139 2561 1197 salutare
2587 1139 2929 1195 remedium.

1987 1257 2023 1309 7
2093 1259 2262 1327 Spera
2290 1257 2351 1311 in
2374 1257 2475 1312 Deo
2504 1255 2763 1327 quoniam
2887 1254 3062 1311 adhuc
3088 1260 3104 1322 ζ
3145 1256 3438 1326 conﬁtebor
3466 1256 3556 1312 illi
3573 1272 3585 1311 :

2095 1343 2348 1400 Salutare
2374 1345 2555 1399 vultus
2584 1346 2695 1400 mei
2720 1352 2772 1400 et
2797 1344 2936 1400 Deus
2963 1358 3133 1399 meus.

1991 1433 2025 1486 8
2098 1432 2178 1489 Ad
2204 1434 2467 1504 meipsum
2494 1434 2683 1495 anima
2707 1449 2827 1488 mea
2853 1432 3175 1488 conturbata
3202 1439 3279 1488 est
3309 1447 3324 1487 :

2096 1524 2378 1593 Propterea
2417 1537 2623 1577 memor
2664 1537 2755 1576 ero
2795 1522 2880 1576 tui
2933 1521 2999 1577 de
3042 1528 3189 1577 terra
3229 1519 3497 1578 Jordanis
3542 1526 3593 1577 et

2094 1611 2410 1666 Hermonim
2437 1627 2470 1665 a
2497 1611 2678 1666 monie
2702 1608 2928 1666 modico.

2026 1729 2064 1779 C
2095 1726 2275 1798 Spera
2305 1725 2363 1781 in
2395 1726 2529 1794 Deo,
2563 1724 2702 1798 quia
2727 1741 2860 1798 spes
2889 1726 3017 1797 ejus
3045 1724 3243 1782 omnia
3271 1728 3595 1782 commutat

1956 1814 2013 1869 in
2041 1812 2271 1870 melius.
2304 1814 2385 1870 Ne
2416 1814 2559 1869 forte
2602 1816 2792 1869 autem
2839 1813 2993 1870 dicat
3031 1812 3230 1869 anima
3261 1814 3593 1881 :Quomodo
3636 1848 3645 1861 ι

1957 1916 2193 1973 possum
2223 1916 2454 1974 sperare
2485 1901 2544 1956 in
2575 1917 2729 1971 eum,
2757 1902 2900 1957 dum
2948 1901 3091 1957 mihi
3124 1919 3256 1959 mea
3282 1901 3594 1959 inﬁrmitas

1955 1989 2224 2046 obsistit?
2253 1989 2402 2045 Dicit
2433 1989 2613 2046 Filius
2657 1990 2868 2060 crucis,
2900 1991 2958 2047 id
2996 1994 3105 2061 est,
3137 1990 3313 2048 homo
3355 2007 3591 2048 carnem

1954 2077 2299 2151 cruciﬁgens
2331 2095 2464 2134 cum
2510 2078 2666 2135 vitiis
2694 2084 2751 2134 et
2789 2071 3276 2152 concupiscontiis
3313 2079 3456 2143 (Gal.
3484 2080 3539 2150 ν)
3575 2096 3589 2136 :

1953 2166 2313 2240 respondebo
2346 2167 2551 2222 animae
2594 2184 2733 2223 suae.
2780 2166 3109 2224 Conﬁtebor
3149 2168 3253 2234 illi,
3280 2167 3339 2224 id
3379 2171 3487 2238 est,
3519 2169 3592 2223 de

1954 2254 2204 2326 peccatis
2230 2254 2375 2311 meis
2400 2255 2799 2326 pmnitentiam
2829 2272 3027 2328 geram
3066 2260 3130 2312 ut
3175 2256 3259 2312 tui
3293 2256 3592 2312 devotione

1957 2343 2226 2415 impediri
2257 2360 2371 2399 non
2402 2343 2761 2415 possim.Sed
2785 2343 2878 2399 cui
2910 2344 3201 2400 conﬁteris
3230 2362 3243 2400 :
3271 2344 3358 2400 Illi
3381 2344 3482 2417 qui
3503 2348 3594 2402 est

1956 2430 2208 2488 salutare
2239 2431 2432 2487 vultus
2465 2431 2712 2501 mci,hoc
2743 2435 2831 2488 est
2853 2431 3139 2489 Christus.

2030 2522 2070 2575 ll
2106 2521 2427 2576 Turbatum
2460 2519 2599 2577 dicit
2626 2520 2883 2576 animam
2917 2538 3084 2576 suam
3133 2521 3206 2578 ob
3245 2521 3590 2577 recordatio-

1958 2626 2089 2665 nem
2123 2608 2464 2664 delictorum
2494 2609 3089 2681 priorum.Propterea
3118 2627 3341 2667 memor
3366 2628 3464 2666 ero
3485 2609 3590 2665 tui.

1958 2699 2004 2754 H
2035 2699 2253 2753 Memor
2282 2697 2392 2753 fuit
2419 2698 2625 2753 animae
2665 2715 2782 2754 suos
2816 2698 2926 2754 iste
2957 2698 3241 2771 pmnitens
3271 2700 3329 2755 in
3360 2699 3597 2756 humili-

1958 2791 2075 2842 tate
2126 2786 2498 2859 pocnitentiae,
2545 2792 2600 2843 et
2638 2805 2755 2842 non
2804 2804 2867 2843 se
2915 2787 3098 2844 elevat
3145 2805 3424 2862 magnum
3472 2788 3592 2862 glo-

1956 2875 2180 2941 riando,
2241 2875 2340 2930 sed
2397 2874 2572 2931 efﬁcit
2616 2874 2921 2946 parvulum
2973 2876 3323 2948 pmnitendo.
3356 2880 3397 2931 C
3444 2875 3596 2932 Dicit

1957 2962 2132 3023 etiam
2164 2964 2316 3019 unde
2350 2979 2574 3019 memor
2601 2964 2732 3030 erit,
2758 2963 2816 3019 id
2863 2968 2952 3020 est
3004 2965 3077 3021 de
3120 2968 3273 3022 terra
3297 2964 3591 3032 Jordanis,
3668 3000 3671 3003 »

1958 3051 2113 3123 quod
2139 3050 2552 3124 interpretatur
2579 3052 2865 3121 descensio,
2899 3052 3037 3124 quia
3063 3052 3145 3108 ibi
3184 3052 3467 3110 Dominus
3495 3053 3593 3109 de-

1958 3138 2184 3195 scendit
2205 3139 2264 3193 in
2295 3139 2532 3209 fontem,
2553 3155 2726 3212 quem
2756 3140 2927 3195 nobis
2955 3141 3392 3211 consecravit,et
3419 3141 3598 3215 signi-

1959 3226 2093 3282 ﬁcat
2120 3227 2477 3299 baptismum
2509 3226 2569 3282 in
2595 3243 2709 3299 quo
2740 3231 2976 3298 peccata
3004 3228 3250 3285 remissa
3286 3232 3442 3285 sunt.
3477 3229 3595 3287 Me-

147 3317 293 3373 que
329 3298 648 3388 volumus,
680 3315 808 3370 quae
831 3296 1413 3371 iubemusietividete
1439 3314 1512 3353 an
1543 3297 1697 3354 Deus
1726 3315 1847 3355 ves-
1876 3319 1918 3386 α
1957 3332 2084 3371 mor
2128 3296 2427 3388 estigitur
2473 3296 2849 3383 nomina—de
2897 3315 3174 3385 beneﬁcio
3221 3315 3497 3388 baptismi
3540 3319 3599 3372 et

146 3393 248 3444 ter
266 3405 390 3443 vos
429 3386 667 3443 liberet.

177 3496 216 3551 4
300 3495 465 3551 Haec
492 3492 810 3549 remrdatus
863 3507 987 3547 sum
1040 3495 1092 3547 et
1146 3490 1320 3564 θῆναιΙὶ
1379 3493 1440 3547 in
1488 3507 1573 3548 me
1608 3493 1854 3547 animam

386 3598 588 3638 meam
619 3599 639 3642 ἔ

294 3671 614 3740 Quoniam
649 3669 897 3724 transibo
928 3670 986 3724 in
1017 3669 1195 3724 locum
1241 3668 1581 3725 tabernaculi
1616 3668 1853 3724 admira-

380 3758 537 3814 bilis
566 3773 738 3829 usque
768 3755 837 3811 ad
865 3756 1086 3812 domum
1112 3757 1230 3812 Dei.

200 3848 250 3905 C
282 3847 477 3905 Dum
513 3845 640 3901 haec
672 3862 802 3917 quae
835 3844 1308 3917 improperabant
1340 3844 1504 3911 mihi,
1559 3845 1646 3901 vel
1671 3846 1847 3901 etiam

118 3954 266 4010 qua:
304 3934 489 3993 mihi
521 3933 977 4005 imputabantur
1005 3931 1217 3989 delicta
1241 3930 1849 4005 cogitarem,animam

113 4042 334 4083 meam
368 4024 447 4080 in
490 4022 794 4095 lacrymas
824 4021 1022 4078 subita
1050 4021 1433 4078 inundatione
1452 4021 1848 4093 profudi.Ani-

111 4132 220 4171 ma
251 4114 323 4169 in
355 4129 437 4170 se
464 4109 1052 4182 funditur,quotiens
1073 4112 1423 4182 compuncta
1439 4108 1720 4165 instinctu
1747 4110 1848 4165 Dei

113 4203 177 4259 in
211 4200 667 4273 semetipsam
694 4198 1019 4255 revertitur.
1047 4196 1323 4269 Sequitur
1344 4214 1449 4253 cur
1479 4213 1541 4253 se
1562 4198 1847 4265 funderet,

110 4293 445 4364 quoniam
487 4285 949 4361 ingrediebatur
990 4286 1049 4341 in
1088 4285 1283 4342 locum
1326 4285 1707 4355 tabernaculi,
1740 4285 1850 4342 hoc

109 4384 206 4436 est
240 4381 312 4435 in
352 4374 730 4434 Ecclesium
763 4372 1236 4446 pransentem,ubi
1264 4371 1519 4445 amplius
1541 4374 1848 4447 gemebat;

109 4467 360 4525 differri
401 4464 643 4523 adhuc
674 4461 835 4517 illam
868 4462 1161 4519 cmlestem
1184 4460 1613 4517 Hierusalem.H
1642 4462 1702 4516 In
1736 4479 1854 4534 qua

108 4562 262 4613 sunt
291 4554 505 4612 multi
544 4550 958 4619 admirabiles,
992 4549 1310 4606 virtutibus
1334 4550 1513 4605 sacris
1544 4548 1848 4622 pollentes,

104 4647 211 4720 qui
242 4641 588 4703 aedificati
616 4656 801 4711 supra
819 4639 1266 4695 fundamentum
1291 4637 1684 4711 apostolorum
1708 4642 1852 4693 tam-

105 4752 302 4808 quam
346 4750 497 4789 una
539 4729 797 4793 domus,
830 4727 1142 4794 habentur,
1195 4726 1255 4782 in
1301 4743 1478 4799 quam
1524 4726 1633 4784 iste
1661 4730 1857 4782 mente

104 4824 529 4899 ingrediens,
575 4815 799 4873 effudit
823 4814 1103 4871 animam.

135 4934 175 4987 5
250 4936 339 4990 In
364 4943 527 4986 voce
562 4922 968 4982 msullationis
997 4930 1047 4978 et
1072 4923 1427 4994 confessionis
1458 4940 1476 4976 :

248 5026 474 5080 Sanus
514 5011 850 5088 εραιαηιὶσς.

176 5111 221 5167 C
247 5102 636 5175 Quomodo
672 5098 817 5155 illuc
845 5098 930 5155 ire
976 5098 1389 5155 sanctissimus
1430 5097 1769 5154 ambiebat?
1795 5098 1858 5153 In

109 5217 273 5269 voce,
311 5195 628 5257 scilicet,
674 5186 1086 5244 exsultationis
1135 5191 1193 5242 et
1235 5185 1637 5242 confessionis.
1665 5185 1861 5242 Exsul-

112 5288 375 5358 tatio,ad
410 5276 879 5360 psalmodiam
927 5274 1180 5347 respicit.
1203 5274 1597 5339 Confessio,ad
1627 5278 1863 5346 peccata

114 5374 545 5450 ἀεριοι-ειηάει,
592 5367 757 5434 Quae
782 5363 901 5450 duo
948 5362 1212 5419 efﬁciunt
1240 5361 1636 5450 Christianum
1677 5361 1862 5450 perfe-

116 5449 299 5521 ctam,
335 5468 578 5520 sonus
636 5449 974 5524 epulantis,
1030 5450 1305 5505 difﬁnitio
1350 5449 1740 5521 brevis;quid
1788 5449 1866 5506 sit

118 5552 456 5611 εχευιιειιίο
516 5550 595 5605 et
663 5536 992 5604 confessio,
1027 5536 1166 5608 quia
1211 5540 1301 5592 est
1330 5552 1510 5591 sonus
1552 5536 1861 5608 epulantis.

117 5643 258 5700 Nam
289 5656 505 5699 sonus
541 5636 688 5691 iste
726 5626 994 5682 animam
1028 5625 1310 5698 pascit,et
1339 5623 1541 5696 epulas
1573 5624 1735 5681 suavi
1768 5624 1863 5679 de-

120 5729 448 5793 lectatione
483 5714 836 5786 concedit.

1958 3403 2385 3460 renuntiatione
2431 3402 2683 3471 diaboli;
2717 3403 2870 3459 unde
2916 3402 3113 3461 addit:
3143 3407 3200 3460 et
3238 3403 3595 3461 Hermonim.

1958 3491 2210 3547 Hermon
2242 3508 2452 3564 parvus
2483 3495 2571 3547 est
2600 3508 2770 3548 mons
2791 3493 2961 3562 juxta
2982 3493 3318 3562 Jordanem,
3341 3497 3399 3550 et
3428 3492 3599 3550 inter-

1959 3583 2222 3652 pretatur
2276 3580 2586 3648 anathema,
2647 3580 2802 3652 quod
2861 3579 3003 3636 dicit
3061 3581 3169 3637 hoc
3227 3581 3476 3651 diabolo,
3536 3585 3603 3638 ut

1959 3669 2037 3724 sit
2065 3669 2135 3723 ab
2161 3685 2226 3724 eo
2254 3668 2583 3739 anathema,
2617 3670 2851 3740 quando
2901 3669 2971 3725 ad
3008 3674 3186 3726 Deum
3225 3670 3447 3729 venerit
3469 3687 3602 3728 vera

1958 3755 2315 3829 pmnitentia.
2348 3759 2391 3812 A
2423 3761 2617 3813 monte
2657 3757 2906 3827 modico,
2942 3758 3080 3831 quia
3111 3759 3265 3816 Deus
3288 3776 3401 3816 non
3430 3759 3604 3834 elegit

1958 3846 2276 3917 superbum
2319 3845 2421 3901 sed
2474 3844 2780 3902 humilem.
2831 3849 2880 3919 Ag
2908 3851 3104 3903 monte
3140 3846 3321 3921 igitur
3350 3847 3598 3916 modico,

1957 3933 2058 4006 qui
2087 3938 2176 3989 est
2205 3933 2561 4002 Hermonim,
2596 3951 2819 3991 memor
2848 3940 2938 3992 est
2967 3935 3216 4005 Domini,
3248 3937 3348 4009 qui
3388 3952 3450 3994 se
3483 3953 3599 3993 non

1958 4021 2198 4077 extollit.

1993 4140 2023 4189 9
2098 4136 2333 4208 Abyssus
2362 4136 2617 4208 abyssum
2641 4138 2777 4204 {—in
2820 4145 2833 4204 ζ
2874 4146 3041 4193 vocat.

2098 4226 2162 4279 In
2190 4239 2313 4279 voce
2338 4231 2736 4279 cataractarum
2763 4231 3003 4281 tuarum.

2028 4342 2068 4394 C
2096 4339 2353 4411 Abyssus
2384 4342 2441 4393 et
2464 4343 2763 4393 cataracta:
2810 4343 3006 4394 Graeca
3034 4342 3192 4394 sunt.
3216 4341 3260 4394 A
3289 4338 3330 4395 C
3361 4340 3597 4397 Duabus
3670 4370 3677 4377 -

1957 4428 2113 4484 enim
2144 4427 2373 4499 abyssis
2413 4427 2528 4482 duo
2568 4428 2939 4483 Testamenta
2964 4426 3388 4499 signiﬁcantur,
3421 4428 3478 4484 id
3510 4434 3601 4485 est

1956 4515 2176 4573 Novum
2209 4522 2269 4570 et
2292 4515 2491 4582 Vetus,
2509 4532 2633 4586 quae
2662 4531 2724 4569 se
2769 4519 2973 4569 mutua
3001 4514 3369 4571 attestatione
3397 4517 3603 4572 conﬁr-

1960 4604 2384 4675 ment,quando
2412 4603 2592 4657 Vetus
2612 4603 2833 4657 Novum
2859 4602 3138 4674 praedicit.
3170 4602 3216 4657 Η
3247 4602 3320 4658 Ut
3359 4603 3438 4659 ibi
3469 4620 3601 4676 pro-

1884 4680 1932 4744 D
1964 4693 2200 4765 phetam
2233 4692 2394 4746 vobis
2423 4690 2731 4746 suscitabit
2758 4689 3040 4745 Dominus
3063 4692 3247 4761 (Deut.
3269 4694 3455 4758 xvm).
3484 4691 3601 4747 No-

1964 4798 2101 4836 vum
2129 4797 2262 4835 vero
2287 4780 2466 4836 Vetus
2499 4783 2935 4847 commemorat,
2971 4782 3036 4833 ut
3065 4777 3297 4835 Paulus.
3320 4779 3603 4835 Bibebant

1966 4873 2158 4925 autem
2188 4870 2258 4923 de
2306 4874 2486 4939 petra,
2500 4875 2654 4940 petra
2680 4874 2799 4923 erat
2824 4866 3072 4924 Christus
3102 4869 3149 4939 (I
3169 4867 3288 4923 Cor.
3321 4867 3399 4938 χ).
3432 4871 3471 4922 C
3498 4868 3602 4925 Ca-

1966 4961 2198 5013 taractie
2230 4956 2521 5028 prophetae
2554 4959 2610 5011 et
2638 4954 2885 5027 apostoli
2917 4956 3221 5028 sunt,quia
3251 4955 3405 5012 sicut
3431 4973 3606 5029 aqua-

1966 5062 2095 5101 rum
2130 5044 2446 5099 multitudo
2474 5061 2578 5115 pcr
2597 5047 2916 5099 cataractas
2945 5044 3248 5111 evomitur,
3282 5043 3364 5100 ita
3407 5045 3479 5101 de
3509 5061 3605 5101 ore

1966 5132 2226 5204 ipsorum
2254 5131 2483 5186 Domini
2517 5135 2802 5203 przecepta
2824 5136 3222 5187 manaverunt.

1970 5248 2036 5302 10
2110 5245 2305 5301 Omnia
2332 5246 2543 5300 excelsa
2573 5252 2668 5300 tua
2696 5253 2746 5300 et
2772 5246 2965 5315 ﬂuctus
2994 5247 3077 5300 tui
3099 5263 3112 5302 :

2110 5335 2282 5405 Super
2306 5350 2392 5389 me
2421 5334 2775 5420 transierunt.

2044 5454 2083 5504 C
2112 5448 2349 5504 Excelsa
2377 5465 2511 5504 vero
2551 5451 2609 5503 et
2653 5448 2865 5504 ﬂuctus
2910 5448 3238 5520 Scripturas
3285 5463 3482 5505 sacras
3528 5446 3611 5500 in-

1973 5535 2459 5609 tclligamulezcc
2488 5552 2623 5607 ergo
2653 5535 2793 5589 dicit
2812 5537 3014 5606 justus
3037 5552 3213 5607 super
3242 5552 3304 5591 se
3334 5533 3615 5591 transisse

1975 5625 2113 5696 quia
2143 5624 2200 5677 in
2232 5639 2432 5677 eorum
2464 5622 2690 5688 notitia,
2737 5622 2941 5676 avidus
2991 5626 3385 5691 perscrutator
3413 5633 3476 5674 se
3503 5615 3617 5669 im-

1980 5715 2276 5769 merserat.
