3898 6436
233 450 354 512 179

1149 452 1216 512 8.
1262 447 1655 513 BRUNONIS
1699 447 2327 510 HERBIPOLENSIS
2372 449 2747 512 EPlSCOPl.

3549 447 3673 511 I80

235 585 301 642 Η
384 583 444 640 1η
474 583 562 640 die
590 583 875 640 mandavit
903 581 1166 640 Dominus
1211 582 1644 640 misericordiam
1691 599 1851 637 suum
1885 599 1897 637 :
1932 583 1984 649 Α
2089 582 2134 636 Η
2167 588 2344 654 Spera
2373 579 2431 638 in
2469 584 2600 648 Deo,
2635 583 2916 656 quoniam
2971 581 3164 639 adhuc
3206 581 3528 638 conﬁtebor
3558 556 3700 638 illis"

458 673 525 730 Et
547 681 703 730 nocte
731 674 1006 729 canticum
1034 673 1167 746 ejus.

239 765 312 820 12
384 761 538 834 Apud
567 777 653 818 me
680 764 858 818 oratio
887 764 989 818 Deo
1019 765 1150 820 vitae
1177 777 1334 818 mem.

385 853 578 908 Dicam
603 851 710 907 Deo
737 858 1011 922 susceptor
1034 867 1186 907 meus
1212 867 1288 907 es.

316 941 363 998 H
391 941 454 996 In
483 939 578 996 die
603 940 902 997 mandavit
925 939 1232 1007 Dominus,
1265 939 1324 995 id
1371 943 1460 995 est
1507 939 1568 994 in
1609 938 1737 994 luce
1767 955 1902 994 san-

245 1033 475 1087 ctarum
489 1029 922 1102 Scripturarum
942 1028 1213 1101 promisit
1227 1045 1398 1084 suam
1415 1027 1900 1084 misericordiam.

248 1119 320 1174 Et
350 1122 516 1175 nocte
546 1117 861 1186 canticum,
894 1117 952 1174 id
999 1121 1092 1174 est
1137 1117 1196 1172 in
1241 1116 1621 1174 tribulatione
1673 1115 1906 1190 positis.

248 1205 440 1280 ipsam
473 1206 932 1266 misericordiam
981 1205 1256 1263 ostendit.
1288 1208 1335 1262 A
1361 1205 1458 1262 Vel
1492 1207 1550 1262 in
1579 1205 1695 1273 die,
1733 1206 1788 1261 id
1817 1209 1907 1262 est

249 1295 545 1370 prosperis
575 1296 847 1370 przecepit
867 1295 1022 1352 Deus
1046 1295 1505 1352 misericordiam
1539 1313 1708 1351 suam
1740 1295 1907 1351 intel-

249 1385 428 1459 ligere
457 1389 514 1442 et
540 1385 672 1442 aliis
698 1387 998 1452 facere,-et
1045 1389 1214 1440 nocte
1261 1385 1534 1457 praecepit
1577 1385 1902 1452 canticum,

187 1505 195 1513 -
248 1475 306 1531 id
337 1479 426 1532 est
455 1475 514 1531 in
547 1473 809 1538 adversis
848 1471 1320 1530 exsultationem.
1356 1473 1520 1530 Unde
1545 1473 1900 1546 Apostolus:

247 1565 311 1621 In
342 1562 824 1620 tribulationibus
872 1561 1194 1638 gaudentes
1237 1565 1288 1633 (ι
1336 1565 1486 1621 Thes.
1534 1565 1596 1635 ι).
1629 1565 1669 1620 C
1710 1563 1812 1620 Vel
1843 1563 1906 1619 in

247 1652 341 1710 die
367 1652 776 1726 prosperitatis
802 1653 973 1708 docet
1001 1669 1152 1722 eam,
1189 1652 1290 1709 sed
1322 1657 1487 1709 nocte
1510 1652 1907 1710 tribulationis

247 1754 379 1800 eam
409 1741 748 1798 manifestat
773 1741 1014 1798 clarius.

319 1831 362 1886 C
390 1831 552 1904 Apud
584 1836 678 1887 me
708 1831 989 1897 oratio,ac
1036 1831 1086 1888 si
1116 1831 1352 1900 diceret,
1374 1831 1531 1888 intra
1562 1848 1656 1887 me
1687 1830 1906 1888 sacrifi-

249 1920 408 1976 cium
437 1924 528 1976 est
557 1921 712 1994 quod
743 1921 984 1976 offeram
1039 1920 1178 1987 Deo,
1210 1919 1366 1992 quod
1419 1924 1509 1976 est
1546 1921 1747 1994 utique
1779 1937 1906 1978 ora-

250 2010 332 2066 tio
357 2025 535 2082 quam
566 2014 718 2066 Deus
751 2027 866 2065 non
898 2009 1132 2082 sprevit.
1158 2009 1356 2064 Dicam
1391 2009 1527 2078 Deo,
1561 2013 1695 2080 etc.,
1728 2011 1783 2066 id
1816 2015 1906 2066 est

251 2109 386 2155 cum
417 2113 512 2154 me
541 2099 732 2172 gratia
753 2095 1126 2171 baptismatis
1145 2097 1570 2171 susceperis,de
1587 2099 1704 2154 tuis
1731 2099 1903 2156 bene-

253 2185 405 2243 ficiis
432 2190 488 2244 te
520 2185 788 2254 laudans,
823 2203 1056 2260 semper
1082 2192 1483 2259 susceptorem
1515 2205 1676 2244 voco.

260 2277 327 2332 t3
400 2269 582 2345 Quare
608 2275 808 2332 oblitus
838 2277 892 2332 ei
917 2277 1072 2332 mei?

388 2359 455 2422 Et
481 2381 651 2438 quare
676 2367 1028 2422 contristatus
1057 2365 1245 2422 incedo
1275 2365 1407 2422 dum
1435 2367 1647 2439 afﬂigit
1675 2381 1762 2422 me
1791 2367 1905 2423 ini-

459 2457 639 2511 micus
658 2459 684 2510 .9

315 2543 567 2607 CQuare
619 2542 838 2599 oblitus
891 2560 955 2598 es
985 2542 1122 2610 mei,
1176 2542 1318 2599 dicit
1365 2542 1454 2600 vir
1495 2545 1908 2601 sanctissimus

247 2647 410 2690 more
439 2631 722 2698 humano,
753 2647 821 2688 ac
853 2631 901 2688 si
922 2630 1096 2699 dicat,
1121 2649 1226 2687 cur
1255 2631 1459 2688 tandiu
1493 2632 1695 2689 differs
1727 2639 1791 2690 ut
1818 2651 1910 2691 me

248 2735 366 2778 non
398 2721 647 2777 inducas
677 2720 738 2776 in
768 2719 932 2776 illam
981 2721 1254 2794 patriam,
1308 2737 1486 2793 quam
1539 2723 1762 2779 sanctis
1791 2723 1911 2781 tuis

247 2807 548 2884 pollicitus
575 2823 658 2866 es.
687 2811 876 2876 Quare
901 2811 1284 2866 contristatus
1317 2810 1752 2885 incedo,utique
1781 2831 1908 2870 con'

246 2897 820 2972 tristemur,quando
830 2897 1059 2972 flagella
1087 2897 1141 2954 in
1159 2899 1267 2956 hoc
1285 2901 1504 2956 mundo
1519 2901 1908 2967 sustinemus,

219 2993 401 3044 ~Dum
432 2983 640 3062 afﬂigit
669 2998 776 3045 nos
803 2985 1160 3056 inimicus,id
1187 2991 1275 3046 est
1303 2988 1734 3059 diabolus,cum
1761 2993 1914 3049 frau-

250 3075 513 3134 duléntis
562 3076 1040 3151 subreptionibus
1091 3079 1218 3135 suis
1268 3095 1377 3136 nos
1424 3084 1632 3145 tentat,
1677 3082 1912 3154 quando

253 3166 450 3223 carnis
481 3161 822 3224 vltia'invito
845 3183 911 3224 ac
927 3171 1292 3241 repugnante
1315 3169 1509 3226 animo
1523 3169 1907 3230 sustinemus.

2012 671 2074 727 In
2106 670 2233 744 ipso
2265 673 2465 727 nostra
2494 672 2570 728 sit
2596 687 2730 744 spes
2759 689 2991 746 semper
3020 675 3267 738 attenta,
3308 670 3434 744 ipse
3461 677 3672 729 omne

2011 761 2224 816 fluctus
2256 759 2641 834 mitiget,ipse
2659 778 2765 817 nos
2795 765 3096 818 conservet
3128 761 3187 816 in
3219 759 3666 827 tentationibus,

2012 851 2138 922 ipse
2165 849 2324 905 sitim
2358 856 2617 906 nostram
2651 865 2760 908 sua
2789 849 3280 924 contemplatione
3311 850 3510 919 saciet,
3537 867 3672 908 nos-

2015 957 2129 1012 que
2158 939 2355 995 vultus
2386 940 2476 996 sui
2511 939 2753 996 salutari
2780 940 3050 996 viviticet.

2505 1046 2710 1084 ORATIO
2742 1047 2811 1084 EX
2851 1046 3012 1084 PSAL.
3053 1045 3166 1084 XLI.

2081 1117 2298 1174 Vultus
2336 1117 2522 1174 nostri
2563 1117 2878 1174 mirificum
2925 1117 3201 1185 salutare,
3235 1129 3410 1192 quem
3457 1117 3669 1172 anima;

2015 1207 2273 1264 fidelium
2306 1207 2578 1263 ardenter
2594 1206 2802 1262 sitiunt
2818 1206 3179 1264 servulorum
3191 1249 3204 1274 ,
3221 1207 3434 1274 tribue,
3449 1209 3513 1262 ut
3526 1205 3668 1262 dum

2013 1301 2070 1352 te
2117 1295 2353 1369 (visibili
2397 1295 2788 1369 lacrymarum
2834 1286 3022 1352 imbre
3069 1296 3246 1369 pasti)
3285 1293 3663 1368 requirimus,

2014 1384 2385 1441 invisibiliter
2412 1394 2463 1441 te
2492 1388 2645 1441 intra
2684 1385 2941 1458 pectoris
2987 1384 3174 1442 nostri
3222 1381 3668 1442 tabernaculum

2015 1474 2386 1530 collocemus.
2403 1477 2512 1530 Per
2537 1475 2853 1530 Dominum
2867 1475 3175 1531 nostrumJ
3182 1490 3351 1531 esum
3367 1473 3668 1530 Christum

2014 1563 2228 1620 Filium
2249 1568 2442 1631 tuum,
2467 1567 2578 1620 etc.

2551 1653 2878 1711 PSALMUS
2915 1653 3095 1711 XLII.

2443 1759 2847 1800 Αησυκεκτυλι
2888 1757 3045 1799 ρεΑῑ..
3086 1759 3220 1799 χιιι.

2085 1837 2128 1890 C
2157 1834 2279 1890 Vox
2310 1831 2576 1889 Ecclesiae
2607 1833 2943 1889 orantiszut
2973 1833 3032 1888 in
3063 1831 3384 1889 novissimo
3405 1831 3674 1888 examine

2016 1925 2089 1980 ab
2121 1923 2458 1979 infidelibus
2487 1919 2958 1989 dividatur,etde
2979 1937 3087 1977 suo
3119 1921 3362 1977 introitu
3377 1919 3668 1977 adDeum.

2087 2013 2180 2069 TT
2223 2019 2280 2084 ζ
2308 2015 2537 2084 lnﬁnem
2569 2013 2819 2067 Psatmus
2847 2011 3022 2067 David
3063 2018 3104 2081 ⁸,
3154 2053 3168 2066 .
3650 2016 3660 2020 “

2085 2104 2128 2158 C
2142 2102 2411 2158 Psalmus
2424 2101 2599 2169 (sicut
2612 2117 2764 2174 saepe
2776 2101 2998 2156 dictum
3013 2100 3124 2171 est)
3139 2098 3333 2173 signat
3345 2097 3528 2156 melos
3549 2113 3668 2156 car-

2014 2192 2251 2248 lestium
2277 2189 2806 2247 verborum.David
2839 2194 3034 2246 autem
3065 2187 3674 2254 fortissimum,acde-

2016 2281 2388 2338 sidcrabilem
2421 2279 2594 2335 nobis
2625 2278 2846 2334 indicat
2873 2277 3254 2346 Salvatorem,
3288 2279 3358 2334 ad
3393 2290 3567 2350 quem
3601 2276 3674 2334 de

2016 2387 2266 2444 persona
2286 2367 2611 2425 ﬁdelissimi
2625 2367 2936 2424 Christiani
2957 2366 3224 2440 psalmus
3235 2367 3347 2424 iste
3365 2366 3666 2440 dirigitur,

2016 2461 2158 2516 dum
2191 2475 2358 2515 mens
2388 2463 2446 2515 et
2477 2458 2723 2514 intentio
2753 2457 2884 2530 ejus
2926 2457 2999 2513 ad
3034 2456 3231 2530 ipsum
3259 2456 3672 2513 desideranter

2018 2555 2278 2624 aptatur.
2797 2614 2806 2621 ε

2021 2643 2046 2696 1
2123 2640 2321 2698 Judica
2348 2655 2456 2706 me,
2487 2639 2646 2705 Deus,
2678 2646 2729 2694 et
2757 2635 3004 2694 discerne
3030 2652 3256 2692 causam
3272 2650 3470 2700 meam,
3499 2635 3667 2702 Deus,

2232 2729 2298 2784 de
2326 2735 2489 2802 gente
2517 2744 2626 2782 non
2656 2731 2848 2782 sancta
2881 2744 2894 2783 :

2161 2819 2239 2875 Ab
2269 2818 2488 2875 homine
2521 2817 2710 2889 iniquo
2737 2824 2790 2872 et
2815 2813 3004 2871 doloso
3032 2829 3162 2870 erue
3187 2829 3294 2869 me.

2091 2909 2133 2964 C
2151 2907 2361 2964 Judica
2386 2923 2499 2974 me,
2530 2905 2842 2962 Deus.Non
2865 2904 3021 2960 enim
3049 2903 3195 2976 petit
3220 2900 3505 2975 Propheta
3536 2917 3671 2973 pec—

2021 3003 2151 3054 cata
2180 3014 2289 3054 sua
2319 2995 2553 3061 discuti,
2585 2995 2685 3050 sed
2717 2994 2789 3050 ab
2821 2993 3159 3065 iniquorum
3191 2990 3485 3048 consortio
3515 2989 3669 3046 libe-

2021 3086 2156 3144 rari.
2187 3088 2352 3144 Esset
2398 3085 2555 3142 enim
2601 3082 2998 3157 periculosum
3043 3081 3234 3138 dicere
3268 3098 3282 3136 :
3308 3079 3514 3152 judica
3551 3095 3670 3145 me,

2021 3175 2135 3232 nisi
2159 3175 2507 3231 addidisset:
2523 3172 2788 3229 discerne
2807 3187 3046 3227 causam
3071 3186 3282 3238 meam,
3297 3169 3354 3224 id
3369 3173 3459 3225 est
3476 3167 3672 3224 divide

251 3255 324 3314 44
393 3253 536 3313 Dum
579 3258 1012 3331 confringantur
1063 3273 1183 3315 ossa
1235 3275 1358 3315 mea
1398 3277 1411 3315 :
1443 3260 1914 3334 exprobrauerunt
1947 3331 1984 3340 _
2025 3265 2465 3340 permistionem
2481 3279 2671 3318 meam
2695 3262 2768 3317 ab
2795 3259 3014 3334 impiis.
3031 3259 3112 3317 De
3131 3263 3428 3332 gentenon
3443 3261 3670 3324 saneta,

463 3347 624 3406 mihi.
976 3390 990 3402 .

395 3434 508 3506 'Qui
535 3432 806 3492 tributam
833 3451 920 3493 me
1049 3438 1267 3493 inimici
1285 3440 1395 3494 mei
1425 3456 1439 3494 :

323 3529 365 3580 C
392 3525 766 3598 Franguntur
792 3541 950 3596 ossa,
983 3526 1124 3582 dum
1152 3527 1338 3583 virtus
1368 3527 1658 3600 patientiae
1694 3533 1906 3585 nostra:

251 3613 556 3686 aﬂligitur,
588 3612 697 3669 hoc
722 3613 969 3669 irrident
993 3614 1256 3671 videntes
1277 3615 1520 3683 inimici,
1543 3620 1600 3674 et
1625 3615 1785 3674 velut
1805 3617 1908 3674 ali-

252 3717 428 3776 quem
482 3702 829 3774 probrosum
883 3703 1317 3760 abominantur.
1377 3705 1553 3762 HVel
1603 3725 1740 3763 ossa
1789 3708 1905 3763 for-

249 3793 429 3848 tiores
457 3791 518 3846 in
566 3789 823 3847 Ecclesia
851 3797 1012 3861 sunt,
1057 3793 1179 3866 qui,
1211 3794 1351 3850 dum
1383 3795 1678 3852 scandatis
1727 3802 1784 3852 et
1815 3795 1904 3853 di-

248 3881 438 3938 versis
465 3877 768 3954 suppliciis
793 3886 1096 3954 urgentur,
1129 3883 1426 3958 simplices
1465 3885 1730 3941 videntes
1759 3903 1903 3942 con-

251 3969 580 4027 tristantur.
629 3972 676 4028 Α
705 3965 752 4027 Η
798 3969 960 4028 Unde
1007 3976 1064 4028 et
1109 3972 1333 4030 inimici
1383 3973 1673 4040 Ecclesiaa,
1733 3975 1902 4031 bonis

249 4059 596 4116 Christianis
625 4060 976 4132 exprobrant
1013 4061 1072 4118 in
1125 4062 1485 4136 martyribus
1527 4063 1615 4119 vel
1667 4064 1900 4121 confes-

247 4149 500 4220 soribus,
533 4149 674 4205 dum
706 4166 741 4206 a
767 4148 882 4206 Deo
911 4149 994 4207 vel
1028 4150 1214 4208 occidi
1239 4151 1327 4208 vel
1357 4151 1626 4210 tribulari
1657 4153 1899 4226 permit-

246 4242 471 4294 tuntur.

237 4327 318 4414 ’15
393 4328 530 4382 Dum
559 4325 751 4384 dicunt
773 4329 915 4384 mihi
933 4345 1035 4401 per
1061 4329 1309 4400 singulos
1338 4329 1472 4386 dies.
1511 4331 1610 4387 Ubi
1637 4336 1718 4386 est
1751 4335 1900 4388 Deus

456 4423 582 4472 tuus
595 4419 622 4471 .9

382 4507 570 4578 Quare
613 4506 788 4562 tristis
830 4493 908 4572 es,
941 4508 1132 4562 anima
1175 4523 1318 4575 mea,
1369 4509 1423 4563 et
1469 4523 1642 4578 quare
1668 4515 1895 4564 contur-

453 4590 546 4650 bas
578 4596 698 4650 me?

1941 3331 1986 3396 θ
2023 3331 2081 3410 id
2111 3359 2203 3411 est
2230 3355 2302 3409 de
2335 3351 2643 3426 perversis,
2676 3350 2764 3407 vel
2792 3331 2945 3405 male
2974 3331 3564 3420 viventibus.lnquus
3583 3351 3677 3404 est

2019 3443 2118 3517 qui
2144 3441 2298 3498 male
2324 3441 2462 3497 facit
2490 3445 2710 3513 aperte.
2729 3439 2977 3495 Dolosus
3007 3441 3118 3509 est,
3147 3436 3248 3510 qui
3279 3435 3503 3492 occulte
3543 3452 3674 3492 ma-

2017 3532 2292 3588 chinatur
2322 3528 2566 3586 malum.
2582 3530 2730 3584 Erue
2747 3545 2842 3584 me
2861 3525 3059 3582 nevita
3080 3542 3211 3582 mea
3231 3523 3400 3582 abeis
3416 3541 3674 3580 corrum-

2017 3625 2208 3694 patur.
2241 3619 2309 3675 Et
2337 3622 2585 3691 possunt
2613 3617 2733 3672 haec
2779 3615 2978 3672 omnia
3019 3615 3092 3671 ad
3145 3611 3408 3670 futurum
3459 3612 3670 3686 exponi

2007 3709 2325 3783 judicium.
2350 3707 2397 3763 Η
2430 3707 2612 3762 Nemo
2660 3723 2795 3762 vero
2841 3704 3030 3778 magis
3079 3701 3321 3775 iniquus
3362 3705 3538 3774 atque
3568 3701 3686 3784 do-t

2014 3798 2390 3870 losus,quam
2411 3795 2506 3851 ille
2524 3797 2622 3868 qui
2643 3793 2972 3867 iniquitatis
3001 3792 3264 3848 inventor
3289 3791 3464 3863 atque
3487 3807 3671 3846 emu-

2013 3888 2163 3944 lator
2191 3891 2281 3942 est
2310 3884 2658 3952 sanctitatis,
2695 3881 2752 3938 id
2786 3887 2877 3940 est
2905 3879 3200 3938 diabolus.

2008 3980 2046 4032 2
2121 3977 2260 4045 Quia
2291 3979 2352 4030 tu
2379 3991 2434 4030 es
2465 3975 2628 4040 Dvus,
2657 3971 2922 4044 fortitudo
2950 3987 3072 4026 mea
3103 3987 3118 4025 :

2117 4065 2296 4134 Quare
2341 4079 2428 4119 me
2466 4062 2739 4135 repulisti,
2791 4077 2962 4134 quare
3016 4057 3189 4115 tristis
3250 4055 3484 4113 incedo:
3529 4051 3664 4112 dum

2223 4153 2426 4226 afﬂigit
2455 4168 2542 4208 me
2569 4153 2830 4208 inimicus
2845 4151 2873 4206 ?

2081 4243 2126 4298 H
2155 4242 2286 4299 Scio
2319 4259 2410 4298 me
2441 4239 2742 4297 infirmum
2779 4244 2845 4296 et
2866 4235 3154 4312 fragilem,
3185 4251 3292 4292 nec
3322 4233 3510 4291 sentio
3568 4251 3668 4291 me

2007 4331 2224 4388 habere
2253 4329 2513 4404 aliquam
2548 4327 2948 4385 fortitudinem
2981 4344 3098 4400 qua
3127 4342 3318 4392 eruar,
3349 4321 3464 4380 nisi
3477 4324 3542 4380 tu
3565 4339 3668 4380 me

2007 4419 2340 4476 salvaveris.
2356 4421 2520 4476 Tunc
2551 4435 2658 4474 nos
2680 4416 2909 4490 repellit
2929 4415 3369 4482 Christus,cum
3394 4427 3667 4484 peccave-

2005 4509 2213 4564 rimus.
2241 4509 2454 4565 Tristis
2485 4507 2712 4572 incedo,
2744 4509 2982 4580 propter
3009 4508 3248 4578 peccata
3275 4518 3424 4558 mea.
3442 4501 3513 4556 Et
3532 4501 3663 4558 ideo

2006 4598 2236 4673 al'iligor
2263 4597 2324 4653 in
2351 4596 2773 4652 tentationibus
2802 4591 2982 4651 variis
3014 4594 3087 4650 ab
3119 4587 3357 4648 inimico
3403 4589 3662 4658 diabolo,

310 4678 356 4738 Η
388 4681 538 4739 Dum
569 4682 785 4740 dicitur
815 4683 960 4740 mihi
989 4701 1094 4757 per
1123 4681 1389 4756 singulos
1411 4683 1630 4752 dies,ac
1661 4683 1711 4739 si
1737 4684 1894 4742 dicat
1926 4705 1970 4769 D
2001 4685 2102 4760 qui
2134 4687 2406 4759 superius
2428 4685 2861 4757 homoiniquus
2886 4683 3082 4739 dictus
3105 4686 3213 4737 est.
3237 4677 3664 4769 Undequiame

237 4776 477 4828 sanctus
509 4769 578 4828 ad
612 4769 929 4829 Christum.
964 4776 1105 4828 Cum
1139 4788 1244 4844 ego
1271 4776 1327 4826 te
1359 4787 1461 4842 per
1494 4773 1894 4843 pmnitentiam
1926 4765 1961 4769 —
2005 4776 2359 4832 conturbant
2389 4775 2641 4830 tenebrae
2672 4775 3071 4847 peccatorum,
3102 4769 3174 4826 ad
3203 4773 3260 4824 te
3307 4766 3408 4840 qui
3456 4765 3557 4823 lux
3595 4783 3662 4822 es

235 4864 292 4917 et
312 4855 688 4919 afﬂictionem
717 4862 978 4934 corporis
1004 4857 1355 4931 animaeque,
1385 4858 1635 4930 Christe,
1664 4860 1894 4934 placare

233 4947 876 5018 desiderarem,inimici
908 4947 1022 5004 mei
1051 4947 1218 5020 quasi
1244 4946 1544 5004 incassum
1571 4949 1679 5007 hoc
1704 4952 1891 5010 facere

234 5055 327 5096 me
356 5036 650 5104 dicebant,
682 5033 1061 5096 aientes:Ubi
1093 5039 1182 5091 est
1197 5035 1352 5092 Deus
1371 5039 1511 5093 tuus
1531 5041 1838 5114 (Βαίβιον)
1862 5042 1890 5097 ?

233 5127 558 5186 nescientes
588 5128 690 5184 illa
711 5123 941 5184 occulta
961 5143 1089 5198 qua:
1108 5126 1454 5199 praeparavit
1471 5127 1626 5185 Deus
1647 5129 1891 5204 diligen~

231 5218 390 5274 tibus
421 5236 502 5275 se.
536 5221 576 5273 C
605 5217 709 5272 Vel
761 5217 871 5270 hoc
905 5215 1108 5270 dicunt
1154 5214 1212 5270 in
1263 5215 1534 5288 passione
1580 5227 1887 5294 martyres,

229 5307 383 5378 quod
399 5305 592 5380 ipsisa
605 5303 1078 5377 persecutoribus
1092 5303 1522 5376 impropcretur
1534 5307 1631 5362 ubi
1647 5306 1723 5363 sit
1741 5313 1890 5366 Deus

229 5409 454 5450 eorum.
487 5395 532 5448 Η
565 5394 756 5456 Quare
793 5390 980 5447 tristis
1010 5408 1094 5463 es,
1127 5393 1267 5464 quia
1299 5409 1494 5449 meum
1527 5395 1887 5454 desiderium

227 5481 628 5554 prolongatur.
667 5479 928 5550 Repetite
955 5481 1300 5536 confortatio
1330 5486 1419 5538 est
1447 5488 1652 5540 contra
1694 5485 1883 5542 tribu-

227 5569 476 5624 lationes
506 5570 858 5640 frequentes.

229 5659 298 5712 16
369 5657 541 5726 Spera
574 5658 630 5712 in
655 5662 766 5716 Deo
783 5659 1043 5729 quoniam
1070 5658 1143 5732 Χ
1169 5658 1348 5716 adhuc
1380 5665 1394 5727 ζ
1434 5663 1730 5733 conﬁtebor
1749 5665 1873 5720 illi:

369 5744 621 5803 Salutare
640 5747 822 5804 vultus
848 5749 959 5806 mei
984 5750 1121 5825 Xet
1164 5756 1176 5816 ξ
1220 5750 1360 5805 Deus
1391 5765 1562 5805 meus.

2002 4865 2208 4921 mundi
2234 4863 2508 4938 confugio
2540 4861 2808 4936 supplex.

1999 4955 2034 5010 3
2107 4954 2307 5009 Emitte
2337 4953 2512 5009 lucem
2543 4956 2692 5008 tuam
2724 4960 2776 5008 et
2804 4951 3088 5006 veritatem
3114 4951 3270 5002 tuam
3302 4961 3316 5000 :

2105 5044 2228 5115 Ipsa
2256 5059 2342 5098 me
2369 5041 2718 5098 deduxerunt
2744 5041 2799 5097 ei
2827 5039 3186 5095 adduxerunt
3201 5033 3262 5090 in
3283 5037 3522 5091 montem
3537 5045 3659 5088 san-

2212 5139 2358 5186 ctum
2388 5134 2545 5186 tuum
2575 5137 2627 5186 et
2656 5132 2715 5186 in
2747 5125 3104 5185 tabernacula
3133 5134 3249 5182 tua.

2069 5220 2112 5275 C
2140 5220 2288 5276 Petit
2314 5219 2602 5292 Propheta
2630 5223 2697 5275 ut
2727 5219 2898 5274 Pater
2928 5217 3123 5272 mittat
3155 5210 3367 5270 Filium
3397 5207 3468 5268 ad
3485 5207 3650 5284 judi-

1999 5309 2278 5375 candum,
2313 5308 2412 5382 qui
2443 5313 2533 5364 est
2554 5307 2652 5364 lux
2683 5313 2739 5364 et
2766 5305 3001 5372 veritas,
3036 5307 3102 5360 ut
3125 5319 3258 5359 cum
3291 5299 3390 5358 ille
3410 5299 3650 5356 venerit.

1997 5397 2191 5452 omnis
2223 5413 2439 5452 maeror
2468 5396 2829 5452 confusionis
2861 5389 3576 5463 abscedatasanctisejus,
3599 5392 3655 5443 et

1995 5492 2221 5542 (eterna:
2253 5485 2639 5541 beatitudinis
2670 5484 2920 5559 gloriam
2951 5483 3410 5554 consequantur.
3441 5477 3484 5534 Β
3522 5477 3653 5549 Ipsa

1993 5592 2086 5632 me
2111 5575 2501 5640 deduxerunt,
2535 5576 2607 5631 ab
2640 5591 2834 5631 errore
2858 5570 3172 5646 peccati,et
3197 5567 3568 5625 adduxerunt
3589 5565 3647 5620 in

1988 5664 2307 5721 Ecclesiam
2336 5681 2438 5736 per
2469 5657 3248 5722 iidem.C.Tabernaculum,
3267 5653 3446 5713 etiam
3459 5649 3648 5727 ipsam

1988 5753 2302 5811 Ecclesium
2327 5735 2351 5822 ;7
2375 5758 2432 5808 et
2481 5769 2674 5817 mons.
2721 5751 3020 5809 Christum
3069 5743 3385 5820 signiﬁcat.
3445 5741 3494 5800 Η
3521 5735 3644 5815 νει,
