  <div class='ocr_page' id='page_1' title='image "/cluster/home/n/w/nwhite01/storage/ocr_20150623/142-143/uc1.31175018423130/098.png"; bbox 0 0 3898 6480; ppageno 0'>
   <div class='ocr_carea' id='block_1_1' title="bbox 248 439 3634 517">
    <p class='ocr_par' dir='ltr' id='par_1_1' title="bbox 248 439 3634 517">
     <span class='ocr_line' id='line_1_1' title="bbox 248 439 3634 517; baseline 0.003 -10"><span class='ocrx_word' id='word_1_1' title='bbox 248 439 347 507; x_wconf 83' lang='grc'><strong>181</strong></span> <span class='ocrx_word' id='word_1_2' title='bbox 1453 444 1867 511; x_wconf 86' lang='lat' dir='ltr'>EXPOSITIO</span> <span class='ocrx_word' id='word_1_3' title='bbox 1910 446 2416 516; x_wconf 81' lang='lat' dir='ltr'>PSALMORUM.</span> <span class='ocrx_word' id='word_1_4' title='bbox 3518 452 3634 517; x_wconf 77' lang='lat' dir='ltr'>l82</span> 
     </span>
    </p>
   </div>
   <div class='ocr_carea' id='block_1_2' title="bbox 239 572 3633 661">
    <p class='ocr_par' dir='ltr' id='par_1_2' title="bbox 239 572 3633 661">
     <span class='ocr_line' id='line_1_2' title="bbox 239 572 3633 661; baseline 0.003 -27"><span class='ocrx_word' id='word_1_5' title='bbox 239 582 448 634; x_wconf 69' lang='lat' dir='ltr'>aeterno</span> <span class='ocrx_word' id='word_1_6' title='bbox 475 572 855 633; x_wconf 86' lang='lat' dir='ltr'>tabernacula</span> <span class='ocrx_word' id='word_1_7' title='bbox 901 575 961 633; x_wconf 90' lang='lat' dir='ltr'>in</span> <span class='ocrx_word' id='word_1_8' title='bbox 1011 574 1189 645; x_wconf 70' lang='lat' dir='ltr'>oculis,</span> <span class='ocrx_word' id='word_1_9' title='bbox 1241 578 1311 633; x_wconf 86' lang='lat' dir='ltr'>ad</span> <span class='ocrx_word' id='word_1_10' title='bbox 1362 596 1506 651; x_wconf 55' lang='lat' dir='ltr'>qua,</span> <span class='ocrx_word' id='word_1_11' title='bbox 1541 580 1639 653; x_wconf 85' lang='lat' dir='ltr'>qui</span> <span class='ocrx_word' id='word_1_12' title='bbox 1676 581 1793 636; x_wconf 76' lang='lat' dir='ltr'>fuit</span> <span class='ocrx_word' id='word_1_13' title='bbox 1823 581 1877 635; x_wconf 84' lang='lat' dir='ltr'>in</span> <span class='ocrx_word' id='word_1_14' title='bbox 1909 582 1963 649; x_wconf 78' lang='grc' dir='ltr'>Α</span> <span class='ocrx_word' id='word_1_15' title='bbox 1993 583 2270 655; x_wconf 81' lang='lat' dir='ltr'>antiquis,</span> <span class='ocrx_word' id='word_1_16' title='bbox 2304 584 2415 641; x_wconf 90' lang='lat' dir='ltr'>hoc</span> <span class='ocrx_word' id='word_1_17' title='bbox 2444 587 2790 659; x_wconf 90' lang='lat' dir='ltr'>est,quando</span> <span class='ocrx_word' id='word_1_18' title='bbox 2812 585 3208 645; x_wconf 88' lang='lat' dir='ltr'>.Israeliticum</span> <span class='ocrx_word' id='word_1_19' title='bbox 3240 585 3522 661; x_wconf 87' lang='lat' dir='ltr'>populum</span> <span class='ocrx_word' id='word_1_20' title='bbox 3559 572 3633 646; x_wconf 76' lang='lat' dir='ltr'>il-</span> 
     </span>
    </p>
   </div>
   <div class='ocr_carea' id='block_1_3' title="bbox 238 662 3365 744">
    <p class='ocr_par' dir='ltr' id='par_1_3' title="bbox 238 662 3365 744">
     <span class='ocr_line' id='line_1_3' title="bbox 238 662 3365 744; baseline 0.003 -21"><span class='ocrx_word' id='word_1_21' title='bbox 238 668 453 732; x_wconf 73' lang='lat' dir='ltr'>monte,</span> <span class='ocrx_word' id='word_1_22' title='bbox 483 662 714 723; x_wconf 78' lang='lat' dir='ltr'>Christo</span> <span class='ocrx_word' id='word_1_23' title='bbox 742 680 846 739; x_wconf 89' lang='lat' dir='ltr'>per</span> <span class='ocrx_word' id='word_1_24' title='bbox 872 663 1049 722; x_wconf 90' lang='lat' dir='ltr'>ﬁdem</span> <span class='ocrx_word' id='word_1_25' title='bbox 1069 664 1278 722; x_wconf 85' lang='lat' dir='ltr'>veniet.</span> <span class='ocrx_word' id='word_1_26' title='bbox 1989 669 2193 726; x_wconf 64' lang='lat' dir='ltr'>laesum</span> <span class='ocrx_word' id='word_1_27' title='bbox 2224 689 2328 744; x_wconf 90' lang='lat' dir='ltr'>per</span> <span class='ocrx_word' id='word_1_28' title='bbox 2355 674 2536 730; x_wconf 90' lang='lat' dir='ltr'>maris</span> <span class='ocrx_word' id='word_1_29' title='bbox 2560 675 2741 731; x_wconf 79' lang='lat' dir='ltr'>Rubri</span> <span class='ocrx_word' id='word_1_30' title='bbox 2765 676 2985 733; x_wconf 84' lang='lat' dir='ltr'>ﬂuenta</span> <span class='ocrx_word' id='word_1_31' title='bbox 3013 675 3365 732; x_wconf 78' lang='lat' dir='ltr'>transduxit.</span> 
     </span>
    </p>
   </div>
   <div class='ocr_carea' id='block_1_4' title="bbox 231 754 3486 836">
    <p class='ocr_par' dir='ltr' id='par_1_4' title="bbox 231 754 3486 836">
     <span class='ocr_line' id='line_1_4' title="bbox 231 754 3486 836; baseline 0.002 -24"><span class='ocrx_word' id='word_1_32' title='bbox 231 757 260 812; x_wconf 77' lang='grc'>4</span> <span class='ocrx_word' id='word_1_33' title='bbox 326 756 394 812; x_wconf 81' lang='lat' dir='ltr'>Et</span> <span class='ocrx_word' id='word_1_34' title='bbox 431 755 670 811; x_wconf 82' lang='lat' dir='ltr'>introib&#39;o</span> <span class='ocrx_word' id='word_1_35' title='bbox 694 754 765 810; x_wconf 87' lang='lat' dir='ltr'>ad</span> <span class='ocrx_word' id='word_1_36' title='bbox 796 755 975 810; x_wconf 81' lang='lat' dir='ltr'>altare</span> <span class='ocrx_word' id='word_1_37' title='bbox 1005 756 1101 810; x_wconf 97' lang='lat' dir='ltr'>Dei</span> <span class='ocrx_word' id='word_1_38' title='bbox 1129 772 1148 810; x_wconf 90' lang='lat'><strong><em>:</em></strong></span> <span class='ocrx_word' id='word_1_39' title='bbox 1988 759 2024 813; x_wconf 91' lang='lat'>3</span> <span class='ocrx_word' id='word_1_40' title='bbox 2094 758 2284 815; x_wconf 79' lang='lat' dir='ltr'>Manus</span> <span class='ocrx_word' id='word_1_41' title='bbox 2314 764 2409 816; x_wconf 87' lang='lat' dir='ltr'>tua</span> <span class='ocrx_word' id='word_1_42' title='bbox 2437 770 2617 834; x_wconf 84' lang='lat' dir='ltr'>gentes</span> <span class='ocrx_word' id='word_1_43' title='bbox 2645 763 2967 835; x_wconf 68' lang='lat' dir='ltr'>disperdidit</span> <span class='ocrx_word' id='word_1_44' title='bbox 2993 771 3045 820; x_wconf 88' lang='lat' dir='ltr'>et</span> <span class='ocrx_word' id='word_1_45' title='bbox 3068 764 3336 836; x_wconf 81' lang='lat' dir='ltr'>plantasti</span> <span class='ocrx_word' id='word_1_46' title='bbox 3361 779 3441 821; x_wconf 80' lang='lat' dir='ltr'>ws</span> <span class='ocrx_word' id='word_1_47' title='bbox 3472 779 3486 819; x_wconf 90' lang='lat'><strong>:</strong></span> 
     </span>
    </p>
   </div>
   <div class='ocr_carea' id='block_1_5' title="bbox 328 844 3084 924">
    <p class='ocr_par' dir='ltr' id='par_1_5' title="bbox 328 844 3084 924">
     <span class='ocr_line' id='line_1_5' title="bbox 328 844 3084 924; baseline 0.003 -25"><span class='ocrx_word' id='word_1_48' title='bbox 328 844 413 899; x_wconf 75' lang='lat' dir='ltr'>Ad</span> <span class='ocrx_word' id='word_1_49' title='bbox 446 845 619 899; x_wconf 86' lang='lat' dir='ltr'>Deum</span> <span class='ocrx_word' id='word_1_50' title='bbox 647 845 747 917; x_wconf 86' lang='lat' dir='ltr'>qui</span> <span class='ocrx_word' id='word_1_51' title='bbox 774 844 1024 915; x_wconf 67' lang='lat' dir='ltr'>laetiﬁcat</span> <span class='ocrx_word' id='word_1_52' title='bbox 1040 844 1383 916; x_wconf 86' lang='lat' dir='ltr'>juventutem</span> <span class='ocrx_word' id='word_1_53' title='bbox 1409 861 1604 900; x_wconf 86' lang='lat' dir='ltr'>meam.</span> <span class='ocrx_word' id='word_1_54' title='bbox 2095 848 2338 919; x_wconf 79' lang='lat' dir='ltr'>Afﬁxisti</span> <span class='ocrx_word' id='word_1_55' title='bbox 2358 852 2587 921; x_wconf 85' lang='lat' dir='ltr'>populos</span> <span class='ocrx_word' id='word_1_56' title='bbox 2614 859 2664 907; x_wconf 89' lang='lat' dir='ltr'>et</span> <span class='ocrx_word' id='word_1_57' title='bbox 2691 853 2953 924; x_wconf 72' lang='lat' dir='ltr'>expulisti</span> <span class='ocrx_word' id='word_1_58' title='bbox 2979 869 3084 908; x_wconf 82' lang='lat' dir='ltr'>eos.</span> 
     </span>
    </p>
   </div>
   <div class='ocr_carea' id='block_1_6' title="bbox 295 931 3631 1013">
    <p class='ocr_par' dir='ltr' id='par_1_6' title="bbox 295 931 3631 1013">
     <span class='ocr_line' id='line_1_6' title="bbox 295 931 3631 1013; baseline 0.003 -25"><span class='ocrx_word' id='word_1_59' title='bbox 295 932 333 988; x_wconf 91' lang='lat' dir='ltr'>C</span> <span class='ocrx_word' id='word_1_60' title='bbox 357 931 565 988; x_wconf 82' lang='lat' dir='ltr'>Altare</span> <span class='ocrx_word' id='word_1_61' title='bbox 596 931 753 987; x_wconf 91' lang='lat' dir='ltr'>enim</span> <span class='ocrx_word' id='word_1_62' title='bbox 784 931 1007 987; x_wconf 91' lang='lat' dir='ltr'>dictum</span> <span class='ocrx_word' id='word_1_63' title='bbox 1039 936 1128 988; x_wconf 89' lang='lat' dir='ltr'>est</span> <span class='ocrx_word' id='word_1_64' title='bbox 1153 932 1322 1004; x_wconf 88' lang='lat' dir='ltr'>quasi</span> <span class='ocrx_word' id='word_1_65' title='bbox 1351 934 1457 989; x_wconf 83' lang='lat' dir='ltr'>alte</span> <span class='ocrx_word' id='word_1_66' title='bbox 1485 950 1601 1000; x_wconf 83' lang='lat' dir='ltr'>are,</span> <span class='ocrx_word' id='word_1_67' title='bbox 1633 951 1700 990; x_wconf 90' lang='lat' dir='ltr'>ac</span> <span class='ocrx_word' id='word_1_68' title='bbox 1730 934 1777 991; x_wconf 88' lang='lat' dir='ltr'>si</span> <span class='ocrx_word' id='word_1_69' title='bbox 1801 934 1882 990; x_wconf 91' lang='lat' dir='ltr'>di-</span> <span class='ocrx_word' id='word_1_70' title='bbox 2059 935 2101 990; x_wconf 79' lang='grc' dir='ltr'><strong>Ο</strong></span> <span class='ocrx_word' id='word_1_71' title='bbox 2130 935 2236 991; x_wconf 91' lang='lat' dir='ltr'>Per</span> <span class='ocrx_word' id='word_1_72' title='bbox 2263 952 2475 992; x_wconf 90' lang='lat' dir='ltr'>manus</span> <span class='ocrx_word' id='word_1_73' title='bbox 2505 938 2682 1010; x_wconf 86' lang='lat' dir='ltr'>(sicut</span> <span class='ocrx_word' id='word_1_74' title='bbox 2705 955 2854 1012; x_wconf 71' lang='lat' dir='ltr'>saepe</span> <span class='ocrx_word' id='word_1_75' title='bbox 2884 940 3104 996; x_wconf 89' lang='lat' dir='ltr'>dictum</span> <span class='ocrx_word' id='word_1_76' title='bbox 3128 942 3238 1009; x_wconf 88' lang='lat' dir='ltr'>est)</span> <span class='ocrx_word' id='word_1_77' title='bbox 3267 939 3631 1013; x_wconf 80' lang='lat' dir='ltr'>signiﬁcatur</span> 
     </span>
    </p>
   </div>
   <div class='ocr_carea' id='block_1_7' title="bbox 228 1019 3629 1101">
    <p class='ocr_par' dir='ltr' id='par_1_7' title="bbox 228 1019 3629 1101">
     <span class='ocr_line' id='line_1_7' title="bbox 228 1019 3629 1101; baseline 0.002 -23"><span class='ocrx_word' id='word_1_78' title='bbox 228 1025 316 1079; x_wconf 87' lang='lat' dir='ltr'>cat</span> <span class='ocrx_word' id='word_1_79' title='bbox 347 1038 359 1077; x_wconf 91' lang='lat'>:</span> <span class='ocrx_word' id='word_1_80' title='bbox 390 1020 452 1076; x_wconf 81' lang='grc' dir='ltr'><strong><em>Η</em></strong></span> <span class='ocrx_word' id='word_1_81' title='bbox 484 1020 567 1075; x_wconf 87' lang='lat' dir='ltr'>lbi</span> <span class='ocrx_word' id='word_1_82' title='bbox 601 1019 871 1088; x_wconf 88' lang='lat' dir='ltr'>introibo,</span> <span class='ocrx_word' id='word_1_83' title='bbox 914 1020 1013 1075; x_wconf 89' lang='lat' dir='ltr'>ubi</span> <span class='ocrx_word' id='word_1_84' title='bbox 1036 1021 1165 1092; x_wconf 85' lang='lat' dir='ltr'>jam</span> <span class='ocrx_word' id='word_1_85' title='bbox 1197 1038 1311 1076; x_wconf 90' lang='lat' dir='ltr'>non</span> <span class='ocrx_word' id='word_1_86' title='bbox 1342 1021 1558 1079; x_wconf 86' lang='lat' dir='ltr'>vitulos</span> <span class='ocrx_word' id='word_1_87' title='bbox 1587 1027 1644 1078; x_wconf 88' lang='lat' dir='ltr'>et</span> <span class='ocrx_word' id='word_1_88' title='bbox 1673 1023 1879 1079; x_wconf 85' lang='lat' dir='ltr'><strong>arietes</strong></span> <span class='ocrx_word' id='word_1_89' title='bbox 1989 1025 2264 1095; x_wconf 80' lang='lat' dir='ltr'>potestas.</span> <span class='ocrx_word' id='word_1_90' title='bbox 2298 1024 2585 1097; x_wconf 90' lang='lat' dir='ltr'>Dispersit</span> <span class='ocrx_word' id='word_1_91' title='bbox 2613 1025 2767 1081; x_wconf 88' lang='lat' dir='ltr'>enim</span> <span class='ocrx_word' id='word_1_92' title='bbox 2807 1030 3062 1099; x_wconf 81' lang='lat' dir='ltr'>potestas</span> <span class='ocrx_word' id='word_1_93' title='bbox 3088 1028 3188 1084; x_wconf 87' lang='lat' dir='ltr'>Dei</span> <span class='ocrx_word' id='word_1_94' title='bbox 3216 1032 3629 1101; x_wconf 85' lang='lat' dir='ltr'>gentes,quan-</span> 
     </span>
    </p>
   </div>
   <div class='ocr_carea' id='block_1_8' title="bbox 230 1108 3624 1189">
    <p class='ocr_par' dir='ltr' id='par_1_8' title="bbox 230 1108 3624 1189">
     <span class='ocr_line' id='line_1_8' title="bbox 230 1108 3624 1189; baseline 0.002 -22"><span class='ocrx_word' id='word_1_95' title='bbox 230 1108 669 1176; x_wconf 82' lang='lat' dir='ltr'>exbibeam,sed</span> <span class='ocrx_word' id='word_1_96' title='bbox 693 1108 1103 1180; x_wconf 90' lang='lat' dir='ltr'>memetipsum</span> <span class='ocrx_word' id='word_1_97' title='bbox 1124 1108 1378 1165; x_wconf 80' lang='lat' dir='ltr'>hostiam</span> <span class='ocrx_word' id='word_1_98' title='bbox 1402 1110 1591 1165; x_wconf 86' lang='lat' dir='ltr'>vivam</span> <span class='ocrx_word' id='word_1_99' title='bbox 1615 1112 1728 1167; x_wconf 88' lang='lat' dir='ltr'>Deo</span> <span class='ocrx_word' id='word_1_100' title='bbox 1751 1113 1882 1166; x_wconf 80' lang='lat' dir='ltr'>oﬁ‘e-</span> <span class='ocrx_word' id='word_1_101' title='bbox 1988 1111 2060 1167; x_wconf 89' lang='lat' dir='ltr'>do</span> <span class='ocrx_word' id='word_1_102' title='bbox 2090 1111 2366 1168; x_wconf 90' lang='lat' dir='ltr'>euntibus</span> <span class='ocrx_word' id='word_1_103' title='bbox 2397 1112 2744 1169; x_wconf 73' lang='lat' dir='ltr'>Amorrhzeis</span> <span class='ocrx_word' id='word_1_104' title='bbox 2773 1118 2832 1169; x_wconf 90' lang='lat' dir='ltr'>et</span> <span class='ocrx_word' id='word_1_105' title='bbox 2858 1114 3108 1171; x_wconf 69' lang='lat' dir='ltr'>Gethzeis</span> <span class='ocrx_word' id='word_1_106' title='bbox 3139 1116 3211 1171; x_wconf 89' lang='lat' dir='ltr'>de</span> <span class='ocrx_word' id='word_1_107' title='bbox 3240 1116 3490 1189; x_wconf 77' lang='lat' dir='ltr'>propriis</span> <span class='ocrx_word' id='word_1_108' title='bbox 3509 1121 3624 1173; x_wconf 87' lang='lat' dir='ltr'>ter-</span> 
     </span>
    </p>
   </div>
   <div class='ocr_carea' id='block_1_9' title="bbox 226 1195 3621 1278">
    <p class='ocr_par' dir='ltr' id='par_1_9' title="bbox 226 1195 3621 1278">
     <span class='ocr_line' id='line_1_9' title="bbox 226 1195 3621 1278; baseline 0.002 -23"><span class='ocrx_word' id='word_1_109' title='bbox 226 1215 372 1255; x_wconf 87' lang='lat' dir='ltr'>ram.</span> <span class='ocrx_word' id='word_1_110' title='bbox 405 1196 499 1252; x_wconf 82' lang='lat' dir='ltr'>Ad</span> <span class='ocrx_word' id='word_1_111' title='bbox 530 1196 713 1251; x_wconf 90' lang='lat' dir='ltr'>Deum</span> <span class='ocrx_word' id='word_1_112' title='bbox 761 1195 859 1268; x_wconf 89' lang='lat' dir='ltr'>qui</span> <span class='ocrx_word' id='word_1_113' title='bbox 908 1195 1162 1252; x_wconf 67' lang='lat' dir='ltr'>laetiﬁcat</span> <span class='ocrx_word' id='word_1_114' title='bbox 1182 1198 1551 1268; x_wconf 85' lang='lat' dir='ltr'>juventutem</span> <span class='ocrx_word' id='word_1_115' title='bbox 1591 1214 1801 1254; x_wconf 84' lang='lat' dir='ltr'><strong>meam.</strong></span> <span class='ocrx_word' id='word_1_116' title='bbox 1833 1200 1874 1255; x_wconf 88' lang='lat' dir='ltr'>C</span> <span class='ocrx_word' id='word_1_117' title='bbox 1989 1198 2316 1267; x_wconf 70' lang='lat' dir='ltr'>ris,Hebriei</span> <span class='ocrx_word' id='word_1_118' title='bbox 2345 1199 2406 1255; x_wconf 90' lang='lat' dir='ltr'>in</span> <span class='ocrx_word' id='word_1_119' title='bbox 2436 1216 2638 1256; x_wconf 90' lang='lat' dir='ltr'>eorum</span> <span class='ocrx_word' id='word_1_120' title='bbox 2669 1202 2908 1257; x_wconf 86' lang='lat' dir='ltr'>sedibus</span> <span class='ocrx_word' id='word_1_121' title='bbox 2939 1206 3078 1258; x_wconf 90' lang='lat' dir='ltr'>sunt</span> <span class='ocrx_word' id='word_1_122' title='bbox 3098 1201 3527 1274; x_wconf 82' lang='lat' dir='ltr'>plantati(Josue</span> <span class='ocrx_word' id='word_1_123' title='bbox 3545 1205 3621 1278; x_wconf 92' lang='lat' dir='ltr'>v).</span> 
     </span>
    </p>
   </div>
   <div class='ocr_carea' id='block_1_10' title="bbox 229 1283 3629 1362">
    <p class='ocr_par' dir='ltr' id='par_1_10' title="bbox 229 1283 3629 1362">
     <span class='ocr_line' id='line_1_10' title="bbox 229 1283 3629 1362; baseline 0.001 -18"><span class='ocrx_word' id='word_1_124' title='bbox 229 1283 608 1344; x_wconf 78' lang='lat' dir='ltr'>Juventutem</span> <span class='ocrx_word' id='word_1_125' title='bbox 639 1283 733 1339; x_wconf 90' lang='lat' dir='ltr'>hic</span> <span class='ocrx_word' id='word_1_126' title='bbox 761 1300 865 1356; x_wconf 91' lang='lat' dir='ltr'>pro</span> <span class='ocrx_word' id='word_1_127' title='bbox 898 1285 1151 1341; x_wconf 81' lang='lat' dir='ltr'>novitate</span> <span class='ocrx_word' id='word_1_128' title='bbox 1182 1286 1349 1357; x_wconf 84' lang='lat' dir='ltr'>ponit</span> <span class='ocrx_word' id='word_1_129' title='bbox 1375 1286 1673 1358; x_wconf 73' lang='lat' dir='ltr'>vitae,quia</span> <span class='ocrx_word' id='word_1_130' title='bbox 1696 1286 1883 1342; x_wconf 83' lang='lat' dir='ltr'>Domi-</span> <span class='ocrx_word' id='word_1_131' title='bbox 1944 1296 1947 1299; x_wconf 87' lang='lat'>&#39;</span> <span class='ocrx_word' id='word_1_132' title='bbox 1987 1287 2208 1344; x_wconf 82' lang='lat' dir='ltr'>Afﬂixit</span> <span class='ocrx_word' id='word_1_133' title='bbox 2228 1293 2422 1346; x_wconf 87' lang='lat' dir='ltr'>autem</span> <span class='ocrx_word' id='word_1_134' title='bbox 2435 1292 2703 1362; x_wconf 86' lang='lat' dir='ltr'>populos,</span> <span class='ocrx_word' id='word_1_135' title='bbox 2717 1305 2871 1358; x_wconf 90' lang='lat' dir='ltr'>cum,</span> <span class='ocrx_word' id='word_1_136' title='bbox 2895 1289 3238 1346; x_wconf 82' lang='lat' dir='ltr'>canentibus</span> <span class='ocrx_word' id='word_1_137' title='bbox 3261 1291 3418 1348; x_wconf 84' lang='lat' dir='ltr'>tubis</span> <span class='ocrx_word' id='word_1_138' title='bbox 3446 1309 3629 1349; x_wconf 85' lang='lat' dir='ltr'>sacer-</span> 
     </span>
    </p>
   </div>
   <div class='ocr_carea' id='block_1_11' title="bbox 226 1373 3625 1450">
    <p class='ocr_par' dir='ltr' id='par_1_11' title="bbox 226 1373 3625 1450">
     <span class='ocr_line' id='line_1_11' title="bbox 226 1373 3625 1450; baseline 0.001 -18"><span class='ocrx_word' id='word_1_139' title='bbox 226 1388 339 1432; x_wconf 90' lang='lat' dir='ltr'>nus</span> <span class='ocrx_word' id='word_1_140' title='bbox 369 1373 576 1430; x_wconf 83' lang='lat' dir='ltr'>omnia</span> <span class='ocrx_word' id='word_1_141' title='bbox 605 1388 882 1446; x_wconf 78' lang='lat' dir='ltr'><strong>reparans</strong></span> <span class='ocrx_word' id='word_1_142' title='bbox 906 1373 979 1427; x_wconf 91' lang='lat' dir='ltr'>de</span> <span class='ocrx_word' id='word_1_143' title='bbox 1005 1375 1293 1427; x_wconf 84' lang='lat' dir='ltr'>vetustate</span> <span class='ocrx_word' id='word_1_144' title='bbox 1322 1373 1631 1441; x_wconf 87' lang='lat' dir='ltr'>defecta,in</span> <span class='ocrx_word' id='word_1_145' title='bbox 1662 1375 1880 1431; x_wconf 88' lang='lat' dir='ltr'>novita-</span> <span class='ocrx_word' id='word_1_146' title='bbox 1989 1375 2214 1449; x_wconf 88' lang='lat' dir='ltr'>dctum,</span> <span class='ocrx_word' id='word_1_147' title='bbox 2245 1376 2399 1433; x_wconf 88' lang='lat' dir='ltr'>muri</span> <span class='ocrx_word' id='word_1_148' title='bbox 2426 1377 2657 1433; x_wconf 89' lang='lat' dir='ltr'>Jericho</span> <span class='ocrx_word' id='word_1_149' title='bbox 2702 1381 3066 1447; x_wconf 88' lang='lat' dir='ltr'>corruerunt,</span> <span class='ocrx_word' id='word_1_150' title='bbox 3095 1394 3244 1450; x_wconf 89' lang='lat' dir='ltr'>quos</span> <span class='ocrx_word' id='word_1_151' title='bbox 3280 1382 3419 1435; x_wconf 88' lang='lat' dir='ltr'>tunc</span> <span class='ocrx_word' id='word_1_152' title='bbox 3447 1380 3519 1437; x_wconf 89' lang='lat' dir='ltr'>de</span> <span class='ocrx_word' id='word_1_153' title='bbox 3545 1381 3625 1436; x_wconf 89' lang='lat' dir='ltr'>ci-</span> 
     </span>
    </p>
   </div>
   <div class='ocr_carea' id='block_1_12' title="bbox 225 1460 2734 1537">
    <p class='ocr_par' dir='ltr' id='par_1_12' title="bbox 225 1460 2734 1537">
     <span class='ocr_line' id='line_1_12' title="bbox 225 1460 2734 1537; baseline -0 -16"><span class='ocrx_word' id='word_1_154' title='bbox 225 1468 345 1521; x_wconf 85' lang='lat' dir='ltr'>tem</span> <span class='ocrx_word' id='word_1_155' title='bbox 369 1463 554 1518; x_wconf 72' lang='lat' dir='ltr'>ﬁrmae</span> <span class='ocrx_word' id='word_1_156' title='bbox 577 1460 1051 1532; x_wconf 84' lang='lat' dir='ltr'>ﬁdeijuventutis</span> <span class='ocrx_word' id='word_1_157' title='bbox 1072 1460 1322 1518; x_wconf 87' lang='lat' dir='ltr'>reddidit</span> <span class='ocrx_word' id='word_1_158' title='bbox 1338 1460 1767 1523; x_wconf 84' lang='lat' dir='ltr'>validissimum</span> <span class='ocrx_word' id='word_1_159' title='bbox 1789 1463 1882 1519; x_wconf 85' lang='lat' dir='ltr'>ﬁr-</span> <span class='ocrx_word' id='word_1_160' title='bbox 1986 1462 2158 1520; x_wconf 87' lang='lat' dir='ltr'>vitate</span> <span class='ocrx_word' id='word_1_161' title='bbox 2183 1468 2412 1521; x_wconf 90' lang='lat' dir='ltr'>constat</span> <span class='ocrx_word' id='word_1_162' title='bbox 2441 1464 2734 1537; x_wconf 85' lang='lat' dir='ltr'>expulsos,</span> 
     </span>
    </p>
   </div>
   <div class='ocr_carea' id='block_1_13' title="bbox 220 1549 3417 1624">
    <p class='ocr_par' dir='ltr' id='par_1_13' title="bbox 220 1549 3417 1624">
     <span class='ocr_line' id='line_1_13' title="bbox 220 1549 3417 1624; baseline 0.001 -17"><span class='ocrx_word' id='word_1_163' title='bbox 220 1551 494 1615; x_wconf 83' lang='lat' dir='ltr'>mitatem</span> <span class='ocrx_word' id='word_1_164' title='bbox 525 1549 922 1606; x_wconf 88' lang='lat' dir='ltr'>credentibus.</span> <span class='ocrx_word' id='word_1_165' title='bbox 1987 1554 2018 1606; x_wconf 79' lang='grc'>4</span> <span class='ocrx_word' id='word_1_166' title='bbox 2088 1552 2195 1607; x_wconf 85' lang='lat' dir='ltr'>Nec</span> <span class='ocrx_word' id='word_1_167' title='bbox 2220 1555 2371 1608; x_wconf 86' lang='lat' dir='ltr'>enim</span> <span class='ocrx_word' id='word_1_168' title='bbox 2401 1554 2462 1609; x_wconf 86' lang='lat' dir='ltr'>in</span> <span class='ocrx_word' id='word_1_169' title='bbox 2489 1552 2672 1622; x_wconf 87' lang='lat' dir='ltr'>gladio</span> <span class='ocrx_word' id='word_1_170' title='bbox 2701 1568 2800 1609; x_wconf 80' lang='lat' dir='ltr'>suo</span> <span class='ocrx_word' id='word_1_171' title='bbox 2824 1553 3182 1624; x_wconf 83' lang='lat' dir='ltr'>possederunt</span> <span class='ocrx_word' id='word_1_172' title='bbox 3209 1562 3417 1611; x_wconf 82' lang='lat' dir='ltr'>terram</span> 
     </span>
    </p>
   </div>
   <div class='ocr_carea' id='block_1_14' title="bbox 218 1636 3193 1711">
    <p class='ocr_par' dir='ltr' id='par_1_14' title="bbox 218 1636 3193 1711">
     <span class='ocr_line' id='line_1_14' title="bbox 218 1636 3193 1711; baseline 0.001 -14"><span class='ocrx_word' id='word_1_173' title='bbox 218 1642 256 1697; x_wconf 89' lang='lat'><strong>5</strong></span> <span class='ocrx_word' id='word_1_174' title='bbox 330 1638 640 1711; x_wconf 79' lang='lat' dir='ltr'>Conﬁtebor</span> <span class='ocrx_word' id='word_1_175' title='bbox 668 1638 774 1693; x_wconf 88' lang='lat' dir='ltr'>tibi</span> <span class='ocrx_word' id='word_1_176' title='bbox 798 1638 859 1692; x_wconf 88' lang='lat' dir='ltr'>in</span> <span class='ocrx_word' id='word_1_177' title='bbox 885 1636 1124 1707; x_wconf 85' lang='lat' dir='ltr'>cithara,</span> <span class='ocrx_word' id='word_1_178' title='bbox 1151 1638 1292 1693; x_wconf 90' lang='lat' dir='ltr'>Deus</span> <span class='ocrx_word' id='word_1_179' title='bbox 1318 1654 1469 1694; x_wconf 86' lang='lat' dir='ltr'>meus</span> <span class='ocrx_word' id='word_1_180' title='bbox 1498 1656 1518 1694; x_wconf 90' lang='lat'><strong><em>:</em></strong></span> <span class='ocrx_word' id='word_1_181' title='bbox 2087 1641 2155 1695; x_wconf 84' lang='lat' dir='ltr'>Et</span> <span class='ocrx_word' id='word_1_182' title='bbox 2183 1641 2467 1696; x_wconf 81' lang='lat' dir='ltr'>brachium</span> <span class='ocrx_word' id='word_1_183' title='bbox 2493 1656 2681 1698; x_wconf 89' lang='lat' dir='ltr'>eorum</span> <span class='ocrx_word' id='word_1_184' title='bbox 2710 1657 2821 1697; x_wconf 86' lang='lat' dir='ltr'>non</span> <span class='ocrx_word' id='word_1_185' title='bbox 2847 1642 3080 1699; x_wconf 78' lang='lat' dir='ltr'>saluauit</span> <span class='ocrx_word' id='word_1_186' title='bbox 3106 1659 3193 1699; x_wconf 88' lang='lat' dir='ltr'>eos</span> 
     </span>
    </p>
   </div>
   <div class='ocr_carea' id='block_1_15' title="bbox 323 1726 3629 1805">
    <p class='ocr_par' dir='ltr' id='par_1_15' title="bbox 323 1726 3629 1805">
     <span class='ocr_line' id='line_1_15' title="bbox 323 1726 3629 1805; baseline 0.001 -22"><span class='ocrx_word' id='word_1_187' title='bbox 323 1730 523 1802; x_wconf 84' lang='lat' dir='ltr'>Quare</span> <span class='ocrx_word' id='word_1_188' title='bbox 551 1727 729 1782; x_wconf 85' lang='lat' dir='ltr'>tristis</span> <span class='ocrx_word' id='word_1_189' title='bbox 765 1740 821 1781; x_wconf 88' lang='lat' dir='ltr'>es</span> <span class='ocrx_word' id='word_1_190' title='bbox 851 1726 1044 1780; x_wconf 88' lang='lat' dir='ltr'>auima</span> <span class='ocrx_word' id='word_1_191' title='bbox 1088 1742 1227 1791; x_wconf 87' lang='lat' dir='ltr'>mea,</span> <span class='ocrx_word' id='word_1_192' title='bbox 1277 1734 1328 1781; x_wconf 87' lang='lat' dir='ltr'>et</span> <span class='ocrx_word' id='word_1_193' title='bbox 1379 1743 1548 1799; x_wconf 87' lang='lat' dir='ltr'>quare</span> <span class='ocrx_word' id='word_1_194' title='bbox 1588 1730 1876 1785; x_wconf 75' lang='lat' dir='ltr'>conturbas</span> <span class='ocrx_word' id='word_1_195' title='bbox 2053 1726 2093 1783; x_wconf 88' lang='lat' dir='ltr'>C</span> <span class='ocrx_word' id='word_1_196' title='bbox 2115 1728 2195 1784; x_wconf 90' lang='lat' dir='ltr'>Ne</span> <span class='ocrx_word' id='word_1_197' title='bbox 2216 1728 2721 1802; x_wconf 71' lang='lat' dir='ltr'>putarentHebraai</span> <span class='ocrx_word' id='word_1_198' title='bbox 2742 1744 2803 1786; x_wconf 88' lang='lat' dir='ltr'>se</span> <span class='ocrx_word' id='word_1_199' title='bbox 2822 1729 3003 1786; x_wconf 89' lang='lat' dir='ltr'>fuisse</span> <span class='ocrx_word' id='word_1_200' title='bbox 3025 1730 3482 1804; x_wconf 88' lang='lat' dir='ltr'>triumphatores</span> <span class='ocrx_word' id='word_1_201' title='bbox 3502 1732 3629 1805; x_wconf 78' lang='lat' dir='ltr'>suis</span> 
     </span>
    </p>
   </div>
   <div class='ocr_carea' id='block_1_16' title="bbox 399 1814 3624 1891">
    <p class='ocr_par' dir='ltr' id='par_1_16' title="bbox 399 1814 3624 1891">
     <span class='ocr_line' id='line_1_16' title="bbox 399 1814 3624 1891; baseline 0.002 -22"><span class='ocrx_word' id='word_1_202' title='bbox 399 1818 536 1871; x_wconf 81' lang='lat' dir='ltr'>me?</span> <span class='ocrx_word' id='word_1_203' title='bbox 1979 1814 2222 1885; x_wconf 91' lang='lat' dir='ltr'>viribus,</span> <span class='ocrx_word' id='word_1_204' title='bbox 2254 1816 2382 1872; x_wconf 88' lang='lat' dir='ltr'>ideo</span> <span class='ocrx_word' id='word_1_205' title='bbox 2413 1816 2558 1872; x_wconf 83' lang='lat' dir='ltr'>dixit</span> <span class='ocrx_word' id='word_1_206' title='bbox 2589 1833 2602 1871; x_wconf 86' lang='lat'><strong>:</strong></span> <span class='ocrx_word' id='word_1_207' title='bbox 2641 1832 2756 1872; x_wconf 92' lang='lat' dir='ltr'>non</span> <span class='ocrx_word' id='word_1_208' title='bbox 2786 1817 2945 1874; x_wconf 90' lang='lat' dir='ltr'>enim</span> <span class='ocrx_word' id='word_1_209' title='bbox 2992 1818 3052 1874; x_wconf 90' lang='lat' dir='ltr'>in</span> <span class='ocrx_word' id='word_1_210' title='bbox 3106 1817 3300 1891; x_wconf 88' lang='lat' dir='ltr'>gladio</span> <span class='ocrx_word' id='word_1_211' title='bbox 3328 1836 3455 1876; x_wconf 86' lang='lat' dir='ltr'>suo.</span> <span class='ocrx_word' id='word_1_212' title='bbox 3488 1818 3624 1878; x_wconf 89' lang='lat' dir='ltr'>Bra-</span> 
     </span>
    </p>
   </div>
   <div class='ocr_carea' id='block_1_17' title="bbox 281 1901 3623 1980">
    <p class='ocr_par' dir='ltr' id='par_1_17' title="bbox 281 1901 3623 1980">
     <span class='ocr_line' id='line_1_17' title="bbox 281 1901 3623 1980; baseline 0.001 -19"><span class='ocrx_word' id='word_1_213' title='bbox 281 1906 328 1962; x_wconf 89' lang='lat' dir='ltr'>C</span> <span class='ocrx_word' id='word_1_214' title='bbox 358 1905 428 1960; x_wconf 90' lang='lat' dir='ltr'>In</span> <span class='ocrx_word' id='word_1_215' title='bbox 461 1902 688 1958; x_wconf 86' lang='lat' dir='ltr'>cithara</span> <span class='ocrx_word' id='word_1_216' title='bbox 713 1912 847 1957; x_wconf 83' lang='lat' dir='ltr'>vero</span> <span class='ocrx_word' id='word_1_217' title='bbox 878 1901 1311 1974; x_wconf 86' lang='lat' dir='ltr'>conﬁtetur,qui</span> <span class='ocrx_word' id='word_1_218' title='bbox 1334 1903 1539 1958; x_wconf 88' lang='lat' dir='ltr'>mundi</span> <span class='ocrx_word' id='word_1_219' title='bbox 1568 1903 1747 1976; x_wconf 86' lang='lat' dir='ltr'>hujus</span> <span class='ocrx_word' id='word_1_220' title='bbox 1777 1905 1874 1960; x_wconf 92' lang='lat' dir='ltr'>ad-</span> <span class='ocrx_word' id='word_1_221' title='bbox 1903 1942 1948 1980; x_wconf 69' lang='grc' dir='ltr'><strong>η</strong></span> <span class='ocrx_word' id='word_1_222' title='bbox 1981 1902 2179 1958; x_wconf 87' lang='lat' dir='ltr'>chium</span> <span class='ocrx_word' id='word_1_223' title='bbox 2202 1919 2306 1976; x_wconf 90' lang='lat' dir='ltr'>pro</span> <span class='ocrx_word' id='word_1_224' title='bbox 2335 1905 2542 1961; x_wconf 87' lang='lat' dir='ltr'>robore</span> <span class='ocrx_word' id='word_1_225' title='bbox 2570 1903 3128 1978; x_wconf 87' lang='lat' dir='ltr'>dicimus,quoniam</span> <span class='ocrx_word' id='word_1_226' title='bbox 3150 1906 3276 1980; x_wconf 90' lang='lat' dir='ltr'>ipso</span> <span class='ocrx_word' id='word_1_227' title='bbox 3307 1906 3623 1966; x_wconf 87' lang='lat' dir='ltr'>dimicante</span> 
     </span>
    </p>
   </div>
   <div class='ocr_carea' id='block_1_18' title="bbox 202 1987 3623 2064">
    <p class='ocr_par' dir='ltr' id='par_1_18' title="bbox 202 1987 3623 2064">
     <span class='ocr_line' id='line_1_18' title="bbox 202 1987 3623 2064; baseline 0.001 -13"><span class='ocrx_word' id='word_1_228' title='bbox 202 1992 564 2051; x_wconf 84' lang='lat' dir='ltr'>versitatem</span> <span class='ocrx_word' id='word_1_229' title='bbox 594 1987 1124 2057; x_wconf 81' lang='lat' dir='ltr'>sustinens,»laude</span> <span class='ocrx_word' id='word_1_230' title='bbox 1155 1989 1253 2045; x_wconf 90' lang='lat' dir='ltr'>Dei</span> <span class='ocrx_word' id='word_1_231' title='bbox 1284 2008 1397 2047; x_wconf 89' lang='lat' dir='ltr'>non</span> <span class='ocrx_word' id='word_1_232' title='bbox 1429 1993 1663 2047; x_wconf 83' lang='lat' dir='ltr'>recedit.</span> <span class='ocrx_word' id='word_1_233' title='bbox 1698 1992 1744 2047; x_wconf 85' lang='lat' dir='ltr'>H</span> <span class='ocrx_word' id='word_1_234' title='bbox 1769 1992 1873 2048; x_wconf 91' lang='lat' dir='ltr'>Vel</span> <span class='ocrx_word' id='word_1_235' title='bbox 1904 1987 1950 2007; x_wconf 80' lang='lat'>”</span> <span class='ocrx_word' id='word_1_236' title='bbox 1981 1995 2295 2064; x_wconf 84' lang='lat' dir='ltr'>pugnatur,</span> <span class='ocrx_word' id='word_1_237' title='bbox 2338 1994 2440 2049; x_wconf 90' lang='lat' dir='ltr'>sed</span> <span class='ocrx_word' id='word_1_238' title='bbox 2485 2009 2687 2050; x_wconf 91' lang='lat' dir='ltr'>eorum</span> <span class='ocrx_word' id='word_1_239' title='bbox 2729 1993 3039 2051; x_wconf 86' lang='lat' dir='ltr'>brachium</span> <span class='ocrx_word' id='word_1_240' title='bbox 3080 2012 3197 2052; x_wconf 90' lang='lat' dir='ltr'>non</span> <span class='ocrx_word' id='word_1_241' title='bbox 3244 1995 3321 2051; x_wconf 87' lang='lat' dir='ltr'>ab</span> <span class='ocrx_word' id='word_1_242' title='bbox 3366 1995 3623 2055; x_wconf 82' lang='lat' dir='ltr'>inimicis</span> 
     </span>
    </p>
   </div>
   <div class='ocr_carea' id='block_1_19' title="bbox 202 2077 3625 2156">
    <p class='ocr_par' dir='ltr' id='par_1_19' title="bbox 202 2077 3625 2156">
     <span class='ocr_line' id='line_1_19' title="bbox 202 2077 3625 2156; baseline 0.001 -20"><span class='ocrx_word' id='word_1_243' title='bbox 202 2082 311 2156; x_wconf 82' lang='lat' dir='ltr'>qui</span> <span class='ocrx_word' id='word_1_244' title='bbox 363 2095 614 2136; x_wconf 86' lang='lat' dir='ltr'>carnem</span> <span class='ocrx_word' id='word_1_245' title='bbox 662 2093 830 2134; x_wconf 88' lang='lat' dir='ltr'>suam</span> <span class='ocrx_word' id='word_1_246' title='bbox 889 2077 1217 2146; x_wconf 87' lang='lat' dir='ltr'>mortiﬁcat,</span> <span class='ocrx_word' id='word_1_247' title='bbox 1262 2078 1319 2133; x_wconf 90' lang='lat' dir='ltr'>in</span> <span class='ocrx_word' id='word_1_248' title='bbox 1378 2078 1602 2136; x_wconf 86' lang='lat' dir='ltr'>cithara</span> <span class='ocrx_word' id='word_1_249' title='bbox 1651 2079 1869 2136; x_wconf 86' lang='lat' dir='ltr'>laudat.</span> <span class='ocrx_word' id='word_1_250' title='bbox 1982 2078 2105 2134; x_wconf 87' lang='lat' dir='ltr'>suis</span> <span class='ocrx_word' id='word_1_251' title='bbox 2135 2096 2234 2136; x_wconf 91' lang='lat' dir='ltr'>eos</span> <span class='ocrx_word' id='word_1_252' title='bbox 2262 2080 2704 2155; x_wconf 85' lang='lat' dir='ltr'>liberavit.quos</span> <span class='ocrx_word' id='word_1_253' title='bbox 2733 2082 3063 2155; x_wconf 90' lang='lat' dir='ltr'>specialiter</span> <span class='ocrx_word' id='word_1_254' title='bbox 3080 2083 3268 2141; x_wconf 85' lang='lat' dir='ltr'>virtus</span> <span class='ocrx_word' id='word_1_255' title='bbox 3296 2084 3492 2143; x_wconf 82' lang='lat' dir='ltr'>divina</span> <span class='ocrx_word' id='word_1_256' title='bbox 3516 2084 3625 2143; x_wconf 89' lang='lat' dir='ltr'>sal-</span> 
     </span>
    </p>
   </div>
   <div class='ocr_carea' id='block_1_20' title="bbox 201 2164 2150 2237">
    <p class='ocr_par' dir='ltr' id='par_1_20' title="bbox 201 2164 2150 2237">
     <span class='ocr_line' id='line_1_20' title="bbox 201 2164 2150 2237; baseline -0.002 -12"><span class='ocrx_word' id='word_1_257' title='bbox 201 2170 407 2233; x_wconf 80' lang='lat' dir='ltr'>Quare</span> <span class='ocrx_word' id='word_1_258' title='bbox 434 2167 632 2223; x_wconf 85' lang='lat' dir='ltr'>tristis</span> <span class='ocrx_word' id='word_1_259' title='bbox 662 2181 746 2221; x_wconf 89' lang='lat' dir='ltr'>es.</span> <span class='ocrx_word' id='word_1_260' title='bbox 779 2164 821 2220; x_wconf 88' lang='lat' dir='ltr'>C</span> <span class='ocrx_word' id='word_1_261' title='bbox 847 2165 1204 2237; x_wconf 84' lang='lat' dir='ltr'>Frequenter</span> <span class='ocrx_word' id='word_1_262' title='bbox 1249 2166 1525 2223; x_wconf 90' lang='lat' dir='ltr'>admonet</span> <span class='ocrx_word' id='word_1_263' title='bbox 1572 2168 1872 2224; x_wconf 86' lang='lat' dir='ltr'>tristitiam</span> <span class='ocrx_word' id='word_1_264' title='bbox 1980 2167 2150 2223; x_wconf 86' lang='lat' dir='ltr'>vavit.</span> 
     </span>
    </p>
   </div>
   <div class='ocr_carea' id='block_1_21' title="bbox 198 2252 3623 2341">
    <p class='ocr_par' dir='ltr' id='par_1_21' title="bbox 198 2252 3623 2341">
     <span class='ocr_line' id='line_1_21' title="bbox 198 2252 3623 2341; baseline 0.001 -27"><span class='ocrx_word' id='word_1_265' title='bbox 198 2255 563 2332; x_wconf 76' lang='lat' dir='ltr'>fugiendam</span> <span class='ocrx_word' id='word_1_266' title='bbox 592 2253 764 2310; x_wconf 86' lang='lat' dir='ltr'>istius</span> <span class='ocrx_word' id='word_1_267' title='bbox 790 2252 1291 2341; x_wconf 70' lang='lat' dir='ltr'>saeculi,quoniam</span> <span class='ocrx_word' id='word_1_268' title='bbox 1321 2254 1491 2311; x_wconf 91' lang='lat' dir='ltr'>bonis</span> <span class='ocrx_word' id='word_1_269' title='bbox 1523 2257 1698 2312; x_wconf 89' lang='lat' dir='ltr'>rebus</span> <span class='ocrx_word' id='word_1_270' title='bbox 1722 2273 1874 2312; x_wconf 88' lang='lat' dir='ltr'>sem-</span> <span class='ocrx_word' id='word_1_271' title='bbox 1980 2256 2018 2310; x_wconf 90' lang='lat'><strong>5</strong></span> <span class='ocrx_word' id='word_1_272' title='bbox 2088 2256 2189 2313; x_wconf 85' lang='lat' dir='ltr'>Sed</span> <span class='ocrx_word' id='word_1_273' title='bbox 2215 2255 2439 2313; x_wconf 76' lang='lat' dir='ltr'>dextera</span> <span class='ocrx_word' id='word_1_274' title='bbox 2466 2266 2563 2313; x_wconf 88' lang='lat' dir='ltr'>tua</span> <span class='ocrx_word' id='word_1_275' title='bbox 2589 2267 2641 2316; x_wconf 86' lang='lat' dir='ltr'>et</span> <span class='ocrx_word' id='word_1_276' title='bbox 2668 2259 2952 2315; x_wconf 81' lang='lat' dir='ltr'>brachium</span> <span class='ocrx_word' id='word_1_277' title='bbox 2980 2263 3137 2316; x_wconf 83' lang='lat' dir='ltr'>tuum</span> <span class='ocrx_word' id='word_1_278' title='bbox 3182 2268 3234 2341; x_wconf 85' lang='lat' dir='ltr'>et</span> <span class='ocrx_word' id='word_1_279' title='bbox 3283 2261 3623 2319; x_wconf 81' lang='lat' dir='ltr'>illuminatio</span> 
     </span>
    </p>
   </div>
   <div class='ocr_carea' id='block_1_22' title="bbox 198 2338 2494 2421">
    <p class='ocr_par' dir='ltr' id='par_1_22' title="bbox 198 2338 2494 2421">
     <span class='ocr_line' id='line_1_22' title="bbox 198 2338 2494 2421; baseline 0.001 -21"><span class='ocrx_word' id='word_1_280' title='bbox 198 2344 598 2419; x_wconf 83' lang='lat' dir='ltr'>peradversa</span> <span class='ocrx_word' id='word_1_281' title='bbox 647 2344 754 2397; x_wconf 88' lang='lat' dir='ltr'>est.</span> <span class='ocrx_word' id='word_1_282' title='bbox 808 2340 915 2396; x_wconf 86' lang='lat' dir='ltr'>Per</span> <span class='ocrx_word' id='word_1_283' title='bbox 959 2338 1112 2396; x_wconf 89' lang='lat' dir='ltr'>hanc</span> <span class='ocrx_word' id='word_1_284' title='bbox 1164 2342 1319 2398; x_wconf 89' lang='lat' dir='ltr'>enim</span> <span class='ocrx_word' id='word_1_285' title='bbox 1368 2343 1544 2399; x_wconf 92' lang='lat' dir='ltr'>robor</span> <span class='ocrx_word' id='word_1_286' title='bbox 1584 2344 1875 2421; x_wconf 63' lang='lat' dir='ltr'>patientiae</span> <span class='ocrx_word' id='word_1_287' title='bbox 2158 2346 2338 2402; x_wconf 84' lang='lat' dir='ltr'>vultus</span> <span class='ocrx_word' id='word_1_288' title='bbox 2368 2349 2494 2402; x_wconf 87' lang='lat' dir='ltr'>tui:</span> 
     </span>
    </p>
   </div>
   <div class='ocr_carea' id='block_1_23' title="bbox 196 2428 2974 2507">
    <p class='ocr_par' dir='ltr' id='par_1_23' title="bbox 196 2428 2974 2507">
     <span class='ocr_line' id='line_1_23' title="bbox 196 2428 2974 2507; baseline 0 -17"><span class='ocrx_word' id='word_1_289' title='bbox 196 2432 532 2506; x_wconf 81' lang='lat' dir='ltr'>frangitur,</span> <span class='ocrx_word' id='word_1_290' title='bbox 552 2428 860 2487; x_wconf 85' lang='lat' dir='ltr'>charitatis</span> <span class='ocrx_word' id='word_1_291' title='bbox 886 2428 1088 2484; x_wconf 88' lang='lat' dir='ltr'>lumen</span> <span class='ocrx_word' id='word_1_292' title='bbox 1118 2429 1529 2504; x_wconf 82' lang='lat' dir='ltr'>exstinguitur,</span> <span class='ocrx_word' id='word_1_293' title='bbox 1563 2432 1687 2505; x_wconf 79' lang='lat' dir='ltr'>Spei</span> <span class='ocrx_word' id='word_1_294' title='bbox 1716 2434 1876 2490; x_wconf 90' lang='lat' dir='ltr'>desi-</span> <span class='ocrx_word' id='word_1_295' title='bbox 2095 2433 2362 2501; x_wconf 81' lang='lat' dir='ltr'>Quoniam</span> <span class='ocrx_word' id='word_1_296' title='bbox 2388 2435 2765 2507; x_wconf 84' lang='lat' dir='ltr'>complacuisti</span> <span class='ocrx_word' id='word_1_297' title='bbox 2788 2437 2849 2491; x_wconf 87' lang='lat' dir='ltr'>in</span> <span class='ocrx_word' id='word_1_298' title='bbox 2875 2436 2974 2492; x_wconf 82' lang='lat' dir='ltr'>eis.</span> 
     </span>
    </p>
   </div>
   <div class='ocr_carea' id='block_1_24' title="bbox 193 2516 3625 2597">
    <p class='ocr_par' dir='ltr' id='par_1_24' title="bbox 193 2516 3625 2597">
     <span class='ocr_line' id='line_1_24' title="bbox 193 2516 3625 2597; baseline 0.001 -18"><span class='ocrx_word' id='word_1_299' title='bbox 193 2522 438 2579; x_wconf 83' lang='lat' dir='ltr'>derium</span> <span class='ocrx_word' id='word_1_300' title='bbox 467 2520 782 2591; x_wconf 86' lang='lat' dir='ltr'>virtusque</span> <span class='ocrx_word' id='word_1_301' title='bbox 810 2516 1182 2585; x_wconf 91' lang='lat' dir='ltr'>mollescit,et</span> <span class='ocrx_word' id='word_1_302' title='bbox 1201 2520 1397 2575; x_wconf 90' lang='lat' dir='ltr'>omnis</span> <span class='ocrx_word' id='word_1_303' title='bbox 1427 2521 1546 2575; x_wconf 89' lang='lat' dir='ltr'>vita</span> <span class='ocrx_word' id='word_1_304' title='bbox 1575 2522 1881 2577; x_wconf 89' lang='lat' dir='ltr'>confundi-</span> <span class='ocrx_word' id='word_1_305' title='bbox 2058 2520 2099 2576; x_wconf 92' lang='lat' dir='ltr'>C</span> <span class='ocrx_word' id='word_1_306' title='bbox 2127 2521 2369 2578; x_wconf 86' lang='lat' dir='ltr'>Dextera</span> <span class='ocrx_word' id='word_1_307' title='bbox 2397 2521 2553 2578; x_wconf 86' lang='lat' dir='ltr'>enim</span> <span class='ocrx_word' id='word_1_308' title='bbox 2583 2523 2780 2597; x_wconf 87' lang='lat' dir='ltr'>signat</span> <span class='ocrx_word' id='word_1_309' title='bbox 2806 2539 3146 2596; x_wconf 87' lang='lat' dir='ltr'>prosperam</span> <span class='ocrx_word' id='word_1_310' title='bbox 3198 2527 3453 2596; x_wconf 80' lang='lat' dir='ltr'>partem;</span> <span class='ocrx_word' id='word_1_311' title='bbox 3493 2525 3625 2583; x_wconf 83' lang='lat' dir='ltr'>bra-</span> 
     </span>
    </p>
   </div>
   <div class='ocr_carea' id='block_1_25' title="bbox 195 2605 3628 2683">
    <p class='ocr_par' dir='ltr' id='par_1_25' title="bbox 195 2605 3628 2683">
     <span class='ocr_line' id='line_1_25' title="bbox 195 2605 3628 2683; baseline 0.002 -18"><span class='ocrx_word' id='word_1_312' title='bbox 195 2607 612 2665; x_wconf 85' lang='lat' dir='ltr'>tur.Tristitia</span> <span class='ocrx_word' id='word_1_313' title='bbox 636 2624 771 2663; x_wconf 91' lang='lat' dir='ltr'>vero</span> <span class='ocrx_word' id='word_1_314' title='bbox 801 2607 873 2662; x_wconf 88' lang='lat' dir='ltr'>de</span> <span class='ocrx_word' id='word_1_315' title='bbox 903 2605 1160 2677; x_wconf 88' lang='lat' dir='ltr'>peccatis</span> <span class='ocrx_word' id='word_1_316' title='bbox 1189 2606 1596 2680; x_wconf 87' lang='lat' dir='ltr'>amplectenda</span> <span class='ocrx_word' id='word_1_317' title='bbox 1626 2613 1881 2682; x_wconf 83' lang='lat' dir='ltr'>est,quo-</span> <span class='ocrx_word' id='word_1_318' title='bbox 1988 2609 2186 2666; x_wconf 88' lang='lat' dir='ltr'>chium</span> <span class='ocrx_word' id='word_1_319' title='bbox 2221 2611 2651 2680; x_wconf 86' lang='lat' dir='ltr'>fortitudinem;</span> <span class='ocrx_word' id='word_1_320' title='bbox 2702 2610 3073 2680; x_wconf 88' lang='lat' dir='ltr'>illuminatio,</span> <span class='ocrx_word' id='word_1_321' title='bbox 3121 2611 3469 2669; x_wconf 88' lang='lat' dir='ltr'>consilium:</span> <span class='ocrx_word' id='word_1_322' title='bbox 3494 2615 3628 2683; x_wconf 66' lang='lat' dir='ltr'>Qua</span> 
     </span>
    </p>
   </div>
   <div class='ocr_carea' id='block_1_26' title="bbox 196 2695 3630 2773">
    <p class='ocr_par' dir='ltr' id='par_1_26' title="bbox 196 2695 3630 2773">
     <span class='ocr_line' id='line_1_26' title="bbox 196 2695 3630 2773; baseline 0.002 -19"><span class='ocrx_word' id='word_1_323' title='bbox 196 2699 364 2754; x_wconf 90' lang='lat' dir='ltr'>niam</span> <span class='ocrx_word' id='word_1_324' title='bbox 395 2697 476 2754; x_wconf 88' lang='lat' dir='ltr'>ad</span> <span class='ocrx_word' id='word_1_325' title='bbox 504 2699 859 2769; x_wconf 84' lang='lat' dir='ltr'>perpetuam</span> <span class='ocrx_word' id='word_1_326' title='bbox 887 2695 1227 2765; x_wconf 87' lang='lat' dir='ltr'>sospitatem</span> <span class='ocrx_word' id='word_1_327' title='bbox 1256 2696 1472 2768; x_wconf 82' lang='lat' dir='ltr'>dirigit.</span> <span class='ocrx_word' id='word_1_328' title='bbox 1612 2735 1617 2739; x_wconf 66' lang='grc' dir='ltr'><em>ς</em></span> <span class='ocrx_word' id='word_1_329' title='bbox 1988 2697 2266 2755; x_wconf 89' lang='lat' dir='ltr'>Dominus</span> <span class='ocrx_word' id='word_1_330' title='bbox 2296 2699 2684 2756; x_wconf 88' lang='lat' dir='ltr'>communiter</span> <span class='ocrx_word' id='word_1_331' title='bbox 2707 2700 2946 2769; x_wconf 88' lang='lat' dir='ltr'>confert,</span> <span class='ocrx_word' id='word_1_332' title='bbox 2973 2701 3205 2773; x_wconf 88' lang='lat' dir='ltr'>quando</span> <span class='ocrx_word' id='word_1_333' title='bbox 3230 2700 3630 2773; x_wconf 69' lang='lat' dir='ltr'>praliantibus</span> 
     </span>
    </p>
   </div>
   <div class='ocr_carea' id='block_1_27' title="bbox 199 2778 3626 2862">
    <p class='ocr_par' dir='ltr' id='par_1_27' title="bbox 199 2778 3626 2862">
     <span class='ocr_line' id='line_1_27' title="bbox 199 2778 3626 2862; baseline 0.001 -20"><span class='ocrx_word' id='word_1_334' title='bbox 199 2789 238 2842; x_wconf 84' lang='lat'><strong>6</strong></span> <span class='ocrx_word' id='word_1_335' title='bbox 309 2788 496 2859; x_wconf 87' lang='lat' dir='ltr'>Spera</span> <span class='ocrx_word' id='word_1_336' title='bbox 528 2802 596 2840; x_wconf 77' lang='grc' dir='ltr'>ιη</span> <span class='ocrx_word' id='word_1_337' title='bbox 619 2789 731 2841; x_wconf 82' lang='lat' dir='ltr'>Deo</span> <span class='ocrx_word' id='word_1_338' title='bbox 758 2778 1328 2855; x_wconf 48' lang='lat' dir='ltr'>quoniam-ﬁrmum:</span> <span class='ocrx_word' id='word_1_339' title='bbox 1366 2789 1381 2850; x_wconf 74' lang='grc' dir='ltr'>ζ</span> <span class='ocrx_word' id='word_1_340' title='bbox 1421 2786 1712 2859; x_wconf 80' lang='lat' dir='ltr'>confitebor</span> <span class='ocrx_word' id='word_1_341' title='bbox 1739 2785 1831 2840; x_wconf 89' lang='lat' dir='ltr'>illi</span> <span class='ocrx_word' id='word_1_342' title='bbox 1859 2803 1880 2840; x_wconf 85' lang='lat'><em>:</em></span> <span class='ocrx_word' id='word_1_343' title='bbox 1986 2785 2287 2842; x_wconf 85' lang='lat' dir='ltr'>victoriam</span> <span class='ocrx_word' id='word_1_344' title='bbox 2345 2787 2622 2859; x_wconf 83' lang='lat' dir='ltr'>dignatur</span> <span class='ocrx_word' id='word_1_345' title='bbox 2678 2788 2912 2844; x_wconf 90' lang='lat' dir='ltr'>donare.</span> <span class='ocrx_word' id='word_1_346' title='bbox 2967 2787 3331 2862; x_wconf 87' lang='lat' dir='ltr'>Complacuit</span> <span class='ocrx_word' id='word_1_347' title='bbox 3378 2788 3439 2846; x_wconf 89' lang='lat' dir='ltr'>in</span> <span class='ocrx_word' id='word_1_348' title='bbox 3485 2789 3626 2859; x_wconf 86' lang='lat' dir='ltr'>illis,</span> 
     </span>
    </p>
   </div>
   <div class='ocr_carea' id='block_1_28' title="bbox 292 2872 3628 2956">
    <p class='ocr_par' dir='ltr' id='par_1_28' title="bbox 292 2872 3628 2956">
     <span class='ocr_line' id='line_1_28' title="bbox 292 2872 3628 2956; baseline 0.001 -24"><span class='ocrx_word' id='word_1_349' title='bbox 292 2875 581 2932; x_wconf 84' lang='lat' dir='ltr'>Salutare</span> <span class='ocrx_word' id='word_1_350' title='bbox 612 2874 801 2929; x_wconf 80' lang='lat' dir='ltr'>vultus</span> <span class='ocrx_word' id='word_1_351' title='bbox 829 2875 941 2930; x_wconf 85' lang='lat' dir='ltr'>mei</span> <span class='ocrx_word' id='word_1_352' title='bbox 961 2880 1119 2956; x_wconf 53' lang='lat' dir='ltr'>ﬁget</span> <span class='ocrx_word' id='word_1_353' title='bbox 1159 2876 1176 2942; x_wconf 71' lang='grc' dir='ltr'>ζ</span> <span class='ocrx_word' id='word_1_354' title='bbox 1218 2872 1359 2930; x_wconf 89' lang='lat' dir='ltr'>Deus</span> <span class='ocrx_word' id='word_1_355' title='bbox 1388 2891 1561 2931; x_wconf 88' lang='lat' dir='ltr'>meus.</span> <span class='ocrx_word' id='word_1_356' title='bbox 1991 2875 2222 2946; x_wconf 91' lang='lat' dir='ltr'>quando</span> <span class='ocrx_word' id='word_1_357' title='bbox 2252 2874 2353 2931; x_wconf 86' lang='lat' dir='ltr'>illa</span> <span class='ocrx_word' id='word_1_358' title='bbox 2382 2874 2505 2931; x_wconf 87' lang='lat' dir='ltr'>sola</span> <span class='ocrx_word' id='word_1_359' title='bbox 2528 2891 2675 2948; x_wconf 87' lang='lat' dir='ltr'>gens</span> <span class='ocrx_word' id='word_1_360' title='bbox 2705 2876 2776 2932; x_wconf 90' lang='lat' dir='ltr'>de</span> <span class='ocrx_word' id='word_1_361' title='bbox 2803 2879 2924 2933; x_wconf 86' lang='lat' dir='ltr'>toto</span> <span class='ocrx_word' id='word_1_362' title='bbox 2955 2878 3175 2934; x_wconf 87' lang='lat' dir='ltr'>mundo</span> <span class='ocrx_word' id='word_1_363' title='bbox 3204 2876 3389 2936; x_wconf 87' lang='lat' dir='ltr'>electa</span> <span class='ocrx_word' id='word_1_364' title='bbox 3409 2881 3524 2946; x_wconf 85' lang='lat' dir='ltr'>est,</span> <span class='ocrx_word' id='word_1_365' title='bbox 3556 2878 3628 2936; x_wconf 86' lang='lat' dir='ltr'>de</span> 
     </span>
    </p>
   </div>
   <div class='ocr_carea' id='block_1_29' title="bbox 257 2961 2672 3036">
    <p class='ocr_par' dir='ltr' id='par_1_29' title="bbox 257 2961 2672 3036">
     <span class='ocr_line' id='line_1_29' title="bbox 257 2961 2672 3036; baseline 0 -16"><span class='ocrx_word' id='word_1_366' title='bbox 257 2963 306 3020; x_wconf 86' lang='grc' dir='ltr'><em>Η</em></span> <span class='ocrx_word' id='word_1_367' title='bbox 340 2964 543 3035; x_wconf 84' lang='lat' dir='ltr'>Spera</span> <span class='ocrx_word' id='word_1_368' title='bbox 575 2961 640 3018; x_wconf 91' lang='lat' dir='ltr'>in</span> <span class='ocrx_word' id='word_1_369' title='bbox 670 2967 805 3028; x_wconf 89' lang='lat' dir='ltr'>Deo,</span> <span class='ocrx_word' id='word_1_370' title='bbox 841 2962 1048 3036; x_wconf 88' lang='lat' dir='ltr'>ipsum</span> <span class='ocrx_word' id='word_1_371' title='bbox 1071 2964 1477 3027; x_wconf 82' lang='lat' dir='ltr'>conﬁtetur,ab</span> <span class='ocrx_word' id='word_1_372' title='bbox 1501 2963 1628 3034; x_wconf 90' lang='lat' dir='ltr'>ipso</span> <span class='ocrx_word' id='word_1_373' title='bbox 1649 2966 1884 3034; x_wconf 85' lang='lat' dir='ltr'>peccata</span> <span class='ocrx_word' id='word_1_374' title='bbox 1991 2979 2108 3036; x_wconf 89' lang='lat' dir='ltr'>qua</span> <span class='ocrx_word' id='word_1_375' title='bbox 2136 2962 2397 3019; x_wconf 86' lang='lat' dir='ltr'>Salvator</span> <span class='ocrx_word' id='word_1_376' title='bbox 2422 2964 2672 3021; x_wconf 86' lang='lat' dir='ltr'>advenit.</span> 
     </span>
    </p>
   </div>
   <div class='ocr_carea' id='block_1_30' title="bbox 181 3050 3166 3126">
    <p class='ocr_par' dir='ltr' id='par_1_30' title="bbox 181 3050 3166 3126">
     <span class='ocr_line' id='line_1_30' title="bbox 181 3050 3166 3126; baseline 0 -18"><span class='ocrx_word' id='word_1_377' title='bbox 181 3069 295 3109; x_wconf 83' lang='lat' dir='ltr'>sua</span> <span class='ocrx_word' id='word_1_378' title='bbox 322 3050 619 3126; x_wconf 83' lang='lat' dir='ltr'>postulat</span> <span class='ocrx_word' id='word_1_379' title='bbox 646 3050 886 3121; x_wconf 89' lang='lat' dir='ltr'>dimitti,</span> <span class='ocrx_word' id='word_1_380' title='bbox 917 3052 1233 3125; x_wconf 88' lang='lat' dir='ltr'>ipsumque</span> <span class='ocrx_word' id='word_1_381' title='bbox 1266 3050 1520 3107; x_wconf 86' lang='lat' dir='ltr'>salutare</span> <span class='ocrx_word' id='word_1_382' title='bbox 1547 3050 1742 3106; x_wconf 90' lang='lat' dir='ltr'>vultus</span> <span class='ocrx_word' id='word_1_383' title='bbox 1789 3060 1883 3115; x_wconf 85' lang='lat' dir='ltr'>sui</span> <span class='ocrx_word' id='word_1_384' title='bbox 1989 3052 2026 3105; x_wconf 87' lang='lat'>6</span> <span class='ocrx_word' id='word_1_385' title='bbox 2102 3052 2176 3107; x_wconf 86' lang='lat' dir='ltr'>Tu</span> <span class='ocrx_word' id='word_1_386' title='bbox 2204 3068 2260 3107; x_wconf 84' lang='lat' dir='ltr'>es</span> <span class='ocrx_word' id='word_1_387' title='bbox 2289 3054 2402 3123; x_wconf 84' lang='lat' dir='ltr'>ipse</span> <span class='ocrx_word' id='word_1_388' title='bbox 2430 3068 2528 3111; x_wconf 71' lang='lat' dir='ltr'>rex</span> <span class='ocrx_word' id='word_1_389' title='bbox 2552 3068 2705 3108; x_wconf 87' lang='lat' dir='ltr'>meus</span> <span class='ocrx_word' id='word_1_390' title='bbox 2733 3060 2786 3109; x_wconf 87' lang='lat' dir='ltr'>et</span> <span class='ocrx_word' id='word_1_391' title='bbox 2812 3054 2950 3109; x_wconf 84' lang='lat' dir='ltr'>Deus</span> <span class='ocrx_word' id='word_1_392' title='bbox 2976 3069 3128 3110; x_wconf 88' lang='lat' dir='ltr'>meus</span> <span class='ocrx_word' id='word_1_393' title='bbox 3152 3070 3166 3108; x_wconf 89' lang='lat'><strong>:</strong></span> 
     </span>
    </p>
   </div>
   <div class='ocr_carea' id='block_1_31' title="bbox 192 3138 2891 3212">
    <p class='ocr_par' dir='ltr' id='par_1_31' title="bbox 192 3138 2891 3212">
     <span class='ocr_line' id='line_1_31' title="bbox 192 3138 2891 3212; baseline -0.001 -15"><span class='ocrx_word' id='word_1_394' title='bbox 192 3140 359 3209; x_wconf 85' lang='lat' dir='ltr'>dicit,</span> <span class='ocrx_word' id='word_1_395' title='bbox 394 3156 591 3212; x_wconf 87' lang='lat' dir='ltr'>quem</span> <span class='ocrx_word' id='word_1_396' title='bbox 630 3143 687 3196; x_wconf 88' lang='lat' dir='ltr'>et</span> <span class='ocrx_word' id='word_1_397' title='bbox 716 3157 823 3195; x_wconf 89' lang='lat' dir='ltr'>nos</span> <span class='ocrx_word' id='word_1_398' title='bbox 853 3141 1199 3197; x_wconf 89' lang='lat' dir='ltr'>conﬁtentes</span> <span class='ocrx_word' id='word_1_399' title='bbox 1245 3138 1636 3212; x_wconf 83' lang='lat' dir='ltr'>exposcimus,</span> <span class='ocrx_word' id='word_1_400' title='bbox 1667 3142 1732 3193; x_wconf 90' lang='lat' dir='ltr'>ut</span> <span class='ocrx_word' id='word_1_401' title='bbox 1761 3154 1884 3198; x_wconf 89' lang='lat' dir='ltr'>me-</span> <span class='ocrx_word' id='word_1_402' title='bbox 2044 3172 2045 3175; x_wconf 60' lang='grc' dir='ltr'><strong>η</strong></span> <span class='ocrx_word' id='word_1_403' title='bbox 2098 3139 2203 3207; x_wconf 84' lang='lat' dir='ltr'>Qui</span> <span class='ocrx_word' id='word_1_404' title='bbox 2230 3139 2457 3195; x_wconf 78' lang='lat' dir='ltr'>mandas</span> <span class='ocrx_word' id='word_1_405' title='bbox 2483 3141 2685 3197; x_wconf 83' lang='lat' dir='ltr'>salutes</span> <span class='ocrx_word' id='word_1_406' title='bbox 2709 3142 2891 3197; x_wconf 75' lang='lat' dir='ltr'>Iacob.</span> 
     </span>
    </p>
   </div>
   <div class='ocr_carea' id='block_1_32' title="bbox 181 3226 3627 3303">
    <p class='ocr_par' dir='ltr' id='par_1_32' title="bbox 181 3226 3627 3303">
     <span class='ocr_line' id='line_1_32' title="bbox 181 3226 3627 3303; baseline 0 -14"><span class='ocrx_word' id='word_1_407' title='bbox 181 3245 432 3289; x_wconf 66' lang='lat' dir='ltr'>reamur</span> <span class='ocrx_word' id='word_1_408' title='bbox 461 3230 608 3300; x_wconf 88' lang='lat' dir='ltr'>ejus</span> <span class='ocrx_word' id='word_1_409' title='bbox 642 3226 770 3284; x_wconf 89' lang='lat' dir='ltr'>luce</span> <span class='ocrx_word' id='word_1_410' title='bbox 794 3227 1140 3296; x_wconf 88' lang='lat' dir='ltr'>illuminari,</span> <span class='ocrx_word' id='word_1_411' title='bbox 1170 3227 1266 3283; x_wconf 90' lang='lat' dir='ltr'>via</span> <span class='ocrx_word' id='word_1_412' title='bbox 1309 3227 1749 3300; x_wconf 87' lang='lat' dir='ltr'>dirigi,veritate</span> <span class='ocrx_word' id='word_1_413' title='bbox 1770 3243 1889 3282; x_wconf 86' lang='lat' dir='ltr'>cor—</span> <span class='ocrx_word' id='word_1_414' title='bbox 1910 3300 1938 3303; x_wconf 34' lang='grc' dir='ltr'><strong><em>μ</em></strong></span> <span class='ocrx_word' id='word_1_415' title='bbox 2064 3230 2104 3282; x_wconf 88' lang='lat' dir='ltr'><strong>G</strong></span> <span class='ocrx_word' id='word_1_416' title='bbox 2133 3228 2220 3283; x_wconf 94' lang='lat' dir='ltr'>Tu</span> <span class='ocrx_word' id='word_1_417' title='bbox 2250 3244 2311 3284; x_wconf 90' lang='lat' dir='ltr'>es</span> <span class='ocrx_word' id='word_1_418' title='bbox 2340 3227 2467 3300; x_wconf 89' lang='lat' dir='ltr'>ipse</span> <span class='ocrx_word' id='word_1_419' title='bbox 2492 3228 2671 3298; x_wconf 85' lang='lat' dir='ltr'>rex,id</span> <span class='ocrx_word' id='word_1_420' title='bbox 2703 3233 2789 3284; x_wconf 88' lang='lat' dir='ltr'>est</span> <span class='ocrx_word' id='word_1_421' title='bbox 2816 3231 2882 3286; x_wconf 89' lang='lat' dir='ltr'>tu</span> <span class='ocrx_word' id='word_1_422' title='bbox 2904 3228 3032 3303; x_wconf 85' lang='lat' dir='ltr'>ipse</span> <span class='ocrx_word' id='word_1_423' title='bbox 3058 3244 3073 3284; x_wconf 87' lang='lat'><strong>:</strong></span> <span class='ocrx_word' id='word_1_424' title='bbox 3107 3246 3222 3285; x_wconf 89' lang='lat' dir='ltr'>non</span> <span class='ocrx_word' id='word_1_425' title='bbox 3242 3228 3395 3287; x_wconf 88' lang='lat' dir='ltr'>alius</span> <span class='ocrx_word' id='word_1_426' title='bbox 3413 3234 3503 3287; x_wconf 87' lang='lat' dir='ltr'>est</span> <span class='ocrx_word' id='word_1_427' title='bbox 3520 3232 3627 3290; x_wconf 85' lang='lat' dir='ltr'>Do—</span> 
     </span>
    </p>
   </div>
   <div class='ocr_carea' id='block_1_33' title="bbox 182 3300 3624 3391">
    <p class='ocr_par' dir='ltr' id='par_1_33' title="bbox 182 3300 3624 3391">
     <span class='ocr_line' id='line_1_33' title="bbox 182 3300 3624 3391; baseline 0.002 -20"><span class='ocrx_word' id='word_1_428' title='bbox 182 3317 317 3391; x_wconf 84' lang='lat' dir='ltr'>rigi,</span> <span class='ocrx_word' id='word_1_429' title='bbox 350 3316 483 3374; x_wconf 86' lang='lat' dir='ltr'>vita</span> <span class='ocrx_word' id='word_1_430' title='bbox 514 3315 893 3388; x_wconf 86' lang='lat' dir='ltr'>locupletari.</span> <span class='ocrx_word' id='word_1_431' title='bbox 1174 3332 1177 3333; x_wconf 69' lang='lat'><strong><em>&#39;</em></strong></span> <span class='ocrx_word' id='word_1_432' title='bbox 1897 3300 1940 3368; x_wconf 84' lang='lat' dir='ltr'>C</span> <span class='ocrx_word' id='word_1_433' title='bbox 1980 3316 2178 3372; x_wconf 90' lang='lat' dir='ltr'>minus</span> <span class='ocrx_word' id='word_1_434' title='bbox 2201 3320 2258 3372; x_wconf 92' lang='lat' dir='ltr'>et</span> <span class='ocrx_word' id='word_1_435' title='bbox 2286 3315 2664 3382; x_wconf 87' lang='lat' dir='ltr'>Salvator,cui</span> <span class='ocrx_word' id='word_1_436' title='bbox 2695 3332 2905 3372; x_wconf 88' lang='lat' dir='ltr'>nomen</span> <span class='ocrx_word' id='word_1_437' title='bbox 2928 3300 3092 3388; x_wconf 69' lang='lat' dir='ltr'>regis</span> <span class='ocrx_word' id='word_1_438' title='bbox 3123 3317 3503 3375; x_wconf 88' lang='lat' dir='ltr'>manifestum</span> <span class='ocrx_word' id='word_1_439' title='bbox 3532 3323 3624 3377; x_wconf 79' lang='lat' dir='ltr'>est</span> 
     </span>
    </p>
   </div>
   <div class='ocr_carea' id='block_1_34' title="bbox 706 3405 3719 3476">
    <p class='ocr_par' dir='ltr' id='par_1_34' title="bbox 706 3405 3719 3476">
     <span class='ocr_line' id='line_1_34' title="bbox 706 3405 3719 3476; baseline 0.001 -14"><span class='ocrx_word' id='word_1_440' title='bbox 706 3421 915 3462; x_wconf 57' lang='lat' dir='ltr'>cunno</span> <span class='ocrx_word' id='word_1_441' title='bbox 951 3422 1022 3461; x_wconf 78' lang='lat' dir='ltr'>ax</span> <span class='ocrx_word' id='word_1_442' title='bbox 1061 3422 1219 3462; x_wconf 53' lang='lat' dir='ltr'>psse.</span> <span class='ocrx_word' id='word_1_443' title='bbox 1258 3422 1393 3460; x_wconf 78' lang='lat' dir='ltr'>xm.</span> <span class='ocrx_word' id='word_1_444' title='bbox 1977 3405 2484 3461; x_wconf 85' lang='lat' dir='ltr'>convenire.Addit</span> <span class='ocrx_word' id='word_1_445' title='bbox 2512 3422 2679 3474; x_wconf 90' lang='lat' dir='ltr'>vero;</span> <span class='ocrx_word' id='word_1_446' title='bbox 2712 3409 2767 3461; x_wconf 90' lang='lat' dir='ltr'>et</span> <span class='ocrx_word' id='word_1_447' title='bbox 2797 3406 2950 3463; x_wconf 90' lang='lat' dir='ltr'>Deus</span> <span class='ocrx_word' id='word_1_448' title='bbox 2990 3422 3179 3476; x_wconf 89' lang='lat' dir='ltr'>meus,</span> <span class='ocrx_word' id='word_1_449' title='bbox 3210 3423 3281 3463; x_wconf 91' lang='lat' dir='ltr'>ne</span> <span class='ocrx_word' id='word_1_450' title='bbox 3321 3408 3624 3466; x_wconf 86' lang='lat' dir='ltr'>dubitares</span> <span class='ocrx_word' id='word_1_451' title='bbox 3703 3439 3719 3450; x_wconf 83' lang='lat'><strong>-</strong></span> 
     </span>
    </p>
   </div>
   <div class='ocr_carea' id='block_1_35' title="bbox 251 3491 3626 3568">
    <p class='ocr_par' dir='ltr' id='par_1_35' title="bbox 251 3491 3626 3568">
     <span class='ocr_line' id='line_1_35' title="bbox 251 3491 3626 3568; baseline 0.001 -19"><span class='ocrx_word' id='word_1_452' title='bbox 251 3494 337 3549; x_wconf 89' lang='lat' dir='ltr'>Te</span> <span class='ocrx_word' id='word_1_453' title='bbox 368 3493 618 3549; x_wconf 85' lang='lat' dir='ltr'>fontem</span> <span class='ocrx_word' id='word_1_454' title='bbox 652 3491 898 3549; x_wconf 88' lang='lat' dir='ltr'>luminis</span> <span class='ocrx_word' id='word_1_455' title='bbox 945 3493 1228 3565; x_wconf 88' lang='lat' dir='ltr'>perpetui,</span> <span class='ocrx_word' id='word_1_456' title='bbox 1270 3492 1642 3564; x_wconf 87' lang='lat' dir='ltr'>omnipotens</span> <span class='ocrx_word' id='word_1_457' title='bbox 1691 3491 1867 3557; x_wconf 90' lang='lat' dir='ltr'>Deus,</span> <span class='ocrx_word' id='word_1_458' title='bbox 1982 3493 2290 3550; x_wconf 89' lang='lat' dir='ltr'>Dominum</span> <span class='ocrx_word' id='word_1_459' title='bbox 2318 3493 2519 3549; x_wconf 86' lang='lat' dir='ltr'>Jesum</span> <span class='ocrx_word' id='word_1_460' title='bbox 2550 3493 2843 3549; x_wconf 88' lang='lat' dir='ltr'>Christum</span> <span class='ocrx_word' id='word_1_461' title='bbox 2861 3511 2988 3551; x_wconf 90' lang='lat' dir='ltr'>esse</span> <span class='ocrx_word' id='word_1_462' title='bbox 3005 3493 3172 3550; x_wconf 91' lang='lat' dir='ltr'>illum</span> <span class='ocrx_word' id='word_1_463' title='bbox 3203 3495 3303 3568; x_wconf 89' lang='lat' dir='ltr'>qui</span> <span class='ocrx_word' id='word_1_464' title='bbox 3326 3496 3626 3554; x_wconf 83' lang='lat' dir='ltr'>mandavit</span> 
     </span>
    </p>
   </div>
   <div class='ocr_carea' id='block_1_36' title="bbox 176 3580 3624 3657">
    <p class='ocr_par' dir='ltr' id='par_1_36' title="bbox 176 3580 3624 3657">
     <span class='ocr_line' id='line_1_36' title="bbox 176 3580 3624 3657; baseline 0.002 -20"><span class='ocrx_word' id='word_1_465' title='bbox 176 3580 549 3639; x_wconf 86' lang='lat' dir='ltr'>invocamus</span> <span class='ocrx_word' id='word_1_466' title='bbox 571 3584 636 3637; x_wconf 89' lang='lat' dir='ltr'>et</span> <span class='ocrx_word' id='word_1_467' title='bbox 653 3597 995 3653; x_wconf 76' lang='lat' dir='ltr'>quaesumus</span> <span class='ocrx_word' id='word_1_468' title='bbox 1011 3586 1077 3637; x_wconf 91' lang='lat' dir='ltr'>ut</span> <span class='ocrx_word' id='word_1_469' title='bbox 1096 3580 1683 3637; x_wconf 89' lang='lat' dir='ltr'>emissamveritatem</span> <span class='ocrx_word' id='word_1_470' title='bbox 1708 3583 1868 3634; x_wconf 91' lang='lat' dir='ltr'>tuam</span> <span class='ocrx_word' id='word_1_471' title='bbox 1979 3580 2226 3638; x_wconf 87' lang='lat' dir='ltr'>salutem</span> <span class='ocrx_word' id='word_1_472' title='bbox 2256 3580 2456 3649; x_wconf 90' lang='lat' dir='ltr'>Jacob,</span> <span class='ocrx_word' id='word_1_473' title='bbox 2490 3582 2722 3654; x_wconf 87' lang='lat' dir='ltr'>quando</span> <span class='ocrx_word' id='word_1_474' title='bbox 2756 3582 2977 3637; x_wconf 89' lang='lat' dir='ltr'>audivit</span> <span class='ocrx_word' id='word_1_475' title='bbox 3007 3599 3110 3654; x_wconf 91' lang='lat' dir='ltr'>per</span> <span class='ocrx_word' id='word_1_476' title='bbox 3141 3583 3415 3657; x_wconf 87' lang='lat' dir='ltr'>angelum</span> <span class='ocrx_word' id='word_1_477' title='bbox 3442 3602 3455 3641; x_wconf 92' lang='lat'>:</span> <span class='ocrx_word' id='word_1_478' title='bbox 3496 3586 3624 3657; x_wconf 76' lang='lat' dir='ltr'>jam</span> 
     </span>
    </p>
   </div>
   <div class='ocr_carea' id='block_1_37' title="bbox 178 3666 3629 3744">
    <p class='ocr_par' dir='ltr' id='par_1_37' title="bbox 178 3666 3629 3744">
     <span class='ocr_line' id='line_1_37' title="bbox 178 3666 3629 3744; baseline 0.002 -19"><span class='ocrx_word' id='word_1_479' title='bbox 178 3671 474 3726; x_wconf 86' lang='lat' dir='ltr'>cordibus</span> <span class='ocrx_word' id='word_1_480' title='bbox 510 3666 751 3725; x_wconf 80' lang='lat' dir='ltr'>nostris</span> <span class='ocrx_word' id='word_1_481' title='bbox 772 3686 931 3725; x_wconf 77' lang='lat' dir='ltr'>novae</span> <span class='ocrx_word' id='word_1_482' title='bbox 953 3686 1060 3725; x_wconf 90' lang='lat' dir='ltr'>nos</span> <span class='ocrx_word' id='word_1_483' title='bbox 1080 3669 1228 3725; x_wconf 89' lang='lat' dir='ltr'>lucis</span> <span class='ocrx_word' id='word_1_484' title='bbox 1250 3668 1511 3724; x_wconf 86' lang='lat' dir='ltr'>claritate</span> <span class='ocrx_word' id='word_1_485' title='bbox 1532 3668 1867 3740; x_wconf 79' lang='lat' dir='ltr'>perfundas.</span> <span class='ocrx_word' id='word_1_486' title='bbox 1979 3687 2094 3726; x_wconf 91' lang='lat' dir='ltr'>non</span> <span class='ocrx_word' id='word_1_487' title='bbox 2126 3670 2337 3726; x_wconf 90' lang='lat' dir='ltr'>diceris</span> <span class='ocrx_word' id='word_1_488' title='bbox 2374 3669 2681 3736; x_wconf 86' lang='lat' dir='ltr'>Jacob,sed</span> <span class='ocrx_word' id='word_1_489' title='bbox 2715 3669 2892 3725; x_wconf 88' lang='lat' dir='ltr'>Israel</span> <span class='ocrx_word' id='word_1_490' title='bbox 2916 3672 3071 3739; x_wconf 81' lang='lat' dir='ltr'>(Gen.</span> <span class='ocrx_word' id='word_1_491' title='bbox 3104 3675 3303 3744; x_wconf 76' lang='lat' dir='ltr'>XXXII),</span> <span class='ocrx_word' id='word_1_492' title='bbox 3337 3673 3395 3729; x_wconf 91' lang='lat' dir='ltr'>id</span> <span class='ocrx_word' id='word_1_493' title='bbox 3424 3677 3516 3731; x_wconf 88' lang='lat' dir='ltr'>est</span> <span class='ocrx_word' id='word_1_494' title='bbox 3541 3675 3629 3731; x_wconf 75' lang='lat' dir='ltr'>uir</span> 
     </span>
    </p>
   </div>
   <div class='ocr_carea' id='block_1_38' title="bbox 177 3755 3628 3833">
    <p class='ocr_par' dir='ltr' id='par_1_38' title="bbox 177 3755 3628 3833">
     <span class='ocr_line' id='line_1_38' title="bbox 177 3755 3628 3833; baseline 0.002 -20"><span class='ocrx_word' id='word_1_495' title='bbox 177 3757 288 3814; x_wconf 88' lang='lat' dir='ltr'>Per</span> <span class='ocrx_word' id='word_1_496' title='bbox 325 3757 683 3814; x_wconf 88' lang='lat' dir='ltr'>Dominum</span> <span class='ocrx_word' id='word_1_497' title='bbox 715 3761 982 3813; x_wconf 91' lang='lat' dir='ltr'>nostrum</span> <span class='ocrx_word' id='word_1_498' title='bbox 1011 3758 1211 3813; x_wconf 89' lang='lat' dir='ltr'>Jesum</span> <span class='ocrx_word' id='word_1_499' title='bbox 1234 3755 1551 3823; x_wconf 89' lang='lat' dir='ltr'>Christum,</span> <span class='ocrx_word' id='word_1_500' title='bbox 1584 3760 1692 3811; x_wconf 90' lang='lat' dir='ltr'>etc.</span> <span class='ocrx_word' id='word_1_501' title='bbox 1978 3760 2166 3816; x_wconf 81' lang='lat' dir='ltr'>videns</span> <span class='ocrx_word' id='word_1_502' title='bbox 2195 3761 2384 3814; x_wconf 88' lang='lat' dir='ltr'>Deum.</span> <span class='ocrx_word' id='word_1_503' title='bbox 2415 3760 2462 3814; x_wconf 86' lang='lat' dir='ltr'><strong>A</strong></span> <span class='ocrx_word' id='word_1_504' title='bbox 2497 3756 2620 3825; x_wconf 89' lang='lat' dir='ltr'>Vel,</span> <span class='ocrx_word' id='word_1_505' title='bbox 2654 3775 2758 3830; x_wconf 89' lang='lat' dir='ltr'>per</span> <span class='ocrx_word' id='word_1_506' title='bbox 2787 3758 2965 3815; x_wconf 88' lang='lat' dir='ltr'>Jacob</span> <span class='ocrx_word' id='word_1_507' title='bbox 2996 3759 3246 3833; x_wconf 91' lang='lat' dir='ltr'>populus</span> <span class='ocrx_word' id='word_1_508' title='bbox 3279 3761 3628 3819; x_wconf 78' lang='lat' dir='ltr'>Israeliticae</span> 
     </span>
    </p>
   </div>
   <div class='ocr_carea' id='block_1_39' title="bbox 774 3845 3628 3923">
    <p class='ocr_par' dir='ltr' id='par_1_39' title="bbox 774 3845 3628 3923">
     <span class='ocr_line' id='line_1_39' title="bbox 774 3845 3628 3923; baseline 0.002 -22"><span class='ocrx_word' id='word_1_509' title='bbox 774 3862 1106 3918; x_wconf 73' lang='lat' dir='ltr'>pSALMUS</span> <span class='ocrx_word' id='word_1_510' title='bbox 1144 3861 1338 3918; x_wconf 74' lang='grc' dir='ltr'>Χωιι,</span> <span class='ocrx_word' id='word_1_511' title='bbox 1981 3846 2347 3920; x_wconf 84' lang='lat' dir='ltr'>intelligitur,</span> <span class='ocrx_word' id='word_1_512' title='bbox 2371 3847 2463 3902; x_wconf 90' lang='lat' dir='ltr'>cui</span> <span class='ocrx_word' id='word_1_513' title='bbox 2492 3845 2649 3903; x_wconf 90' lang='lat' dir='ltr'>Deus</span> <span class='ocrx_word' id='word_1_514' title='bbox 2687 3847 2988 3913; x_wconf 86' lang='lat' dir='ltr'>mandavit</span> <span class='ocrx_word' id='word_1_515' title='bbox 3034 3847 3253 3905; x_wconf 88' lang='lat' dir='ltr'>salutes</span> <span class='ocrx_word' id='word_1_516' title='bbox 3299 3850 3628 3923; x_wconf 83' lang='lat' dir='ltr'>corporales</span> 
     </span>
    </p>
   </div>
   <div class='ocr_carea' id='block_1_40' title="bbox 651 3934 3630 4009">
    <p class='ocr_par' dir='ltr' id='par_1_40' title="bbox 651 3934 3630 4009">
     <span class='ocr_line' id='line_1_40' title="bbox 651 3934 3630 4009; baseline 0.002 -21"><span class='ocrx_word' id='word_1_517' title='bbox 651 3945 1064 3989; x_wconf 72' lang='lat' dir='ltr'>ARGUMENTUM</span> <span class='ocrx_word' id='word_1_518' title='bbox 1106 3949 1261 3988; x_wconf 78' lang='lat' dir='ltr'>PSAL.</span> <span class='ocrx_word' id='word_1_519' title='bbox 1294 3948 1450 3988; x_wconf 82' lang='lat' dir='ltr'>XLIII.</span> <span class='ocrx_word' id='word_1_520' title='bbox 1983 3935 2151 4006; x_wconf 89' lang='lat' dir='ltr'>quasi</span> <span class='ocrx_word' id='word_1_521' title='bbox 2198 3951 2302 4006; x_wconf 89' lang='lat' dir='ltr'>per</span> <span class='ocrx_word' id='word_1_522' title='bbox 2338 3934 2540 4001; x_wconf 88' lang='lat' dir='ltr'>alium,</span> <span class='ocrx_word' id='word_1_523' title='bbox 2574 3934 2794 3990; x_wconf 88' lang='lat' dir='ltr'>scilicet</span> <span class='ocrx_word' id='word_1_524' title='bbox 2823 3934 3096 4007; x_wconf 89' lang='lat' dir='ltr'>angelum</span> <span class='ocrx_word' id='word_1_525' title='bbox 3122 3953 3237 3992; x_wconf 89' lang='lat' dir='ltr'>non</span> <span class='ocrx_word' id='word_1_526' title='bbox 3266 3953 3373 4009; x_wconf 88' lang='lat' dir='ltr'>per</span> <span class='ocrx_word' id='word_1_527' title='bbox 3398 3954 3481 3994; x_wconf 90' lang='lat' dir='ltr'>se.</span> <span class='ocrx_word' id='word_1_528' title='bbox 3514 3939 3556 3996; x_wconf 80' lang='grc' dir='ltr'><strong>Α</strong></span> <span class='ocrx_word' id='word_1_529' title='bbox 3587 3939 3630 3995; x_wconf 80' lang='grc' dir='ltr'>ο</span> 
     </span>
    </p>
   </div>
   <div class='ocr_carea' id='block_1_41' title="bbox 242 4018 3628 4096">
    <p class='ocr_par' dir='ltr' id='par_1_41' title="bbox 242 4018 3628 4096">
     <span class='ocr_line' id='line_1_41' title="bbox 242 4018 3628 4096; baseline 0 -17"><span class='ocrx_word' id='word_1_530' title='bbox 242 4018 290 4079; x_wconf 84' lang='lat' dir='ltr'>C</span> <span class='ocrx_word' id='word_1_531' title='bbox 324 4024 539 4080; x_wconf 79' lang='lat' dir='ltr'>Verba</span> <span class='ocrx_word' id='word_1_532' title='bbox 572 4021 1063 4093; x_wconf 84' lang='lat' dir='ltr'>martyrum,sive</span> <span class='ocrx_word' id='word_1_533' title='bbox 1086 4021 1483 4077; x_wconf 87' lang='lat' dir='ltr'>confessorum</span> <span class='ocrx_word' id='word_1_534' title='bbox 1512 4018 1874 4093; x_wconf 90' lang='lat' dir='ltr'>precantium</span> <span class='ocrx_word' id='word_1_535' title='bbox 1982 4021 2434 4083; x_wconf 85' lang='lat' dir='ltr'>Mandare,enim</span> <span class='ocrx_word' id='word_1_536' title='bbox 2467 4025 2555 4077; x_wconf 92' lang='lat' dir='ltr'>est</span> <span class='ocrx_word' id='word_1_537' title='bbox 2584 4038 2686 4093; x_wconf 92' lang='lat' dir='ltr'>per</span> <span class='ocrx_word' id='word_1_538' title='bbox 2715 4020 2970 4092; x_wconf 86' lang='lat' dir='ltr'>aliquem</span> <span class='ocrx_word' id='word_1_539' title='bbox 2990 4022 3172 4078; x_wconf 88' lang='lat' dir='ltr'>alium</span> <span class='ocrx_word' id='word_1_540' title='bbox 3198 4023 3509 4096; x_wconf 76' lang='lat' dir='ltr'>praecipere</span> <span class='ocrx_word' id='word_1_541' title='bbox 3536 4024 3628 4082; x_wconf 89' lang='lat' dir='ltr'>vel</span> 
     </span>
    </p>
   </div>
   <div class='ocr_carea' id='block_1_42' title="bbox 176 4108 3630 4183">
    <p class='ocr_par' dir='ltr' id='par_1_42' title="bbox 176 4108 3630 4183">
     <span class='ocr_line' id='line_1_42' title="bbox 176 4108 3630 4183; baseline 0 -16"><span class='ocrx_word' id='word_1_542' title='bbox 176 4116 241 4167; x_wconf 87' lang='lat' dir='ltr'>ut</span> <span class='ocrx_word' id='word_1_543' title='bbox 268 4111 335 4167; x_wconf 86' lang='lat' dir='ltr'>in</span> <span class='ocrx_word' id='word_1_544' title='bbox 370 4112 596 4167; x_wconf 81' lang='lat' dir='ltr'>futuro</span> <span class='ocrx_word' id='word_1_545' title='bbox 622 4109 859 4182; x_wconf 77' lang='lat' dir='ltr'>judicio</span> <span class='ocrx_word' id='word_1_546' title='bbox 888 4110 961 4164; x_wconf 89' lang='lat' dir='ltr'>de</span> <span class='ocrx_word' id='word_1_547' title='bbox 988 4108 1242 4164; x_wconf 89' lang='lat' dir='ltr'>inimicis</span> <span class='ocrx_word' id='word_1_548' title='bbox 1266 4109 1657 4165; x_wconf 89' lang='lat' dir='ltr'>vindicentur.</span> <span class='ocrx_word' id='word_1_549' title='bbox 1984 4111 2189 4166; x_wconf 82' lang='lat' dir='ltr'>facere.</span> <span class='ocrx_word' id='word_1_550' title='bbox 2215 4110 2261 4163; x_wconf 85' lang='lat' dir='ltr'><strong>A</strong></span> <span class='ocrx_word' id='word_1_551' title='bbox 2289 4109 2385 4163; x_wconf 91' lang='lat' dir='ltr'>Sic</span> <span class='ocrx_word' id='word_1_552' title='bbox 2420 4113 2568 4163; x_wconf 89' lang='lat' dir='ltr'>Deus</span> <span class='ocrx_word' id='word_1_553' title='bbox 2620 4108 2879 4180; x_wconf 89' lang='lat' dir='ltr'>antiquis</span> <span class='ocrx_word' id='word_1_554' title='bbox 2921 4109 3189 4180; x_wconf 90' lang='lat' dir='ltr'>patribus</span> <span class='ocrx_word' id='word_1_555' title='bbox 3208 4127 3323 4166; x_wconf 90' lang='lat' dir='ltr'>non</span> <span class='ocrx_word' id='word_1_556' title='bbox 3353 4127 3458 4183; x_wconf 89' lang='lat' dir='ltr'>per</span> <span class='ocrx_word' id='word_1_557' title='bbox 3478 4128 3543 4177; x_wconf 83' lang='lat' dir='ltr'>se</span> <span class='ocrx_word' id='word_1_558' title='bbox 3571 4115 3630 4168; x_wconf 87' lang='lat' dir='ltr'>et</span> 
     </span>
    </p>
   </div>
   <div class='ocr_carea' id='block_1_43' title="bbox 242 4194 3625 4282">
    <p class='ocr_par' dir='ltr' id='par_1_43' title="bbox 242 4194 3625 4282">
     <span class='ocr_line' id='line_1_43' title="bbox 242 4194 3625 4282; baseline 0 -25"><span class='ocrx_word' id='word_1_559' title='bbox 242 4199 348 4258; x_wconf 83' lang='lat' dir='ltr'><strong>TT</strong></span> <span class='ocrx_word' id='word_1_560' title='bbox 381 4198 453 4256; x_wconf 83' lang='lat' dir='ltr'>In</span> <span class='ocrx_word' id='word_1_561' title='bbox 485 4201 680 4271; x_wconf 79' lang='lat' dir='ltr'>ﬁnem</span> <span class='ocrx_word' id='word_1_562' title='bbox 708 4199 845 4269; x_wconf 74' lang='lat' dir='ltr'>ﬁliis</span> <span class='ocrx_word' id='word_1_563' title='bbox 879 4197 1012 4253; x_wconf 85' lang='lat' dir='ltr'>Core</span> <span class='ocrx_word' id='word_1_564' title='bbox 1056 4204 1112 4262; x_wconf 70' lang='lat'>-:-</span> <span class='ocrx_word' id='word_1_565' title='bbox 1137 4198 1207 4252; x_wconf 84' lang='lat' dir='ltr'>ad</span> <span class='ocrx_word' id='word_1_566' title='bbox 1248 4204 1262 4263; x_wconf 77' lang='grc' dir='ltr'>ζ</span> <span class='ocrx_word' id='word_1_567' title='bbox 1310 4197 1662 4253; x_wconf 80' lang='lat' dir='ltr'>intellectum.</span> <span class='ocrx_word' id='word_1_568' title='bbox 1983 4213 2153 4253; x_wconf 88' lang='lat' dir='ltr'>suam</span> <span class='ocrx_word' id='word_1_569' title='bbox 2183 4195 2498 4251; x_wconf 89' lang='lat' dir='ltr'>essentiam</span> <span class='ocrx_word' id='word_1_570' title='bbox 2519 4194 2680 4250; x_wconf 89' lang='lat' dir='ltr'>visus</span> <span class='ocrx_word' id='word_1_571' title='bbox 2707 4198 2819 4263; x_wconf 90' lang='lat' dir='ltr'>est,</span> <span class='ocrx_word' id='word_1_572' title='bbox 2850 4196 2951 4251; x_wconf 90' lang='lat' dir='ltr'>sed</span> <span class='ocrx_word' id='word_1_573' title='bbox 2984 4213 3088 4270; x_wconf 92' lang='lat' dir='ltr'>per</span> <span class='ocrx_word' id='word_1_574' title='bbox 3114 4196 3370 4282; x_wconf 80' lang='lat' dir='ltr'>aliquem</span> <span class='ocrx_word' id='word_1_575' title='bbox 3401 4202 3625 4257; x_wconf 77' lang='lat' dir='ltr'>creatu-</span> 
     </span>
    </p>
   </div>
   <div class='ocr_carea' id='block_1_44' title="bbox 247 4282 3060 4360">
    <p class='ocr_par' dir='ltr' id='par_1_44' title="bbox 247 4282 3060 4360">
     <span class='ocr_line' id='line_1_44' title="bbox 247 4282 3060 4360; baseline -0.002 -17"><span class='ocrx_word' id='word_1_576' title='bbox 247 4288 292 4343; x_wconf 85' lang='lat' dir='ltr'>C</span> <span class='ocrx_word' id='word_1_577' title='bbox 319 4288 485 4356; x_wconf 86' lang='lat' dir='ltr'>Quid</span> <span class='ocrx_word' id='word_1_578' title='bbox 521 4284 881 4360; x_wconf 80' lang='lat' dir='ltr'>signiﬁcent</span> <span class='ocrx_word' id='word_1_579' title='bbox 910 4284 1013 4340; x_wconf 87' lang='lat' dir='ltr'>ﬁlii</span> <span class='ocrx_word' id='word_1_580' title='bbox 1045 4288 1204 4341; x_wconf 89' lang='lat' dir='ltr'>Core.</span> <span class='ocrx_word' id='word_1_581' title='bbox 1239 4284 1596 4342; x_wconf 86' lang='lat' dir='ltr'>sufﬁcienter</span> <span class='ocrx_word' id='word_1_582' title='bbox 1615 4285 1740 4354; x_wconf 88' lang='lat' dir='ltr'>jam</span> <span class='ocrx_word' id='word_1_583' title='bbox 1789 4283 1877 4339; x_wconf 88' lang='lat' dir='ltr'>di-</span> <span class='ocrx_word' id='word_1_584' title='bbox 1985 4301 2111 4341; x_wconf 90' lang='lat' dir='ltr'>ram</span> <span class='ocrx_word' id='word_1_585' title='bbox 2129 4283 2401 4339; x_wconf 90' lang='lat' dir='ltr'>viderunt</span> <span class='ocrx_word' id='word_1_586' title='bbox 2419 4298 2553 4337; x_wconf 91' lang='lat' dir='ltr'>eum</span> <span class='ocrx_word' id='word_1_587' title='bbox 2582 4286 2639 4338; x_wconf 91' lang='lat' dir='ltr'>et</span> <span class='ocrx_word' id='word_1_588' title='bbox 2670 4282 3060 4339; x_wconf 88' lang='lat' dir='ltr'>salvabantur.</span> 
     </span>
    </p>
   </div>
   <div class='ocr_carea' id='block_1_45' title="bbox 177 4370 3400 4445">
    <p class='ocr_par' dir='ltr' id='par_1_45' title="bbox 177 4370 3400 4445">
     <span class='ocr_line' id='line_1_45' title="bbox 177 4370 3400 4445; baseline -0.001 -13"><span class='ocrx_word' id='word_1_589' title='bbox 177 4380 343 4434; x_wconf 88' lang='lat' dir='ltr'>ctum</span> <span class='ocrx_word' id='word_1_590' title='bbox 376 4381 514 4445; x_wconf 87' lang='lat' dir='ltr'>est;</span> <span class='ocrx_word' id='word_1_591' title='bbox 552 4390 733 4431; x_wconf 87' lang='lat' dir='ltr'>nunc</span> <span class='ocrx_word' id='word_1_592' title='bbox 764 4377 960 4430; x_wconf 87' lang='lat' dir='ltr'>autem</span> <span class='ocrx_word' id='word_1_593' title='bbox 1000 4374 1071 4429; x_wconf 89' lang='lat' dir='ltr'>ad</span> <span class='ocrx_word' id='word_1_594' title='bbox 1120 4371 1500 4439; x_wconf 90' lang='lat' dir='ltr'>intellectum,</span> <span class='ocrx_word' id='word_1_595' title='bbox 1532 4372 1641 4428; x_wconf 89' lang='lat' dir='ltr'>hoc</span> <span class='ocrx_word' id='word_1_596' title='bbox 1679 4376 1770 4428; x_wconf 88' lang='lat' dir='ltr'>est</span> <span class='ocrx_word' id='word_1_597' title='bbox 1815 4376 1880 4427; x_wconf 93' lang='lat' dir='ltr'>ut</span> <span class='ocrx_word' id='word_1_598' title='bbox 1980 4376 2017 4428; x_wconf 92' lang='lat'><strong>7</strong></span> <span class='ocrx_word' id='word_1_599' title='bbox 2087 4374 2151 4428; x_wconf 85' lang='lat' dir='ltr'>In</span> <span class='ocrx_word' id='word_1_600' title='bbox 2179 4379 2229 4427; x_wconf 88' lang='lat' dir='ltr'>te</span> <span class='ocrx_word' id='word_1_601' title='bbox 2258 4372 2507 4427; x_wconf 87' lang='lat' dir='ltr'>inimicos</span> <span class='ocrx_word' id='word_1_602' title='bbox 2536 4374 2744 4426; x_wconf 86' lang='lat' dir='ltr'>nostros</span> <span class='ocrx_word' id='word_1_603' title='bbox 2773 4370 3156 4426; x_wconf 83' lang='lat' dir='ltr'>ventilabimus</span> <span class='ocrx_word' id='word_1_604' title='bbox 3183 4387 3356 4429; x_wconf 85' lang='lat' dir='ltr'>cornu</span> <span class='ocrx_word' id='word_1_605' title='bbox 3386 4390 3400 4428; x_wconf 87' lang='lat'><strong>:</strong></span> 
     </span>
    </p>
   </div>
   <div class='ocr_carea' id='block_1_46' title="bbox 177 4459 3624 4538">
    <p class='ocr_par' dir='ltr' id='par_1_46' title="bbox 177 4459 3624 4538">
     <span class='ocr_line' id='line_1_46' title="bbox 177 4459 3624 4538; baseline 0.001 -20"><span class='ocrx_word' id='word_1_606' title='bbox 177 4463 615 4538; x_wconf 83' lang='lat' dir='ltr'>intelligamus</span> <span class='ocrx_word' id='word_1_607' title='bbox 652 4460 855 4529; x_wconf 89' lang='lat' dir='ltr'>illum,</span> <span class='ocrx_word' id='word_1_608' title='bbox 888 4461 990 4533; x_wconf 91' lang='lat' dir='ltr'>qui</span> <span class='ocrx_word' id='word_1_609' title='bbox 1016 4460 1252 4516; x_wconf 85' lang='lat' dir='ltr'>initium</span> <span class='ocrx_word' id='word_1_610' title='bbox 1283 4460 1536 4532; x_wconf 88' lang='lat' dir='ltr'>sumpsit</span> <span class='ocrx_word' id='word_1_611' title='bbox 1558 4460 1879 4516; x_wconf 87' lang='lat' dir='ltr'>secundum</span> <span class='ocrx_word' id='word_1_612' title='bbox 2091 4462 2154 4517; x_wconf 89' lang='lat' dir='ltr'>El</span> <span class='ocrx_word' id='word_1_613' title='bbox 2182 4462 2245 4516; x_wconf 87' lang='lat' dir='ltr'>in</span> <span class='ocrx_word' id='word_1_614' title='bbox 2268 4460 2489 4515; x_wconf 81' lang='lat' dir='ltr'>nomine</span> <span class='ocrx_word' id='word_1_615' title='bbox 2532 4466 2625 4514; x_wconf 89' lang='lat' dir='ltr'>tuo</span> <span class='ocrx_word' id='word_1_616' title='bbox 2670 4474 2984 4531; x_wconf 68' lang='lat' dir='ltr'>spernentus</span> <span class='ocrx_word' id='word_1_617' title='bbox 3032 4459 3374 4531; x_wconf 77' lang='lat' dir='ltr'>insurgentes</span> <span class='ocrx_word' id='word_1_618' title='bbox 3420 4464 3484 4519; x_wconf 86' lang='lat' dir='ltr'>in</span> <span class='ocrx_word' id='word_1_619' title='bbox 3527 4478 3624 4521; x_wconf 63' lang='lat' dir='ltr'>nco</span> 
     </span>
    </p>
   </div>
   <div class='ocr_carea' id='block_1_47' title="bbox 178 4547 2271 4622">
    <p class='ocr_par' dir='ltr' id='par_1_47' title="bbox 178 4547 2271 4622">
     <span class='ocr_line' id='line_1_47' title="bbox 178 4547 2271 4622; baseline -0.004 -10"><span class='ocrx_word' id='word_1_620' title='bbox 178 4569 426 4611; x_wconf 77' lang='lat' dir='ltr'>carnem</span> <span class='ocrx_word' id='word_1_621' title='bbox 460 4571 541 4609; x_wconf 75' lang='lat' dir='ltr'>ex</span> <span class='ocrx_word' id='word_1_622' title='bbox 574 4554 862 4622; x_wconf 61' lang='lat' dir='ltr'>tempore</span> <span class='ocrx_word' id='word_1_623' title='bbox 880 4552 1017 4605; x_wconf 85' lang='lat' dir='ltr'>ante</span> <span class='ocrx_word' id='word_1_624' title='bbox 1043 4547 1257 4604; x_wconf 66' lang='lat' dir='ltr'>saecula</span> <span class='ocrx_word' id='word_1_625' title='bbox 1285 4549 1536 4621; x_wconf 91' lang='lat' dir='ltr'>genitus.</span> <span class='ocrx_word' id='word_1_626' title='bbox 1566 4548 1611 4603; x_wconf 89' lang='lat' dir='ltr'><strong>H</strong></span> <span class='ocrx_word' id='word_1_627' title='bbox 1632 4550 1676 4603; x_wconf 90' lang='lat' dir='ltr'><strong>A</strong></span> <span class='ocrx_word' id='word_1_628' title='bbox 1701 4547 1743 4603; x_wconf 86' lang='lat' dir='ltr'>C</span> <span class='ocrx_word' id='word_1_629' title='bbox 1772 4547 1881 4603; x_wconf 88' lang='lat' dir='ltr'>Ubi</span> <span class='ocrx_word' id='word_1_630' title='bbox 2169 4549 2271 4604; x_wconf 82' lang='lat' dir='ltr'>bis.</span> 
     </span>
    </p>
   </div>
   <div class='ocr_carea' id='block_1_48' title="bbox 180 4634 3627 4723">
    <p class='ocr_par' dir='ltr' id='par_1_48' title="bbox 180 4634 3627 4723">
     <span class='ocr_line' id='line_1_48' title="bbox 180 4634 3627 4723; baseline -0.001 -24"><span class='ocrx_word' id='word_1_631' title='bbox 180 4642 338 4698; x_wconf 83' lang='lat' dir='ltr'>enim</span> <span class='ocrx_word' id='word_1_632' title='bbox 370 4643 438 4698; x_wconf 89' lang='lat' dir='ltr'>in</span> <span class='ocrx_word' id='word_1_633' title='bbox 472 4639 700 4697; x_wconf 83' lang='lat' dir='ltr'>titulis</span> <span class='ocrx_word' id='word_1_634' title='bbox 729 4636 989 4711; x_wconf 88' lang='lat' dir='ltr'>ponitur,</span> <span class='ocrx_word' id='word_1_635' title='bbox 1020 4636 1370 4705; x_wconf 88' lang='lat' dir='ltr'>intellectus,</span> <span class='ocrx_word' id='word_1_636' title='bbox 1403 4635 1769 4709; x_wconf 88' lang='lat' dir='ltr'>spiritualem</span> <span class='ocrx_word' id='word_1_637' title='bbox 1800 4636 1884 4692; x_wconf 92' lang='lat' dir='ltr'>in-</span> <span class='ocrx_word' id='word_1_638' title='bbox 1910 4656 1959 4723; x_wconf 83' lang='lat' dir='ltr'><strong>D</strong></span> <span class='ocrx_word' id='word_1_639' title='bbox 2058 4638 2100 4697; x_wconf 89' lang='lat' dir='ltr'>C</span> <span class='ocrx_word' id='word_1_640' title='bbox 2122 4639 2242 4695; x_wconf 87' lang='lat' dir='ltr'>Hoc</span> <span class='ocrx_word' id='word_1_641' title='bbox 2270 4636 2427 4694; x_wconf 90' lang='lat' dir='ltr'>enim</span> <span class='ocrx_word' id='word_1_642' title='bbox 2458 4635 2613 4708; x_wconf 90' lang='lat' dir='ltr'>quod</span> <span class='ocrx_word' id='word_1_643' title='bbox 2642 4634 2963 4690; x_wconf 90' lang='lat' dir='ltr'>ventilandi</span> <span class='ocrx_word' id='word_1_644' title='bbox 2995 4638 3134 4691; x_wconf 90' lang='lat' dir='ltr'>sunt</span> <span class='ocrx_word' id='word_1_645' title='bbox 3163 4635 3386 4693; x_wconf 89' lang='lat' dir='ltr'>inimici</span> <span class='ocrx_word' id='word_1_646' title='bbox 3424 4650 3627 4706; x_wconf 85' lang='lat' dir='ltr'>cornu,</span> 
     </span>
    </p>
   </div>
   <div class='ocr_carea' id='block_1_49' title="bbox 180 4722 3699 4804">
    <p class='ocr_par' dir='ltr' id='par_1_49' title="bbox 180 4722 3699 4804">
     <span class='ocr_line' id='line_1_49' title="bbox 180 4722 3699 4804; baseline -0.002 -15"><span class='ocrx_word' id='word_1_647' title='bbox 180 4729 506 4804; x_wconf 69' lang='lat' dir='ltr'>ﬁgentiam</span> <span class='ocrx_word' id='word_1_648' title='bbox 544 4726 952 4801; x_wconf 62' lang='lat' dir='ltr'>quaerendam</span> <span class='ocrx_word' id='word_1_649' title='bbox 983 4741 1114 4781; x_wconf 86' lang='lat' dir='ltr'>esse</span> <span class='ocrx_word' id='word_1_650' title='bbox 1142 4725 1526 4782; x_wconf 89' lang='lat' dir='ltr'>demonstrat.</span> <span class='ocrx_word' id='word_1_651' title='bbox 1912 4722 1929 4723; x_wconf 29' lang='grc' dir='ltr'>ί</span> <span class='ocrx_word' id='word_1_652' title='bbox 1991 4727 2036 4783; x_wconf 87' lang='grc' dir='ltr'>Η</span> <span class='ocrx_word' id='word_1_653' title='bbox 2086 4728 2145 4783; x_wconf 91' lang='lat' dir='ltr'>id</span> <span class='ocrx_word' id='word_1_654' title='bbox 2200 4730 2287 4783; x_wconf 90' lang='lat' dir='ltr'>est</span> <span class='ocrx_word' id='word_1_655' title='bbox 2334 4725 2393 4780; x_wconf 90' lang='lat' dir='ltr'>in</span> <span class='ocrx_word' id='word_1_656' title='bbox 2439 4724 2687 4790; x_wconf 90' lang='lat' dir='ltr'>Christo,</span> <span class='ocrx_word' id='word_1_657' title='bbox 2737 4739 2802 4779; x_wconf 93' lang='lat' dir='ltr'>eo</span> <span class='ocrx_word' id='word_1_658' title='bbox 2849 4723 3004 4795; x_wconf 90' lang='lat' dir='ltr'>quod</span> <span class='ocrx_word' id='word_1_659' title='bbox 3033 4723 3075 4780; x_wconf 91' lang='lat' dir='ltr'>C</span> <span class='ocrx_word' id='word_1_660' title='bbox 3112 4722 3301 4780; x_wconf 90' lang='lat' dir='ltr'>hostis</span> <span class='ocrx_word' id='word_1_661' title='bbox 3345 4728 3437 4780; x_wconf 89' lang='lat' dir='ltr'>est</span> <span class='ocrx_word' id='word_1_662' title='bbox 3479 4725 3630 4782; x_wconf 87' lang='lat' dir='ltr'>anti-</span> <span class='ocrx_word' id='word_1_663' title='bbox 3694 4762 3699 4769; x_wconf 70' lang='grc' dir='ltr'><em>ς</em></span> 
     </span>
    </p>
   </div>
   <div class='ocr_carea' id='block_1_50' title="bbox 183 4809 3633 4889">
    <p class='ocr_par' dir='ltr' id='par_1_50' title="bbox 183 4809 3633 4889">
     <span class='ocr_line' id='line_1_50' title="bbox 183 4809 3633 4889; baseline -0.001 -18"><span class='ocrx_word' id='word_1_664' title='bbox 183 4817 207 4871; x_wconf 82' lang='grc'>1</span> <span class='ocrx_word' id='word_1_665' title='bbox 277 4820 457 4887; x_wconf 78' lang='lat' dir='ltr'>Deus,</span> <span class='ocrx_word' id='word_1_666' title='bbox 488 4817 763 4873; x_wconf 76' lang='lat' dir='ltr'>auribus</span> <span class='ocrx_word' id='word_1_667' title='bbox 790 4815 992 4870; x_wconf 78' lang='lat' dir='ltr'>nostris</span> <span class='ocrx_word' id='word_1_668' title='bbox 1017 4813 1330 4869; x_wconf 81' lang='lat' dir='ltr'>audivimus</span> <span class='ocrx_word' id='word_1_669' title='bbox 1357 4833 1379 4868; x_wconf 94' lang='grc'>.·</span> <span class='ocrx_word' id='word_1_670' title='bbox 1992 4832 2146 4889; x_wconf 91' lang='lat' dir='ltr'>quus</span> <span class='ocrx_word' id='word_1_671' title='bbox 2176 4811 2571 4887; x_wconf 85' lang='lat' dir='ltr'>spernendus;</span> <span class='ocrx_word' id='word_1_672' title='bbox 2603 4811 2675 4867; x_wconf 87' lang='lat' dir='ltr'>ad</span> <span class='ocrx_word' id='word_1_673' title='bbox 2715 4809 3007 4882; x_wconf 86' lang='lat' dir='ltr'>judicium</span> <span class='ocrx_word' id='word_1_674' title='bbox 3056 4810 3319 4867; x_wconf 82' lang='lat' dir='ltr'>futurum</span> <span class='ocrx_word' id='word_1_675' title='bbox 3361 4812 3633 4885; x_wconf 84' lang='lat' dir='ltr'>pertinet,</span> 
     </span>
    </p>
   </div>
   <div class='ocr_carea' id='block_1_51' title="bbox 282 4898 3636 4971">
    <p class='ocr_par' dir='ltr' id='par_1_51' title="bbox 282 4898 3636 4971">
     <span class='ocr_line' id='line_1_51' title="bbox 282 4898 3636 4971; baseline -0.002 -6"><span class='ocrx_word' id='word_1_676' title='bbox 282 4912 495 4965; x_wconf 76' lang='lat' dir='ltr'>Patres</span> <span class='ocrx_word' id='word_1_677' title='bbox 524 4904 739 4963; x_wconf 75' lang='lat' dir='ltr'>nostri</span> <span class='ocrx_word' id='word_1_678' title='bbox 765 4902 1240 4958; x_wconf 80' lang='lat' dir='ltr'>annuntiaverunt</span> <span class='ocrx_word' id='word_1_679' title='bbox 1265 4904 1441 4958; x_wconf 87' lang='lat' dir='ltr'>nobis.</span> <span class='ocrx_word' id='word_1_680' title='bbox 1993 4903 2092 4959; x_wconf 89' lang='lat' dir='ltr'>ubi</span> <span class='ocrx_word' id='word_1_681' title='bbox 2125 4902 2255 4959; x_wconf 90' lang='lat' dir='ltr'>talis</span> <span class='ocrx_word' id='word_1_682' title='bbox 2284 4904 2373 4958; x_wconf 90' lang='lat' dir='ltr'>est</span> <span class='ocrx_word' id='word_1_683' title='bbox 2398 4898 2657 4971; x_wconf 86' lang='lat' dir='ltr'>victoria,</span> <span class='ocrx_word' id='word_1_684' title='bbox 2680 4903 2745 4954; x_wconf 90' lang='lat' dir='ltr'>ut</span> <span class='ocrx_word' id='word_1_685' title='bbox 2767 4900 3088 4971; x_wconf 90' lang='lat' dir='ltr'>probentur</span> <span class='ocrx_word' id='word_1_686' title='bbox 3115 4899 3418 4956; x_wconf 86' lang='lat' dir='ltr'>subruisse</span> <span class='ocrx_word' id='word_1_687' title='bbox 3437 4901 3636 4959; x_wconf 82' lang='lat' dir='ltr'>omnia</span> 
     </span>
    </p>
   </div>
   <div class='ocr_carea' id='block_1_52' title="bbox 248 4986 3636 5061">
    <p class='ocr_par' dir='ltr' id='par_1_52' title="bbox 248 4986 3636 5061">
     <span class='ocr_line' id='line_1_52' title="bbox 248 4986 3636 5061; baseline -0.001 -11"><span class='ocrx_word' id='word_1_688' title='bbox 248 4995 293 5050; x_wconf 80' lang='grc' dir='ltr'><strong>ϐ</strong></span> <span class='ocrx_word' id='word_1_689' title='bbox 336 4995 511 5052; x_wconf 78' lang='lat' dir='ltr'>Deus</span> <span class='ocrx_word' id='word_1_690' title='bbox 562 4990 839 5061; x_wconf 79' lang='lat' dir='ltr'>auribus</span> <span class='ocrx_word' id='word_1_691' title='bbox 882 4989 1099 5047; x_wconf 85' lang='lat' dir='ltr'>nostris</span> <span class='ocrx_word' id='word_1_692' title='bbox 1146 4989 1497 5046; x_wconf 87' lang='lat' dir='ltr'>audivimus.</span> <span class='ocrx_word' id='word_1_693' title='bbox 1528 4989 1719 5046; x_wconf 79' lang='lat' dir='ltr'>Verba</span> <span class='ocrx_word' id='word_1_694' title='bbox 1766 4989 1889 5044; x_wconf 65' lang='lat' dir='ltr'>haec</span> <span class='ocrx_word' id='word_1_695' title='bbox 1996 4990 2335 5047; x_wconf 87' lang='lat' dir='ltr'>certamina.</span> <span class='ocrx_word' id='word_1_696' title='bbox 2370 4988 2416 5043; x_wconf 90' lang='lat' dir='ltr'><strong>H</strong></span> <span class='ocrx_word' id='word_1_697' title='bbox 2461 4989 2508 5042; x_wconf 92' lang='lat' dir='ltr'><strong>A</strong></span> <span class='ocrx_word' id='word_1_698' title='bbox 2564 4987 2835 5043; x_wconf 89' lang='lat' dir='ltr'>cornibus</span> <span class='ocrx_word' id='word_1_699' title='bbox 2893 4986 3114 5059; x_wconf 88' lang='lat' dir='ltr'>aliquid</span> <span class='ocrx_word' id='word_1_700' title='bbox 3169 4986 3501 5056; x_wconf 85' lang='lat' dir='ltr'>ventilatur,</span> <span class='ocrx_word' id='word_1_701' title='bbox 3547 4988 3636 5045; x_wconf 83' lang='lat' dir='ltr'>sic</span> 
     </span>
    </p>
   </div>
   <div class='ocr_carea' id='block_1_53' title="bbox 186 5074 3631 5158">
    <p class='ocr_par' dir='ltr' id='par_1_53' title="bbox 186 5074 3631 5158">
     <span class='ocr_line' id='line_1_53' title="bbox 186 5074 3631 5158; baseline -0.002 -20"><span class='ocrx_word' id='word_1_702' title='bbox 186 5083 542 5158; x_wconf 81' lang='lat' dir='ltr'>accipienda</span> <span class='ocrx_word' id='word_1_703' title='bbox 560 5083 729 5139; x_wconf 88' lang='lat' dir='ltr'>sunt</span> <span class='ocrx_word' id='word_1_704' title='bbox 744 5078 901 5133; x_wconf 90' lang='lat' dir='ltr'>dicta</span> <span class='ocrx_word' id='word_1_705' title='bbox 917 5077 979 5133; x_wconf 90' lang='lat' dir='ltr'>in</span> <span class='ocrx_word' id='word_1_706' title='bbox 1004 5094 1253 5150; x_wconf 89' lang='lat' dir='ltr'>persona</span> <span class='ocrx_word' id='word_1_707' title='bbox 1275 5081 1596 5149; x_wconf 79' lang='lat' dir='ltr'>martyrum</span> <span class='ocrx_word' id='word_1_708' title='bbox 1619 5076 1737 5135; x_wconf 87' lang='lat' dir='ltr'>sive</span> <span class='ocrx_word' id='word_1_709' title='bbox 1757 5094 1892 5133; x_wconf 88' lang='lat' dir='ltr'>con-</span> <span class='ocrx_word' id='word_1_710' title='bbox 1997 5077 2310 5135; x_wconf 89' lang='lat' dir='ltr'>Sedechias</span> <span class='ocrx_word' id='word_1_711' title='bbox 2342 5075 2507 5131; x_wconf 81' lang='lat' dir='ltr'>factis</span> <span class='ocrx_word' id='word_1_712' title='bbox 2557 5075 2786 5131; x_wconf 92' lang='lat' dir='ltr'>duobus</span> <span class='ocrx_word' id='word_1_713' title='bbox 2829 5074 3031 5130; x_wconf 90' lang='lat' dir='ltr'>ferreis</span> <span class='ocrx_word' id='word_1_714' title='bbox 3073 5074 3349 5131; x_wconf 88' lang='lat' dir='ltr'>cornibus</span> <span class='ocrx_word' id='word_1_715' title='bbox 3398 5074 3587 5133; x_wconf 76' lang='lat' dir='ltr'>aiebat</span> <span class='ocrx_word' id='word_1_716' title='bbox 3616 5091 3631 5130; x_wconf 92' lang='lat'><strong>:</strong></span> 
     </span>
    </p>
   </div>
   <div class='ocr_carea' id='block_1_54' title="bbox 186 5162 3635 5243">
    <p class='ocr_par' dir='ltr' id='par_1_54' title="bbox 186 5162 3635 5243">
     <span class='ocr_line' id='line_1_54' title="bbox 186 5162 3635 5243; baseline -0.003 -15"><span class='ocrx_word' id='word_1_717' title='bbox 186 5171 599 5243; x_wconf 75' lang='lat' dir='ltr'>fessorum,ac</span> <span class='ocrx_word' id='word_1_718' title='bbox 633 5168 694 5224; x_wconf 89' lang='lat' dir='ltr'>si</span> <span class='ocrx_word' id='word_1_719' title='bbox 731 5166 980 5222; x_wconf 80' lang='lat' dir='ltr'>dixisset</span> <span class='ocrx_word' id='word_1_720' title='bbox 1010 5165 1055 5221; x_wconf 89' lang='grc' dir='ltr'>Η</span> <span class='ocrx_word' id='word_1_721' title='bbox 1088 5176 1189 5237; x_wconf 84' lang='lat' dir='ltr'>per</span> <span class='ocrx_word' id='word_1_722' title='bbox 1221 5164 1543 5237; x_wconf 86' lang='lat' dir='ltr'>spiritalem</span> <span class='ocrx_word' id='word_1_723' title='bbox 1564 5178 1803 5222; x_wconf 88' lang='lat' dir='ltr'>sensum</span> <span class='ocrx_word' id='word_1_724' title='bbox 1828 5180 1891 5220; x_wconf 89' lang='lat' dir='ltr'>se</span> <span class='ocrx_word' id='word_1_725' title='bbox 1998 5167 2093 5222; x_wconf 88' lang='lat' dir='ltr'>Sic</span> <span class='ocrx_word' id='word_1_726' title='bbox 2122 5163 2411 5220; x_wconf 89' lang='lat' dir='ltr'>ventilabo</span> <span class='ocrx_word' id='word_1_727' title='bbox 2440 5166 2617 5217; x_wconf 88' lang='lat' dir='ltr'>totam</span> <span class='ocrx_word' id='word_1_728' title='bbox 2671 5162 2895 5234; x_wconf 83' lang='lat' dir='ltr'>Syriam</span> <span class='ocrx_word' id='word_1_729' title='bbox 2928 5162 3024 5233; x_wconf 87' lang='grc' dir='ltr'><em>(ιιι</em></span> <span class='ocrx_word' id='word_1_730' title='bbox 3062 5165 3188 5232; x_wconf 83' lang='lat' dir='ltr'>Reg.</span> <span class='ocrx_word' id='word_1_731' title='bbox 3238 5163 3396 5235; x_wconf 68' lang='grc' dir='ltr'>χχιι).</span> <span class='ocrx_word' id='word_1_732' title='bbox 3444 5162 3635 5218; x_wconf 86' lang='lat' dir='ltr'>Cornu</span> 
     </span>
    </p>
   </div>
   <div class='ocr_carea' id='block_1_55' title="bbox 189 5248 3632 5334">
    <p class='ocr_par' dir='ltr' id='par_1_55' title="bbox 189 5248 3632 5334">
     <span class='ocr_line' id='line_1_55' title="bbox 189 5248 3632 5334; baseline -0.003 -20"><span class='ocrx_word' id='word_1_733' title='bbox 189 5260 569 5334; x_wconf 85' lang='lat' dir='ltr'>cognovisse,</span> <span class='ocrx_word' id='word_1_734' title='bbox 600 5258 798 5328; x_wconf 81' lang='lat' dir='ltr'>juxta</span> <span class='ocrx_word' id='word_1_735' title='bbox 826 5252 971 5308; x_wconf 90' lang='lat' dir='ltr'>illud</span> <span class='ocrx_word' id='word_1_736' title='bbox 1008 5269 1025 5308; x_wconf 71' lang='grc' dir='ltr'>ι</span> <span class='ocrx_word' id='word_1_737' title='bbox 1055 5252 1161 5318; x_wconf 90' lang='lat' dir='ltr'>Qui</span> <span class='ocrx_word' id='word_1_738' title='bbox 1190 5252 1366 5308; x_wconf 88' lang='lat' dir='ltr'>habet</span> <span class='ocrx_word' id='word_1_739' title='bbox 1399 5269 1569 5309; x_wconf 89' lang='lat' dir='ltr'>aures</span> <span class='ocrx_word' id='word_1_740' title='bbox 1615 5252 1888 5308; x_wconf 89' lang='lat' dir='ltr'>audiendi</span> <span class='ocrx_word' id='word_1_741' title='bbox 1996 5270 2128 5309; x_wconf 88' lang='lat' dir='ltr'>vero</span> <span class='ocrx_word' id='word_1_742' title='bbox 2159 5255 2425 5307; x_wconf 88' lang='lat' dir='ltr'>nostrum</span> <span class='ocrx_word' id='word_1_743' title='bbox 2456 5249 2719 5305; x_wconf 90' lang='lat' dir='ltr'>Christus</span> <span class='ocrx_word' id='word_1_744' title='bbox 2747 5254 2853 5314; x_wconf 89' lang='lat' dir='ltr'>est,</span> <span class='ocrx_word' id='word_1_745' title='bbox 2886 5248 3038 5304; x_wconf 89' lang='lat' dir='ltr'>idem</span> <span class='ocrx_word' id='word_1_746' title='bbox 3081 5255 3139 5307; x_wconf 89' lang='lat' dir='ltr'>et</span> <span class='ocrx_word' id='word_1_747' title='bbox 3183 5265 3395 5307; x_wconf 89' lang='lat' dir='ltr'>nomen</span> <span class='ocrx_word' id='word_1_748' title='bbox 3425 5248 3632 5316; x_wconf 86' lang='lat' dir='ltr'>Patris,</span> 
     </span>
    </p>
   </div>
   <div class='ocr_carea' id='block_1_56' title="bbox 193 5336 3633 5413">
    <p class='ocr_par' dir='ltr' id='par_1_56' title="bbox 193 5336 3633 5413">
     <span class='ocr_line' id='line_1_56' title="bbox 193 5336 3633 5413; baseline -0.003 -11"><span class='ocrx_word' id='word_1_749' title='bbox 193 5346 410 5405; x_wconf 76' lang='lat' dir='ltr'>audiat.</span> <span class='ocrx_word' id='word_1_750' title='bbox 438 5349 670 5404; x_wconf 85' lang='lat' dir='ltr'>Patres</span> <span class='ocrx_word' id='word_1_751' title='bbox 703 5339 1013 5413; x_wconf 86' lang='lat' dir='ltr'>apostolos</span> <span class='ocrx_word' id='word_1_752' title='bbox 1036 5344 1093 5396; x_wconf 89' lang='lat' dir='ltr'>et</span> <span class='ocrx_word' id='word_1_753' title='bbox 1114 5339 1425 5413; x_wconf 87' lang='lat' dir='ltr'>prophetas</span> <span class='ocrx_word' id='word_1_754' title='bbox 1464 5340 1714 5410; x_wconf 86' lang='lat' dir='ltr'>vocavit;</span> <span class='ocrx_word' id='word_1_755' title='bbox 1748 5357 1891 5413; x_wconf 91' lang='lat' dir='ltr'>quo-</span> <span class='ocrx_word' id='word_1_756' title='bbox 2000 5342 2059 5397; x_wconf 90' lang='lat' dir='ltr'>in</span> <span class='ocrx_word' id='word_1_757' title='bbox 2092 5356 2205 5412; x_wconf 93' lang='lat' dir='ltr'>quo</span> <span class='ocrx_word' id='word_1_758' title='bbox 2237 5336 2549 5395; x_wconf 87' lang='lat' dir='ltr'>adversarii</span> <span class='ocrx_word' id='word_1_759' title='bbox 2581 5336 2765 5392; x_wconf 89' lang='lat' dir='ltr'>nostri</span> <span class='ocrx_word' id='word_1_760' title='bbox 2813 5336 2901 5392; x_wconf 90' lang='lat' dir='ltr'>vel</span> <span class='ocrx_word' id='word_1_761' title='bbox 2944 5337 3299 5395; x_wconf 81' lang='lat' dir='ltr'>ventilentur</span> <span class='ocrx_word' id='word_1_762' title='bbox 3344 5336 3433 5393; x_wconf 90' lang='lat' dir='ltr'>vel</span> <span class='ocrx_word' id='word_1_763' title='bbox 3475 5350 3633 5407; x_wconf 88' lang='lat' dir='ltr'>sper-</span> 
     </span>
    </p>
   </div>
   <div class='ocr_carea' id='block_1_57' title="bbox 194 5428 3071 5495">
    <p class='ocr_par' dir='ltr' id='par_1_57' title="bbox 194 5428 3071 5495">
     <span class='ocr_line' id='line_1_57' title="bbox 194 5428 3071 5495; baseline -0.005 -4"><span class='ocrx_word' id='word_1_764' title='bbox 194 5451 317 5492; x_wconf 83' lang='lat' dir='ltr'>rum</span> <span class='ocrx_word' id='word_1_765' title='bbox 348 5430 852 5495; x_wconf 81' lang='lat' dir='ltr'>annuntiatione</span> <span class='ocrx_word' id='word_1_766' title='bbox 884 5428 1069 5484; x_wconf 90' lang='lat' dir='ltr'>renati</span> <span class='ocrx_word' id='word_1_767' title='bbox 1099 5445 1308 5485; x_wconf 91' lang='lat' dir='ltr'>sumus</span> <span class='ocrx_word' id='word_1_768' title='bbox 1338 5429 1408 5484; x_wconf 89' lang='lat' dir='ltr'>ad</span> <span class='ocrx_word' id='word_1_769' title='bbox 1440 5429 1641 5484; x_wconf 87' lang='lat' dir='ltr'>vitam.</span> <span class='ocrx_word' id='word_1_770' title='bbox 2001 5432 2241 5484; x_wconf 87' lang='lat' dir='ltr'>nuntur.</span> <span class='ocrx_word' id='word_1_771' title='bbox 3052 5465 3071 5477; x_wconf 85' lang='lat'><strong>.</strong></span> 
     </span>
    </p>
   </div>
   <div class='ocr_carea' id='block_1_58' title="bbox 194 5512 3096 5598">
    <p class='ocr_par' dir='ltr' id='par_1_58' title="bbox 194 5512 3096 5598">
     <span class='ocr_line' id='line_1_58' title="bbox 194 5512 3096 5598; baseline -0.003 -22"><span class='ocrx_word' id='word_1_772' title='bbox 194 5525 229 5576; x_wconf 86' lang='lat'><strong>2</strong></span> <span class='ocrx_word' id='word_1_773' title='bbox 296 5526 443 5598; x_wconf 77' lang='lat' dir='ltr'>Opus</span> <span class='ocrx_word' id='word_1_774' title='bbox 473 5522 639 5598; x_wconf 82' lang='lat' dir='ltr'>quod</span> <span class='ocrx_word' id='word_1_775' title='bbox 670 5525 949 5592; x_wconf 75' lang='lat' dir='ltr'>operatus</span> <span class='ocrx_word' id='word_1_776' title='bbox 979 5533 1032 5571; x_wconf 88' lang='lat' dir='ltr'>es</span> <span class='ocrx_word' id='word_1_777' title='bbox 1062 5517 1119 5571; x_wconf 83' lang='lat' dir='ltr'>in</span> <span class='ocrx_word' id='word_1_778' title='bbox 1148 5516 1336 5572; x_wconf 84' lang='lat' dir='ltr'>diebus</span> <span class='ocrx_word' id='word_1_779' title='bbox 1364 5532 1551 5572; x_wconf 87' lang='lat' dir='ltr'>eorum</span> <span class='ocrx_word' id='word_1_780' title='bbox 1579 5534 1598 5570; x_wconf 87' lang='lat'><strong><em>:</em></strong></span> <span class='ocrx_word' id='word_1_781' title='bbox 2001 5517 2035 5569; x_wconf 93' lang='lat'><strong>8</strong></span> <span class='ocrx_word' id='word_1_782' title='bbox 2108 5516 2223 5571; x_wconf 81' lang='lat' dir='ltr'>Non</span> <span class='ocrx_word' id='word_1_783' title='bbox 2252 5515 2400 5571; x_wconf 88' lang='lat' dir='ltr'>enim</span> <span class='ocrx_word' id='word_1_784' title='bbox 2429 5514 2488 5567; x_wconf 89' lang='lat' dir='ltr'>in</span> <span class='ocrx_word' id='word_1_785' title='bbox 2517 5528 2651 5566; x_wconf 88' lang='lat' dir='ltr'>arcu</span> <span class='ocrx_word' id='word_1_786' title='bbox 2679 5527 2799 5566; x_wconf 86' lang='lat' dir='ltr'>meo</span> <span class='ocrx_word' id='word_1_787' title='bbox 2826 5512 3052 5582; x_wconf 84' lang='lat' dir='ltr'>sperabo</span> <span class='ocrx_word' id='word_1_788' title='bbox 3083 5529 3096 5568; x_wconf 91' lang='lat'>:</span> 
     </span>
    </p>
   </div>
   <div class='ocr_carea' id='block_1_59' title="bbox 294 5600 3127 5676">
    <p class='ocr_par' dir='ltr' id='par_1_59' title="bbox 294 5600 3127 5676">
     <span class='ocr_line' id='line_1_59' title="bbox 294 5600 3127 5676; baseline -0.006 -6"><span class='ocrx_word' id='word_1_789' title='bbox 294 5612 359 5669; x_wconf 82' lang='lat' dir='ltr'>Et</span> <span class='ocrx_word' id='word_1_790' title='bbox 389 5615 453 5669; x_wconf 84' lang='lat' dir='ltr'>in</span> <span class='ocrx_word' id='word_1_791' title='bbox 474 5611 702 5669; x_wconf 77' lang='lat' dir='ltr'>diebus</span> <span class='ocrx_word' id='word_1_792' title='bbox 736 5604 1010 5676; x_wconf 80' lang='lat' dir='ltr'>antiquis.</span> <span class='ocrx_word' id='word_1_793' title='bbox 2110 5606 2174 5659; x_wconf 88' lang='lat' dir='ltr'>Et</span> <span class='ocrx_word' id='word_1_794' title='bbox 2198 5601 2415 5673; x_wconf 85' lang='lat' dir='ltr'>gladius</span> <span class='ocrx_word' id='word_1_795' title='bbox 2443 5616 2596 5655; x_wconf 88' lang='lat' dir='ltr'>meus</span> <span class='ocrx_word' id='word_1_796' title='bbox 2625 5615 2735 5655; x_wconf 87' lang='lat' dir='ltr'>non</span> <span class='ocrx_word' id='word_1_797' title='bbox 2761 5600 2994 5654; x_wconf 85' lang='lat' dir='ltr'>salvabit</span> <span class='ocrx_word' id='word_1_798' title='bbox 3022 5616 3127 5675; x_wconf 70' lang='lat' dir='ltr'>nte.</span> 
     </span>
    </p>
   </div>
   <div class='ocr_carea' id='block_1_60' title="bbox 265 5669 3638 5775">
    <p class='ocr_par' dir='ltr' id='par_1_60' title="bbox 265 5669 3638 5775">
     <span class='ocr_line' id='line_1_60' title="bbox 265 5669 3638 5775; baseline -0.007 -19"><span class='ocrx_word' id='word_1_799' title='bbox 265 5700 309 5757; x_wconf 82' lang='grc' dir='ltr'><strong>Α</strong></span> <span class='ocrx_word' id='word_1_800' title='bbox 336 5700 380 5761; x_wconf 85' lang='lat' dir='ltr'>C</span> <span class='ocrx_word' id='word_1_801' title='bbox 409 5700 589 5775; x_wconf 84' lang='lat' dir='ltr'>Opus</span> <span class='ocrx_word' id='word_1_802' title='bbox 624 5690 811 5771; x_wconf 83' lang='lat' dir='ltr'>quod</span> <span class='ocrx_word' id='word_1_803' title='bbox 842 5669 1116 5764; x_wconf 79' lang='lat' dir='ltr'>operatus</span> <span class='ocrx_word' id='word_1_804' title='bbox 1145 5679 1236 5747; x_wconf 84' lang='lat' dir='ltr'>est</span> <span class='ocrx_word' id='word_1_805' title='bbox 1263 5690 1545 5775; x_wconf 78' lang='lat' dir='ltr'>Dominus</span> <span class='ocrx_word' id='word_1_806' title='bbox 1585 5690 1646 5746; x_wconf 91' lang='lat' dir='ltr'>in</span> <span class='ocrx_word' id='word_1_807' title='bbox 1690 5690 1897 5745; x_wconf 90' lang='lat' dir='ltr'>diebus</span> <span class='ocrx_word' id='word_1_808' title='bbox 2074 5693 2121 5745; x_wconf 86' lang='lat' dir='ltr'><strong>A</strong></span> <span class='ocrx_word' id='word_1_809' title='bbox 2149 5669 2334 5745; x_wconf 75' lang='lat' dir='ltr'>Arcus</span> <span class='ocrx_word' id='word_1_810' title='bbox 2363 5687 2519 5743; x_wconf 90' lang='lat' dir='ltr'>enim</span> <span class='ocrx_word' id='word_1_811' title='bbox 2544 5688 2633 5742; x_wconf 89' lang='lat' dir='ltr'>est</span> <span class='ocrx_word' id='word_1_812' title='bbox 2663 5683 2997 5756; x_wconf 68' lang='lat' dir='ltr'>praesidium</span> <span class='ocrx_word' id='word_1_813' title='bbox 3040 5669 3363 5749; x_wconf 84' lang='lat' dir='ltr'>bellatoris,</span> <span class='ocrx_word' id='word_1_814' title='bbox 3392 5680 3454 5736; x_wconf 90' lang='lat' dir='ltr'>in</span> <span class='ocrx_word' id='word_1_815' title='bbox 3493 5689 3638 5745; x_wconf 79' lang='lat' dir='ltr'>quo-</span> 
     </span>
    </p>
   </div>
  </div>
