3922 6430
209 378 330 444 183

1110 376 1176 439 S.
1221 372 1618 436 BRUNONIS
1663 365 2284 432 HERBIPOLENSIS
2332 363 2709 428 EPISCOPI.

3521 362 3638 429 184

210 531 382 574 mens
411 513 674 571 humana
704 509 982 576 conﬁdit;
1012 507 1072 565 in
1103 507 1368 582 gladium
1395 523 1528 562 vero
1561 505 1695 579 plus
1725 520 1869 576 prae-
1898 503 1955 570 Α
1985 502 2050 556 14
2131 499 2433 555 Vendidisti
2458 497 2719 571 pepulum
2749 505 2904 554 tuum
2926 497 3047 553 sine
3072 499 3249 574 pretio
3279 515 3298 553 :

211 603 419 672 sumit,
453 601 665 675 sagiita
693 600 851 656 enim
882 615 1035 670 saepe
1062 597 1364 652 incassum
1397 593 1680 664 mittitur;
1711 591 1872 648 ensis

209 710 346 750 vero
377 690 596 748 certius
624 693 900 762 operatur
952 686 1159 743 mortis
1209 685 1502 756 etIectum,
1536 684 1637 739 sed
1679 698 1784 738 nec
1809 681 1870 736 in

213 799 282 838 eo
313 779 556 836 confidit
581 777 898 834 multitudo
921 775 1392 844 sanctorum,sed
1425 774 1484 828 in
1517 771 1874 846 protectioue

214 869 433 927 divina.
467 868 650 940 Cujus
680 866 964 922 rationem
996 865 1216 921 subdit.

213 960 250 1015 9
321 959 565 1016 Salvasti
591 958 741 1014 enim
767 973 865 1012 nos
893 956 958 1012 de
982 955 1356 1027 a/ﬂigentibus
1386 969 1482 1008 nos
1516 969 1530 1007 :

326 1051 401 1104 Et
425 1047 663 1103 odientes
692 1062 789 1102 nos
819 1044 1138 1116 confudisti.

291 1137 486 1193 C°Non
517 1140 605 1192 est
651 1133 898 1190 dubium
947 1133 1102 1206 apud
1154 1135 1410 1199 sanctos,
1445 1148 1506 1185 se
1547 1127 1779 1184 liberari
1815 1127 1873 1182 in

219 1227 477 1284 secundo
508 1225 758 1280 adventu
801 1223 1026 1278 Domini
1059 1239 1093 1279 a
1121 1220 1524 1294 persecutione
1555 1218 1873 1291 spirituum

217 1314 740 1389 pessimorum,qui
775 1329 874 1369 eos
904 1311 998 1368 hic
1030 1310 1459 1383 multiplicibus
1479 1306 1711 1364 insidiis
1732 1305 1876 1362 nilli-

217 1407 454 1478 gebant.
493 1403 938 1460 Confundentur
977 1401 1154 1458 etiam
1204 1399 1306 1473 qui
1354 1400 1556 1455 beatos
1603 1397 1874 1461 oderunt,

216 1495 453 1568 quando
492 1492 577 1549 illi
628 1497 844 1550 aeterna
889 1507 1064 1564 poma
1110 1491 1488 1558 damnantur,
1511 1486 1661 1559 justi
1695 1501 1877 1558 regna

216 1583 496 1641 caelorum
548 1581 861 1655 recipiunt.
890 1582 935 1636 A
965 1581 1007 1636 C
1051 1577 1301 1636 Salvasti
1345 1577 1526 1645 enim,
1560 1592 1664 1649 pro
1696 1574 1879 1632 salva-

215 1673 312 1730 bis
340 1672 508 1739 dixit,
540 1674 777 1745 propter
803 1668 1214 1727 certitudinem
1247 1665 1425 1722 futuri
1457 1666 1514 1721 in
1547 1663 1878 1736 cognitione

217 1763 540 1837 Prophetaa.
573 1761 616 1816 C
645 1760 749 1818 Vel
781 1758 1136 1816 confidentia
1166 1757 1297 1813 ﬁdei
1327 1759 1521 1830 futura
1547 1771 1648 1827 pro
1674 1761 1876 1826 prwle-

217 1851 612 1942 ritis‘di-cunt,
645 1849 925 1923 quoniam
979 1848 1134 1921 apud
1183 1864 1283 1903 eos
1330 1863 1449 1902 non
1493 1849 1582 1900 est
1629 1843 1874 1900 dubium
1909 1876 1956 1942 Β

220 1940 378 2014 quod
411 1938 678 1995 absolute
709 1942 925 1994 norunt
956 1954 1085 1993 esse
1113 1939 1446 1992 venturum.

222 2031 292 2086 10
365 2031 428 2086 In
458 2030 563 2086 Deo
595 2027 948 2084 laudabimur
978 2034 1086 2083 tota
1114 2025 1204 2082 die
1237 2041 1250 2080 :

363 2123 432 2177 Et
459 2120 518 2174 in
549 2119 770 2174 nomine
797 2123 890 2174 tuo
917 2116 1294 2188 conﬁtebimur
1321 2117 1382 2172 in
1409 2114 1696 2171 saeculum.
1748 2113 1878 2168 Dia-

429 2208 667 2281 psalma.

291 2297 334 2354 C
383 2297 492 2365 Qui
539 2296 742 2353 dicunt
784 2294 1188 2362 laudabimur;
1235 2294 1295 2350 in
1344 2295 1540 2350 futuro
1590 2309 1651 2348 se
1702 2292 1875 2365 proti-

219 2389 419 2443 tentur
443 2402 571 2443 esse
593 2384 1017 2459 praedicandos.
1042 2385 1191 2440 Tota
1220 2383 1334 2451 die,
1363 2387 1710 2456 perpetuum
1736 2387 1878 2437 tem-

219 2493 331 2550 pus
361 2474 638 2543 ostendit,
671 2475 828 2547 quod
861 2491 975 2530 non
1007 2473 1188 2530 habet
1224 2477 1478 2528 noctem.
1512 2471 1878 2527 Conﬁtentur

216 2564 277 2622 in
303 2565 607 2631 saeculum,
643 2562 744 2637 qui
771 2562 1066 2636 praeconia
1095 2561 1329 2618 Domini
1359 2561 1455 2616 hic
1480 2561 1704 2633 jugiter
1743 2576 1876 2632 per-

217 2669 428 2710 sonare
457 2652 843 2709 contendunt.
877 2652 922 2707 H
972 2651 1036 2708 In
1089 2651 1208 2706 Deo
1251 2651 1413 2718 dicit,
1447 2650 1586 2722 quia
1615 2649 1740 2720 ipse
1789 2651 1880 2704 est

217 2742 350 2799 laus
379 2745 437 2798 et
465 2741 653 2815 gloria
679 2745 904 2808 nostra,
929 2744 986 2796 et
1017 2741 1075 2795 in
1131 2739 1370 2796 nomine
1416 2755 1526 2794 suo
1563 2736 1880 2794 Christiani

217 2831 495 2897 dicimur,
528 2835 585 2887 et
615 2829 675 2885 in
701 2828 803 2885 tali
836 2829 1076 2884 nomine
1103 2827 1534 2884 confitebimur.

219 2921 284 2977 11
361 2921 518 2978 Nunc
544 2926 729 2975 autem
755 2918 1012 2992 repulisti
1038 2925 1089 2974 et
1117 2916 1414 2988 confudisti
1441 2933 1543 2972 nos
1574 2934 1593 2972 :
1706 2977 1716 2991 δ

364 3009 430 3065 Et
455 3024 563 3065 non
593 3006 891 3078 egredieris
934 3012 991 3073 -ἓο
1019 3011 1165 3063 Deus
1205 3012 1220 3072 ζ
1255 3008 1315 3061 in
1344 3005 1638 3062 virtutibus
1656 3007 1875 3062 nostris.

293 3097 336 3154 C
366 3097 622 3154 Dicendo
665 3097 824 3153 enim
867 3102 1172 3169 martyres,
1207 3111 1362 3151 nunc
1413 3099 1636 3162 autem,
1690 3094 1878 3168 signi-

2125 591 2191 646 Et
2215 606 2322 644 non
2346 590 2456 660 fuit
2478 587 2772 643 multitudo
2795 589 2854 642 in
2875 586 3390 642 commutationibus
3426 603 3636 643 eorum.

2053 678 2100 734 Η
2134 678 2327 750 Usque
2357 677 2474 732 huc
2505 675 2680 731 locuti
2714 680 2856 731 sunt
2887 679 3194 750 martyres,
3228 693 3382 731 nunc
3414 677 3484 733 de
3526 676 3640 732 Ju-

1983 768 2244 823 dsaorum
2278 765 2492 839 populo
2522 766 2748 830 dicunt,
2775 765 2992 838 quibus
3022 765 3244 822 dictum
3267 770 3355 822 est
3379 783 3392 821 :
3420 767 3483 821 In
3515 782 3644 839 pcc-

1986 857 2136 913 catis
2167 855 2380 911 vestris
2409 854 2630 910 vcnditi
2665 855 2771 909 esti
2806 856 2957 926 (lsai.
2994 857 3055 922 ι).
3099 855 3234 910 Ideo
3265 853 3391 911 sine
3430 855 3638 928 pretio,

1985 945 2124 1019 quia
2154 962 2271 1001 non
2303 949 2392 1000 est
2422 945 2644 1000 effusus
2676 942 2919 1015 sanguis
2963 943 3113 1016 Agni
3161 961 3266 1016 pro
3296 943 3402 1000 eis.
3435 943 3480 1000 H
3513 944 3640 1000 Non

1986 1035 2097 1090 fuit
2125 1033 2438 1089 multitudo
2469 1033 2526 1088 in
2553 1031 3113 1089 commutationibus
3143 1049 3366 1089 eorum.
3391 1033 3432 1089 C
3470 1033 3641 1090 Com-

1985 1121 2228 1179 mutatis
2249 1127 2338 1177 est
2368 1122 2502 1177 data
2533 1121 2613 1177 rei
2665 1123 2910 1194 mqualia
2952 1122 3254 1194 consequi.
3287 1121 3332 1178 Η
3383 1123 3492 1177 Sed
3547 1122 3644 1178 hic

1983 1211 2156 1268 vilior
2183 1216 2307 1267 erat
2340 1227 2563 1266 merces
2595 1227 2721 1283 qua?
2753 1209 2863 1266 fuit
2890 1209 3126 1267 vendita
3155 1212 3311 1284 quod
3353 1212 3642 1284 precium,

1985 1301 2114 1357 ideo
2146 1318 2261 1356 non
2293 1304 2383 1357 est
2412 1299 2792 1356 commutatio
2825 1299 2996 1357 facta.
3021 1301 3167 1356 Nam
3207 1299 3490 1356 Dominus
3538 1318 3640 1374 po-

1987 1389 2192 1463 pulum
2226 1406 2400 1462 quem
2427 1407 2540 1445 non
2564 1406 2730 1457 auro,
2749 1390 2848 1446 sed
2875 1389 3234 1462 comparavit
3254 1388 3487 1464 proprio
3509 1407 3642 1446 san-

1986 1479 2162 1554 guine
2183 1479 2231 1548 (1
2249 1482 2395 1535 Petr.
2432 1482 2493 1549 ι),
2518 1479 2576 1534 id
2607 1483 2696 1535 est
2725 1477 3054 1536 humanum
3085 1496 3274 1552 genus
3305 1479 3365 1536 in
3386 1479 3643 1552 peccatis

1979 1570 2186 1641 jacens
2216 1567 2500 1625 liberavit.

1988 1677 2057 1732 15
2131 1678 2374 1732 Posuisti
2403 1693 2500 1732 nos
2524 1677 2881 1749 opprobrium
2913 1678 3109 1733 vicinis
3144 1680 3346 1734 nostris
3376 1697 3394 1735 :

2129 1767 2624 1822 Subsannationcm
2659 1773 2709 1822 ct
2737 1765 2980 1823 derisum
3010 1767 3095 1824 his
3126 1769 3223 1841 qui
3247 1777 3376 1826 sunt
3424 1770 3484 1824 in
3530 1771 3641 1824 cir-

2201 1857 2352 1912 cuitu
2382 1865 2586 1912 nostra.

2061 1963 2102 2018 C
2131 1963 2277 2018 Cum
2314 1961 2456 2018 dicit
2496 1961 2768 2034 posuisti,
2801 1963 3059 2020 ostendit
3105 1963 3465 2022 immobilem
3509 1982 3643 2038 pas-

1988 2051 2239 2119 sionem,
2274 2068 2393 2123 qua
2421 2050 2608 2106 sancti
2639 2069 2674 2107 a
2703 2051 2933 2120 vicinis,
2964 2051 3021 2108 id
3054 2058 3145 2109 est
3174 2054 3643 2126 persecutoribus

1989 2140 2314 2212 patiuntur.
2330 2139 2723 2214 Opprobrium
2755 2146 2961 2198 contra
2982 2143 3231 2215 probum
3255 2143 3510 2215 positum
3532 2148 3639 2200 est.

1987 2228 2132 2285 Nam
2167 2229 2322 2285 sicut
2350 2229 2550 2284 omnia
2581 2230 2762 2302 proba
2783 2231 2993 2286 decora
3022 2235 3181 2298 sunt,
3203 2230 3289 2287 sic
3321 2232 3646 2288 indecentia

1986 2316 2299 2392 opprobria
2322 2322 2479 2373 sunt.
2495 2317 2736 2374 Derisus
2782 2337 2915 2376 vero
2927 2337 3033 2374 vox
3049 2326 3138 2376 est
3153 2320 3394 2377 confusa
3412 2320 3643 2387 laetitiae,

1988 2406 2431 2463 insultationem
2465 2426 2634 2464 suam
2657 2409 3014 2465 denuntians
3037 2409 3423 2466 immoderata
3443 2409 3645 2466 hilari-

1987 2502 2124 2554 tate.
2151 2497 2256 2563 Qui
2288 2502 2428 2554 sunt
2459 2497 2516 2552 in
2550 2497 2798 2554 circuitu
2833 2504 3055 2569 nostro,
3087 2498 3356 2556 infideles
3383 2504 3440 2556 et
3469 2501 3646 2573 perli-

1987 2586 2095 2642 dos
2125 2586 2364 2659 exponit
2389 2585 2507 2642 illis
2532 2588 2747 2644 verbis.

1991 2693 2058 2747 16
2131 2693 2376 2749 Posuisti
2401 2710 2495 2749 nos
2528 2696 2586 2749 in
2619 2694 3049 2750 similitudinem
3075 2696 3330 2764 gentibus
3360 2713 3379 2751 :

2134 2783 2556 2839 Commotionem
2581 2785 2776 2856 capitis
2808 2785 2869 2839 in
2892 2785 3132 2856 populis.

2059 2889 2101 2945 C
2117 2889 2400 2962 Martyres
2417 2888 2575 2946 enim
2594 2889 2767 2962 positi
2783 2895 2923 2946 sunt
2944 2891 3004 2946 in
3022 2889 3472 2948 similitudinem
3486 2891 3650 2948 Chri-

1990 2977 2085 3044 sti,
2120 2979 2356 3051 quando
2386 2977 2544 3035 enim
2575 2985 2780 3052 gentes
2802 2979 3043 3052 paribus
3075 2980 3264 3053 poenis
3283 2981 3644 3054 afﬂigebant.

1988 3067 2313 3124 Commotio
2345 3067 2551 3140 capitis
2572 3073 2629 3124 et
2659 3069 3017 3141 martyribus
3045 3068 3289 3143 contigit
3310 3071 3462 3143 (qua
3493 3070 3650 3128 facta

223 3187 404 3245 fioant
433 3187 505 3244 de
533 3185 747 3244 futuris
775 3156 1137 3258 temporibus
1161 3156 1231 3242 se
1282 3189 1417 3241 ante
1463 3156 1703 3252 dixisse,
1738 3156 1880 3256 quia
1912 3245 1949 3258 _
1989 3161 2080 3258 εδει
2109 3157 2473 3258 ξηηΡίιδδίοίξθ
2495 3156 2752 3258 Ῑῗίῖῖηίηί)
2774 3174 2909 3258 θξλω
2932 3174 3032 3258 θξῗῗ
3062 3158 3250 3232 iniqui
3282 3158 3650 3258 διῆδρδθῐξιδῖ

224 3293 381 3334 nunc
412 3292 668 3349 praesens
697 3279 787 3332 est
815 3245 1070 3349 tempus.
1105 3273 1416 3348 Ropulisti,
1438 3273 1497 3329 id
1529 3276 1619 3329 est
1648 3245 1877 3329 dilatio-
1906 3245 1951 3312 θ
1989 3246 2133 3349 bim?“
2164 3246 2209 3302 Η
2233 3263 2393 3348 ,(⁵³³³
2427 3245 3068 3349 ίττίεξοτιθνγθι-οαιξίιίε,
3103 3247 3515 3349 οοωω-οιίοξξθ·

225 3381 360 3423 nem
393 3365 566 3422 nobis
596 3364 780 3421 fecisti
813 3365 886 3420 de
915 3363 1017 3420 illa
1047 3365 1245 3420 futura
1291 3362 1653 3419 beatitudine
1703 3378 1880 3434 quam

222 3455 393 3512 nobis
440 3453 788 3528 promisisti.
822 3453 1174 3519 Confudisti,
1207 3451 1310 3508 illa
1367 3450 1621 3526 gloriosa
1678 3451 1882 3506 confu-

221 3543 410 3616 sione,
441 3560 622 3616 quam
655 3546 940 3615 martyres
972 3543 1250 3608 subeunt,
1274 3557 1407 3596 cum
1452 3539 1698 3596 diversis
1726 3541 1882 3611 inju-

222 3633 327 3690 riis
347 3631 716 3706 al'tliguntur,
741 3631 1001 3687 fustibus
1021 3631 1422 3695 verberantur,
1437 3634 1494 3685 et
1513 3628 1671 3685 velut
1691 3628 1884 3685 crimi-

221 3721 398 3778 nibus
428 3719 873 3788 obnoxii,morti
909 3719 1344 3792 mancipantur.
1376 3718 1542 3774 Nunc
1565 3718 1742 3774 etiam
1767 3734 1881 3774 non

220 3808 559 3884 egredietur
581 3809 740 3865 Deus
769 3807 830 3864 in
863 3807 1180 3864 virtutibus
1212 3811 1537 3880 martyrum
1592 3823 1729 3862 cum
1783 3823 1883 3864 eos

217 3896 702 3956 tribulationibus
731 3897 954 3964 subdit,
985 3900 1043 3954 et
1072 3895 1319 3953 diversis
1347 3895 1723 3969 passionihus
1745 3896 1883 3952 sub-

214 3985 414 4062 jacere
445 3986 730 4043 concedit.

222 4079 294 4134 12
364 4077 592 4133 Avetisti
615 4092 716 4133 nos
743 4084 1041 4133 retrorsum
1065 4083 1187 4148 post
1211 4076 1463 4132 inimicos
1492 4083 1701 4131 nostros
1734 4092 1752 4129 .-

363 4171 432 4224 Et
458 4167 557 4239 qui
582 4165 814 4222 oderunt
836 4183 935 4223 nos
957 4166 1299 4239 diripiebant
1319 4165 1450 4220 sibi.

292 4253 550 4312 CAverti
590 4253 769 4323 enim,
797 4259 888 4312 est
934 4255 1164 4312 hostem
1217 4254 1416 4326 fugere
1463 4252 1780 4310 carnalem.
1831 4252 1879 4310 Η

222 4343 517 4402 Debemus
547 4343 704 4400 enim
755 4343 1029 4401 inimicos
1073 4349 1310 4400 nostros
1352 4347 1487 4399 ante
1520 4359 1648 4410 nos,
1685 4342 1742 4398 id
1793 4345 1884 4398 est

226 4434 360 4486 ante
389 4429 590 4486 oculos
613 4434 849 4487 nostros
880 4431 1115 4498 habere,
1141 4435 1206 4487 ut
1227 4431 1485 4486 sciamus
1507 4430 1650 4502 quid
1681 4445 1881 4485 cavere

219 4519 560 4576 debeamus.
594 4519 960 4594 Diripiebant
997 4521 1132 4576 sibi.
1164 4520 1206 4577 C
1255 4521 1374 4576 Hoc
1413 4519 1561 4575 solet
1608 4518 1881 4592 eli'ugatis

222 4607 453 4708 evenire
483 4610 550 4664 ut
579 4608 637 4702 in
671 4608 1059 4708 direptionem
1089 4606 1731 4708 cada'nt‘quihpstibus
1753 4606 1880 4662 suis
1911 4621 1958 4686 ι)
1989 4653 2050 4708 Fi

219 4696 462 4754 minime
493 4695 844 4770 praevaleant
875 4697 1166 4754 resistam.
1202 4697 1247 4752 Η
1278 4695 1646 4768 Diripiebant
1682 4709 1879 4766 perse-

219 4789 452 4842 cutores
484 4790 792 4860 martyres,
820 4801 955 4840 cum
984 4785 1176 4858 plagis
1207 4789 1266 4839 et
1289 4783 1534 4855 reliquis
1572 4783 1880 4839 tormentis

219 4890 319 4931 eos
359 4875 667 4931 vexabant.
698 4877 745 4930 A
772 4873 878 4930 Vel
920 4891 1048 4945 nos,
1080 4873 1221 4945 quia
1267 4887 1476 4928 sumus
1524 4876 1677 4928 retro
1707 4872 1881 4944 quasi

219 4961 376 5017 victi.
410 4961 498 5018 llli
528 4967 728 5019 autem
774 4966 1176 5035 persecutores
1223 4965 1380 5027 ante,
1414 4960 1583 5034 quasi
1631 4960 1880 5019 victores

223 5065 332 5106 nos
363 5050 607 5107 irrident
635 5056 693 5110 et
721 5056 1020 5124 torquent.

225 5137 294 5192 13
366 5138 574 5194 Dedisti
599 5156 699 5196 nos
729 5149 992 5214 tanquam
1015 5156 1140 5197 ores
1168 5157 1420 5197 escarum
1447 5153 1469 5195 ,⁸

367 5229 432 5282 Et
459 5228 519 5282 in
549 5231 798 5298 gentibus
825 5231 1138 5302 dispersisti
1164 5247 1283 5286 nos.

297 5313 339 5369 C
368 5316 513 5372 Esca
543 5317 702 5372 enim
732 5316 1005 5389 luporum
1038 5323 1128 5375 est
1156 5319 1348 5375 ovium
1392 5323 1702 5375 mansueta
1731 5316 1880 5374 sim-

226 5401 480 5473 plicitas,
515 5420 642 5476 qua:
683 5407 1043 5477 martyribus
1095 5407 1303 5463 merito
1350 5411 1746 5480 comparatur,
1777 5405 1879 5476 qui

224 5490 412 5547 occidi
443 5509 477 5547 a
509 5493 981 5564 persecutoribus
1013 5495 1141 5552 sine
1171 5498 1598 5552 concertatione
1646 5493 1878 5566 acquie-

226 5584 417 5635 scunt.
452 5581 520 5635 Et
552 5581 611 5637 in
643 5582 940 5656 gentibus,
975 5586 1172 5642 traditi
1218 5591 1505 5659 martyres
1549 5585 1878 5642 libertatem

225 5685 394 5726 suam
425 5685 560 5727 cum
588 5671 958 5745 patrimoniis
979 5675 1377 5748 perdiderunt.

1989 3344 2040 3391 et
2067 3338 2118 3392 si
2145 3337 2269 3408 quis
2296 3351 2462 3401 nunc,
2496 3352 2527 3391 ο
2549 3337 2694 3399 Iesu,
2727 3338 2785 3391 in
2816 3345 2867 3392 te
2893 3339 2985 3408 pie
3011 3338 3192 3393 vivere
3219 3339 3649 3411 voluerit,proti-

1989 3441 2097 3481 nus
2117 3427 2303 3497 iniqtti
2330 3425 2708 3497 blasphemant
2731 3441 2854 3481 cum
2882 3427 3142 3483 irrisione
3163 3428 3247 3484 vel
3275 3429 3471 3500 capitis
3501 3444 3647 3485 com-

1990 3515 2251 3570 motione.

1993 3621 2062 3678 17
2141 3622 2266 3678 Tota
2294 3620 2383 3676 die
2411 3621 2736 3678 verecuadia
2755 3637 2878 3678 mea
2906 3630 3096 3678 contra
3125 3639 3210 3680 me
3238 3633 3316 3680 est
3342 3642 3360 3678 :

2136 3712 2200 3766 Et
2228 3710 2482 3785 confusio
2508 3713 2683 3782 faciei
2699 3727 2838 3769 mea:
2865 3713 3140 3784 cooperuit
3168 3730 3270 3768 me.

2065 3816 2109 3872 Η
2143 3817 2428 3874 Dominus
2459 3817 2580 3874 haec
2605 3818 2662 3872 in
2687 3822 2994 3891 assumpta
3022 3836 3195 3876 carne
3217 3819 3494 3895 loquitur,
3511 3820 3652 3894 quia

1992 3910 2114 3962 tota
2132 3906 2226 3962 die
2254 3907 2666 3964 verecundiam
2690 3924 2794 3980 pro
2816 3908 2988 3966 nobis
3007 3909 3339 3982 patiebatur
3357 3909 3648 3978 Christus,

1993 4000 2167 4068 atque
2199 3995 2600 4052 confusionem
2633 3996 2831 4066 etiam,
2865 4014 3055 4070 usque
3083 3998 3158 4054 ad
3189 3998 3386 4072 ipsum
3416 4000 3648 4073 patibu-

1991 4083 2115 4140 lum
2148 4085 2359 4140 crucis.
2383 4086 2423 4140 (Σ
2453 4084 2612 4141 Solet
2641 4085 2991 4141 verecundia
3009 4087 3082 4142 ad
3115 4091 3481 4144 momentum
3497 4089 3652 4146 veni-

1992 4177 2145 4240 re,et
2173 4172 2330 4229 brevi
2365 4177 2624 4246 tempore
2653 4174 2856 4232 sedata
2883 4174 3201 4245 discedere,
3219 4174 3332 4233 ista
3360 4193 3494 4234 vero
3514 4194 3649 4252 gra-

1989 4261 2234 4318 vissima
2266 4262 2396 4331 fuit,
2425 4279 2553 4336 qua:
2575 4263 2801 4337 jugiter
2828 4265 3232 4336 permanebat.

1993 4370 2060 4426 18
2133 4369 2171 4426 Α
2205 4386 2327 4426 voce
2353 4371 2742 4444 exprobrantis
2771 4378 2824 4428 et
2851 4372 3188 4444 obloqnentis
3219 4391 3239 4427 :

2130 4463 2172 4516 Α
2204 4460 2349 4530 facie
2379 4462 2600 4517 inimici
2617 4469 2669 4516 et
2692 4463 3088 4533 persequentis.

2063 4564 2108 4620 H
2153 4567 2199 4622 Α
2244 4582 2380 4622 voce
2423 4568 2854 4639 exprobrantis,
2908 4585 3049 4624 oum
3095 4567 3388 4625 diceretur
3442 4568 3542 4625 ei:
3585 4569 3644 4625 Si

2057 4653 2171 4710 lius
2211 4655 2312 4711 Dei
2342 4671 2426 4723 es,
2459 4656 2747 4712 descende
2763 4656 2834 4711 de
2860 4673 3052 4713 cruce.
3087 4660 3133 4713 A
3163 4656 3307 4713 facie
3337 4657 3646 4725 inimici,id

1989 4747 2078 4798 est
2106 4743 2304 4811 Judae;
2333 4748 2390 4800 et
2421 4744 2848 4817 persequentis,
2884 4745 3084 4818 populi
3114 4745 3323 4803 Judaai.
3356 4747 3398 4802 C
3428 4747 3647 4818 Expro-

1987 4831 2180 4898 brare,
2211 4837 2302 4888 est
2346 4831 2406 4887 in
2458 4832 2666 4888 faciem
2716 4833 3093 4904 maledicere;
3127 4835 3386 4908 obloqui,
3419 4836 3648 4892 absenti

1988 4920 2291 4977 detrahere
2321 4925 2379 4976 et
2406 4919 2608 4978 dolose
2637 4920 2895 4994 aliquem
2925 4940 3197 4981 sermone
3226 4925 3510 4982 mordere.

1989 5027 2059 5082 19
2129 5028 2258 5085 Haec
2281 5029 2470 5084 omnia
2496 5038 2762 5086 venerunt
2787 5047 2956 5103 super
2976 5047 3073 5088 nos
3103 5050 3122 5086 :
3152 5048 3251 5088 nec
3280 5031 3442 5089 obliti
3458 5047 3648 5090 sumus

2201 5125 2273 5181 ιϐ.

2131 5206 2197 5260 Et
2225 5206 2418 5278 inique
2438 5223 2551 5262 non
2578 5209 2792 5276 egimus
2822 5210 2882 5264 in
2912 5216 3232 5266 testamento
3263 5219 3376 5267 tuo.

2063 5310 2109 5366 Η
2142 5309 2272 5366 Haec
2330 5313 2551 5382 omnia,
2580 5330 2689 5370 vox
2743 5320 3091 5387 martyrum,
3125 5315 3325 5372 omnia
3373 5333 3501 5389 qua:
3559 5319 3643 5384 tu,

1991 5397 2254 5465 Domine,
2283 5400 2573 5472 pertulisti
2609 5417 2622 5458 :
2657 5407 2714 5458 et
2744 5419 2852 5460 nos
2875 5405 3079 5461 eadem
3128 5405 3498 5478 pertulimus.
3533 5406 3648 5462 Nec

1990 5485 2152 5542 obliti
2186 5491 2531 5556 sumus,sed
2564 5495 2619 5546 te
2650 5508 2884 5564 semper
2911 5493 3163 5550 confessi
3197 5512 3426 5551 sumus.
3451 5495 3521 5550 Et
3543 5495 3648 5550 ini-

1991 5591 2104 5648 que
2124 5591 2237 5630 non
2259 5577 2575 5648 egimus,id
2609 5584 2700 5636 est
2729 5580 2981 5637 ﬁdeliter
3001 5583 3446 5655 prmdicavimus
3477 5589 3648 5641 testa-

1991 5669 2256 5723 mentum
2291 5669 2482 5734 tuum,
2515 5672 2574 5724 et
2604 5669 2856 5728 fideliter
2880 5668 3134 5730 viximus
3165 5672 3224 5730 in
3274 5676 3645 5732 testamento.
