3898 6402
188 378 287 442 185

1380 377 1799 441 EXPOSITIO
1838 377 2367 445 PSALMORUM.-

3444 379 3562 442 186

186 512 285 571 Nec
311 509 499 567 obliti.
532 510 574 567 C
601 509 747 567 Nam
779 509 878 584 qui
926 508 1095 568 illum
1142 514 1335 568 mente
1381 509 1656 578 retinent,
1686 510 1814 583 ejus
1840 511 1896 579 Α
1922 512 2021 566 tur
2047 510 2317 581 dormire,
2352 511 2586 586 quando
2617 515 2817 569 nostra
2845 510 3193 586 exspectatio
3228 510 3424 570 divina
3443 512 3564 571 dis-

185 604 594 656 testamentum
627 598 896 658 nesciunt
924 598 1205 655 oblivisci.

186 691 250 745 30
289 694 341 753 -ξι
373 691 445 743 Iit
487 693 502 753 ξ
546 704 656 743 non
683 688 903 744 recessit
929 696 1072 745 retro
1099 705 1191 744 cor
1218 696 1469 745 nostrum
1501 708 1519 743 :

312 778 377 831 Et
407 776 700 832 declinasti
728 778 953 832 semitas
982 785 1103 832 tuas
1131 794 1165 832 η
1196 778 1283 832 υἰα
1313 786 1426 832 tua.

248 865 286 920 C
314 864 488 919 Retro
521 865 670 920 redit
699 882 799 921 cor
822 881 1024 921 eorum
1056 866 1155 937 qui
1188 866 1259 923 de
1289 864 1517 922 Domini
1561 865 1817 920 bonitate

182 954 512 1025 desperant;
548 953 702 1025 quod
732 953 828 1008 isti
858 951 1100 1009 minime
1130 954 1409 1022 fecerunt,
1443 954 1543 1026 qui
1567 971 1729 1026 spem
1756 952 1815 1008 in

183 1040 419 1098 Domino
451 1039 666 1096 habere
698 1041 922 1114 probati
952 1044 1107 1097 sunt.
1140 1040 1249 1097 Via
1276 1041 1434 1097 enim
1481 1059 1515 1097 a
1558 1032 1819 1098 violentia

183 1133 567 1201 nuncupatur.
589 1129 805 1186 Semita
826 1129 921 1186 hic
954 1130 1013 1185 in
1046 1129 1200 1185 malo
1230 1130 1421 1202 posita
1450 1135 1559 1197 est,
1573 1148 1638 1187 eo
1661 1131 1817 1205 quod

183 1217 317 1274 dicit
346 1222 601 1273 nostras.
635 1219 807 1274 Recte
838 1219 994 1274 enim
1044 1219 1313 1274 humanze
1363 1220 1603 1287 semitae,
1635 1219 1694 1274 id
1733 1221 1822 1275 est

183 1305 505 1378 voluptuosi
537 1310 593 1361 et
623 1307 882 1363 umbrosi
913 1306 1089 1363 calles
1108 1324 1256 1380 quos
1277 1307 1541 1363 ambulat
1563 1307 1823 1363 humana

184 1394 489 1468 fragilitas.
525 1412 558 1450 a
580 1394 674 1451 via
704 1412 959 1469 superna
988 1395 1184 1451 divisa:
1214 1396 1510 1461 dicuntur,
1544 1396 1683 1468 quia
1712 1395 1823 1452 illas

184 1484 401 1539 ducunt
431 1483 505 1538 ad
537 1484 943 1550 mortem,hzec
966 1483 1057 1539 via
1085 1483 1248 1539 ducit
1270 1484 1341 1539 ad
1365 1485 1701 1557 sospitatem
1725 1486 1825 1541 de-

181 1571 572 1627 siderabilem.
603 1572 650 1627 A
678 1571 780 1628 Vel
811 1571 1139 1638 declinasti,
1174 1570 1232 1627 id
1263 1575 1353 1628 est
1381 1572 1662 1645 repulisse
1676 1572 1828 1629 vide-

182 1658 258 1714 ris
289 1659 509 1717 nostris
538 1658 1014 1733 persecutoribus
1065 1659 1306 1715 semitas
1351 1665 1578 1718 nostras
1617 1660 1821 1727 bonas,

177 1764 323 1818 quas
372 1746 756 1804 ambulamus
808 1748 868 1802 in
916 1746 1416 1815 tribulationibus,
1448 1750 1507 1804 in
1553 1765 1620 1805 eo
1667 1749 1822 1822 quod

180 1834 470 1907 sequitur.

179 1924 239 1978 21
326 1923 607 1991 Quoniam
636 1922 942 1999 humiliasti
966 1939 1063 1978 nos
1094 1924 1148 1977 in
1186 1924 1294 1978 loco
1315 1923 1645 1994 afﬂictionis.

324 2012 393 2065 Et
417 2013 695 2081 cooperuit
721 2027 818 2065 nos
848 2012 1040 2065 umbra
1066 2012 1277 2065 mortis.

243 2098 293 2153 Η
324 2097 635 2153 Humiliati
667 2114 872 2155 sumus
905 2098 959 2153 in
992 2097 1116 2153 loco
1142 2098 1496 2165 afﬂictionis,
1526 2099 1584 2155 id
1632 2104 1721 2156 est
1764 2100 1823 2155 in

176 2202 416 2259 corpore
450 2185 583 2253 isto,
610 2186 666 2240 in
698 2202 811 2257 quo
841 2202 1138 2241 versamur
1168 2190 1226 2241 et
1255 2186 1573 2261 affligimur
1590 2192 1827 2260 propter

178 2275 501 2330 Christum.
537 2276 576 2329 C
603 2273 819 2329 Umbra
865 2273 1070 2329 mortis
1117 2274 1245 2329 vitae
1296 2274 1467 2330 istius
1511 2276 1822 2332 transitum

179 2362 336 2428 dicit,
351 2360 454 2433 qui
478 2361 698 2416 sanctis
719 2364 775 2416 et
797 2362 1196 2433 peccatoribus
1218 2363 1497 2434 probatur
1516 2381 1644 2419 esse
1667 2381 1823 2422 com-

180 2450 394 2504 munis.
430 2448 538 2504 Illa
563 2463 697 2505 vero
728 2465 886 2504 mors
934 2466 1067 2504 vera
1114 2454 1222 2514 est,
1255 2467 1370 2522 qua
1418 2449 1580 2523 impii
1613 2457 1828 2508 interna

179 2537 558 2592 damnatione
591 2536 934 2609 puniuntur.
964 2538 1005 2592 ll
1032 2537 1151 2593 Etsi
1184 2537 1339 2593 enim
1364 2540 1551 2595 sancti
1572 2540 1665 2596 hic
1687 2541 1829 2596 afﬂi-

180 2630 400 2698 guntur
414 2629 474 2681 et
491 2624 664 2681 morti
693 2625 1288 2691 destinantur,vivunt
1307 2631 1500 2683 tamen
1530 2632 1669 2696 Deo;
1696 2629 1827 2684 ideo

178 2712 295 2769 haec
327 2730 491 2769 mors
522 2712 736 2768 umbra
763 2712 993 2781 mortis,
1024 2730 1139 2768 non
1170 2729 1326 2770 mors
1356 2718 1464 2770 est.

183 2803 249 2855 22
318 2801 381 2856 Si
407 2802 576 2857 obliti
601 2817 791 2856 sumus
810 2817 1016 2857 nomen
1044 2803 1145 2857 Dei
1171 2804 1365 2859 nostri.

329 2895 387 2955 σέ-
412 2889 484 2944 Et
525 2896 540 2952 ζ
584 2891 637 2945 si
663 2889 1027 2961 expandimus
1056 2907 1253 2945 manus
1298 2897 1508 2947 nostras
1553 2891 1623 2947 ad
1658 2894 1829 2949 Deum

384 2978 659 3034 alienum.

244 3067 292 3118 Η
319 3065 378 3120 Si
412 3065 583 3121 obliti
617 3081 825 3122 sumus
856 3082 1069 3121 nomen
1117 3066 1231 3132 Dei,
1267 3067 1323 3121 id
1372 3071 1463 3123 est
1508 3067 1825 3125 Christum.

186 3153 239 3207 Si
269 3154 667 3227 expendimus
697 3166 913 3210 manus
942 3154 1014 3210 ad
1051 3155 1227 3210 Deum
1261 3153 1516 3211 alienum
1548 3156 1605 3211 id
1636 3160 1726 3212 est
1755 3157 1827 3213 ad

180 3239 421 3297 idolum.

178 3328 246 3382 23
315 3330 512 3386 Nonne
541 3335 689 3387 Deus
718 3332 959 3402 requiret
980 3331 1125 3386 ista?

315 3419 436 3489 Ipse
462 3421 622 3475 enim
649 3421 802 3475 novit
830 3418 1143 3474 abscondita
1169 3419 1366 3476 cordis.

246 3503 288 3559 C
314 3504 546 3574 Nonne,
579 3522 717 3562 cum
749 3506 1005 3579 pondere
1034 3506 1531 3579 pronuntiandum
1559 3512 1668 3575 est,
1693 3526 1829 3582 quo-

180 3591 331 3648 niam
361 3593 789 3666 gravissimum
819 3598 909 3649 est
937 3594 1091 3667 apud
1122 3595 1327 3662 Deum,
1362 3595 1412 3652 si
1442 3596 1500 3651 in
1532 3597 1660 3668 ejus
1695 3597 1828 3653 reli-

178 3678 341 3749 gione
370 3685 671 3754 peccetur.
705 3681 1017 3754 Requirere
1049 3685 1243 3739 autem
1283 3682 1562 3753 solemus,
1596 3686 1827 3758 quando

178 3764 271 3821 illa
297 3768 717 3827 desideramus
746 3786 1078 3844 agnoscere,
1113 3787 1239 3844 que
1270 3776 1529 3829 nostram
1560 3773 1829 3830 novimus

177 3856 597 3914 conscientiam
631 3874 747 3915 non
778 3862 993 3914 tenere.
1026 3857 1143 3914 Hoc
1167 3860 1226 3915 in
1256 3859 1371 3916 Deo
1402 3877 1516 3917 non
1549 3865 1655 3931 est,
1691 3862 1830 3935 quia

176 3944 364 4001 omnia
410 3947 612 4015 novit;
648 3946 750 4002 sed
796 3945 1015 4003 dicitur
1056 3946 1372 4019 requirere,
1405 3950 1544 4007 dum
1597 3967 1700 4022 pro
1745 3951 1829 4008 eis

176 4046 275 4087 nos
319 4033 605 4106 puniens,
639 4035 779 4091 facit
823 4046 1022 4091 eorum
1074 4052 1181 4092 nos
1235 4037 1545 4094 recordari.
1572 4038 1642 4094 Et
1693 4039 1832 4112 quia

177 4120 453 4191 agebatur
482 4124 560 4179 de
590 4122 894 4196 religionis
920 4125 1150 4190 affectu,
1184 4124 1283 4197 qui
1312 4124 1372 4180 in
1422 4126 1593 4182 corde
1638 4126 1827 4200 magis

178 4224 343 4278 quam
376 4211 652 4284 corporis
684 4211 986 4269 devotione
1017 4211 1257 4285 geritur,
1286 4212 1467 4281 addit,
1501 4213 1627 4286 ipse
1675 4215 1832 4271 novit

180 4297 360 4354 cordis
391 4299 768 4357 abscondita.
796 4301 843 4355 A
864 4300 940 4356 Et
969 4317 1097 4373 quas
1124 4299 1246 4355 sint
1271 4300 1372 4356 illa
1403 4316 1416 4355 :
1450 4302 1729 4374 sequitur.

179 4385 241 4439 2t
309 4390 605 4459 Quoniam
623 4392 853 4462 propter
879 4396 931 4444 te
956 4390 1353 4461 mortiﬁcamur
1381 4393 1493 4446 tota
1519 4390 1609 4446 die
1639 4408 1652 4446 :

309 4474 607 4531 £stimati
635 4491 827 4532 sumus
855 4479 999 4532 sicut
1027 4492 1147 4533 oves
1175 4478 1477 4533 occisionis.

1923 599 2263 672 pensatione
2288 601 2608 675 elongatur.
2635 601 2935 674 Repetitur
2952 618 3218 675 exsurge,
3254 606 3320 658 ut
3348 601 3562 675 quibus

1920 686 2076 742 videt
2106 686 2363 758 pericula
2410 705 2686 755 crescere,
2716 706 2830 744 non
2880 689 3070 745 tardet
3115 689 3447 746 subvenire.»
3482 690 3564 746 Ne

1924 774 2170 845 repellas
2197 775 2257 830 in
2280 776 2537 842 finem,id
2562 780 2651 832 est
2681 777 2779 831 ubi
2809 781 2948 832 sunt
2967 777 3205 849 praemia
3233 778 3559 846 beatorum,

1925 862 2024 917 ubi
2054 863 2408 935 martyribus
2439 880 2662 920 corona:
2690 869 3109 938 praeparantur.
3142 866 3188 922 H
3224 867 3285 921 'n
3338 867 3512 924 ﬁnem
3546 884 3560 922 :

1926 949 2131 1006 mortis
2163 954 2387 1007 aeternae
2417 951 2657 1006 scilicet.

1924 1040 1995 1093 26
2067 1043 2255 1111 Quare
2279 1041 2477 1111 faciem
2504 1048 2656 1096 tuam
2686 1043 2925 1097 avertis?

2069 1126 2415 1183 Oblivisceris
2438 1129 2643 1199 inopia?
2662 1137 2862 1186 nostra?
2876 1138 2928 1185 et
2944 1131 3315 1189 tribulationis
3328 1139 3529 1190 nostrae
3543 1136 3567 1188 P

1999 1215 2045 1270 H
2078 1216 2294 1271 Avertit
2314 1216 2468 1272 Deus
2500 1215 2706 1287 faciem
2738 1218 2810 1273 ad
2838 1221 3091 1290 tempus,
3123 1223 3189 1274 ut
3216 1221 3420 1289 probet
3446 1220 3564 1276 ele-

1929 1308 2053 1359 ctos
2082 1320 2241 1360 suos.
2274 1304 2315 1359 Ο
2343 1304 2710 1360 Oblivisceris
2742 1305 2968 1378 inopiae,
3001 1306 3108 1364 hoc
3126 1311 3216 1362 est
3247 1323 3260 1360 :
3294 1308 3386 1363 cui
3431 1324 3566 1365 con-

1932 1408 2202 1448 sueveras
2232 1393 2557 1459 subvenire,
2586 1410 2764 1465 quam
2796 1393 2879 1449 sic
2908 1392 2968 1449 in
2998 1393 3127 1450 aliis
3178 1412 3341 1452 amas
3374 1413 3387 1450 :
3422 1400 3486 1452 ut
3513 1401 3571 1453 te

1932 1479 2164 1552 inopem
2197 1480 2376 1537 dicas.
2412 1482 2645 1537 Addidit
2686 1481 3081 1539 tribulationis
3129 1487 3360 1539 nostrae.
3392 1484 3572 1555 Cujus

1932 1567 2326 1625 tribulationis
2347 1568 2601 1627 clemens
2617 1586 2848 1641 semper
2863 1570 3131 1627 Christus
3153 1570 3448 1644 inspector
3461 1576 3567 1628 est.
3630 1570 3643 1575 ”

1929 1677 1999 1729 27
2074 1674 2342 1742 Quoniam
2368 1676 2661 1731 humiliata
2687 1677 2844 1732 estin
2872 1677 3096 1747 pulvere
3117 1678 3306 1732 animi
3337 1685 3526 1733 nostra
3551 1696 3570 1732 :

2074 1764 2501 1833 Conglutinatus
2527 1768 2606 1820 est
2632 1766 2692 1819 in
2720 1771 2869 1820 terra
2898 1769 3084 1821 venter
3111 1772 3307 1821 noster.

1858 1866 1904 1932 Β
2000 1850 2042 1906 C
2073 1850 2538 1907 Humiliaverunt
2561 1868 2624 1908 se
2653 1852 2710 1907 in
2743 1851 3001 1925 pulvere,
3032 1852 3132 1926 qui
3163 1852 3355 1910 cinere
3395 1870 3577 1926 super

1934 1956 1996 1995 se
2021 1956 2225 2012 sparso
2260 1957 2273 1996 :
2305 1941 2534 1997 animas
2566 1958 2705 1997 suas
2735 1940 3091 2003 discruciant
3114 1942 3183 1998 ad
3218 1941 3570 1999 recordatio-

1932 2044 2065 2084 nem
2090 2032 2477 2100 peccatorum.
2503 2028 2550 2084 H
2570 2028 3014 2102 Conglutinatus
3043 2035 3133 2086 cst
3150 2030 3207 2085 in
3225 2034 3379 2086 terra
3401 2047 3415 2086 :
3436 2048 3569 2087 cum
3638 2048 3641 2051 '

1933 2132 2064 2171 caro
2095 2115 2442 2186 infirmatur,
2478 2117 2578 2173 sed
2611 2134 2820 2174 sensus
2849 2121 2937 2173 est
2965 2117 3227 2174 intentus
3273 2119 3333 2176 in
3372 2117 3572 2175 coales-

1934 2204 2111 2260 tibus.

1932 2294 2003 2347 28
2074 2295 2335 2365 Exsurge,
2361 2293 2561 2366 adjuva
2590 2312 2685 2351 nos
2714 2314 2732 2350 :

2076 2373 2137 2428 Et
2168 2374 2369 2429 redime
2397 2390 2494 2428 nos
2519 2382 2743 2446 propter
2770 2391 2961 2430 nomen
2994 2383 3168 2430 tuum.

2004 2462 2045 2517 C
2075 2462 2350 2535 Exsurge,
2383 2479 2497 2517 non
2528 2463 2599 2517 ad
2646 2462 3057 2519 dormitionem
3094 2480 3108 2517 ε
3141 2463 3240 2518 sed
3272 2463 3343 2518 ad
3382 2479 3573 2520 resur-

1937 2550 2248 2605 rectionem
2273 2554 2362 2606 est
2392 2550 2583 2623 potius
2605 2550 3103 2623 applicandum,in
3135 2568 3252 2623 qua
3280 2551 3576 2608 destructa

1936 2638 2271 2710 agnoscitur
2299 2638 2559 2695 humana
2587 2639 2911 2712 captivitas.
2931 2638 3036 2696 Illo
3063 2639 3217 2695 enim
3238 2643 3574 2713 resurgente

1937 2726 2121 2798 adjuti
2151 2744 2378 2796 sumus,
2412 2745 2525 2785 non
2555 2731 2792 2801 propter
2835 2728 3110 2785 meritum
3156 2732 3444 2796 nostrum,
3470 2729 3573 2786 sed

1936 2819 2170 2888 propter
2197 2833 2410 2872 nomen
2453 2834 2650 2873 suum.
2682 2817 2818 2874 Ideo
2865 2815 3124 2873 Salvator
3170 2816 3404 2887 dicitur,
3436 2817 3597 2890 quia.

1935 2920 2040 2977 per
2064 2905 2311 2976 gratiam
2343 2922 2460 2961 suae
2490 2904 2724 2978 pietatis
2754 2905 2939 2962 salvat
2969 2905 3254 2962 inﬁrmos.

2404 3036 2606 3076 ORATIO
2643 3037 2714 3075 EX
2753 3037 2910 3076 PSAL.
2958 3036 3114 3075 XLIII.

2007 3135 2282 3207 Exsurge,
2322 3132 2582 3199 Domine,
2614 3134 2674 3189 in
2700 3133 2981 3190 auxilium
3026 3138 3312 3198 nostrum,
3345 3138 3400 3188 et
3439 3150 3577 3191 erue

1857 3222 1903 3292 C
1941 3240 2047 3279 nos
2077 3224 2148 3278 ab
2176 3222 2504 3296 opprobriis
2530 3222 2813 3278 viciorum
2835 3238 2847 3277 :
2868 3225 2925 3277 et
2953 3222 3054 3292 qui
3084 3237 3279 3277 coram
3311 3221 3577 3293 patribus

1936 3312 2155 3368 nostris
2185 3311 2557 3367 inimicarum
2588 3309 2850 3382 gentium
2883 3325 3061 3382 regna
3086 3307 3293 3374 vicisti,
3315 3325 3349 3362 a
3381 3325 3576 3381 perse-

1938 3400 2253 3472 quentibus
2305 3397 2563 3453 inimicis
2606 3397 2803 3454 vultus
2851 3396 2937 3452 tui
2993 3395 3421 3453 illuminatione
3467 3414 3575 3454 nos

1936 3488 2112 3561 eripe.
2148 3488 2252 3545 Per
2278 3487 2591 3544 Dominum
2620 3490 2885 3543 nostrum
2916 3485 3114 3543 Jesum
3139 3483 3595 3558 Christum,etc.‘

2485 3628 2811 3687 PSALMUS
2848 3628 3034 3684 XLIV.

2359 3734 2754 3775 ARGUMENTUM
2794 3734 2951 3773 PSAL.
2991 3732 3141 3774 XLIV.

2007 3846 2047 3897 Ο
2072 3842 2356 3915 Propheta
2374 3841 2593 3915 Spiritu
2612 3846 2812 3898 sancto
2834 3840 3574 3914 repletus,incarnationem

1937 3931 2166 3987 Domini
2193 3931 2405 3987 Christi
2454 3947 2516 3986 se
2566 3934 2830 3986 eructare
2875 3930 3186 4001 promittit,
3218 3934 3277 3986 et
3314 3932 3575 4005 mysticis

1935 4019 2250 4075 virtutibus
2280 4035 2558 4090 sponsam
2589 4018 2804 4074 Christi
2834 4017 3111 4074 describit
3131 4017 3466 4074 Ecclesiam.

2080 4124 2192 4180 T'I‘.
2222 4125 2283 4179 In
2314 4124 2481 4194 ﬁnem
2520 4140 2629 4195 pro
2667 4124 2754 4178 his
2799 4125 2898 4195 qui
2940 4124 3422 4179 commutabantur
3442 4125 3578 4195 ﬁliis

2153 4211 2285 4268 Core
2312 4212 2382 4266 ad
2403 4212 2750 4267 intellectum.
2780 4210 3141 4282 XCanticum
3179 4226 3280 4283 pro
3316 4209 3509 4268 dilecto
3549 4218 3563 4277 ζ

2011 4299 2052 4356 C
2083 4300 2147 4354 In
2181 4299 2356 4354 ﬁnem
2389 4315 2403 4353 ε
2440 4299 2849 4370 perfectionem
2880 4297 3192 4371 significat,
3218 4297 3328 4353 hoc
3351 4301 3440 4354 est
3470 4304 3577 4354 Do-

1941 4387 2167 4444 minum
2198 4386 2513 4443 Christum.
2539 4386 2667 4443 Filii
2700 4388 2840 4443 Core
2874 4403 2886 4441 :
2920 4386 2979 4442 id
3009 4390 3099 4443 est
3129 4385 3230 4441 filii
3262 4386 3577 4458 crucis,qui

1941 4475 2460 4532 commutabuntur
2479 4475 2814 4531 transiendo
2832 4474 2902 4531 de
2918 4472 3155 4529 tristitia
3174 4473 3354 4545 hujus
3375 4475 3579 4530 mundi

244 4559 284 4615 C
311 4562 497 4619 Morte
519 4580 664 4621 vero
694 4563 850 4620 allici
871 4568 994 4621 est:
1023 4582 1127 4638 per
1146 4563 1350 4638 longas
1373 4565 1674 4638 passiones
1696 4584 1835 4640 prze-
1863 4583 1911 4647 D
1942 4565 2013 4620 ad
2043 4563 2258 4636 gaudia
2286 4568 2519 4620 aeterna.
2553 4564 2879 4632 Canticum,
2911 4566 3134 4618 textum
3165 4560 3377 4633 psalmi
3401 4562 3597 4634 signl-.

185 4649 355 4707 sentis
381 4650 513 4707 vita
545 4652 775 4709 exitum
806 4669 913 4725 pro
942 4652 1170 4709 Christo
1200 4653 1469 4726 reperire.
1501 4655 1649 4710 Tota
1694 4655 1787 4711 die
1814 4672 1828 4712 :

184 4750 286 4792 non
307 4752 408 4811 per
438 4744 924 4797 momentaneam
949 4746 1217 4806 mortem,
1243 4741 1343 4797 sed
1371 4758 1473 4814 per
1498 4742 1833 4799 universum

187 4823 300 4879 vita:
345 4831 590 4901 tempus
638 4832 1001 4901 protractum
1062 4829 1230 4886 nobis
1271 4828 1533 4887 fidelium
1582 4830 1838 4888 declarat

188 4910 388 4971 exitum
410 4933 520 4988 pro
554 4918 802 4976 Christo.
832 4916 956 4974 Ovis
983 4917 1139 4973 enim
1170 4935 1286 4975 non
1318 4917 1494 4974 habet
1522 4935 1705 4987 arma,
1730 4936 1836 4976 nec

189 4997 340 5057 dente
380 5005 716 5073 contendit,
767 5006 869 5061 sed
930 5005 1206 5062 manibus
1261 5004 1506 5062 latronis
1552 5007 1837 5080 patienter

190 5090 509 5161 acquiescit.
542 5093 644 5150 Sic
678 5093 885 5148 famuli
934 5091 1147 5149 Christi
1198 5092 1350 5162 sicut
1393 5093 1514 5150 ovis
1564 5094 1835 5151 aestimati

193 5182 314 5232 sunt
340 5182 511 5250 mori,
546 5183 843 5256 quoniam
875 5182 1003 5238 sine
1032 5182 1398 5239 contentione
1444 5182 1638 5254 aliqua
1677 5183 1837 5240 vide-

195 5259 384 5324 bantur
412 5271 628 5327 occidi.

196 5351 255 5405 25
316 5356 576 5432 Exsurge,
611 5374 795 5433 quare
823 5357 1111 5425 obdormis,
1151 5359 1421 5414 Domine?

320 5446 560 5521 Exsurge
608 5454 670 5514 -ἑι
698 5452 755 5504 et
798 5459 811 5513 ;
857 5464 927 5501 ne
954 5447 1185 5518 repellas
1216 5448 1273 5505 in
1302 5448 1485 5517 ﬁnem.

258 5530 294 5583 C
322 5533 439 5591 Non
473 5541 686 5593 autem
725 5535 844 5591 Deo
874 5534 1140 5591 convenit
1169 5550 1477 5607 exsurgere
1511 5552 1524 5591 :
1560 5535 1658 5606 qui
1690 5552 1839 5591 nun-

207 5629 356 5685 quam
385 5625 656 5683 noscitur
671 5638 852 5698 posse
873 5620 1147 5690 dormire,
1163 5620 1263 5678 sed
1295 5619 1554 5680 humano
1575 5637 1687 5678 usu
1708 5620 1844 5679 dici-

1940 4654 2077 4708 ficat
2109 4669 2122 4706 ε
2156 4670 2260 4725 pro
2296 4651 2527 4721 dilecto,
2560 4653 2618 4708 id
2663 4656 2753 4708 est
2804 4651 3045 4708 Domino
3086 4649 3335 4715 Christo,
3367 4650 3437 4705 de
3466 4667 3581 4723 quo

1942 4741 2112 4797 Pater
2140 4740 2314 4797 dixit:
2334 4740 2436 4796 Hic
2466 4746 2555 4797 est
2585 4740 2835 4797 dilectus
2852 4738 3034 4796 Filius
3055 4754 3222 4794 meus
3254 4739 3578 4809 (Matth.m).

1942 4828 2119 4885 Istius
2150 4845 2305 4885 nunc
2335 4828 2664 4901 spirituales
2696 4828 2909 4901 nuptis:
2939 4828 3284 4883 referuntur.

1981 4918 2006 4972 1
2084 4919 2361 4974 Eructavit
2389 4932 2483 4973 cor
2507 4933 2694 4973 meum
2718 4917 2939 4973 verbum
2968 4915 3168 4972 bonum
3201 4930 3213 4969 :

2087 5008 2219 5062 Dico
2246 5021 2342 5075 ego
2369 5021 2531 5077 opera
2560 5021 2684 5060 mea
2713 5008 2845 5076 regi.

2013 5095 2053 5150 C
2082 5094 2355 5149 Eructare
2382 5092 2654 5162 dicimus,
2687 5092 2918 5165 quando
2949 5091 3186 5149 satietas
3217 5090 3480 5149 ciborum
3503 5092 3586 5147 di-

1945 5180 2233 5254 gestiones
2263 5180 2678 5238 saluberrimas
2697 5184 2989 5253 evaporat.
3013 5180 3174 5237 Unde
3204 5180 3311 5237 iste
3338 5179 3427 5236 vir
3447 5198 3580 5236 san-

1946 5272 2076 5324 ctus
2102 5267 2313 5324 caelesti
2344 5267 2612 5341 largitate
2638 5268 2882 5324 satiatus
2912 5266 3211 5335 eructavit,
3244 5266 3399 5322 unde
3438 5266 3580 5320 lide-

1947 5355 2021 5413 lis
2043 5355 2293 5429 populus
2324 5357 2829 5413 abundantissime
2851 5360 3203 5429 pasceretur.
3219 5355 3330 5412 Cor
3349 5368 3577 5409 meum:

1949 5445 2144 5501 sinum
2168 5445 2379 5501 mentis
2402 5445 2675 5518 intelligo.
2693 5445 2949 5501 Verbum
2971 5445 3189 5501 bonum
3216 5460 3228 5498 :
3249 5442 3458 5498 Filium
3481 5439 3580 5495 Dei

1948 5536 2129 5590 vocat.
2166 5534 2351 5606 Opera
2398 5551 2529 5590 vero
2564 5550 2576 5589 :
2610 5532 2956 5606 opusculum
3004 5532 3297 5605 prophetae
3351 5526 3479 5592 fuit,
3529 5529 3585 5581 et

1953 5618 2163 5695 psalmi
2198 5622 2375 5695 hujus
2403 5623 2609 5681 decora
2637 5618 2942 5680 contextio.
