3880 6364
263 395 376 464 531

1631 402 1694 466 S.
1741 403 1890 467 LEO
1931 402 2013 467 IX
2058 403 2284 465 PAPA.

3562 395 3726 472 533‘;

261 530 410 594 lum.
441 535 562 593 Hoc
600 533 864 596 videntes
905 541 1280 596 surrexerunt
1307 555 1342 596 ει
1371 553 1575 594 somno
1607 554 1619 592 :
1655 541 1710 593 et
1739 553 1896 592 cam-
1924 541 1978 608 Α
2007 535 2416 609 obtemperans
2441 532 2732 592 consentit
2775 531 3012 600 servire,
3045 547 3258 608 corpus
3306 530 3440 606 ejus
3502 529 3686 606 quasi

263 641 429 699 pana:
457 631 755 698 cmperunt
781 627 1002 700 pulsari
1029 632 1286 701 tempore
1319 628 1621 683 matutino.
1643 625 1901 698 Cumque

265 714 392 772 dies
447 713 756 782 illuxisset,
831 717 1194 789 congregatis
1249 716 1522 772 omnibus
1577 715 1898 787 Episcopis,

263 803 628 876 Presbyteris
656 809 712 860 et
739 805 1109 872 Diaconibus,
1141 809 1462 876 cunctoque
1491 803 1653 859 Clero
1701 808 1758 859 et
1801 820 1900 875 po-

265 893 404 965 pulo
435 893 694 950 Romano
719 893 777 948 in
807 893 1049 950 ecclesia
1074 896 1133 948 Β.
1168 895 1338 959 Petri,
1373 893 1625 950 surrexit
1669 893 1740 947 de
1785 892 1898 948 lec-

265 981 561 1052 tulo,hinc
589 987 648 1038 et
675 983 810 1040 inde
839 1001 873 1038 a
903 982 1187 1040 ministris
1217 983 1340 1038 suis
1370 983 1728 1054 gubernatus
1757 982 1900 1036 duo-

265 1071 400 1140 bus,
432 1073 504 1127 ad
533 1071 726 1144 ipsum
758 1077 818 1126 B.
851 1072 1001 1128 Petri
1033 1089 1264 1142 sacrum
1312 1071 1492 1127 altare
1524 1089 1536 1126 :
1572 1074 1704 1126 ante
1747 1070 1902 1142 quod

267 1177 402 1216 cum
433 1159 760 1233 lacrymans
783 1165 1110 1233 prostratus
1135 1161 1343 1216 fuisset
1385 1161 1442 1216 in
1475 1159 1903 1227 terram,oravit

265 1248 436 1320 quasi
483 1249 670 1320 spatio
697 1249 852 1305 horae
884 1251 1060 1306 unius
1093 1267 1105 1306 :
1138 1254 1194 1306 et
1221 1264 1488 1304 reversus
1519 1250 1588 1304 ad
1621 1247 1901 1304 lectulum

255 1336 441 1408 jussit
483 1337 782 1393 silentium
828 1338 974 1406 fieri,
1005 1355 1249 1394 monens
1305 1337 1588 1410 populum
1638 1352 1905 1393 sermone

263 1423 443 1481 brevi.
473 1425 616 1481 Hinc
645 1425 897 1481 munivit
921 1443 1132 1498 corpus
1163 1443 1335 1482 suum
1368 1427 1534 1497 signo
1564 1423 1904 1496 gloriosissi-

265 1529 376 1569 mas
431 1513 630 1570 Crucis
685 1513 923 1581 Christi,
971 1520 1030 1570 et
1073 1515 1291 1570 vocatis
1341 1513 1636 1586 Episcopis
1679 1514 1900 1568 confes-

265 1601 494 1659 sionem
537 1602 692 1670 fecit,
739 1607 796 1658 et
834 1603 1016 1674 jussit
1062 1603 1173 1659 sibi
1220 1605 1292 1658 ab
1342 1620 1456 1658 uno
1487 1603 1900 1674 Episcoporum

267 1690 400 1748 cani
455 1691 695 1747 Missam
747 1708 762 1746 :
811 1709 845 1746 a
896 1709 1008 1764 quo
1065 1693 1351 1764 accipiens
1407 1693 1624 1762 Corpus
1689 1690 1902 1746 Christi

268 1782 327 1834 et
353 1779 724 1851 sanguinem,
747 1780 892 1836 dixit
923 1797 935 1834 :
965 1781 1171 1836 Audite
1201 1785 1434 1852 propter
1461 1779 1903 1845 Dominum,ha~

265 1869 399 1926 bete
437 1869 758 1935 silentium,
791 1869 1030 1925 forsitan
1062 1887 1288 1941 possem
1327 1875 1558 1940 propter
1602 1869 1900 1923 modicum

267 1957 526 2029 accipere
563 1973 836 2012 somnum
887 1975 899 2012 :
956 1963 1012 2014 et
1060 1975 1192 2014 cum
1242 1957 1578 2012 inclinasset
1625 1961 1800 2028 caput
1844 1957 1904 2010 in

265 2044 479 2102 lectum
535 2045 703 2117 quasi
760 2045 964 2102 horam
1012 2047 1313 2102 dimidiam
1369 2045 1586 2118 quievit
1635 2063 1647 2100 :
1693 2045 1751 2100 in
1791 2061 1908 2116 qua

269 2133 610 2207 quietudine
639 2135 989 2190 obdormivit
1016 2135 1074 2190 in
1107 2151 1264 2206 pace.
1298 2136 1461 2188 Tunc
1492 2151 1646 2188 unus
1677 2133 1746 2187 de
1775 2132 1906 2204 Epi-

268 2223 462 2295 scopis
497 2222 749 2278 surrexit
794 2227 852 2278 et
899 2223 1084 2295 tetigit
1127 2221 1317 2286 illum,
1347 2227 1562 2294 putans
1601 2221 1788 2276 vivere
1838 2220 1907 2274 il-

202 2320 206 2325 ‘
267 2308 393 2366 lum
427 2327 440 2366 :
471 2327 646 2382 quem
675 2327 808 2366 eum
841 2311 1204 2383 cognovisset
1232 2310 1592 2374 defunctum,
1619 2309 1910 2363 nuntiavit

271 2398 494 2455 caeteris
523 2397 889 2470 CoepiscOpis
937 2399 1037 2470 qui
1086 2399 1328 2454 aderant
1364 2414 1566 2454 omnes
1595 2397 1907 2452 Dominum

271 2502 528 2544 exorare.
560 2487 706 2542 Mira
735 2487 1000 2542 dicturus
1030 2503 1182 2554 sum,
1215 2503 1342 2558 quae
1374 2486 1655 2541 Dominus
1686 2486 1745 2539 in
1785 2485 1910 2540 suis

270 2574 442 2631 factis
469 2574 749 2648 dignatus
779 2579 1054 2630 est.Hora
1083 2591 1196 2646 qua
1228 2575 1476 2630 eximius
1507 2573 1718 2628 Prmsul
1741 2589 1906 2629 suam

272 2663 531 2721 animum
563 2663 788 2720 Christo
836 2664 1282 2728 commendavit,
1314 2663 1474 2718 nullo
1509 2663 1908 2718 ministrorum

271 2751 604 2826 pulsante,a
631 2769 695 2808 se
725 2753 853 2825 ipsa
879 2757 936 2808 S.
967 2753 1118 2808 Petri
1149 2769 1433 2824 campana
1463 2769 1669 2807 sonare
1715 2751 1907 2822 cmpit.

273 2842 398 2907 Qua
424 2840 644 2897 scilicet
670 2841 814 2897 hora
843 2843 1080 2912 quidam
1117 2841 1386 2897 Albertus
1433 2841 1686 2907 nomine,
1720 2840 1906 2895 caeteri

272 2929 534 3001 quinque
563 2931 634 2985 de
665 2930 982 2985 Tudertina
1008 2931 1152 2984 urbe
1202 2929 1501 3001 protestati
1531 2933 1669 2984 sunt
1696 2928 1912 2982 vidisse

271 3035 334 3075 se
363 3017 533 3090 quasi
565 3021 812 3074 stratam
860 3018 1054 3090 palliis
1105 3017 1462 3090 fulgentibus
1491 3018 1829 3072 adornatam
1857 3021 1912 3071 et

269 3105 599 3162 innumeris
619 3111 1018 3161 coruscantem
1041 3105 1557 3176 1ampadibus,qua
1578 3106 1772 3160 anima
1784 3107 1910 3174 ejus

271 3195 344 3251 ab
371 3193 610 3265 Angelis
639 3193 958 3250 ducebatur
987 3195 1059 3250 ad
1093 3193 1300 3249 coelum
1333 3195 1462 3265 (67).
1499 3195 1687 3248 Tanta
1714 3194 1909 3264 itaque

2007 627 2247 682 domum
2301 624 2594 698 propriam
2643 625 2954 690 intramus,
2989 623 3146 696 quod
3179 623 3424 695 quidem
3484 619 3686 679 multo

2005 719 2265 786 tempore
2297 715 2635 770 habitamus
2663 713 3082 770 occulte.Tunc
3111 711 3389 768 dixerunt
3419 710 3686 783 quidam

2007 804 2078 859 de
2109 802 2518 858 Sacerdotibus
2551 819 2564 858 :
2599 801 2722 870 Dic,
2754 801 3054 869 scelerate,
3087 805 3147 858 et
3177 817 3314 857 cum
3346 798 3594 856 occulte
3625 799 3684 856 in
3721 858 3730 870 ,

2007 892 2266 948 hominis
2295 908 2534 964 corpore
2566 890 3176 964 habitatis,quomodo
3205 893 3346 946 tunc
3377 904 3529 946 eum
3564 888 3686 961 pri-

2009 997 2172 1037 mum
2202 979 2430 1035 lzeditis.
2458 981 2697 1037 Daemon
2728 979 3032 1052 respondit
3063 995 3077 1034 ε
3112 979 3176 1034 In
3207 977 3418 1052 primis
3459 976 3684 1050 incipi-

2008 1085 2144 1126 mus
2173 1068 2232 1124 in
2260 1069 2361 1124 illo
2391 1069 2619 1124 mittere
2648 1067 3124 1136 somnolentiam,
3153 1065 3424 1140 pigitiam
3493 1069 3561 1122 et
3595 1066 3688 1124 fa-

2008 1174 2208 1214 mem:
2241 1162 2297 1212 et
2326 1157 2468 1214 dum
2521 1156 2864 1214 dormiendo
2910 1160 2970 1213 et
3016 1156 3351 1229 pigritando
3391 1155 3684 1228 quiescit,

2008 1246 2330 1302 maximum
2361 1245 2722 1318 acquirimus
2752 1245 3004 1302 lucrum.
3031 1245 3294 1317 Cumque
3323 1248 3528 1304 totum
3561 1261 3688 1301 cor—

2010 1353 2120 1408 pus
2166 1336 2294 1406 ejus
2342 1339 2550 1390 nostrae
2607 1334 2980 1391 subdidimus
3027 1333 3325 1406 potestati,
3377 1333 3689 1406 contingit

2009 1440 2143 1480 eum
2173 1425 2244 1480 ad
2277 1423 2580 1480 ecclesiam
2611 1423 2715 1492 ire,
2747 1427 2806 1479 et
2835 1423 2988 1478 inter
3015 1422 3204 1480 bonos
3234 1427 3294 1478 et
3332 1421 3686 1480 Catholicae

2007 1513 2161 1568 viros
2193 1512 2588 1568 commisceri:
2609 1529 2859 1584 quorum
2879 1511 3274 1584 eloquentiam
3297 1510 3686 1583 spiritualem

2010 1617 2125 1658 non
2155 1601 2410 1657 valentes
2443 1601 2704 1667 sufferre,
2737 1599 3056 1672 incipimus
3102 1597 3192 1656 ira
3236 1599 3480 1656 excitati
3522 1599 3687 1656 lace-

2011 1708 2138 1746 rare
2187 1707 2398 1761 corpus
2425 1690 2646 1760 cjus,eo
2679 1689 2834 1761 quod
2871 1687 3024 1744 ultra
3067 1705 3185 1744 non
3217 1704 3548 1761 possumus
3581 1705 3685 1746 oc-

2011 1779 2236 1834 cultari.
2259 1779 2421 1834 Tunc
2453 1777 2596 1832 dixit
2627 1795 2781 1832 unus
2811 1777 2884 1832 de
2914 1777 3291 1834 adstantibus
3321 1777 3681 1850 Episcopis:

2012 1869 2232 1938 Adjuro
2283 1874 2335 1921 te
2384 1883 2487 1938 per
2534 1867 2819 1921 viventem
2851 1865 2910 1920 in
2943 1864 3158 1922 saecula
3201 1864 3584 1935 saeculorum,
3619 1870 3688 1922 ut

2015 1957 2175 2012 dicas
2204 1955 2370 2011 nobis
2401 1956 2446 2010 si
2483 1955 2592 2012 Leo
2624 1954 2724 2009 Dei
2759 1971 2960 2010 servus
2988 1959 3046 2010 et
3072 1958 3231 2024 Papa
3250 1953 3407 2011 inter
3427 1955 3684 2012 Sanctus

2015 2045 2230 2100 fruitur
2277 2043 2474 2116 aliqua
2527 2047 2834 2115 potestate.
2881 2045 2956 2098 At
3007 2042 3104 2099 ille
3152 2059 3288 2099 cum
3338 2043 3574 2116 gemitu
3625 2049 3685 2099 et

2015 2133 2268 2206 suspirio
2297 2133 2444 2190 dixit
2475 2150 2488 2187 :
2521 2133 2565 2188 Ο
2599 2131 2880 2198 malefice,
2913 2147 3094 2203 quare
3143 2131 3466 2189 nominasti
3505 2131 3682 2190 illum

2017 2221 2410 2277 adversarium
2444 2225 2711 2276 nostrum
2743 2224 2798 2275 et
2827 2221 3198 2278 seductorem
3228 2221 3415 2277 totius
3446 2221 3682 2294 provin-

2015 2311 2137 2376 ciae,
2169 2326 2272 2382 per
2301 2325 2474 2382 quem
2506 2313 2670 2364 tanta
2697 2325 2841 2380 gens
2873 2309 3152 2365 subversa
3181 2315 3294 2378 est,
3317 2314 3378 2366 et
3405 2327 3443 2366 ο.
3473 2314 3680 2368 nostro

2017 2397 2254 2470 collegio
2286 2402 2582 2470 separata;
2615 2414 2722 2454 nos
2769 2399 2943 2453 etiam
2999 2397 3261 2471 quotidie
3307 2398 3576 2470 expellit,
3621 2405 3698 2456 et.

2017 2487 2266 2543 vinculis
2297 2490 2633 2542 catenarum
2667 2485 3037 2559 constringit,
3069 2491 3248 2558 atque
3275 2487 3440 2558 ejicit
3469 2489 3546 2546 de
3574 2489 3680 2546 ha-

2020 2575 2287 2631 bitaculis
2321 2593 2333 2630 :
2366 2575 2522 2632 unde
2565 2575 2691 2646 vagi
2739 2578 2798 2631 et
2845 2573 3151 2632 instabiles
3180 2592 3250 2632 ac
3281 2576 3545 2646 venales,
3577 2593 3682 2650 per

2017 2665 2247 2719 deserta
2274 2667 2330 2718 et
2359 2663 2718 2718 infructuosa
2740 2662 2866 2718 loca
2895 2662 3398 2736 perambulantes,
3421 2665 3482 2722 in
3516 2665 3680 2722 nullo

2019 2769 2274 2825 unquam
2322 2752 2581 2824 requiem
2629 2751 2984 2807 invenimus.
3037 2753 3107 2809 Et
3141 2753 3483 2826 Episcopus
3529 2756 3615 2811 ait
3662 2771 3676 2811 :

2017 2845 2142 2896 Non
2171 2841 2242 2895 ad
2274 2857 2344 2895 ea
2368 2857 2495 2912 quae
2528 2839 2877 2912 interrogavi
2907 2841 3265 2912 respondes;
3300 2842 3402 2899 sed
3438 2841 3558 2898 alia
3594 2843 3677 2898 vi-

2017 2929 2174 2986 deris
2222 2935 2473 2984 cnotare.
2527 2929 2595 2982 Et
2644 2929 2870 2983 daemon
2920 2929 3268 3000 respondit:
3305 2930 3445 2996 Leo,
3487 2936 3681 2988 vester

2019 3018 2170 3088 Papa
2217 3034 2284 3072 ac
2332 3016 2634 3082 Dominus,
2688 3033 2818 3072 vere
2867 3017 3019 3072 inter
3065 3017 3310 3075 Sanctus
3359 3023 3473 3084 est,
3529 3019 3684 3076 inter

2017 3122 2165 3176 quos
2197 3121 2476 3177 magnum
2509 3104 2730 3159 obtinet
2757 3103 3124 3174 triumphum
3157 3119 3173 3158 :
3206 3103 3310 3174 qui
3336 3121 3456 3160 non
3488 3109 3684 3162 cessat
3719 3145 3726 3150 .

2017 3194 2277 3265 quotidie
2307 3191 2572 3264 persequi
2617 3209 2743 3258 nos,
2778 3195 2842 3246 ut
2890 3195 3158 3248 nostrum
3218 3192 3406 3264 possit
3457 3209 3682 3262 nomen

271 3281 386 3338 fuit
415 3281 694 3354 quietudo
726 3282 786 3338 in
816 3283 942 3352 ejus
973 3282 1132 3338 obitu
1185 3299 1285 3354 per
1331 3285 1509 3336 totam
1559 3281 1762 3336 urbem
1797 3283 1905 3337 Ro-
1939 3269 1981 3334 C
2020 3298 2296 3338 evacuare
2329 3298 2340 3336 :
2372 3298 2474 3354 per
2503 3297 2675 3352 quem
2709 3285 2766 3335 et
2795 3279 2966 3335 hodie
2995 3281 3067 3336 de
3096 3279 3206 3336 hac
3235 3281 3414 3338 domo
3443 3282 3685 3353 ejicien-

273 3387 530 3441 manam,
557 3375 620 3426 ut
668 3387 772 3426 nec
819 3371 1093 3426 arborum
1146 3371 1380 3426 frondes
1429 3387 1572 3425 aura
1617 3371 1914 3426 modicum

273 3459 699 3534 agitaret.0biit
727 3463 918 3516 autem
952 3459 1333 3516 Beatissimus
1366 3460 1474 3514 Leo
1499 3464 1648 3530 Papa
1667 3476 1768 3513 xm
1805 3459 1910 3514 Ka-

273 3547 476 3606 lendas
507 3548 712 3616 Maias,
735 3549 880 3604 feria
909 3565 982 3615 1v,
1016 3553 1072 3604 ct
1102 3547 1368 3619 sepultus
1399 3552 1488 3602 est
1516 3547 1574 3602 in
1608 3548 1916 3619 pace.Vere

275 3634 432 3693 enim
461 3635 616 3690 Deus
645 3651 752 3690 sua
782 3634 992 3706 pietate
1021 3635 1184 3706 pium
1232 3636 1479 3690 Leonem
1511 3636 1665 3690 fecit.
1702 3635 1812 3690 Sed
1843 3651 1915 3690 ne

275 3721 558 3794 temporis
585 3722 830 3778 tarditas
862 3739 954 3778 me
983 3723 1450 3794 comprehendat,
1479 3725 1546 3778 ad
1581 3740 1649 3778 ea
1679 3740 1804 3794 qua:
1826 3723 1912 3778 di-

275 3813 478 3866 cturus
509 3826 642 3866 sum
674 3809 955 3884 attingam
989 3828 1002 3866 :
1037 3827 1172 3865 nam
1203 3810 1314 3866 ista
1345 3827 1527 3881 pauca
1566 3811 1914 3867 detersimus

276 3899 347 3956 de
375 3899 503 3971 ejus
530 3897 666 3954 Vita
693 3899 764 3954 de
795 3899 1026 3964 multis;
1058 3901 1159 3954 sed
1208 3901 1278 3954 de
1327 3899 1624 3956 miraculis
1654 3917 1780 3971 quae
1816 3916 1917 3971 per

275 4003 409 4042 eum
461 3987 746 4044 Dominus
797 3987 1072 4059 dignatus
1119 3991 1207 4044 est
1250 3992 1382 4058 post
1426 3989 1553 4059 ejus
1600 3989 1913 4044 transitum

275 4075 602 4141 ostendere,
636 4074 882 4131 ﬁdeliter
907 4077 1239 4131 doceamus.

923 4164 1154 4220 CAPUT
1193 4165 1261 4220 ΙΙ.

273 4251 542 4308 Miracula
562 4254 683 4322 post
709 4257 939 4308 mortem
967 4269 1134 4324 usque
1162 4252 1233 4307 ad
1263 4255 1510 4320 vigiliam
1542 4253 1904 4314 Ascensionis.

349 4341 403 4396 8.
425 4338 624 4396 Altera
652 4355 784 4397 vero
813 4343 906 4396 die
938 4346 1068 4413 post
1097 4343 1224 4410 ejus
1247 4341 1763 4414 obitum,qua3dam
1788 4360 1913 4399 mu-

275 4429 382 4487 lier
408 4430 481 4486 de
511 4429 732 4486 Tuscize
780 4430 1044 4502 partibus
1092 4429 1249 4485 venit
1295 4431 1367 4484 ad
1417 4431 1720 4486 ecclesiam
1754 4433 1911 4488 Beati

274 4517 538 4592 Apostoli
569 4534 582 4573 :
616 4523 674 4574 et
702 4534 835 4574 cum
865 4517 1136 4590 coepisset
1181 4535 1283 4590 per
1327 4521 1544 4590 gradus
1581 4521 1912 4589 ascendere,

2023 3371 2133 3426 dus
2163 3387 2316 3426 sum.
2351 3369 2508 3425 Talia
2537 3385 2602 3424 eo
2633 3367 3104 3433 dicente,mulier
3131 3369 3408 3440 quaedam
3438 3387 3684 3444 respon-

2020 3459 2283 3528 dit,inter
2312 3463 2547 3513 caeteros
2579 3461 2773 3512 mente
2802 3457 3026 3528 perfida
3075 3457 3420 3531 dicens(68):
3443 3460 3508 3515 In
3535 3460 3684 3516 hora

2023 3565 2140 3618 qua
2170 3549 2282 3602 Leo
2316 3551 2469 3618 Papa
2498 3545 2789 3600 daemones
2823 3545 3130 3616 fugaverit,
3163 3561 3270 3618 ego
3300 3547 3512 3619 regina
3539 3565 3642 3605 ero
3668 3567 3682 3618 ;

2023 3640 2080 3692 et
2125 3652 2328 3690 omnes
2360 3651 2504 3706 quos
2535 3633 2670 3688 fecit
2697 3633 2890 3706 gladio
2921 3631 3152 3706 perimi,
3183 3649 3292 3707 ego
3331 3635 3544 3694 statim
3594 3654 3684 3694 re-

2023 3725 2340 3781 suscitabo.
2374 3723 2482 3778 Vix
2535 3721 2675 3778 talia
2721 3721 3111 3794 compleverat
3154 3723 3354 3793 verba;
3395 3725 3604 3782 subito
3650 3743 3702 3782 a.

2023 3813 2308 3868 daemonio
2339 3810 2650 3867 crudeliter
2674 3809 2852 3882 cmpit
2877 3811 3100 3878 vexari;
3141 3809 3248 3866 illa
3291 3817 3497 3870 autem
3548 3831 3682 3872 mua-
3722 3875 3725 3877 _

2023 3902 2148 3967 lier,
2181 3919 2307 3974 quae
2339 3918 2372 3956 a
2403 3901 2627 3956 Tusciae
2656 3900 2916 3970 partibus
2945 3904 3202 3978 venerat,
3233 3903 3444 3958 eadem
3477 3904 3684 3962 horna

2023 3991 2308 4046 daemonio
2339 3994 2426 4045 est
2455 3989 2718 4044 liberata.
2753 3989 2918 4044 Tunc
2947 4005 3154 4045 omnes
3173 3990 3376 4062 populi
3411 3993 3518 4064 qui
3549 3995 3684 4050 ade-

2023 4083 2154 4134 rant
2177 4081 2478 4150 cmperunt
2509 4094 2623 4148 pra:
2653 4077 2866 4133 timore
2905 4093 3034 4151 esse
3063 4078 3378 4150 perterriti,
3411 4079 3684 4140 claman-
3718 4119 3724 4123 -

2021 4172 2108 4224 tes
2137 4166 2494 4223 unanimiter
2524 4182 2538 4220 :
2574 4167 2784 4222 Sancte
2816 4167 2954 4232 Leo,
2981 4181 3158 4240 parce
3197 4167 3566 4242 nobis,-quia
3589 4172 3690 4228 in-

2015 4258 2174 4328 juste
2203 4257 2454 4328 egimus.

2090 4346 2146 4400 9.
2177 4346 2240 4400 In
2269 4345 2368 4398 illa
2397 4343 2540 4398 hora
2569 4343 2685 4398 duo
2713 4341 2818 4397 viri
2851 4345 3136 4400 contracti
3161 4351 3452 4403 venerunt
3482 4349 3562 4405 ad
3589 4353 3684 4406 tu-

2023 4433 2249 4488 mulum
2275 4431 2710 4504 ejus,habentes
2730 4431 2948 4488 nodosa
2969 4436 3028 4486 et
3050 4437 3316 4490 contorta
3330 4450 3706 4508 genuasua,‘

2024 4539 2270 4594 quorum
2305 4519 2558 4576 calcanei
2591 4519 2826 4576 natibus
2859 4521 3235 4578 adhmrebant
3267 4538 3282 4577 :
3315 4523 3421 4594 qui
3445 4527 3685 4582 venien~

275 4607 450 4680 ccepit
477 4623 605 4663 eam
637 4607 862 4663 daemon
892 4623 1094 4662 vexare
1121 4612 1177 4662 et
1206 4623 1308 4678 per
1335 4624 1398 4662 os
1425 4608 1551 4677 ejus
1580 4607 1832 4663 clamare
1862 4616 1918 4664 et
1941 4635 1994 4697 υ
2023 4611 2266 4680 tes,sani
2299 4609 2508 4665 reversi
2542 4607 2936 4676 sunt,nullum
2967 4609 3208 4682 signum
3238 4610 3532 4670 habentes
3563 4615 3686 4686 pri-

275 4695 462 4753 dicere
511 4713 525 4753 :
577 4695 621 4752 0
669 4696 876 4752 Sancte
911 4696 1043 4760 Leo,
1093 4711 1271 4766 quare
1323 4697 1541 4752 catenis
1589 4696 1776 4768 igneis
1823 4714 1915 4753 me

274 4785 536 4842 vinctum
568 4784 789 4840 trahis?
820 4801 934 4840 non
965 4787 1021 4838 te
1052 4782 1172 4838 laesi
1199 4785 1557 4855 unquamlﬁt
1584 4801 1716 4840 cum
1740 4786 1942 4842 ducta.

275 4871 483 4929 fuisset
509 4873 581 4928 ad
608 4871 903 4927 tumulum
931 4872 1382 4942 ejus,c03perunt
1410 4874 1707 4929 adstantes
1729 4873 1915 4930 incre-

274 4976 416 5032 pare
443 4956 766 5016 damonem
797 4965 854 5013 et
883 4959 1074 5014 dicere
1101 4975 1114 5012 :
1150 4959 1914 5033 Dic,maledicte,quomodo

275 5048 392 5104 huc
439 5046 672 5114 venisti,
705 5050 807 5101 aut
851 5047 1002 5100 unde
1033 5047 1091 5100 in
1122 5047 1480 5104 Christianos
1529 5055 1721 5106 tantas
1763 5054 1914 5107 vires

277 5133 587 5206 sumpsisti
633 5133 707 5188 ad
757 5133 1104 5188 vexandum.
1145 5141 1366 5191 Daemon
1420 5139 1718 5210 respondit
1753 5156 1764 5192 :
1799 5141 1914 5210 Ego

277 5226 337 5278 et
365 5219 406 5276 ii
435 5219 538 5292 qui
565 5220 780 5276 adsunt
809 5220 970 5285 mihi,
995 5221 1157 5276 missi
1190 5241 1398 5279 sumus
1430 5226 1762 5280 subvertere
1791 5228 1914 5280 ani-

277 5326 438 5367 mam
465 5308 803 5378 hominis,et
828 5310 1053 5366 tamdiu
1083 5315 1304 5367 tentare
1335 5312 1526 5383 quoad
1561 5327 1745 5382 usque
1780 5330 1914 5370 nos-

275 5403 368 5455 tra
415 5397 700 5454 faciamus
748 5399 1068 5470 adimplere
1107 5401 1404 5454 mandata.
1439 5397 1700 5468 Cumque
1749 5402 1915 5456 nobis

349 5521 461 5591 (67)
494 5521 824 5578 Desiderius
853 5519 1184 5577 Casinensis
1220 5534 1232 5571 :
1266 5519 1341 5572 Ab
1373 5519 1474 5591 hac
1503 5521 1750 5576 instabili
1778 5524 1913 5591 luce,

278 5591 351 5648 ad
394 5589 690 5664 Christum,
722 5596 818 5664 qui
863 5609 990 5647 vera
1031 5594 1091 5664 et
1114 5591 1336 5664 caterua
1385 5589 1484 5642 lux
1531 5589 1918 5664 aeneatorum

281 5659 598 5720 laetantibus
625 5659 851 5730 ciuibus,
874 5659 1146 5730 Angelicis
1174 5659 1450 5713 subvectus
1477 5662 1749 5728 manibus,
1775 5681 1914 5721 com~

2023 4700 2185 4756 siina:
2215 4697 2596 4754 inﬁrmitatis.
2632 4697 2764 4767 Ipso
2793 4695 2936 4752 item
2983 4697 3080 4752 die
3127 4697 3274 4755 hora
3321 4705 3714 4774 vespertina,-

2021 4787 2176 4844 venit
2191 4786 2427 4858 quidam
2449 4784 2536 4840 vir
2556 4788 2756 4840 mutus
2779 4788 2835 4839 et
2853 4785 3091 4852 surdus,
3115 4791 3173 4842 et
3188 4787 3506 4848 sinistrum
3527 4791 3683 4858 latus

2023 4874 2254 4942 aridum
2285 4873 2808 4942 habens,totusqne
2837 4871 3247 4942 phantasmate
3276 4877 3543 4947 quodam
3565 4895 3686 4936 ma-

2023 4963 2275 5029 culatus;
2307 4961 2408 5032 qui
2439 4977 2573 5015 cum
2603 4960 2812 5016 fuisset
2838 4961 2912 5018 ad
2941 4977 3178 5018 sacrum
3220 4963 3530 5022 tumulum
3582 4969 3682 5024 dc-

2025 5049 2550 5124 portatus,solutus
2577 5055 2666 5104 est
2695 5065 2729 5102 a
2757 5047 3010 5106 vinculis
3029 5049 3246 5122 quibus
3266 5069 3488 5125 corpus
3519 5055 3682 5112 illius

2025 5140 2522 5195 teneb-durfl‘unc
2551 5153 2756 5191 omnes
2785 5143 3086 5209 cmperunt
3119 5145 3300 5198 Deum
3331 5143 3556 5202 salutis
3581 5163 3681 5201 au-

2022 5235 2237 5285 ctorem
2289 5227 2644 5284 continuatis
2696 5225 2970 5282 laudibus
3015 5227 3328 5299 honorare,
3359 5232 3468 5305 qui
3514 5238 3685 5290 tanta

2023 5317 2314 5373 mirabilia
2343 5321 2616 5388 operatur
2643 5331 2747 5386 per
2775 5315 3052 5372 Sanctum
3079 5318 3453 5376 Pontificem
3504 5339 3709 5380 suum-

2023 5406 2289 5462 Leonem.
2339 5403 2582 5459 Romani
2627 5402 2810 5475 igitur
2857 5404 3118 5460 videntes
3165 5409 3702 5479 tantas-virtutes,

2023 5538 2492 5728 ζῖξέέδυῖἕυῖἱωα
2533 5615 2602 5654 ex
2648 5598 2720 5654 iis
2769 5598 2986 5655 habent
3032 5599 3228 5659 Bruno
3255 5603 3594 5678 Signiensis
3623 5611 3704 5666 et:

2069 5689 2097 5728 e
2127 5689 2226 5728 rus
2302 5687 2410 5727 ao.
3201 5699 3207 5704 τ
3285 5713 3290 5720 .

2069 5687 2226 5728 θιωε
2257 5687 2410 5727 υωο.
3201 5699 3207 5704 ι
3285 5713 3290 5720 ,
