  <div class='ocr_page' id='page_1' title='image "/cluster/home/n/w/nwhite01/storage/ocr_20150623/142-143/uc1.31175018423130/1006.png"; bbox 0 0 3880 6342; ppageno 0'>
   <div class='ocr_carea' id='block_1_1' title="bbox 162 421 275 486">
    <p class='ocr_par' dir='ltr' id='par_1_1' title="bbox 162 421 275 486">
     <span class='ocr_line' id='line_1_1' title="bbox 162 421 275 486; baseline -0.009 -1"><span class='ocrx_word' id='word_1_1' title='bbox 162 421 275 486; x_wconf 70' lang='lat'><strong>533</strong></span> 
     </span>
    </p>
   </div>
   <div class='ocr_carea' id='block_1_2' title="bbox 746 415 2974 484">
    <p class='ocr_par' dir='ltr' id='par_1_2' title="bbox 746 415 2974 484">
     <span class='ocr_line' id='line_1_2' title="bbox 746 415 2974 484; baseline -0.001 -2"><span class='ocrx_word' id='word_1_2' title='bbox 746 415 1077 484; x_wconf 80' lang='lat' dir='ltr'><strong>PROLEG.</strong></span> <span class='ocrx_word' id='word_1_3' title='bbox 1106 451 1184 466; x_wconf 90' lang='lat'><strong><em>—</em></strong></span> <span class='ocrx_word' id='word_1_4' title='bbox 1216 419 1583 483; x_wconf 77' lang='lat' dir='ltr'><strong>HISTORIA</strong></span> <span class='ocrx_word' id='word_1_5' title='bbox 1631 420 1923 483; x_wconf 78' lang='lat' dir='ltr'><strong>MURTIS</strong></span> <span class='ocrx_word' id='word_1_6' title='bbox 1969 419 2069 481; x_wconf 84' lang='lat' dir='ltr'><strong>ET</strong></span> <span class='ocrx_word' id='word_1_7' title='bbox 2115 418 2385 481; x_wconf 80' lang='lat' dir='ltr'><strong>MIRAC.</strong></span> <span class='ocrx_word' id='word_1_8' title='bbox 2433 419 2499 481; x_wconf 90' lang='lat' dir='ltr'><strong>S.</strong></span> <span class='ocrx_word' id='word_1_9' title='bbox 2545 416 2823 482; x_wconf 87' lang='lat' dir='ltr'><strong>LEONIS</strong></span> <span class='ocrx_word' id='word_1_10' title='bbox 2866 416 2974 482; x_wconf 85' lang='lat' dir='ltr'><strong>IX.</strong></span> 
     </span>
    </p>
   </div>
   <div class='ocr_carea' id='block_1_3' title="bbox 3388 418 3554 511">
    <p class='ocr_par' dir='ltr' id='par_1_3' title="bbox 3388 418 3554 511">
     <span class='ocr_line' id='line_1_3' title="bbox 3388 418 3554 511; baseline -0.018 -29"><span class='ocrx_word' id='word_1_11' title='bbox 3388 492 3395 504; x_wconf 88' lang='lat'><em>_</em></span> <span class='ocrx_word' id='word_1_12' title='bbox 3435 418 3554 511; x_wconf 67' lang='lat'><strong>5,34</strong></span> 
     </span>
    </p>
   </div>
   <div class='ocr_carea' id='block_1_4' title="bbox 162 550 3555 635">
    <p class='ocr_par' dir='ltr' id='par_1_4' title="bbox 162 550 3555 635">
     <span class='ocr_line' id='line_1_4' title="bbox 162 550 3555 635; baseline -0.001 -20"><span class='ocrx_word' id='word_1_13' title='bbox 162 551 471 615; x_wconf 86' lang='lat' dir='ltr'><strong>currebant</strong></span> <span class='ocrx_word' id='word_1_14' title='bbox 498 551 762 611; x_wconf 77' lang='lat' dir='ltr'><strong>certatim</strong></span> <span class='ocrx_word' id='word_1_15' title='bbox 789 569 923 610; x_wconf 91' lang='lat' dir='ltr'><strong>eum</strong></span> <span class='ocrx_word' id='word_1_16' title='bbox 955 552 1136 611; x_wconf 80' lang='lat' dir='ltr'><strong>cereis</strong></span> <span class='ocrx_word' id='word_1_17' title='bbox 1158 557 1213 610; x_wconf 90' lang='lat' dir='ltr'><strong>et</strong></span> <span class='ocrx_word' id='word_1_18' title='bbox 1233 551 1805 627; x_wconf 87' lang='lat' dir='ltr'><strong>oblationibus,gau-</strong></span> <span class='ocrx_word' id='word_1_19' title='bbox 1833 560 1888 624; x_wconf 77' lang='grc' dir='ltr'>Α</span> <span class='ocrx_word' id='word_1_20' title='bbox 1918 552 1978 608; x_wconf 91' lang='lat' dir='ltr'><strong>in</strong></span> <span class='ocrx_word' id='word_1_21' title='bbox 2010 551 2198 608; x_wconf 91' lang='lat' dir='ltr'><strong>nobis.</strong></span> <span class='ocrx_word' id='word_1_22' title='bbox 2232 552 2326 608; x_wconf 88' lang='lat' dir='ltr'><strong>Ait</strong></span> <span class='ocrx_word' id='word_1_23' title='bbox 2352 552 2673 625; x_wconf 84' lang='lat' dir='ltr'><strong>EpiseOpus</strong></span> <span class='ocrx_word' id='word_1_24' title='bbox 2708 569 2721 607; x_wconf 93' lang='lat'><strong>:</strong></span> <span class='ocrx_word' id='word_1_25' title='bbox 2754 552 3050 608; x_wconf 85' lang='lat' dir='ltr'><strong>Venerunt</strong></span> <span class='ocrx_word' id='word_1_26' title='bbox 3076 550 3187 624; x_wconf 85' lang='lat' dir='ltr'><strong>ipsi</strong></span> <span class='ocrx_word' id='word_1_27' title='bbox 3216 552 3413 610; x_wconf 84' lang='lat' dir='ltr'><strong>Sancti</strong></span> <span class='ocrx_word' id='word_1_28' title='bbox 3442 553 3555 635; x_wconf 84' lang='lat' dir='ltr'><strong>Ro-</strong></span> 
     </span>
    </p>
   </div>
   <div class='ocr_carea' id='block_1_5' title="bbox 162 642 856 703">
    <p class='ocr_par' dir='ltr' id='par_1_5' title="bbox 162 642 856 703">
     <span class='ocr_line' id='line_1_5' title="bbox 162 642 856 703; baseline -0.007 0"><span class='ocrx_word' id='word_1_29' title='bbox 162 647 360 703; x_wconf 89' lang='lat' dir='ltr'><strong>dentes</strong></span> <span class='ocrx_word' id='word_1_30' title='bbox 391 646 447 701; x_wconf 89' lang='lat' dir='ltr'><strong>et</strong></span> <span class='ocrx_word' id='word_1_31' title='bbox 478 642 856 700; x_wconf 80' lang='lat' dir='ltr'><strong>exsultantes.</strong></span> 
     </span>
    </p>
   </div>
   <div class='ocr_carea' id='block_1_6' title="bbox 231 731 1805 804">
    <p class='ocr_par' dir='ltr' id='par_1_6' title="bbox 231 731 1805 804">
     <span class='ocr_line' id='line_1_6' title="bbox 231 731 1805 804; baseline -0.005 -12"><span class='ocrx_word' id='word_1_32' title='bbox 231 736 319 792; x_wconf 75' lang='lat' dir='ltr'><strong>it).</strong></span> <span class='ocrx_word' id='word_1_33' title='bbox 350 732 479 790; x_wconf 80' lang='lat' dir='ltr'><strong>Alia</strong></span> <span class='ocrx_word' id='word_1_34' title='bbox 504 749 639 789; x_wconf 91' lang='lat' dir='ltr'><strong>vero</strong></span> <span class='ocrx_word' id='word_1_35' title='bbox 671 733 762 787; x_wconf 94' lang='lat' dir='ltr'><strong>die</strong></span> <span class='ocrx_word' id='word_1_36' title='bbox 810 733 968 787; x_wconf 85' lang='lat' dir='ltr'><strong>venit</strong></span> <span class='ocrx_word' id='word_1_37' title='bbox 998 732 1239 804; x_wconf 89' lang='lat' dir='ltr'><strong>quidam</strong></span> <span class='ocrx_word' id='word_1_38' title='bbox 1289 731 1377 786; x_wconf 90' lang='lat' dir='ltr'><strong>vir</strong></span> <span class='ocrx_word' id='word_1_39' title='bbox 1423 731 1493 786; x_wconf 92' lang='lat' dir='ltr'><strong>de</strong></span> <span class='ocrx_word' id='word_1_40' title='bbox 1544 731 1805 798; x_wconf 76' lang='lat' dir='ltr'><strong>Francia,</strong></span> 
     </span>
    </p>
   </div>
   <div class='ocr_carea' id='block_1_7' title="bbox 162 819 1804 898">
    <p class='ocr_par' dir='ltr' id='par_1_7' title="bbox 162 819 1804 898">
     <span class='ocr_line' id='line_1_7' title="bbox 162 819 1804 898; baseline -0.005 -17"><span class='ocrx_word' id='word_1_41' title='bbox 162 826 256 898; x_wconf 88' lang='lat' dir='ltr'><strong>qui</strong></span> <span class='ocrx_word' id='word_1_42' title='bbox 288 822 542 879; x_wconf 86' lang='lat' dir='ltr'><strong>habebat</strong></span> <span class='ocrx_word' id='word_1_43' title='bbox 570 838 783 894; x_wconf 90' lang='lat' dir='ltr'><strong>corpus</strong></span> <span class='ocrx_word' id='word_1_44' title='bbox 832 838 1007 877; x_wconf 76' lang='lat' dir='ltr'><strong>suum</strong></span> <span class='ocrx_word' id='word_1_45' title='bbox 1041 822 1223 876; x_wconf 86' lang='lat' dir='ltr'><strong>ferreo</strong></span> <span class='ocrx_word' id='word_1_46' title='bbox 1267 819 1501 891; x_wconf 89' lang='lat' dir='ltr'><strong>cingulo</strong></span> <span class='ocrx_word' id='word_1_47' title='bbox 1550 824 1804 874; x_wconf 89' lang='lat' dir='ltr'><strong>coarcta-</strong></span> 
     </span>
    </p>
   </div>
   <div class='ocr_carea' id='block_1_8' title="bbox 160 908 1805 983">
    <p class='ocr_par' dir='ltr' id='par_1_8' title="bbox 160 908 1805 983">
     <span class='ocr_line' id='line_1_8' title="bbox 160 908 1805 983; baseline -0.004 -14"><span class='ocrx_word' id='word_1_48' title='bbox 160 918 307 980; x_wconf 89' lang='lat' dir='ltr'><strong>tum,</strong></span> <span class='ocrx_word' id='word_1_49' title='bbox 341 911 423 966; x_wconf 91' lang='lat' dir='ltr'><strong>ita</strong></span> <span class='ocrx_word' id='word_1_50' title='bbox 453 914 518 966; x_wconf 92' lang='lat' dir='ltr'><strong>ut</strong></span> <span class='ocrx_word' id='word_1_51' title='bbox 568 927 670 982; x_wconf 90' lang='lat' dir='ltr'><strong>per</strong></span> <span class='ocrx_word' id='word_1_52' title='bbox 713 926 918 983; x_wconf 83' lang='lat' dir='ltr'><strong>gyrum</strong></span> <span class='ocrx_word' id='word_1_53' title='bbox 952 910 1209 981; x_wconf 86' lang='lat' dir='ltr'><strong>corporis</strong></span> <span class='ocrx_word' id='word_1_54' title='bbox 1241 910 1436 964; x_wconf 80' lang='lat' dir='ltr'><strong>sanies</strong></span> <span class='ocrx_word' id='word_1_55' title='bbox 1481 908 1666 963; x_wconf 88' lang='lat' dir='ltr'><strong>multa</strong></span> <span class='ocrx_word' id='word_1_56' title='bbox 1710 909 1805 962; x_wconf 86' lang='lat' dir='ltr'><strong>de-</strong></span> 
     </span>
    </p>
   </div>
   <div class='ocr_carea' id='block_1_9' title="bbox 161 998 1809 1071">
    <p class='ocr_par' dir='ltr' id='par_1_9' title="bbox 161 998 1809 1071">
     <span class='ocr_line' id='line_1_9' title="bbox 161 998 1809 1071; baseline -0.004 -13"><span class='ocrx_word' id='word_1_57' title='bbox 161 1004 419 1059; x_wconf 79' lang='lat' dir='ltr'><strong>curreret</strong></span> <span class='ocrx_word' id='word_1_58' title='bbox 467 999 528 1054; x_wconf 91' lang='lat' dir='ltr'><strong>in</strong></span> <span class='ocrx_word' id='word_1_59' title='bbox 586 999 1037 1071; x_wconf 76' lang='lat' dir='ltr'><strong>terramzquod</strong></span> <span class='ocrx_word' id='word_1_60' title='bbox 1093 998 1356 1053; x_wconf 73' lang='lat' dir='ltr'><strong>videntes</strong></span> <span class='ocrx_word' id='word_1_61' title='bbox 1409 998 1507 1068; x_wconf 89' lang='lat' dir='ltr'><strong>qui</strong></span> <span class='ocrx_word' id='word_1_62' title='bbox 1569 998 1809 1053; x_wconf 87' lang='lat' dir='ltr'><strong>aderant</strong></span> 
     </span>
    </p>
   </div>
   <div class='ocr_carea' id='block_1_10' title="bbox 159 1087 1806 1161">
    <p class='ocr_par' dir='ltr' id='par_1_10' title="bbox 159 1087 1806 1161">
     <span class='ocr_line' id='line_1_10' title="bbox 159 1087 1806 1161; baseline -0.004 -15"><span class='ocrx_word' id='word_1_63' title='bbox 159 1107 329 1147; x_wconf 75' lang='lat' dir='ltr'><strong>nares</strong></span> <span class='ocrx_word' id='word_1_64' title='bbox 377 1087 491 1144; x_wconf 86' lang='lat' dir='ltr'><strong>sibi</strong></span> <span class='ocrx_word' id='word_1_65' title='bbox 538 1105 652 1161; x_wconf 69' lang='lat' dir='ltr'><strong>pra:</strong></span> <span class='ocrx_word' id='word_1_66' title='bbox 701 1087 881 1143; x_wconf 90' lang='lat' dir='ltr'><strong>nimio</strong></span> <span class='ocrx_word' id='word_1_67' title='bbox 924 1103 1129 1159; x_wconf 79' lang='lat' dir='ltr'><strong>pavore</strong></span> <span class='ocrx_word' id='word_1_68' title='bbox 1181 1091 1235 1141; x_wconf 91' lang='lat' dir='ltr'><strong>et</strong></span> <span class='ocrx_word' id='word_1_69' title='bbox 1285 1087 1460 1141; x_wconf 85' lang='lat' dir='ltr'><strong>fetore</strong></span> <span class='ocrx_word' id='word_1_70' title='bbox 1506 1088 1806 1141; x_wconf 88' lang='lat' dir='ltr'><strong>obturave-</strong></span> 
     </span>
    </p>
   </div>
   <div class='ocr_carea' id='block_1_11' title="bbox 160 1174 1805 1250">
    <p class='ocr_par' dir='ltr' id='par_1_11' title="bbox 160 1174 1805 1250">
     <span class='ocr_line' id='line_1_11' title="bbox 160 1174 1805 1250; baseline -0.002 -16"><span class='ocrx_word' id='word_1_71' title='bbox 160 1182 316 1245; x_wconf 88' lang='lat' dir='ltr'><strong>runt,</strong></span> <span class='ocrx_word' id='word_1_72' title='bbox 353 1179 734 1250; x_wconf 87' lang='lat' dir='ltr'><strong>deprecantes</strong></span> <span class='ocrx_word' id='word_1_73' title='bbox 762 1176 1075 1231; x_wconf 91' lang='lat' dir='ltr'><strong>Dominum</strong></span> <span class='ocrx_word' id='word_1_74' title='bbox 1125 1180 1188 1230; x_wconf 91' lang='lat' dir='ltr'><strong>ut</strong></span> <span class='ocrx_word' id='word_1_75' title='bbox 1227 1192 1330 1247; x_wconf 92' lang='lat' dir='ltr'><strong>per</strong></span> <span class='ocrx_word' id='word_1_76' title='bbox 1358 1174 1416 1230; x_wconf 91' lang='lat' dir='ltr'><strong>S.</strong></span> <span class='ocrx_word' id='word_1_77' title='bbox 1451 1176 1656 1230; x_wconf 86' lang='lat' dir='ltr'><strong>Leonis</strong></span> <span class='ocrx_word' id='word_1_78' title='bbox 1687 1191 1805 1230; x_wconf 90' lang='lat' dir='ltr'><strong>me-</strong></span> 
     </span>
    </p>
   </div>
   <div class='ocr_carea' id='block_1_12' title="bbox 160 1263 1805 1335">
    <p class='ocr_par' dir='ltr' id='par_1_12' title="bbox 160 1263 1805 1335">
     <span class='ocr_line' id='line_1_12' title="bbox 160 1263 1805 1335; baseline -0.004 -12"><span class='ocrx_word' id='word_1_79' title='bbox 160 1267 271 1323; x_wconf 91' lang='lat' dir='ltr'><strong>rita</strong></span> <span class='ocrx_word' id='word_1_80' title='bbox 302 1266 516 1321; x_wconf 90' lang='lat' dir='ltr'><strong>misero</strong></span> <span class='ocrx_word' id='word_1_81' title='bbox 546 1265 630 1320; x_wconf 91' lang='lat' dir='ltr'><strong>illi</strong></span> <span class='ocrx_word' id='word_1_82' title='bbox 680 1281 1017 1320; x_wconf 87' lang='lat' dir='ltr'><strong>succurrere</strong></span> <span class='ocrx_word' id='word_1_83' title='bbox 1067 1264 1423 1335; x_wconf 79' lang='lat' dir='ltr'><strong>dignaretur.</strong></span> <span class='ocrx_word' id='word_1_84' title='bbox 1459 1264 1569 1319; x_wconf 91' lang='lat' dir='ltr'><strong>Res</strong></span> <span class='ocrx_word' id='word_1_85' title='bbox 1619 1263 1805 1318; x_wconf 83' lang='lat' dir='ltr'><strong>mira!</strong></span> 
     </span>
    </p>
   </div>
   <div class='ocr_carea' id='block_1_13' title="bbox 159 1352 1806 1426">
    <p class='ocr_par' dir='ltr' id='par_1_13' title="bbox 159 1352 1806 1426">
     <span class='ocr_line' id='line_1_13' title="bbox 159 1352 1806 1426; baseline -0.004 -13"><span class='ocrx_word' id='word_1_86' title='bbox 159 1355 358 1413; x_wconf 83' lang='lat' dir='ltr'><strong>statim</strong></span> <span class='ocrx_word' id='word_1_87' title='bbox 400 1355 620 1411; x_wconf 81' lang='lat' dir='ltr'><strong>ferrum</strong></span> <span class='ocrx_word' id='word_1_88' title='bbox 670 1353 914 1426; x_wconf 88' lang='lat' dir='ltr'><strong>crepuit,</strong></span> <span class='ocrx_word' id='word_1_89' title='bbox 947 1358 1003 1408; x_wconf 89' lang='lat' dir='ltr'><strong>et</strong></span> <span class='ocrx_word' id='word_1_90' title='bbox 1052 1353 1233 1408; x_wconf 90' lang='lat' dir='ltr'><strong>multa</strong></span> <span class='ocrx_word' id='word_1_91' title='bbox 1266 1353 1393 1408; x_wconf 84' lang='lat' dir='ltr'><strong>fusa</strong></span> <span class='ocrx_word' id='word_1_92' title='bbox 1425 1353 1586 1408; x_wconf 89' lang='lat' dir='ltr'><strong>sanie</strong></span> <span class='ocrx_word' id='word_1_93' title='bbox 1634 1352 1806 1407; x_wconf 90' lang='lat' dir='ltr'><strong>homo</strong></span> 
     </span>
    </p>
   </div>
   <div class='ocr_carea' id='block_1_14' title="bbox 161 1442 1807 1515">
    <p class='ocr_par' dir='ltr' id='par_1_14' title="bbox 161 1442 1807 1515">
     <span class='ocr_line' id='line_1_14' title="bbox 161 1442 1807 1515; baseline -0.003 -15"><span class='ocrx_word' id='word_1_94' title='bbox 161 1443 421 1500; x_wconf 80' lang='lat' dir='ltr'><strong>redditus</strong></span> <span class='ocrx_word' id='word_1_95' title='bbox 454 1446 543 1500; x_wconf 88' lang='lat' dir='ltr'><strong>est</strong></span> <span class='ocrx_word' id='word_1_96' title='bbox 570 1444 804 1515; x_wconf 85' lang='lat' dir='ltr'><strong>penitus</strong></span> <span class='ocrx_word' id='word_1_97' title='bbox 838 1442 1072 1497; x_wconf 82' lang='lat' dir='ltr'><strong>sanitati</strong></span> <span class='ocrx_word' id='word_1_98' title='bbox 1106 1460 1118 1496; x_wconf 93' lang='lat'><strong><em>:</em></strong></span> <span class='ocrx_word' id='word_1_99' title='bbox 1153 1458 1218 1497; x_wconf 90' lang='lat' dir='ltr'><strong>ex</strong></span> <span class='ocrx_word' id='word_1_100' title='bbox 1248 1458 1361 1512; x_wconf 93' lang='lat' dir='ltr'><strong>quo</strong></span> <span class='ocrx_word' id='word_1_101' title='bbox 1392 1442 1571 1513; x_wconf 78' lang='lat' dir='ltr'><strong>gavisi</strong></span> <span class='ocrx_word' id='word_1_102' title='bbox 1604 1458 1807 1495; x_wconf 83' lang='lat' dir='ltr'><strong>omnes</strong></span> 
     </span>
    </p>
   </div>
   <div class='ocr_carea' id='block_1_15' title="bbox 159 1529 1808 1588">
    <p class='ocr_par' dir='ltr' id='par_1_15' title="bbox 159 1529 1808 1588">
     <span class='ocr_line' id='line_1_15' title="bbox 159 1529 1808 1588; baseline -0.002 -1"><span class='ocrx_word' id='word_1_103' title='bbox 159 1532 341 1588; x_wconf 87' lang='lat' dir='ltr'><strong>Deum</strong></span> <span class='ocrx_word' id='word_1_104' title='bbox 382 1537 439 1588; x_wconf 91' lang='lat' dir='ltr'><strong>et</strong></span> <span class='ocrx_word' id='word_1_105' title='bbox 487 1548 717 1588; x_wconf 91' lang='lat' dir='ltr'><strong>servum</strong></span> <span class='ocrx_word' id='word_1_106' title='bbox 768 1547 943 1586; x_wconf 88' lang='lat' dir='ltr'><strong>suum</strong></span> <span class='ocrx_word' id='word_1_107' title='bbox 1002 1531 1059 1585; x_wconf 92' lang='lat' dir='ltr'><strong>S.</strong></span> <span class='ocrx_word' id='word_1_108' title='bbox 1096 1530 1430 1585; x_wconf 82' lang='lat' dir='ltr'><strong>Pontiﬁcem</strong></span> <span class='ocrx_word' id='word_1_109' title='bbox 1480 1529 1808 1585; x_wconf 87' lang='lat' dir='ltr'><strong>collaudare</strong></span> 
     </span>
    </p>
   </div>
   <div class='ocr_carea' id='block_1_16' title="bbox 158 1624 475 1693">
    <p class='ocr_par' dir='ltr' id='par_1_16' title="bbox 158 1624 475 1693">
     <span class='ocr_line' id='line_1_16' title="bbox 158 1624 475 1693; baseline 0 -18"><span class='ocrx_word' id='word_1_110' title='bbox 158 1624 475 1693; x_wconf 73' lang='lat' dir='ltr'><strong>cmperunt.</strong></span> 
     </span>
    </p>
   </div>
   <div class='ocr_carea' id='block_1_17' title="bbox 226 1701 1805 1780">
    <p class='ocr_par' dir='ltr' id='par_1_17' title="bbox 226 1701 1805 1780">
     <span class='ocr_line' id='line_1_17' title="bbox 226 1701 1805 1780; baseline -0.003 -16"><span class='ocrx_word' id='word_1_111' title='bbox 226 1710 312 1764; x_wconf 87' lang='grc'><strong>11.</strong></span> <span class='ocrx_word' id='word_1_112' title='bbox 339 1710 401 1764; x_wconf 86' lang='lat' dir='ltr'><strong>In</strong></span> <span class='ocrx_word' id='word_1_113' title='bbox 432 1708 532 1764; x_wconf 93' lang='lat' dir='ltr'><strong>illa</strong></span> <span class='ocrx_word' id='word_1_114' title='bbox 561 1708 705 1763; x_wconf 91' lang='lat' dir='ltr'><strong>hora</strong></span> <span class='ocrx_word' id='word_1_115' title='bbox 733 1709 961 1762; x_wconf 71' lang='lat' dir='ltr'><strong>dremon</strong></span> <span class='ocrx_word' id='word_1_116' title='bbox 992 1723 1095 1780; x_wconf 90' lang='lat' dir='ltr'><strong>per</strong></span> <span class='ocrx_word' id='word_1_117' title='bbox 1115 1725 1178 1762; x_wconf 92' lang='lat' dir='ltr'><strong>os</strong></span> <span class='ocrx_word' id='word_1_118' title='bbox 1209 1707 1471 1762; x_wconf 89' lang='lat' dir='ltr'><strong>mulieris</strong></span> <span class='ocrx_word' id='word_1_119' title='bbox 1501 1701 1657 1761; x_wconf 91' lang='lat' dir='ltr'><strong>illius</strong></span> <span class='ocrx_word' id='word_1_120' title='bbox 1680 1722 1805 1777; x_wconf 82' lang='lat' dir='ltr'><strong>quae</strong></span> 
     </span>
    </p>
   </div>
   <div class='ocr_carea' id='block_1_18' title="bbox 155 1796 1807 1869">
    <p class='ocr_par' dir='ltr' id='par_1_18' title="bbox 155 1796 1807 1869">
     <span class='ocr_line' id='line_1_18' title="bbox 155 1796 1807 1869; baseline -0.002 -17"><span class='ocrx_word' id='word_1_121' title='bbox 155 1797 426 1869; x_wconf 80' lang='lat' dir='ltr'><strong>superius</strong></span> <span class='ocrx_word' id='word_1_122' title='bbox 457 1798 713 1851; x_wconf 85' lang='lat' dir='ltr'><strong>dixerat:</strong></span> <span class='ocrx_word' id='word_1_123' title='bbox 739 1797 891 1851; x_wconf 86' lang='lat' dir='ltr'><strong>Hora</strong></span> <span class='ocrx_word' id='word_1_124' title='bbox 922 1813 1038 1867; x_wconf 91' lang='lat' dir='ltr'><strong>qua</strong></span> <span class='ocrx_word' id='word_1_125' title='bbox 1077 1797 1186 1850; x_wconf 85' lang='lat' dir='ltr'><strong>Leo</strong></span> <span class='ocrx_word' id='word_1_126' title='bbox 1217 1796 1372 1867; x_wconf 87' lang='lat' dir='ltr'><strong>Papa</strong></span> <span class='ocrx_word' id='word_1_127' title='bbox 1402 1797 1694 1850; x_wconf 78' lang='lat' dir='ltr'><strong>daemones</strong></span> <span class='ocrx_word' id='word_1_128' title='bbox 1725 1796 1807 1849; x_wconf 81' lang='lat' dir='ltr'><strong>fu-</strong></span> 
     </span>
    </p>
   </div>
   <div class='ocr_carea' id='block_1_19' title="bbox 98 1880 1804 1959">
    <p class='ocr_par' dir='ltr' id='par_1_19' title="bbox 98 1880 1804 1959">
     <span class='ocr_line' id='line_1_19' title="bbox 98 1880 1804 1959; baseline -0.002 -18"><span class='ocrx_word' id='word_1_129' title='bbox 98 1880 105 1887; x_wconf 76' lang='grc'><em>’</em></span> <span class='ocrx_word' id='word_1_130' title='bbox 155 1885 398 1959; x_wconf 86' lang='lat' dir='ltr'><strong>gaverit,</strong></span> <span class='ocrx_word' id='word_1_131' title='bbox 429 1902 534 1957; x_wconf 85' lang='lat' dir='ltr'><strong>ego</strong></span> <span class='ocrx_word' id='word_1_132' title='bbox 566 1885 766 1958; x_wconf 84' lang='lat' dir='ltr'><strong>regina</strong></span> <span class='ocrx_word' id='word_1_133' title='bbox 807 1902 935 1953; x_wconf 91' lang='lat' dir='ltr'><strong>ero;</strong></span> <span class='ocrx_word' id='word_1_134' title='bbox 978 1888 1033 1940; x_wconf 91' lang='lat' dir='ltr'><strong>et</strong></span> <span class='ocrx_word' id='word_1_135' title='bbox 1064 1901 1211 1956; x_wconf 92' lang='lat' dir='ltr'><strong>quos</strong></span> <span class='ocrx_word' id='word_1_136' title='bbox 1242 1885 1367 1956; x_wconf 87' lang='lat' dir='ltr'><strong>ipse</strong></span> <span class='ocrx_word' id='word_1_137' title='bbox 1414 1885 1550 1939; x_wconf 84' lang='lat' dir='ltr'><strong>fecit</strong></span> <span class='ocrx_word' id='word_1_138' title='bbox 1599 1884 1804 1955; x_wconf 88' lang='lat' dir='ltr'><strong>perimi</strong></span> 
     </span>
    </p>
   </div>
   <div class='ocr_carea' id='block_1_20' title="bbox 154 1973 1803 2049">
    <p class='ocr_par' dir='ltr' id='par_1_20' title="bbox 154 1973 1803 2049">
     <span class='ocr_line' id='line_1_20' title="bbox 154 1973 1803 2049; baseline -0.001 -21"><span class='ocrx_word' id='word_1_139' title='bbox 154 1974 369 2049; x_wconf 88' lang='lat' dir='ltr'><strong>gladio,</strong></span> <span class='ocrx_word' id='word_1_140' title='bbox 393 1991 498 2047; x_wconf 92' lang='lat' dir='ltr'><strong>ego</strong></span> <span class='ocrx_word' id='word_1_141' title='bbox 522 1975 901 2042; x_wconf 88' lang='lat' dir='ltr'><strong>resuscitabo,</strong></span> <span class='ocrx_word' id='word_1_142' title='bbox 925 1975 1098 2046; x_wconf 65' lang='lat' dir='ltr'><strong>coepit</strong></span> <span class='ocrx_word' id='word_1_143' title='bbox 1126 1973 1376 2029; x_wconf 88' lang='lat' dir='ltr'><strong>clamare</strong></span> <span class='ocrx_word' id='word_1_144' title='bbox 1398 1974 1629 2028; x_wconf 90' lang='lat' dir='ltr'><strong>dicens:</strong></span> <span class='ocrx_word' id='word_1_145' title='bbox 1654 1973 1803 2042; x_wconf 68' lang='lat' dir='ltr'><strong>Heu!</strong></span> 
     </span>
    </p>
   </div>
   <div class='ocr_carea' id='block_1_21' title="bbox 156 2062 1805 2135">
    <p class='ocr_par' dir='ltr' id='par_1_21' title="bbox 156 2062 1805 2135">
     <span class='ocr_line' id='line_1_21' title="bbox 156 2062 1805 2135; baseline -0.001 -18"><span class='ocrx_word' id='word_1_146' title='bbox 156 2062 295 2118; x_wconf 85' lang='lat' dir='ltr'><strong>heu!</strong></span> <span class='ocrx_word' id='word_1_147' title='bbox 348 2079 530 2135; x_wconf 90' lang='lat' dir='ltr'><strong>quare</strong></span> <span class='ocrx_word' id='word_1_148' title='bbox 574 2063 941 2134; x_wconf 84' lang='lat' dir='ltr'><strong>ingredimur</strong></span> <span class='ocrx_word' id='word_1_149' title='bbox 973 2067 1031 2117; x_wconf 91' lang='lat' dir='ltr'><strong>et</strong></span> <span class='ocrx_word' id='word_1_150' title='bbox 1063 2065 1428 2117; x_wconf 89' lang='lat' dir='ltr'><strong>coarctamur</strong></span> <span class='ocrx_word' id='word_1_151' title='bbox 1473 2063 1626 2117; x_wconf 84' lang='lat' dir='ltr'><strong>exire</strong></span> <span class='ocrx_word' id='word_1_152' title='bbox 1671 2078 1805 2116; x_wconf 91' lang='lat' dir='ltr'><strong>cum</strong></span> 
     </span>
    </p>
   </div>
   <div class='ocr_carea' id='block_1_22' title="bbox 149 2150 1804 2221">
    <p class='ocr_par' dir='ltr' id='par_1_22' title="bbox 149 2150 1804 2221">
     <span class='ocr_line' id='line_1_22' title="bbox 149 2150 1804 2221; baseline -0.001 -14"><span class='ocrx_word' id='word_1_153' title='bbox 149 2151 505 2208; x_wconf 86' lang='lat' dir='ltr'><strong>tormentis?</strong></span> <span class='ocrx_word' id='word_1_154' title='bbox 535 2150 691 2206; x_wconf 91' lang='lat' dir='ltr'><strong>Nihil</strong></span> <span class='ocrx_word' id='word_1_155' title='bbox 739 2155 795 2207; x_wconf 89' lang='lat' dir='ltr'><strong>te</strong></span> <span class='ocrx_word' id='word_1_156' title='bbox 838 2150 1118 2215; x_wconf 65' lang='lat' dir='ltr'><strong>tissimus,</strong></span> <span class='ocrx_word' id='word_1_157' title='bbox 1154 2151 1283 2215; x_wconf 89' lang='lat' dir='ltr'><strong>Leo,</strong></span> <span class='ocrx_word' id='word_1_158' title='bbox 1326 2167 1505 2221; x_wconf 90' lang='lat' dir='ltr'><strong>quare</strong></span> <span class='ocrx_word' id='word_1_159' title='bbox 1536 2168 1641 2204; x_wconf 84' lang='lat' dir='ltr'><strong>nus</strong></span> <span class='ocrx_word' id='word_1_160' title='bbox 1690 2167 1804 2205; x_wconf 90' lang='lat' dir='ltr'><strong>non</strong></span> 
     </span>
    </p>
   </div>
   <div class='ocr_carea' id='block_1_23' title="bbox 151 2238 1802 2310">
    <p class='ocr_par' dir='ltr' id='par_1_23' title="bbox 151 2238 1802 2310">
     <span class='ocr_line' id='line_1_23' title="bbox 151 2238 1802 2310; baseline -0.001 -16"><span class='ocrx_word' id='word_1_161' title='bbox 151 2238 444 2310; x_wconf 87' lang='lat' dir='ltr'><strong>permittis</strong></span> <span class='ocrx_word' id='word_1_162' title='bbox 467 2238 553 2293; x_wconf 89' lang='lat' dir='ltr'><strong>vel</strong></span> <span class='ocrx_word' id='word_1_163' title='bbox 585 2255 701 2293; x_wconf 88' lang='lat' dir='ltr'><strong>una</strong></span> <span class='ocrx_word' id='word_1_164' title='bbox 730 2239 1087 2309; x_wconf 89' lang='lat' dir='ltr'><strong>requiescere</strong></span> <span class='ocrx_word' id='word_1_165' title='bbox 1128 2238 1309 2293; x_wconf 85' lang='lat' dir='ltr'><strong>hora?</strong></span> <span class='ocrx_word' id='word_1_166' title='bbox 1339 2240 1502 2293; x_wconf 90' lang='lat' dir='ltr'><strong>Tunc</strong></span> <span class='ocrx_word' id='word_1_167' title='bbox 1533 2238 1802 2310; x_wconf 88' lang='lat' dir='ltr'><strong>Episcopi</strong></span> 
     </span>
    </p>
   </div>
   <div class='ocr_carea' id='block_1_24' title="bbox 150 2326 1802 2399">
    <p class='ocr_par' dir='ltr' id='par_1_24' title="bbox 150 2326 1802 2399">
     <span class='ocr_line' id='line_1_24' title="bbox 150 2326 1802 2399; baseline -0.001 -16"><span class='ocrx_word' id='word_1_168' title='bbox 150 2327 248 2399; x_wconf 88' lang='lat' dir='ltr'><strong>qui</strong></span> <span class='ocrx_word' id='word_1_169' title='bbox 296 2327 543 2383; x_wconf 85' lang='lat' dir='ltr'><strong>aderant</strong></span> <span class='ocrx_word' id='word_1_170' title='bbox 590 2327 862 2381; x_wconf 84' lang='lat' dir='ltr'><strong>dixerunt</strong></span> <span class='ocrx_word' id='word_1_171' title='bbox 898 2344 910 2380; x_wconf 85' lang='lat'><strong>:</strong></span> <span class='ocrx_word' id='word_1_172' title='bbox 946 2326 1266 2393; x_wconf 90' lang='lat' dir='ltr'><strong>Maledicte,</strong></span> <span class='ocrx_word' id='word_1_173' title='bbox 1318 2331 1599 2381; x_wconf 89' lang='lat' dir='ltr'><strong>revertere</strong></span> <span class='ocrx_word' id='word_1_174' title='bbox 1648 2328 1802 2381; x_wconf 90' lang='lat' dir='ltr'><strong>unde</strong></span> 
     </span>
    </p>
   </div>
   <div class='ocr_carea' id='block_1_25' title="bbox 152 2413 1802 2485">
    <p class='ocr_par' dir='ltr' id='par_1_25' title="bbox 152 2413 1802 2485">
     <span class='ocr_line' id='line_1_25' title="bbox 152 2413 1802 2485; baseline 0.001 -17"><span class='ocrx_word' id='word_1_175' title='bbox 152 2413 265 2469; x_wconf 89' lang='lat' dir='ltr'><strong>huc</strong></span> <span class='ocrx_word' id='word_1_176' title='bbox 296 2413 605 2480; x_wconf 78' lang='lat' dir='ltr'><strong>advenisti,</strong></span> <span class='ocrx_word' id='word_1_177' title='bbox 634 2418 691 2468; x_wconf 90' lang='lat' dir='ltr'><strong>et</strong></span> <span class='ocrx_word' id='word_1_178' title='bbox 732 2414 819 2468; x_wconf 90' lang='lat' dir='ltr'><strong>exi</strong></span> <span class='ocrx_word' id='word_1_179' title='bbox 866 2414 939 2468; x_wconf 90' lang='lat' dir='ltr'><strong>ab</strong></span> <span class='ocrx_word' id='word_1_180' title='bbox 991 2414 1108 2468; x_wconf 88' lang='lat' dir='ltr'><strong>illa.</strong></span> <span class='ocrx_word' id='word_1_181' title='bbox 1142 2414 1245 2477; x_wconf 89' lang='lat' dir='ltr'><strong>Qui</strong></span> <span class='ocrx_word' id='word_1_182' title='bbox 1298 2416 1598 2485; x_wconf 87' lang='lat' dir='ltr'><strong>respondit</strong></span> <span class='ocrx_word' id='word_1_183' title='bbox 1630 2432 1640 2468; x_wconf 96' lang='lat'>:</span> <span class='ocrx_word' id='word_1_184' title='bbox 1677 2416 1802 2469; x_wconf 87' lang='lat' dir='ltr'><strong>Non</strong></span> 
     </span>
    </p>
   </div>
   <div class='ocr_carea' id='block_1_26' title="bbox 150 2502 1803 2575">
    <p class='ocr_par' dir='ltr' id='par_1_26' title="bbox 150 2502 1803 2575">
     <span class='ocr_line' id='line_1_26' title="bbox 150 2502 1803 2575; baseline 0 -16"><span class='ocrx_word' id='word_1_185' title='bbox 150 2519 394 2575; x_wconf 84' lang='lat' dir='ltr'><strong>possum</strong></span> <span class='ocrx_word' id='word_1_186' title='bbox 427 2502 632 2557; x_wconf 88' lang='lat' dir='ltr'><strong>reverti</strong></span> <span class='ocrx_word' id='word_1_187' title='bbox 665 2503 820 2558; x_wconf 90' lang='lat' dir='ltr'><strong>unde</strong></span> <span class='ocrx_word' id='word_1_188' title='bbox 868 2502 1190 2573; x_wconf 84' lang='lat' dir='ltr'><strong>exivi,quia</strong></span> <span class='ocrx_word' id='word_1_189' title='bbox 1220 2503 1448 2575; x_wconf 87' lang='lat' dir='ltr'><strong>signata</strong></span> <span class='ocrx_word' id='word_1_190' title='bbox 1498 2509 1588 2558; x_wconf 89' lang='lat' dir='ltr'><strong>est</strong></span> <span class='ocrx_word' id='word_1_191' title='bbox 1621 2522 1632 2559; x_wconf 96' lang='lat'>:</span> <span class='ocrx_word' id='word_1_192' title='bbox 1666 2522 1803 2559; x_wconf 88' lang='lat' dir='ltr'><strong>nam</strong></span> 
     </span>
    </p>
   </div>
   <div class='ocr_carea' id='block_1_27' title="bbox 150 2590 1803 2656">
    <p class='ocr_par' dir='ltr' id='par_1_27' title="bbox 150 2590 1803 2656">
     <span class='ocr_line' id='line_1_27' title="bbox 150 2590 1803 2656; baseline 0 -9"><span class='ocrx_word' id='word_1_193' title='bbox 150 2590 427 2647; x_wconf 87' lang='lat' dir='ltr'><strong>hesterno</strong></span> <span class='ocrx_word' id='word_1_194' title='bbox 450 2591 542 2647; x_wconf 93' lang='lat' dir='ltr'><strong>die</strong></span> <span class='ocrx_word' id='word_1_195' title='bbox 568 2590 713 2646; x_wconf 86' lang='lat' dir='ltr'><strong>exivi</strong></span> <span class='ocrx_word' id='word_1_196' title='bbox 736 2592 805 2646; x_wconf 92' lang='lat' dir='ltr'><strong>de</strong></span> <span class='ocrx_word' id='word_1_197' title='bbox 836 2591 1008 2647; x_wconf 91' lang='lat' dir='ltr'><strong>domo</strong></span> <span class='ocrx_word' id='word_1_198' title='bbox 1032 2608 1179 2656; x_wconf 88' lang='lat' dir='ltr'><strong>mea,</strong></span> <span class='ocrx_word' id='word_1_199' title='bbox 1197 2596 1254 2646; x_wconf 90' lang='lat' dir='ltr'><strong>et</strong></span> <span class='ocrx_word' id='word_1_200' title='bbox 1282 2592 1427 2646; x_wconf 92' lang='lat' dir='ltr'><strong>hanc</strong></span> <span class='ocrx_word' id='word_1_201' title='bbox 1453 2593 1511 2647; x_wconf 90' lang='lat' dir='ltr'><strong>in</strong></span> <span class='ocrx_word' id='word_1_202' title='bbox 1536 2609 1803 2652; x_wconf 77' lang='lat' dir='ltr'><strong>commu-</strong></span> 
     </span>
    </p>
   </div>
   <div class='ocr_carea' id='block_1_28' title="bbox 149 2679 1803 2753">
    <p class='ocr_par' dir='ltr' id='par_1_28' title="bbox 149 2679 1803 2753">
     <span class='ocr_line' id='line_1_28' title="bbox 149 2679 1803 2753; baseline 0.001 -18"><span class='ocrx_word' id='word_1_203' title='bbox 149 2680 435 2736; x_wconf 83' lang='lat' dir='ltr'><strong>tationem</strong></span> <span class='ocrx_word' id='word_1_204' title='bbox 469 2679 678 2751; x_wconf 88' lang='lat' dir='ltr'><strong>recepi.</strong></span> <span class='ocrx_word' id='word_1_205' title='bbox 712 2680 983 2751; x_wconf 83' lang='lat' dir='ltr'><strong>Dixitque</strong></span> <span class='ocrx_word' id='word_1_206' title='bbox 1022 2681 1345 2752; x_wconf 84' lang='lat' dir='ltr'><strong>Episcopus</strong></span> <span class='ocrx_word' id='word_1_207' title='bbox 1379 2698 1392 2737; x_wconf 89' lang='lat'><strong>:</strong></span> <span class='ocrx_word' id='word_1_208' title='bbox 1426 2683 1493 2736; x_wconf 85' lang='lat' dir='ltr'><strong>Et</strong></span> <span class='ocrx_word' id='word_1_209' title='bbox 1524 2699 1700 2753; x_wconf 86' lang='lat' dir='ltr'><strong>quare</strong></span> <span class='ocrx_word' id='word_1_210' title='bbox 1732 2683 1803 2737; x_wconf 90' lang='lat' dir='ltr'><strong>de</strong></span> 
     </span>
    </p>
   </div>
   <div class='ocr_carea' id='block_1_29' title="bbox 145 2767 1802 2839">
    <p class='ocr_par' dir='ltr' id='par_1_29' title="bbox 145 2767 1802 2839">
     <span class='ocr_line' id='line_1_29' title="bbox 145 2767 1802 2839; baseline 0.002 -17"><span class='ocrx_word' id='word_1_211' title='bbox 145 2767 257 2824; x_wconf 85' lang='lat' dir='ltr'><strong>ista</strong></span> <span class='ocrx_word' id='word_1_212' title='bbox 290 2768 448 2824; x_wconf 87' lang='lat' dir='ltr'><strong>ultro</strong></span> <span class='ocrx_word' id='word_1_213' title='bbox 479 2768 599 2825; x_wconf 84' lang='lat' dir='ltr'><strong>exis</strong></span> <span class='ocrx_word' id='word_1_214' title='bbox 620 2768 647 2822; x_wconf 89' lang='lat'><strong>?</strong></span> <span class='ocrx_word' id='word_1_215' title='bbox 678 2767 778 2822; x_wconf 93' lang='lat' dir='ltr'><strong>llle</strong></span> <span class='ocrx_word' id='word_1_216' title='bbox 810 2768 1146 2839; x_wconf 89' lang='lat' dir='ltr'><strong>respondit:</strong></span> <span class='ocrx_word' id='word_1_217' title='bbox 1180 2770 1326 2833; x_wconf 87' lang='lat' dir='ltr'><strong>Quia</strong></span> <span class='ocrx_word' id='word_1_218' title='bbox 1356 2770 1466 2824; x_wconf 89' lang='lat' dir='ltr'><strong>Leo</strong></span> <span class='ocrx_word' id='word_1_219' title='bbox 1499 2770 1640 2824; x_wconf 88' lang='lat' dir='ltr'><strong>mihi</strong></span> <span class='ocrx_word' id='word_1_220' title='bbox 1675 2788 1802 2826; x_wconf 87' lang='lat' dir='ltr'><strong>eam</strong></span> 
     </span>
    </p>
   </div>
   <div class='ocr_carea' id='block_1_30' title="bbox 147 2856 1803 2930">
    <p class='ocr_par' dir='ltr' id='par_1_30' title="bbox 147 2856 1803 2930">
     <span class='ocr_line' id='line_1_30' title="bbox 147 2856 1803 2930; baseline 0.001 -19"><span class='ocrx_word' id='word_1_221' title='bbox 147 2856 309 2912; x_wconf 82' lang='lat' dir='ltr'><strong>dedit</strong></span> <span class='ocrx_word' id='word_1_222' title='bbox 336 2857 413 2912; x_wconf 85' lang='lat' dir='ltr'><strong>ad</strong></span> <span class='ocrx_word' id='word_1_223' title='bbox 460 2856 880 2928; x_wconf 88' lang='lat' dir='ltr'><strong>possidendum</strong></span> <span class='ocrx_word' id='word_1_224' title='bbox 934 2857 1058 2911; x_wconf 91' lang='lat' dir='ltr'><strong>heri</strong></span> <span class='ocrx_word' id='word_1_225' title='bbox 1115 2862 1350 2929; x_wconf 83' lang='lat' dir='ltr'><strong>preptcr</strong></span> <span class='ocrx_word' id='word_1_226' title='bbox 1408 2858 1803 2930; x_wconf 85' lang='lat' dir='ltr'><strong>blasphemias</strong></span> 
     </span>
    </p>
   </div>
   <div class='ocr_carea' id='block_1_31' title="bbox 146 2944 1801 3017">
    <p class='ocr_par' dir='ltr' id='par_1_31' title="bbox 146 2944 1801 3017">
     <span class='ocr_line' id='line_1_31' title="bbox 146 2944 1801 3017; baseline 0.001 -17"><span class='ocrx_word' id='word_1_227' title='bbox 146 2962 293 3017; x_wconf 85' lang='lat' dir='ltr'><strong>quas</strong></span> <span class='ocrx_word' id='word_1_228' title='bbox 327 2944 527 3001; x_wconf 89' lang='lat' dir='ltr'><strong>locuta</strong></span> <span class='ocrx_word' id='word_1_229' title='bbox 552 2950 641 2999; x_wconf 90' lang='lat' dir='ltr'><strong>est</strong></span> <span class='ocrx_word' id='word_1_230' title='bbox 674 2945 730 2999; x_wconf 92' lang='lat' dir='ltr'><strong>in</strong></span> <span class='ocrx_word' id='word_1_231' title='bbox 762 2961 893 3000; x_wconf 91' lang='lat' dir='ltr'><strong>eum</strong></span> <span class='ocrx_word' id='word_1_232' title='bbox 920 2963 931 3009; x_wconf 91' lang='lat'><strong>;</strong></span> <span class='ocrx_word' id='word_1_233' title='bbox 959 2945 1057 2999; x_wconf 89' lang='lat' dir='ltr'><strong>sed</strong></span> <span class='ocrx_word' id='word_1_234' title='bbox 1086 2949 1279 3000; x_wconf 89' lang='lat' dir='ltr'><strong>tamen</strong></span> <span class='ocrx_word' id='word_1_235' title='bbox 1313 2946 1409 3001; x_wconf 90' lang='lat' dir='ltr'><strong>ille</strong></span> <span class='ocrx_word' id='word_1_236' title='bbox 1440 2948 1673 3002; x_wconf 90' lang='lat' dir='ltr'><strong>mobilis</strong></span> <span class='ocrx_word' id='word_1_237' title='bbox 1696 2954 1801 3014; x_wconf 90' lang='lat' dir='ltr'><strong>est,</strong></span> 
     </span>
    </p>
   </div>
   <div class='ocr_carea' id='block_1_32' title="bbox 146 3034 1808 3104">
    <p class='ocr_par' dir='ltr' id='par_1_32' title="bbox 146 3034 1808 3104">
     <span class='ocr_line' id='line_1_32' title="bbox 146 3034 1808 3104; baseline 0.002 -15"><span class='ocrx_word' id='word_1_238' title='bbox 146 3037 204 3089; x_wconf 84' lang='lat' dir='ltr'><strong>et</strong></span> <span class='ocrx_word' id='word_1_239' title='bbox 230 3049 541 3090; x_wconf 80' lang='lat' dir='ltr'><strong>sermones</strong></span> <span class='ocrx_word' id='word_1_240' title='bbox 572 3035 700 3104; x_wconf 83' lang='lat' dir='ltr'><strong>ejus</strong></span> <span class='ocrx_word' id='word_1_241' title='bbox 732 3050 845 3088; x_wconf 88' lang='lat' dir='ltr'><strong>non</strong></span> <span class='ocrx_word' id='word_1_242' title='bbox 883 3039 1021 3087; x_wconf 88' lang='lat' dir='ltr'><strong>sunt</strong></span> <span class='ocrx_word' id='word_1_243' title='bbox 1049 3035 1167 3088; x_wconf 88' lang='lat' dir='ltr'><strong>veri</strong></span> <span class='ocrx_word' id='word_1_244' title='bbox 1195 3052 1206 3088; x_wconf 90' lang='lat'>:</span> <span class='ocrx_word' id='word_1_245' title='bbox 1233 3034 1506 3091; x_wconf 87' lang='lat' dir='ltr'><strong>hesterno</strong></span> <span class='ocrx_word' id='word_1_246' title='bbox 1533 3037 1625 3091; x_wconf 93' lang='lat' dir='ltr'><strong>die</strong></span> <span class='ocrx_word' id='word_1_247' title='bbox 1650 3038 1808 3092; x_wconf 86' lang='lat' dir='ltr'><strong>dedit</strong></span> 
     </span>
    </p>
   </div>
   <div class='ocr_carea' id='block_1_33' title="bbox 145 3122 1805 3193">
    <p class='ocr_par' dir='ltr' id='par_1_33' title="bbox 145 3122 1805 3193">
     <span class='ocr_line' id='line_1_33' title="bbox 145 3122 1805 3193; baseline 0.001 -16"><span class='ocrx_word' id='word_1_248' title='bbox 145 3124 315 3179; x_wconf 88' lang='lat' dir='ltr'><strong>nobis</strong></span> <span class='ocrx_word' id='word_1_249' title='bbox 345 3127 410 3178; x_wconf 85' lang='lat' dir='ltr'><strong>et</strong></span> <span class='ocrx_word' id='word_1_250' title='bbox 440 3122 611 3177; x_wconf 91' lang='lat' dir='ltr'><strong>hodie</strong></span> <span class='ocrx_word' id='word_1_251' title='bbox 644 3122 837 3193; x_wconf 86' lang='lat' dir='ltr'><strong>ejiciet</strong></span> <span class='ocrx_word' id='word_1_252' title='bbox 860 3139 964 3177; x_wconf 90' lang='lat' dir='ltr'><strong>nos</strong></span> <span class='ocrx_word' id='word_1_253' title='bbox 996 3123 1065 3177; x_wconf 91' lang='lat' dir='ltr'><strong>de</strong></span> <span class='ocrx_word' id='word_1_254' title='bbox 1098 3123 1208 3177; x_wconf 92' lang='lat' dir='ltr'><strong>ista</strong></span> <span class='ocrx_word' id='word_1_255' title='bbox 1240 3123 1615 3180; x_wconf 85' lang='lat' dir='ltr'><strong>habitatione.</strong></span> <span class='ocrx_word' id='word_1_256' title='bbox 1643 3126 1805 3180; x_wconf 90' lang='lat' dir='ltr'><strong>Tunc</strong></span> 
     </span>
    </p>
   </div>
   <div class='ocr_carea' id='block_1_34' title="bbox 144 3210 1805 3284">
    <p class='ocr_par' dir='ltr' id='par_1_34' title="bbox 144 3210 1805 3284">
     <span class='ocr_line' id='line_1_34' title="bbox 144 3210 1805 3284; baseline 0.002 -18"><span class='ocrx_word' id='word_1_257' title='bbox 144 3211 280 3267; x_wconf 82' lang='lat' dir='ltr'><strong>dixit</strong></span> <span class='ocrx_word' id='word_1_258' title='bbox 312 3210 643 3284; x_wconf 88' lang='lat' dir='ltr'><strong>Episcopus</strong></span> <span class='ocrx_word' id='word_1_259' title='bbox 679 3229 691 3266; x_wconf 94' lang='lat'><strong>:</strong></span> <span class='ocrx_word' id='word_1_260' title='bbox 725 3212 793 3265; x_wconf 87' lang='lat' dir='ltr'><strong>Et</strong></span> <span class='ocrx_word' id='word_1_261' title='bbox 825 3211 979 3266; x_wconf 90' lang='lat' dir='ltr'><strong>unde</strong></span> <span class='ocrx_word' id='word_1_262' title='bbox 1025 3212 1139 3267; x_wconf 84' lang='lat' dir='ltr'><strong>scis</strong></span> <span class='ocrx_word' id='word_1_263' title='bbox 1189 3214 1340 3283; x_wconf 91' lang='lat' dir='ltr'><strong>quod</strong></span> <span class='ocrx_word' id='word_1_264' title='bbox 1375 3213 1545 3268; x_wconf 89' lang='lat' dir='ltr'><strong>hodie</strong></span> <span class='ocrx_word' id='word_1_265' title='bbox 1575 3214 1805 3284; x_wconf 89' lang='lat' dir='ltr'><strong>ejiciet?</strong></span> 
     </span>
    </p>
   </div>
   <div class='ocr_carea' id='block_1_35' title="bbox 1913 640 3559 714">
    <p class='ocr_par' dir='ltr' id='par_1_35' title="bbox 1913 640 3559 714">
     <span class='ocr_line' id='line_1_35' title="bbox 1913 640 3559 714; baseline 0.001 -17"><span class='ocrx_word' id='word_1_266' title='bbox 1913 640 2112 697; x_wconf 89' lang='lat' dir='ltr'><strong>mam?</strong></span> <span class='ocrx_word' id='word_1_267' title='bbox 2143 641 2462 714; x_wconf 83' lang='lat' dir='ltr'><strong>Respondit</strong></span> <span class='ocrx_word' id='word_1_268' title='bbox 2483 643 2708 697; x_wconf 73' lang='lat' dir='ltr'><strong>daemon</strong></span> <span class='ocrx_word' id='word_1_269' title='bbox 2736 658 2748 696; x_wconf 94' lang='lat'>:</span> <span class='ocrx_word' id='word_1_270' title='bbox 2773 642 2939 707; x_wconf 86' lang='lat' dir='ltr'><strong>Vere,</strong></span> <span class='ocrx_word' id='word_1_271' title='bbox 2962 640 3255 713; x_wconf 88' lang='lat' dir='ltr'><strong>inquiens,</strong></span> <span class='ocrx_word' id='word_1_272' title='bbox 3278 641 3449 699; x_wconf 89' lang='lat' dir='ltr'><strong>hodie</strong></span> <span class='ocrx_word' id='word_1_273' title='bbox 3466 660 3559 699; x_wconf 90' lang='lat' dir='ltr'><strong>ve-</strong></span> 
     </span>
    </p>
   </div>
   <div class='ocr_carea' id='block_1_36' title="bbox 1914 730 3561 803">
    <p class='ocr_par' dir='ltr' id='par_1_36' title="bbox 1914 730 3561 803">
     <span class='ocr_line' id='line_1_36' title="bbox 1914 730 3561 803; baseline 0.001 -17"><span class='ocrx_word' id='word_1_274' title='bbox 1914 730 2085 786; x_wconf 91' lang='lat' dir='ltr'><strong>niunt</strong></span> <span class='ocrx_word' id='word_1_275' title='bbox 2114 747 2245 786; x_wconf 91' lang='lat' dir='ltr'><strong>eum</strong></span> <span class='ocrx_word' id='word_1_276' title='bbox 2279 731 2433 803; x_wconf 88' lang='lat' dir='ltr'><strong>Papa</strong></span> <span class='ocrx_word' id='word_1_277' title='bbox 2482 733 2686 787; x_wconf 87' lang='lat' dir='ltr'><strong>Leone.</strong></span> <span class='ocrx_word' id='word_1_278' title='bbox 2721 730 3001 787; x_wconf 86' lang='lat' dir='ltr'><strong>Dixerunt</strong></span> <span class='ocrx_word' id='word_1_279' title='bbox 3030 730 3270 802; x_wconf 87' lang='lat' dir='ltr'><strong>quidam</strong></span> <span class='ocrx_word' id='word_1_280' title='bbox 3307 731 3377 786; x_wconf 91' lang='lat' dir='ltr'><strong>de</strong></span> <span class='ocrx_word' id='word_1_281' title='bbox 3422 731 3561 787; x_wconf 90' lang='lat' dir='ltr'><strong>Pre-</strong></span> 
     </span>
    </p>
   </div>
   <div class='ocr_carea' id='block_1_37' title="bbox 1915 820 3562 892">
    <p class='ocr_par' dir='ltr' id='par_1_37' title="bbox 1915 820 3562 892">
     <span class='ocr_line' id='line_1_37' title="bbox 1915 820 3562 892; baseline 0.001 -17"><span class='ocrx_word' id='word_1_282' title='bbox 1915 820 2183 891; x_wconf 75' lang='lat' dir='ltr'><strong>sbyteris,</strong></span> <span class='ocrx_word' id='word_1_283' title='bbox 2208 820 2304 891; x_wconf 86' lang='lat' dir='ltr'><strong>qui</strong></span> <span class='ocrx_word' id='word_1_284' title='bbox 2351 825 2667 892; x_wconf 53' lang='lat' dir='ltr'><strong>praesentes</strong></span> <span class='ocrx_word' id='word_1_285' title='bbox 2707 821 2950 875; x_wconf 89' lang='lat' dir='ltr'><strong>aderant</strong></span> <span class='ocrx_word' id='word_1_286' title='bbox 2982 838 2994 875; x_wconf 89' lang='lat'><strong>:</strong></span> <span class='ocrx_word' id='word_1_287' title='bbox 3028 821 3097 874; x_wconf 88' lang='lat' dir='ltr'><strong>Et</strong></span> <span class='ocrx_word' id='word_1_288' title='bbox 3126 820 3281 875; x_wconf 91' lang='lat' dir='ltr'><strong>unde</strong></span> <span class='ocrx_word' id='word_1_289' title='bbox 3311 820 3562 877; x_wconf 88' lang='lat' dir='ltr'><strong>sciemus</strong></span> 
     </span>
    </p>
   </div>
   <div class='ocr_carea' id='block_1_38' title="bbox 1916 908 3563 982">
    <p class='ocr_par' dir='ltr' id='par_1_38' title="bbox 1916 908 3563 982">
     <span class='ocr_line' id='line_1_38' title="bbox 1916 908 3563 982; baseline 0.002 -20"><span class='ocrx_word' id='word_1_290' title='bbox 1916 909 2149 980; x_wconf 83' lang='lat' dir='ltr'><strong>quando</strong></span> <span class='ocrx_word' id='word_1_291' title='bbox 2174 908 2286 963; x_wconf 93' lang='lat' dir='ltr'><strong>huc</strong></span> <span class='ocrx_word' id='word_1_292' title='bbox 2306 909 2573 963; x_wconf 84' lang='lat' dir='ltr'><strong>venient?</strong></span> <span class='ocrx_word' id='word_1_293' title='bbox 2592 913 2695 964; x_wconf 88' lang='lat' dir='ltr'><strong>aut</strong></span> <span class='ocrx_word' id='word_1_294' title='bbox 2716 910 2953 981; x_wconf 85' lang='lat' dir='ltr'><strong>quando</strong></span> <span class='ocrx_word' id='word_1_295' title='bbox 2975 925 3322 982; x_wconf 84' lang='lat' dir='ltr'><strong>cognoscere</strong></span> <span class='ocrx_word' id='word_1_296' title='bbox 3354 911 3563 981; x_wconf 84' lang='lat' dir='ltr'><strong>poteri~</strong></span> 
     </span>
    </p>
   </div>
   <div class='ocr_carea' id='block_1_39' title="bbox 1916 996 3563 1071">
    <p class='ocr_par' dir='ltr' id='par_1_39' title="bbox 1916 996 3563 1071">
     <span class='ocr_line' id='line_1_39' title="bbox 1916 996 3563 1071; baseline 0.003 -21"><span class='ocrx_word' id='word_1_297' title='bbox 1916 996 2089 1051; x_wconf 91' lang='lat' dir='ltr'><strong>mus?</strong></span> <span class='ocrx_word' id='word_1_298' title='bbox 2116 997 2350 1052; x_wconf 59' lang='lat' dir='ltr'><strong>Damon</strong></span> <span class='ocrx_word' id='word_1_299' title='bbox 2375 998 2715 1069; x_wconf 85' lang='lat' dir='ltr'><strong>respondit?</strong></span> <span class='ocrx_word' id='word_1_300' title='bbox 2744 998 2924 1054; x_wconf 88' lang='lat' dir='ltr'><strong>Citius</strong></span> <span class='ocrx_word' id='word_1_301' title='bbox 2947 999 3074 1069; x_wconf 90' lang='lat' dir='ltr'><strong>jam</strong></span> <span class='ocrx_word' id='word_1_302' title='bbox 3106 1015 3285 1071; x_wconf 91' lang='lat' dir='ltr'><strong>prope</strong></span> <span class='ocrx_word' id='word_1_303' title='bbox 3317 998 3563 1055; x_wconf 83' lang='lat' dir='ltr'><strong>Romam</strong></span> 
     </span>
    </p>
   </div>
   <div class='ocr_carea' id='block_1_40' title="bbox 1917 1086 3563 1160">
    <p class='ocr_par' dir='ltr' id='par_1_40' title="bbox 1917 1086 3563 1160">
     <span class='ocr_line' id='line_1_40' title="bbox 1917 1086 3563 1160; baseline 0.002 -21"><span class='ocrx_word' id='word_1_304' title='bbox 1917 1090 2055 1139; x_wconf 89' lang='lat' dir='ltr'><strong>sunt</strong></span> <span class='ocrx_word' id='word_1_305' title='bbox 2089 1103 2100 1140; x_wconf 90' lang='lat'>:</span> <span class='ocrx_word' id='word_1_306' title='bbox 2137 1088 2350 1157; x_wconf 85' lang='lat' dir='ltr'><strong>quibus</strong></span> <span class='ocrx_word' id='word_1_307' title='bbox 2398 1088 2763 1143; x_wconf 86' lang='lat' dir='ltr'><strong>venientibus</strong></span> <span class='ocrx_word' id='word_1_308' title='bbox 2794 1104 2898 1160; x_wconf 92' lang='lat' dir='ltr'><strong>ego</strong></span> <span class='ocrx_word' id='word_1_309' title='bbox 2939 1087 3034 1143; x_wconf 92' lang='lat' dir='ltr'><strong>hic</strong></span> <span class='ocrx_word' id='word_1_310' title='bbox 3066 1092 3222 1144; x_wconf 88' lang='lat' dir='ltr'><strong>stare</strong></span> <span class='ocrx_word' id='word_1_311' title='bbox 3260 1086 3418 1143; x_wconf 90' lang='lat' dir='ltr'><strong>ultra</strong></span> <span class='ocrx_word' id='word_1_312' title='bbox 3447 1103 3563 1143; x_wconf 88' lang='lat' dir='ltr'><strong>non</strong></span> 
     </span>
    </p>
   </div>
   <div class='ocr_carea' id='block_1_41' title="bbox 1917 1174 3562 1244">
    <p class='ocr_par' dir='ltr' id='par_1_41' title="bbox 1917 1174 3562 1244">
     <span class='ocr_line' id='line_1_41' title="bbox 1917 1174 3562 1244; baseline 0.001 -16"><span class='ocrx_word' id='word_1_313' title='bbox 1917 1178 2136 1244; x_wconf 91' lang='lat' dir='ltr'><strong>potero.</strong></span> <span class='ocrx_word' id='word_1_314' title='bbox 2161 1175 2307 1228; x_wconf 87' lang='lat' dir='ltr'><strong>Sunt</strong></span> <span class='ocrx_word' id='word_1_315' title='bbox 2338 1175 2489 1229; x_wconf 88' lang='lat' dir='ltr'><strong>enim</strong></span> <span class='ocrx_word' id='word_1_316' title='bbox 2522 1175 2615 1230; x_wconf 87' lang='lat' dir='ltr'><strong>hic</strong></span> <span class='ocrx_word' id='word_1_317' title='bbox 2647 1180 2704 1230; x_wconf 90' lang='lat' dir='ltr'><strong>et</strong></span> <span class='ocrx_word' id='word_1_318' title='bbox 2735 1174 2833 1231; x_wconf 90' lang='lat' dir='ltr'><strong>alii</strong></span> <span class='ocrx_word' id='word_1_319' title='bbox 2882 1176 3086 1231; x_wconf 83' lang='lat' dir='ltr'><strong>fratres</strong></span> <span class='ocrx_word' id='word_1_320' title='bbox 3118 1176 3266 1243; x_wconf 90' lang='lat' dir='ltr'><strong>mei;</strong></span> <span class='ocrx_word' id='word_1_321' title='bbox 3300 1177 3444 1231; x_wconf 91' lang='lat' dir='ltr'><strong>dum</strong></span> <span class='ocrx_word' id='word_1_322' title='bbox 3477 1175 3562 1231; x_wconf 90' lang='lat' dir='ltr'><strong>illi</strong></span> 
     </span>
    </p>
   </div>
   <div class='ocr_carea' id='block_1_42' title="bbox 1917 1263 3560 1337">
    <p class='ocr_par' dir='ltr' id='par_1_42' title="bbox 1917 1263 3560 1337">
     <span class='ocr_line' id='line_1_42' title="bbox 1917 1263 3560 1337; baseline 0.003 -22"><span class='ocrx_word' id='word_1_323' title='bbox 1917 1263 2200 1329; x_wconf 88' lang='lat' dir='ltr'><strong>venerint,</strong></span> <span class='ocrx_word' id='word_1_324' title='bbox 2234 1280 2435 1318; x_wconf 91' lang='lat' dir='ltr'><strong>omnes</strong></span> <span class='ocrx_word' id='word_1_325' title='bbox 2467 1280 2693 1318; x_wconf 90' lang='lat' dir='ltr'><strong>mecum</strong></span> <span class='ocrx_word' id='word_1_326' title='bbox 2735 1264 2931 1335; x_wconf 83' lang='lat' dir='ltr'><strong>fugam</strong></span> <span class='ocrx_word' id='word_1_327' title='bbox 2972 1265 3266 1337; x_wconf 89' lang='lat' dir='ltr'><strong>arripient.</strong></span> <span class='ocrx_word' id='word_1_328' title='bbox 3301 1268 3419 1320; x_wconf 86' lang='lat' dir='ltr'><strong>Vos</strong></span> <span class='ocrx_word' id='word_1_329' title='bbox 3450 1280 3560 1320; x_wconf 87' lang='lat' dir='ltr'><strong>au—</strong></span> 
     </span>
    </p>
   </div>
   <div class='ocr_carea' id='block_1_43' title="bbox 1920 1350 3555 1425">
    <p class='ocr_par' dir='ltr' id='par_1_43' title="bbox 1920 1350 3555 1425">
     <span class='ocr_line' id='line_1_43' title="bbox 1920 1350 3555 1425; baseline 0.002 -21"><span class='ocrx_word' id='word_1_330' title='bbox 1920 1353 2036 1405; x_wconf 87' lang='lat' dir='ltr'><strong>tem</strong></span> <span class='ocrx_word' id='word_1_331' title='bbox 2071 1350 2311 1422; x_wconf 87' lang='lat' dir='ltr'><strong>aspicite</strong></span> <span class='ocrx_word' id='word_1_332' title='bbox 2343 1352 2401 1406; x_wconf 92' lang='lat' dir='ltr'><strong>in</strong></span> <span class='ocrx_word' id='word_1_333' title='bbox 2438 1351 2707 1425; x_wconf 87' lang='lat' dir='ltr'><strong>lampade</strong></span> <span class='ocrx_word' id='word_1_334' title='bbox 2754 1358 2885 1408; x_wconf 90' lang='lat' dir='ltr'><strong>ante</strong></span> <span class='ocrx_word' id='word_1_335' title='bbox 2932 1353 3166 1425; x_wconf 86' lang='lat' dir='ltr'><strong>signum</strong></span> <span class='ocrx_word' id='word_1_336' title='bbox 3198 1354 3346 1424; x_wconf 88' lang='lat' dir='ltr'><strong>ejus,</strong></span> <span class='ocrx_word' id='word_1_337' title='bbox 3370 1357 3427 1409; x_wconf 88' lang='lat' dir='ltr'><strong>et</strong></span> <span class='ocrx_word' id='word_1_338' title='bbox 3455 1369 3555 1408; x_wconf 92' lang='lat' dir='ltr'><strong>co-</strong></span> 
     </span>
    </p>
   </div>
   <div class='ocr_carea' id='block_1_44' title="bbox 1919 1439 3557 1511">
    <p class='ocr_par' dir='ltr' id='par_1_44' title="bbox 1919 1439 3557 1511">
     <span class='ocr_line' id='line_1_44' title="bbox 1919 1439 3557 1511; baseline 0.003 -19"><span class='ocrx_word' id='word_1_339' title='bbox 1919 1439 2212 1509; x_wconf 90' lang='lat' dir='ltr'><strong>gnoscetis</strong></span> <span class='ocrx_word' id='word_1_340' title='bbox 2258 1440 2493 1511; x_wconf 90' lang='lat' dir='ltr'><strong>signum</strong></span> <span class='ocrx_word' id='word_1_341' title='bbox 2542 1441 2823 1497; x_wconf 82' lang='lat' dir='ltr'><strong>adventus</strong></span> <span class='ocrx_word' id='word_1_342' title='bbox 2852 1457 3072 1496; x_wconf 90' lang='lat' dir='ltr'><strong>eorum.</strong></span> <span class='ocrx_word' id='word_1_343' title='bbox 3099 1442 3263 1496; x_wconf 90' lang='lat' dir='ltr'><strong>Tunc</strong></span> <span class='ocrx_word' id='word_1_344' title='bbox 3288 1458 3419 1497; x_wconf 89' lang='lat' dir='ltr'><strong>vere</strong></span> <span class='ocrx_word' id='word_1_345' title='bbox 3465 1455 3557 1496; x_wconf 85' lang='lat' dir='ltr'><strong>se-</strong></span> 
     </span>
    </p>
   </div>
   <div class='ocr_carea' id='block_1_45' title="bbox 1915 1528 3562 1602">
    <p class='ocr_par' dir='ltr' id='par_1_45' title="bbox 1915 1528 3562 1602">
     <span class='ocr_line' id='line_1_45' title="bbox 1915 1528 3562 1602; baseline 0.002 -20"><span class='ocrx_word' id='word_1_346' title='bbox 1915 1528 2173 1582; x_wconf 92' lang='lat' dir='ltr'><strong>cundum</strong></span> <span class='ocrx_word' id='word_1_347' title='bbox 2207 1529 2489 1584; x_wconf 70' lang='lat' dir='ltr'><strong>daemonis</strong></span> <span class='ocrx_word' id='word_1_348' title='bbox 2515 1530 2756 1596; x_wconf 81' lang='lat' dir='ltr'><strong>dictum,</strong></span> <span class='ocrx_word' id='word_1_349' title='bbox 2780 1530 2948 1601; x_wconf 91' lang='lat' dir='ltr'><strong>quasi</strong></span> <span class='ocrx_word' id='word_1_350' title='bbox 2977 1530 3129 1585; x_wconf 90' lang='lat' dir='ltr'><strong>circa</strong></span> <span class='ocrx_word' id='word_1_351' title='bbox 3154 1530 3359 1585; x_wconf 90' lang='lat' dir='ltr'><strong>horam</strong></span> <span class='ocrx_word' id='word_1_352' title='bbox 3392 1545 3562 1602; x_wconf 90' lang='lat' dir='ltr'><strong>quar-</strong></span> 
     </span>
    </p>
   </div>
   <div class='ocr_carea' id='block_1_46' title="bbox 1916 1617 3558 1692">
    <p class='ocr_par' dir='ltr' id='par_1_46' title="bbox 1916 1617 3558 1692">
     <span class='ocr_line' id='line_1_46' title="bbox 1916 1617 3558 1692; baseline 0.002 -22"><span class='ocrx_word' id='word_1_353' title='bbox 1916 1620 2057 1681; x_wconf 87' lang='lat' dir='ltr'><strong>tam,</strong></span> <span class='ocrx_word' id='word_1_354' title='bbox 2083 1617 2225 1671; x_wconf 91' lang='lat' dir='ltr'><strong>odor</strong></span> <span class='ocrx_word' id='word_1_355' title='bbox 2254 1634 2505 1690; x_wconf 88' lang='lat' dir='ltr'><strong>magnus</strong></span> <span class='ocrx_word' id='word_1_356' title='bbox 2537 1620 2725 1674; x_wconf 83' lang='lat' dir='ltr'><strong>factus</strong></span> <span class='ocrx_word' id='word_1_357' title='bbox 2755 1624 2843 1674; x_wconf 90' lang='lat' dir='ltr'><strong>est</strong></span> <span class='ocrx_word' id='word_1_358' title='bbox 2882 1636 2983 1692; x_wconf 88' lang='lat' dir='ltr'><strong>per</strong></span> <span class='ocrx_word' id='word_1_359' title='bbox 3009 1622 3190 1675; x_wconf 86' lang='lat' dir='ltr'><strong>totam</strong></span> <span class='ocrx_word' id='word_1_360' title='bbox 3222 1618 3558 1687; x_wconf 88' lang='lat' dir='ltr'><strong>ecclesiam;</strong></span> 
     </span>
    </p>
   </div>
   <div class='ocr_carea' id='block_1_47' title="bbox 1915 1706 3561 1780">
    <p class='ocr_par' dir='ltr' id='par_1_47' title="bbox 1915 1706 3561 1780">
     <span class='ocr_line' id='line_1_47' title="bbox 1915 1706 3561 1780; baseline 0.003 -21"><span class='ocrx_word' id='word_1_361' title='bbox 1915 1709 1970 1759; x_wconf 90' lang='lat' dir='ltr'><strong>et</strong></span> <span class='ocrx_word' id='word_1_362' title='bbox 1995 1706 2412 1776; x_wconf 84' lang='lat' dir='ltr'><strong>aspicientibus</strong></span> <span class='ocrx_word' id='word_1_363' title='bbox 2441 1708 2500 1761; x_wconf 93' lang='lat' dir='ltr'><strong>in</strong></span> <span class='ocrx_word' id='word_1_364' title='bbox 2525 1706 2878 1780; x_wconf 87' lang='lat' dir='ltr'><strong>lampadem,</strong></span> <span class='ocrx_word' id='word_1_365' title='bbox 2902 1709 3174 1763; x_wconf 89' lang='lat' dir='ltr'><strong>viderunt</strong></span> <span class='ocrx_word' id='word_1_366' title='bbox 3201 1724 3330 1764; x_wconf 89' lang='lat' dir='ltr'><strong>eam</strong></span> <span class='ocrx_word' id='word_1_367' title='bbox 3363 1724 3561 1764; x_wconf 86' lang='lat' dir='ltr'><strong>ascen-</strong></span> 
     </span>
    </p>
   </div>
   <div class='ocr_carea' id='block_1_48' title="bbox 1916 1794 3563 1870">
    <p class='ocr_par' dir='ltr' id='par_1_48' title="bbox 1916 1794 3563 1870">
     <span class='ocr_line' id='line_1_48' title="bbox 1916 1794 3563 1870; baseline 0.002 -23"><span class='ocrx_word' id='word_1_368' title='bbox 1916 1794 2051 1848; x_wconf 90' lang='lat' dir='ltr'><strong>dere</strong></span> <span class='ocrx_word' id='word_1_369' title='bbox 2082 1812 2257 1867; x_wconf 89' lang='lat' dir='ltr'><strong>prope</strong></span> <span class='ocrx_word' id='word_1_370' title='bbox 2286 1796 2538 1851; x_wconf 66' lang='lat' dir='ltr'><strong>ecclesia:</strong></span> <span class='ocrx_word' id='word_1_371' title='bbox 2578 1801 2891 1868; x_wconf 68' lang='lat' dir='ltr'><strong>tegmenta,</strong></span> <span class='ocrx_word' id='word_1_372' title='bbox 2923 1814 3057 1852; x_wconf 88' lang='lat' dir='ltr'><strong>cum</strong></span> <span class='ocrx_word' id='word_1_373' title='bbox 3091 1814 3208 1870; x_wconf 90' lang='lat' dir='ltr'><strong>qua</strong></span> <span class='ocrx_word' id='word_1_374' title='bbox 3237 1801 3295 1853; x_wconf 88' lang='lat' dir='ltr'><strong>et</strong></span> <span class='ocrx_word' id='word_1_375' title='bbox 3324 1802 3443 1854; x_wconf 86' lang='lat' dir='ltr'><strong>tres</strong></span> <span class='ocrx_word' id='word_1_376' title='bbox 3473 1813 3563 1853; x_wconf 86' lang='lat' dir='ltr'><strong>ar-</strong></span> 
     </span>
    </p>
   </div>
   <div class='ocr_carea' id='block_1_49' title="bbox 1838 1882 3564 1989">
    <p class='ocr_par' dir='ltr' id='par_1_49' title="bbox 1838 1882 3564 1989">
     <span class='ocr_line' id='line_1_49' title="bbox 1838 1882 3564 1989; baseline 0.003 -54"><span class='ocrx_word' id='word_1_377' title='bbox 1838 1924 1885 1989; x_wconf 83' lang='lat' dir='ltr'><strong>B</strong></span> <span class='ocrx_word' id='word_1_378' title='bbox 1922 1882 2057 1937; x_wconf 89' lang='lat' dir='ltr'><strong>dere</strong></span> <span class='ocrx_word' id='word_1_379' title='bbox 2087 1883 2387 1955; x_wconf 87' lang='lat' dir='ltr'><strong>lampades</strong></span> <span class='ocrx_word' id='word_1_380' title='bbox 2432 1886 2624 1939; x_wconf 88' lang='lat' dir='ltr'><strong>visum</strong></span> <span class='ocrx_word' id='word_1_381' title='bbox 2658 1890 2763 1939; x_wconf 87' lang='lat' dir='ltr'><strong>est.</strong></span> <span class='ocrx_word' id='word_1_382' title='bbox 2802 1888 2861 1940; x_wconf 88' lang='lat' dir='ltr'><strong>ln</strong></span> <span class='ocrx_word' id='word_1_383' title='bbox 2895 1885 3023 1955; x_wconf 85' lang='lat' dir='ltr'><strong>ipsa</strong></span> <span class='ocrx_word' id='word_1_384' title='bbox 3070 1885 3214 1940; x_wconf 90' lang='lat' dir='ltr'><strong>hora</strong></span> <span class='ocrx_word' id='word_1_385' title='bbox 3242 1886 3418 1957; x_wconf 69' lang='lat' dir='ltr'><strong>cmpit</strong></span> <span class='ocrx_word' id='word_1_386' title='bbox 3445 1886 3564 1940; x_wconf 79' lang='lat' dir='ltr'><strong>dae-</strong></span> 
     </span>
    </p>
   </div>
   <div class='ocr_carea' id='block_1_50' title="bbox 1920 1971 3562 2044">
    <p class='ocr_par' dir='ltr' id='par_1_50' title="bbox 1920 1971 3562 2044">
     <span class='ocr_line' id='line_1_50' title="bbox 1920 1971 3562 2044; baseline 0.003 -20"><span class='ocrx_word' id='word_1_387' title='bbox 1920 1986 2052 2025; x_wconf 86' lang='lat' dir='ltr'><strong>mon</strong></span> <span class='ocrx_word' id='word_1_388' title='bbox 2090 1971 2311 2027; x_wconf 88' lang='lat' dir='ltr'><strong>ululare</strong></span> <span class='ocrx_word' id='word_1_389' title='bbox 2343 1972 2493 2027; x_wconf 89' lang='lat' dir='ltr'><strong>sicut</strong></span> <span class='ocrx_word' id='word_1_390' title='bbox 2521 1972 2717 2044; x_wconf 90' lang='lat' dir='ltr'><strong>lupus,</strong></span> <span class='ocrx_word' id='word_1_391' title='bbox 2749 1977 2805 2028; x_wconf 91' lang='lat' dir='ltr'><strong>et</strong></span> <span class='ocrx_word' id='word_1_392' title='bbox 2847 1973 3142 2029; x_wconf 91' lang='lat' dir='ltr'><strong>modicum</strong></span> <span class='ocrx_word' id='word_1_393' title='bbox 3175 1990 3391 2030; x_wconf 88' lang='lat' dir='ltr'><strong>vexans</strong></span> <span class='ocrx_word' id='word_1_394' title='bbox 3430 1988 3562 2029; x_wconf 88' lang='lat' dir='ltr'><strong>mu-</strong></span> 
     </span>
    </p>
   </div>
   <div class='ocr_carea' id='block_1_51' title="bbox 1916 2057 3563 2135">
    <p class='ocr_par' dir='ltr' id='par_1_51' title="bbox 1916 2057 3563 2135">
     <span class='ocr_line' id='line_1_51' title="bbox 1916 2057 3563 2135; baseline 0.004 -24"><span class='ocrx_word' id='word_1_395' title='bbox 1916 2057 2115 2115; x_wconf 89' lang='lat' dir='ltr'><strong>lierem</strong></span> <span class='ocrx_word' id='word_1_396' title='bbox 2157 2062 2330 2117; x_wconf 83' lang='lat' dir='ltr'><strong>exivit</strong></span> <span class='ocrx_word' id='word_1_397' title='bbox 2360 2062 2430 2115; x_wconf 89' lang='lat' dir='ltr'><strong>ab</strong></span> <span class='ocrx_word' id='word_1_398' title='bbox 2461 2079 2545 2117; x_wconf 91' lang='lat' dir='ltr'><strong>ea.</strong></span> <span class='ocrx_word' id='word_1_399' title='bbox 2570 2063 2733 2117; x_wconf 89' lang='lat' dir='ltr'><strong>Tunc</strong></span> <span class='ocrx_word' id='word_1_400' title='bbox 2770 2062 3216 2118; x_wconf 88' lang='lat' dir='ltr'><strong>circumstantes</strong></span> <span class='ocrx_word' id='word_1_401' title='bbox 3261 2066 3563 2135; x_wconf 76' lang='lat' dir='ltr'><strong>coeperunt</strong></span> 
     </span>
    </p>
   </div>
   <div class='ocr_carea' id='block_1_52' title="bbox 1916 2145 3465 2223">
    <p class='ocr_par' dir='ltr' id='par_1_52' title="bbox 1916 2145 3465 2223">
     <span class='ocr_line' id='line_1_52' title="bbox 1916 2145 3465 2223; baseline 0.003 -22"><span class='ocrx_word' id='word_1_402' title='bbox 1916 2145 2154 2203; x_wconf 89' lang='lat' dir='ltr'><strong>laudare</strong></span> <span class='ocrx_word' id='word_1_403' title='bbox 2186 2150 2365 2204; x_wconf 88' lang='lat' dir='ltr'><strong>Deum</strong></span> <span class='ocrx_word' id='word_1_404' title='bbox 2401 2155 2455 2204; x_wconf 89' lang='lat' dir='ltr'><strong>et</strong></span> <span class='ocrx_word' id='word_1_405' title='bbox 2486 2150 2548 2205; x_wconf 90' lang='lat' dir='ltr'><strong>B.</strong></span> <span class='ocrx_word' id='word_1_406' title='bbox 2581 2152 2825 2206; x_wconf 90' lang='lat' dir='ltr'><strong>Leonem</strong></span> <span class='ocrx_word' id='word_1_407' title='bbox 2858 2150 3143 2206; x_wconf 85' lang='lat' dir='ltr'><strong>famulum</strong></span> <span class='ocrx_word' id='word_1_408' title='bbox 3176 2153 3303 2222; x_wconf 83' lang='lat' dir='ltr'><strong>ejus</strong></span> <span class='ocrx_word' id='word_1_409' title='bbox 3331 2152 3465 2223; x_wconf 88' lang='grc'>(71).</span> 
     </span>
    </p>
   </div>
   <div class='ocr_carea' id='block_1_53' title="bbox 1987 2237 3557 2312">
    <p class='ocr_par' dir='ltr' id='par_1_53' title="bbox 1987 2237 3557 2312">
     <span class='ocr_line' id='line_1_53' title="bbox 1987 2237 3557 2312; baseline 0.001 -21"><span class='ocrx_word' id='word_1_410' title='bbox 1987 2239 2069 2292; x_wconf 79' lang='lat'><strong>1‘2.</strong></span> <span class='ocrx_word' id='word_1_411' title='bbox 2106 2239 2301 2293; x_wconf 89' lang='lat' dir='ltr'><strong>Tertia</strong></span> <span class='ocrx_word' id='word_1_412' title='bbox 2338 2239 2431 2294; x_wconf 91' lang='lat' dir='ltr'><strong>die</strong></span> <span class='ocrx_word' id='word_1_413' title='bbox 2482 2244 2613 2311; x_wconf 90' lang='lat' dir='ltr'><strong>post</strong></span> <span class='ocrx_word' id='word_1_414' title='bbox 2651 2238 3012 2312; x_wconf 87' lang='lat' dir='ltr'><strong>sepulturam</strong></span> <span class='ocrx_word' id='word_1_415' title='bbox 3044 2240 3108 2293; x_wconf 92' lang='lat' dir='ltr'><strong>B.</strong></span> <span class='ocrx_word' id='word_1_416' title='bbox 3142 2241 3350 2296; x_wconf 90' lang='lat' dir='ltr'><strong>Leonis</strong></span> <span class='ocrx_word' id='word_1_417' title='bbox 3405 2237 3557 2296; x_wconf 90' lang='lat' dir='ltr'><strong>Noni</strong></span> 
     </span>
    </p>
   </div>
   <div class='ocr_carea' id='block_1_54' title="bbox 1913 2325 3558 2401">
    <p class='ocr_par' dir='ltr' id='par_1_54' title="bbox 1913 2325 3558 2401">
     <span class='ocr_line' id='line_1_54' title="bbox 1913 2325 3558 2401; baseline 0.004 -22"><span class='ocrx_word' id='word_1_418' title='bbox 1913 2325 2100 2397; x_wconf 64' lang='lat' dir='ltr'><strong>Papae,</strong></span> <span class='ocrx_word' id='word_1_419' title='bbox 2126 2328 2274 2381; x_wconf 79' lang='lat' dir='ltr'><strong>facta</strong></span> <span class='ocrx_word' id='word_1_420' title='bbox 2304 2333 2443 2382; x_wconf 89' lang='lat' dir='ltr'><strong>sunt</strong></span> <span class='ocrx_word' id='word_1_421' title='bbox 2472 2328 2586 2383; x_wconf 92' lang='lat' dir='ltr'><strong>duo</strong></span> <span class='ocrx_word' id='word_1_422' title='bbox 2618 2328 2900 2383; x_wconf 88' lang='lat' dir='ltr'><strong>miracula</strong></span> <span class='ocrx_word' id='word_1_423' title='bbox 2930 2329 2999 2384; x_wconf 92' lang='lat' dir='ltr'><strong>ad</strong></span> <span class='ocrx_word' id='word_1_424' title='bbox 3023 2328 3317 2383; x_wconf 90' lang='lat' dir='ltr'><strong>tumulum</strong></span> <span class='ocrx_word' id='word_1_425' title='bbox 3346 2329 3558 2401; x_wconf 88' lang='lat' dir='ltr'><strong>ipsius,</strong></span> 
     </span>
    </p>
   </div>
   <div class='ocr_carea' id='block_1_55' title="bbox 1911 2414 3556 2489">
    <p class='ocr_par' dir='ltr' id='par_1_55' title="bbox 1911 2414 3556 2489">
     <span class='ocr_line' id='line_1_55' title="bbox 1911 2414 3556 2489; baseline 0.003 -21"><span class='ocrx_word' id='word_1_426' title='bbox 1911 2414 2179 2469; x_wconf 88' lang='lat' dir='ltr'><strong>videlicet</strong></span> <span class='ocrx_word' id='word_1_427' title='bbox 2211 2416 2326 2469; x_wconf 92' lang='lat' dir='ltr'><strong>duo</strong></span> <span class='ocrx_word' id='word_1_428' title='bbox 2359 2416 2648 2482; x_wconf 88' lang='lat' dir='ltr'><strong>homines,</strong></span> <span class='ocrx_word' id='word_1_429' title='bbox 2672 2417 2774 2489; x_wconf 90' lang='lat' dir='ltr'><strong>qui</strong></span> <span class='ocrx_word' id='word_1_430' title='bbox 2795 2418 2893 2472; x_wconf 91' lang='lat' dir='ltr'><strong>diu</strong></span> <span class='ocrx_word' id='word_1_431' title='bbox 2918 2422 3052 2473; x_wconf 87' lang='lat' dir='ltr'><strong>ante</strong></span> <span class='ocrx_word' id='word_1_432' title='bbox 3076 2419 3289 2487; x_wconf 87' lang='lat' dir='ltr'><strong>januas</strong></span> <span class='ocrx_word' id='word_1_433' title='bbox 3318 2419 3556 2489; x_wconf 87' lang='lat' dir='ltr'><strong>Aposto-</strong></span> 
     </span>
    </p>
   </div>
   <div class='ocr_carea' id='block_1_56' title="bbox 1915 2502 3558 2578">
    <p class='ocr_par' dir='ltr' id='par_1_56' title="bbox 1915 2502 3558 2578">
     <span class='ocr_line' id='line_1_56' title="bbox 1915 2502 3558 2578; baseline 0.003 -21"><span class='ocrx_word' id='word_1_434' title='bbox 1915 2502 2103 2558; x_wconf 86' lang='lat' dir='ltr'><strong>lorum</strong></span> <span class='ocrx_word' id='word_1_435' title='bbox 2152 2504 2438 2576; x_wconf 87' lang='lat' dir='ltr'><strong>Principis</strong></span> <span class='ocrx_word' id='word_1_436' title='bbox 2478 2507 2786 2575; x_wconf 89' lang='lat' dir='ltr'><strong>jacuerant</strong></span> <span class='ocrx_word' id='word_1_437' title='bbox 2816 2507 3244 2578; x_wconf 88' lang='lat' dir='ltr'><strong>contracti,per</strong></span> <span class='ocrx_word' id='word_1_438' title='bbox 3286 2507 3558 2562; x_wconf 90' lang='lat' dir='ltr'><strong>meritum</strong></span> 
     </span>
    </p>
   </div>
   <div class='ocr_carea' id='block_1_57' title="bbox 1914 2593 3563 2666">
    <p class='ocr_par' dir='ltr' id='par_1_57' title="bbox 1914 2593 3563 2666">
     <span class='ocr_line' id='line_1_57' title="bbox 1914 2593 3563 2666; baseline 0.002 -20"><span class='ocrx_word' id='word_1_439' title='bbox 1914 2593 1976 2647; x_wconf 91' lang='lat' dir='ltr'><strong>B.</strong></span> <span class='ocrx_word' id='word_1_440' title='bbox 2014 2593 2220 2648; x_wconf 90' lang='lat' dir='ltr'><strong>Leonis</strong></span> <span class='ocrx_word' id='word_1_441' title='bbox 2244 2593 2407 2666; x_wconf 70' lang='lat' dir='ltr'><strong>Papae</strong></span> <span class='ocrx_word' id='word_1_442' title='bbox 2432 2596 2702 2650; x_wconf 88' lang='lat' dir='ltr'><strong>abierunt</strong></span> <span class='ocrx_word' id='word_1_443' title='bbox 2730 2596 2928 2661; x_wconf 88' lang='lat' dir='ltr'><strong>erecti,</strong></span> <span class='ocrx_word' id='word_1_444' title='bbox 2951 2599 3009 2651; x_wconf 88' lang='lat' dir='ltr'><strong>et</strong></span> <span class='ocrx_word' id='word_1_445' title='bbox 3038 2595 3146 2650; x_wconf 92' lang='lat' dir='ltr'><strong>hoc</strong></span> <span class='ocrx_word' id='word_1_446' title='bbox 3168 2611 3313 2666; x_wconf 90' lang='lat' dir='ltr'><strong>pene</strong></span> <span class='ocrx_word' id='word_1_447' title='bbox 3335 2599 3458 2650; x_wconf 90' lang='lat' dir='ltr'><strong>tota</strong></span> <span class='ocrx_word' id='word_1_448' title='bbox 3486 2595 3563 2651; x_wconf 91' lang='lat' dir='ltr'><strong>ci-</strong></span> 
     </span>
    </p>
   </div>
   <div class='ocr_carea' id='block_1_58' title="bbox 1913 2682 3562 2754">
    <p class='ocr_par' dir='ltr' id='par_1_58' title="bbox 1913 2682 3562 2754">
     <span class='ocr_line' id='line_1_58' title="bbox 1913 2682 3562 2754; baseline 0.003 -20"><span class='ocrx_word' id='word_1_449' title='bbox 1913 2682 2060 2736; x_wconf 85' lang='lat' dir='ltr'><strong>vitas</strong></span> <span class='ocrx_word' id='word_1_450' title='bbox 2093 2684 2269 2745; x_wconf 88' lang='lat' dir='ltr'><strong>novit,</strong></span> <span class='ocrx_word' id='word_1_451' title='bbox 2297 2700 2426 2754; x_wconf 80' lang='lat' dir='ltr'><strong>quae</strong></span> <span class='ocrx_word' id='word_1_452' title='bbox 2466 2701 2564 2738; x_wconf 90' lang='lat' dir='ltr'><strong>eos</strong></span> <span class='ocrx_word' id='word_1_453' title='bbox 2603 2688 2928 2739; x_wconf 89' lang='lat' dir='ltr'><strong>contractos</strong></span> <span class='ocrx_word' id='word_1_454' title='bbox 2958 2688 3126 2739; x_wconf 87' lang='lat' dir='ltr'><strong>antea</strong></span> <span class='ocrx_word' id='word_1_455' title='bbox 3154 2684 3318 2738; x_wconf 90' lang='lat' dir='ltr'><strong>vidit.</strong></span> <span class='ocrx_word' id='word_1_456' title='bbox 3353 2684 3562 2739; x_wconf 88' lang='lat' dir='ltr'><strong>Mulier</strong></span> 
     </span>
    </p>
   </div>
   <div class='ocr_carea' id='block_1_59' title="bbox 1915 2766 3557 2844">
    <p class='ocr_par' dir='ltr' id='par_1_59' title="bbox 1915 2766 3557 2844">
     <span class='ocr_line' id='line_1_59' title="bbox 1915 2766 3557 2844; baseline 0.002 -21"><span class='ocrx_word' id='word_1_457' title='bbox 1915 2772 2200 2842; x_wconf 70' lang='lat' dir='ltr'><strong>qumdam,</strong></span> <span class='ocrx_word' id='word_1_458' title='bbox 2227 2772 2415 2843; x_wconf 83' lang='lat' dir='ltr'><strong>spatio</strong></span> <span class='ocrx_word' id='word_1_459' title='bbox 2440 2773 2691 2827; x_wconf 87' lang='lat' dir='ltr'><strong>sedecim</strong></span> <span class='ocrx_word' id='word_1_460' title='bbox 2715 2789 3002 2827; x_wconf 90' lang='lat' dir='ltr'><strong>annorum</strong></span> <span class='ocrx_word' id='word_1_461' title='bbox 3030 2771 3314 2844; x_wconf 86' lang='lat' dir='ltr'><strong>languens</strong></span> <span class='ocrx_word' id='word_1_462' title='bbox 3335 2774 3392 2827; x_wconf 85' lang='lat' dir='ltr'><strong>et</strong></span> <span class='ocrx_word' id='word_1_463' title='bbox 3420 2766 3557 2828; x_wconf 85' lang='lat' dir='ltr'><strong>cen—</strong></span> 
     </span>
    </p>
   </div>
   <div class='ocr_carea' id='block_1_60' title="bbox 1913 2860 3561 2932">
    <p class='ocr_par' dir='ltr' id='par_1_60' title="bbox 1913 2860 3561 2932">
     <span class='ocr_line' id='line_1_60' title="bbox 1913 2860 3561 2932; baseline 0.002 -20"><span class='ocrx_word' id='word_1_464' title='bbox 1913 2863 2117 2925; x_wconf 87' lang='lat' dir='ltr'><strong>tracta,</strong></span> <span class='ocrx_word' id='word_1_465' title='bbox 2144 2861 2349 2929; x_wconf 88' lang='lat' dir='ltr'><strong>jacens</strong></span> <span class='ocrx_word' id='word_1_466' title='bbox 2378 2861 2433 2914; x_wconf 93' lang='lat' dir='ltr'><strong>in</strong></span> <span class='ocrx_word' id='word_1_467' title='bbox 2468 2862 2725 2932; x_wconf 85' lang='lat' dir='ltr'><strong>grabato,</strong></span> <span class='ocrx_word' id='word_1_468' title='bbox 2749 2861 2875 2931; x_wconf 90' lang='lat' dir='ltr'><strong>ejus</strong></span> <span class='ocrx_word' id='word_1_469' title='bbox 2898 2862 2968 2915; x_wconf 86' lang='lat' dir='ltr'><strong>ad</strong></span> <span class='ocrx_word' id='word_1_470' title='bbox 2999 2860 3293 2916; x_wconf 88' lang='lat' dir='ltr'><strong>tumulum</strong></span> <span class='ocrx_word' id='word_1_471' title='bbox 3324 2861 3561 2916; x_wconf 84' lang='lat' dir='ltr'><strong>devecta</strong></span> 
     </span>
    </p>
   </div>
   <div class='ocr_carea' id='block_1_61' title="bbox 1914 2947 3561 3019">
    <p class='ocr_par' dir='ltr' id='par_1_61' title="bbox 1914 2947 3561 3019">
     <span class='ocr_line' id='line_1_61' title="bbox 1914 2947 3561 3019; baseline 0.001 -17"><span class='ocrx_word' id='word_1_472' title='bbox 1914 2952 2003 3002; x_wconf 90' lang='lat' dir='ltr'><strong>est</strong></span> <span class='ocrx_word' id='word_1_473' title='bbox 2027 2964 2038 3001; x_wconf 91' lang='lat'>:</span> <span class='ocrx_word' id='word_1_474' title='bbox 2064 2952 2119 3002; x_wconf 90' lang='lat' dir='ltr'><strong>et</strong></span> <span class='ocrx_word' id='word_1_475' title='bbox 2148 2947 2285 3019; x_wconf 83' lang='lat' dir='ltr'><strong>quia</strong></span> <span class='ocrx_word' id='word_1_476' title='bbox 2325 2949 2571 3003; x_wconf 83' lang='lat' dir='ltr'><strong>ﬁdeliter</strong></span> <span class='ocrx_word' id='word_1_477' title='bbox 2603 2949 2866 3011; x_wconf 86' lang='lat' dir='ltr'><strong>credidit,</strong></span> <span class='ocrx_word' id='word_1_478' title='bbox 2902 2966 3045 3004; x_wconf 89' lang='lat' dir='ltr'><strong>sana</strong></span> <span class='ocrx_word' id='word_1_479' title='bbox 3087 2953 3143 3003; x_wconf 87' lang='lat' dir='ltr'><strong>et</strong></span> <span class='ocrx_word' id='word_1_480' title='bbox 3183 2951 3371 3005; x_wconf 89' lang='lat' dir='ltr'><strong>erecta</strong></span> <span class='ocrx_word' id='word_1_481' title='bbox 3399 2948 3561 3004; x_wconf 91' lang='lat' dir='ltr'><strong>illinc</strong></span> 
     </span>
    </p>
   </div>
   <div class='ocr_carea' id='block_1_62' title="bbox 1916 3036 3561 3093">
    <p class='ocr_par' dir='ltr' id='par_1_62' title="bbox 1916 3036 3561 3093">
     <span class='ocr_line' id='line_1_62' title="bbox 1916 3036 3561 3093; baseline 0.001 -2"><span class='ocrx_word' id='word_1_482' title='bbox 1916 3036 2121 3091; x_wconf 85' lang='lat' dir='ltr'><strong>rediit:</strong></span> <span class='ocrx_word' id='word_1_483' title='bbox 2149 3041 2203 3090; x_wconf 90' lang='lat' dir='ltr'><strong>et</strong></span> <span class='ocrx_word' id='word_1_484' title='bbox 2232 3036 2353 3090; x_wconf 75' lang='lat' dir='ltr'><strong>hazc</strong></span> <span class='ocrx_word' id='word_1_485' title='bbox 2385 3037 2653 3092; x_wconf 87' lang='lat' dir='ltr'><strong>similiter</strong></span> <span class='ocrx_word' id='word_1_486' title='bbox 2674 3037 2898 3091; x_wconf 83' lang='lat' dir='ltr'><strong>civibus</strong></span> <span class='ocrx_word' id='word_1_487' title='bbox 2923 3042 3060 3091; x_wconf 89' lang='lat' dir='ltr'><strong>nota</strong></span> <span class='ocrx_word' id='word_1_488' title='bbox 3085 3042 3190 3091; x_wconf 86' lang='lat' dir='ltr'><strong>est.</strong></span> <span class='ocrx_word' id='word_1_489' title='bbox 3209 3036 3403 3092; x_wconf 86' lang='lat' dir='ltr'><strong>Altera</strong></span> <span class='ocrx_word' id='word_1_490' title='bbox 3431 3041 3561 3093; x_wconf 88' lang='lat' dir='ltr'><strong>vero</strong></span> 
     </span>
    </p>
   </div>
   <div class='ocr_carea' id='block_1_63' title="bbox 1917 3124 3563 3197">
    <p class='ocr_par' dir='ltr' id='par_1_63' title="bbox 1917 3124 3563 3197">
     <span class='ocr_line' id='line_1_63' title="bbox 1917 3124 3563 3197; baseline 0.002 -20"><span class='ocrx_word' id='word_1_491' title='bbox 1917 3124 2130 3178; x_wconf 87' lang='lat' dir='ltr'><strong>mulier</strong></span> <span class='ocrx_word' id='word_1_492' title='bbox 2158 3125 2230 3180; x_wconf 90' lang='lat' dir='ltr'><strong>de</strong></span> <span class='ocrx_word' id='word_1_493' title='bbox 2262 3126 2581 3193; x_wconf 78' lang='lat' dir='ltr'><strong>Lateranis,</strong></span> <span class='ocrx_word' id='word_1_494' title='bbox 2607 3125 2903 3196; x_wconf 87' lang='lat' dir='ltr'><strong>Stephana</strong></span> <span class='ocrx_word' id='word_1_495' title='bbox 2923 3124 3178 3192; x_wconf 89' lang='lat' dir='ltr'><strong>nomine,</strong></span> <span class='ocrx_word' id='word_1_496' title='bbox 3204 3139 3349 3181; x_wconf 83' lang='lat' dir='ltr'><strong>uxor</strong></span> <span class='ocrx_word' id='word_1_497' title='bbox 3372 3127 3563 3197; x_wconf 84' lang='lat' dir='ltr'><strong>cujus-</strong></span> 
     </span>
    </p>
   </div>
   <div class='ocr_carea' id='block_1_64' title="bbox 1916 3207 3559 3281">
    <p class='ocr_par' dir='ltr' id='par_1_64' title="bbox 1916 3207 3559 3281">
     <span class='ocr_line' id='line_1_64' title="bbox 1916 3207 3559 3281; baseline 0.001 -15"><span class='ocrx_word' id='word_1_498' title='bbox 1916 3213 2050 3267; x_wconf 89' lang='lat' dir='ltr'><strong>dam</strong></span> <span class='ocrx_word' id='word_1_499' title='bbox 2086 3212 2256 3279; x_wconf 89' lang='lat' dir='ltr'><strong>Petri,</strong></span> <span class='ocrx_word' id='word_1_500' title='bbox 2286 3214 2641 3267; x_wconf 75' lang='lat' dir='ltr'><strong>dzemonium</strong></span> <span class='ocrx_word' id='word_1_501' title='bbox 2684 3207 2925 3281; x_wconf 88' lang='lat' dir='ltr'><strong>habens,</strong></span> <span class='ocrx_word' id='word_1_502' title='bbox 2948 3213 3018 3268; x_wconf 90' lang='lat' dir='ltr'><strong>ad</strong></span> <span class='ocrx_word' id='word_1_503' title='bbox 3068 3210 3362 3268; x_wconf 89' lang='lat' dir='ltr'><strong>tumulum</strong></span> <span class='ocrx_word' id='word_1_504' title='bbox 3404 3213 3559 3269; x_wconf 91' lang='lat' dir='ltr'><strong>illius</strong></span> 
     </span>
    </p>
   </div>
   <div class='ocr_carea' id='block_1_65' title="bbox 144 3286 3558 3373">
    <p class='ocr_par' dir='ltr' id='par_1_65' title="bbox 144 3286 3558 3373">
     <span class='ocr_line' id='line_1_65' title="bbox 144 3286 3558 3373; baseline 0.001 -18"><span class='ocrx_word' id='word_1_505' title='bbox 144 3299 470 3371; x_wconf 74' lang='lat' dir='ltr'><strong>Respondit</strong></span> <span class='ocrx_word' id='word_1_506' title='bbox 493 3300 719 3354; x_wconf 74' lang='lat' dir='ltr'><strong>daemon</strong></span> <span class='ocrx_word' id='word_1_507' title='bbox 747 3317 759 3355; x_wconf 94' lang='lat'>:</span> <span class='ocrx_word' id='word_1_508' title='bbox 785 3299 989 3354; x_wconf 87' lang='lat' dir='ltr'><strong>Vidisti</strong></span> <span class='ocrx_word' id='word_1_509' title='bbox 1012 3300 1160 3366; x_wconf 90' lang='lat' dir='ltr'><strong>heri,</strong></span> <span class='ocrx_word' id='word_1_510' title='bbox 1192 3303 1424 3373; x_wconf 88' lang='lat' dir='ltr'><strong>quando</strong></span> <span class='ocrx_word' id='word_1_511' title='bbox 1449 3308 1670 3358; x_wconf 83' lang='lat' dir='ltr'><strong>mutam</strong></span> <span class='ocrx_word' id='word_1_512' title='bbox 1694 3303 1805 3372; x_wconf 91' lang='lat' dir='ltr'><strong>lin_</strong></span> <span class='ocrx_word' id='word_1_513' title='bbox 1835 3286 1877 3352; x_wconf 84' lang='lat' dir='ltr'>C</span> <span class='ocrx_word' id='word_1_514' title='bbox 1915 3301 2072 3355; x_wconf 88' lang='lat' dir='ltr'><strong>venit</strong></span> <span class='ocrx_word' id='word_1_515' title='bbox 2105 3318 2117 3355; x_wconf 92' lang='lat'>:</span> <span class='ocrx_word' id='word_1_516' title='bbox 2153 3302 2249 3354; x_wconf 88' lang='lat' dir='ltr'><strong>ubi</strong></span> <span class='ocrx_word' id='word_1_517' title='bbox 2298 3302 2642 3372; x_wconf 87' lang='lat' dir='ltr'><strong>sanguinem</strong></span> <span class='ocrx_word' id='word_1_518' title='bbox 2692 3316 2932 3356; x_wconf 88' lang='lat' dir='ltr'><strong>vomens</strong></span> <span class='ocrx_word' id='word_1_519' title='bbox 2969 3304 3025 3355; x_wconf 89' lang='lat' dir='ltr'><strong>et</strong></span> <span class='ocrx_word' id='word_1_520' title='bbox 3052 3300 3319 3356; x_wconf 86' lang='lat' dir='ltr'><strong>volutans</strong></span> <span class='ocrx_word' id='word_1_521' title='bbox 3348 3317 3410 3356; x_wconf 89' lang='lat' dir='ltr'><strong>se</strong></span> <span class='ocrx_word' id='word_1_522' title='bbox 3440 3305 3558 3357; x_wconf 88' lang='lat' dir='ltr'><strong>tres</strong></span> 
     </span>
    </p>
   </div>
   <div class='ocr_carea' id='block_1_66' title="bbox 146 3386 1806 3462">
    <p class='ocr_par' dir='ltr' id='par_1_66' title="bbox 146 3386 1806 3462">
     <span class='ocr_line' id='line_1_66' title="bbox 146 3386 1806 3462; baseline 0 -19"><span class='ocrx_word' id='word_1_523' title='bbox 146 3403 319 3461; x_wconf 88' lang='lat' dir='ltr'><strong>guam</strong></span> <span class='ocrx_word' id='word_1_524' title='bbox 344 3386 605 3453; x_wconf 89' lang='lat' dir='ltr'><strong>resolvit,</strong></span> <span class='ocrx_word' id='word_1_525' title='bbox 625 3389 752 3459; x_wconf 90' lang='lat' dir='ltr'><strong>ipsa</strong></span> <span class='ocrx_word' id='word_1_526' title='bbox 776 3387 920 3443; x_wconf 90' lang='lat' dir='ltr'><strong>hora</strong></span> <span class='ocrx_word' id='word_1_527' title='bbox 942 3389 1191 3459; x_wconf 83' lang='lat' dir='ltr'><strong>perrexit</strong></span> <span class='ocrx_word' id='word_1_528' title='bbox 1214 3408 1343 3445; x_wconf 91' lang='lat' dir='ltr'><strong>cum</strong></span> <span class='ocrx_word' id='word_1_529' title='bbox 1364 3390 1554 3445; x_wconf 90' lang='lat' dir='ltr'><strong>Marco</strong></span> <span class='ocrx_word' id='word_1_530' title='bbox 1578 3392 1806 3462; x_wconf 87' lang='lat' dir='ltr'><strong>Episco-</strong></span> 
     </span>
    </p>
   </div>
   <div class='ocr_carea' id='block_1_67' title="bbox 145 3476 1802 3550">
    <p class='ocr_par' dir='ltr' id='par_1_67' title="bbox 145 3476 1802 3550">
     <span class='ocr_line' id='line_1_67' title="bbox 145 3476 1802 3550; baseline 0.002 -19"><span class='ocrx_word' id='word_1_531' title='bbox 145 3476 463 3549; x_wconf 71' lang='lat' dir='ltr'><strong>poApuliae</strong></span> <span class='ocrx_word' id='word_1_532' title='bbox 496 3480 553 3532; x_wconf 89' lang='lat' dir='ltr'><strong>et</strong></span> <span class='ocrx_word' id='word_1_533' title='bbox 583 3494 715 3531; x_wconf 93' lang='lat' dir='ltr'><strong>cum</strong></span> <span class='ocrx_word' id='word_1_534' title='bbox 750 3476 1045 3533; x_wconf 90' lang='lat' dir='ltr'><strong>Marciano</strong></span> <span class='ocrx_word' id='word_1_535' title='bbox 1077 3477 1357 3549; x_wconf 87' lang='lat' dir='ltr'><strong>Episcopo</strong></span> <span class='ocrx_word' id='word_1_536' title='bbox 1381 3480 1492 3549; x_wconf 86' lang='lat'>(69)</span> <span class='ocrx_word' id='word_1_537' title='bbox 1518 3480 1802 3550; x_wconf 87' lang='lat' dir='ltr'><strong>Frequen-</strong></span> 
     </span>
    </p>
   </div>
   <div class='ocr_carea' id='block_1_68' title="bbox 149 3562 1800 3639">
    <p class='ocr_par' dir='ltr' id='par_1_68' title="bbox 149 3562 1800 3639">
     <span class='ocr_line' id='line_1_68' title="bbox 149 3562 1800 3639; baseline 0.004 -22"><span class='ocrx_word' id='word_1_538' title='bbox 149 3562 282 3619; x_wconf 78' lang='lat' dir='ltr'><strong>tinaa</strong></span> <span class='ocrx_word' id='word_1_539' title='bbox 316 3566 434 3636; x_wconf 91' lang='lat'><strong>(70)</strong></span> <span class='ocrx_word' id='word_1_540' title='bbox 466 3564 734 3620; x_wconf 63' lang='lat' dir='ltr'><strong>Ecclesia:</strong></span> <span class='ocrx_word' id='word_1_541' title='bbox 783 3566 1197 3620; x_wconf 89' lang='lat' dir='ltr'><strong>Beneventum.</strong></span> <span class='ocrx_word' id='word_1_542' title='bbox 1232 3565 1384 3620; x_wconf 81' lang='lat' dir='ltr'><strong>Dixit</strong></span> <span class='ocrx_word' id='word_1_543' title='bbox 1432 3566 1748 3639; x_wconf 88' lang='lat' dir='ltr'><strong>Episcopus</strong></span> <span class='ocrx_word' id='word_1_544' title='bbox 1788 3586 1800 3623; x_wconf 90' lang='lat'><strong>:</strong></span> 
     </span>
    </p>
   </div>
   <div class='ocr_carea' id='block_1_69' title="bbox 145 3651 1799 3728">
    <p class='ocr_par' dir='ltr' id='par_1_69' title="bbox 145 3651 1799 3728">
     <span class='ocr_line' id='line_1_69' title="bbox 145 3651 1799 3728; baseline 0.002 -20"><span class='ocrx_word' id='word_1_545' title='bbox 145 3651 251 3709; x_wconf 90' lang='lat' dir='ltr'><strong>Pro</strong></span> <span class='ocrx_word' id='word_1_546' title='bbox 297 3670 419 3726; x_wconf 90' lang='lat' dir='ltr'><strong>qua</strong></span> <span class='ocrx_word' id='word_1_547' title='bbox 476 3670 659 3710; x_wconf 89' lang='lat' dir='ltr'><strong>causa</strong></span> <span class='ocrx_word' id='word_1_548' title='bbox 715 3658 1110 3725; x_wconf 84' lang='lat' dir='ltr'><strong>perrexerunt.</strong></span> <span class='ocrx_word' id='word_1_549' title='bbox 1146 3655 1467 3725; x_wconf 80' lang='lat' dir='ltr'><strong>ReSpondit</strong></span> <span class='ocrx_word' id='word_1_550' title='bbox 1524 3657 1799 3728; x_wconf 69' lang='lat' dir='ltr'><strong>daemon;</strong></span> 
     </span>
    </p>
   </div>
   <div class='ocr_carea' id='block_1_70' title="bbox 148 3740 1800 3817">
    <p class='ocr_par' dir='ltr' id='par_1_70' title="bbox 148 3740 1800 3817">
     <span class='ocr_line' id='line_1_70' title="bbox 148 3740 1800 3817; baseline 0.002 -22"><span class='ocrx_word' id='word_1_551' title='bbox 148 3740 377 3811; x_wconf 80' lang='lat' dir='ltr'><strong>Nescio,</strong></span> <span class='ocrx_word' id='word_1_552' title='bbox 404 3743 505 3798; x_wconf 91' lang='lat' dir='ltr'><strong>sed</strong></span> <span class='ocrx_word' id='word_1_553' title='bbox 556 3743 676 3797; x_wconf 90' lang='lat' dir='ltr'><strong>scio</strong></span> <span class='ocrx_word' id='word_1_554' title='bbox 707 3742 846 3813; x_wconf 88' lang='lat' dir='ltr'><strong>quia</strong></span> <span class='ocrx_word' id='word_1_555' title='bbox 876 3743 934 3797; x_wconf 89' lang='lat' dir='ltr'><strong>in</strong></span> <span class='ocrx_word' id='word_1_556' title='bbox 966 3742 1173 3814; x_wconf 89' lang='lat' dir='ltr'><strong>Apulia</strong></span> <span class='ocrx_word' id='word_1_557' title='bbox 1203 3747 1359 3809; x_wconf 89' lang='lat' dir='ltr'><strong>sunt,</strong></span> <span class='ocrx_word' id='word_1_558' title='bbox 1394 3744 1495 3798; x_wconf 90' lang='lat' dir='ltr'><strong>ubi</strong></span> <span class='ocrx_word' id='word_1_559' title='bbox 1543 3761 1800 3817; x_wconf 88' lang='lat' dir='ltr'><strong>pugnam</strong></span> 
     </span>
    </p>
   </div>
   <div class='ocr_carea' id='block_1_71' title="bbox 137 3830 1804 3904">
    <p class='ocr_par' dir='ltr' id='par_1_71' title="bbox 137 3830 1804 3904">
     <span class='ocr_line' id='line_1_71' title="bbox 137 3830 1804 3904; baseline 0.003 -20"><span class='ocrx_word' id='word_1_560' title='bbox 137 3835 337 3886; x_wconf 83' lang='lat' dir='ltr'><strong>contra</strong></span> <span class='ocrx_word' id='word_1_561' title='bbox 368 3830 620 3887; x_wconf 87' lang='lat' dir='ltr'><strong>Sanetos</strong></span> <span class='ocrx_word' id='word_1_562' title='bbox 640 3830 960 3885; x_wconf 89' lang='lat' dir='ltr'><strong>Normauni</strong></span> <span class='ocrx_word' id='word_1_563' title='bbox 994 3831 1547 3886; x_wconf 67' lang='lat' dir='ltr'><strong>commiseruntAit</strong></span> <span class='ocrx_word' id='word_1_564' title='bbox 1570 3834 1804 3904; x_wconf 86' lang='lat' dir='ltr'><strong>Episco-</strong></span> 
     </span>
    </p>
   </div>
   <div class='ocr_carea' id='block_1_72' title="bbox 135 3919 1803 3990">
    <p class='ocr_par' dir='ltr' id='par_1_72' title="bbox 135 3919 1803 3990">
     <span class='ocr_line' id='line_1_72' title="bbox 135 3919 1803 3990; baseline 0.002 -15"><span class='ocrx_word' id='word_1_565' title='bbox 135 3932 243 3989; x_wconf 83' lang='lat' dir='ltr'><strong>pus</strong></span> <span class='ocrx_word' id='word_1_566' title='bbox 274 3936 288 3975; x_wconf 91' lang='lat'><strong>:</strong></span> <span class='ocrx_word' id='word_1_567' title='bbox 320 3919 471 3976; x_wconf 87' lang='lat' dir='ltr'><strong>Vere</strong></span> <span class='ocrx_word' id='word_1_568' title='bbox 502 3924 642 3975; x_wconf 91' lang='lat' dir='ltr'><strong>sunt</strong></span> <span class='ocrx_word' id='word_1_569' title='bbox 671 3920 856 3975; x_wconf 90' lang='lat' dir='ltr'><strong>sancti</strong></span> <span class='ocrx_word' id='word_1_570' title='bbox 900 3919 1231 3987; x_wconf 88' lang='lat' dir='ltr'><strong>Alemanni,</strong></span> <span class='ocrx_word' id='word_1_571' title='bbox 1266 3919 1369 3990; x_wconf 92' lang='lat' dir='ltr'><strong>qui</strong></span> <span class='ocrx_word' id='word_1_572' title='bbox 1418 3926 1561 3975; x_wconf 90' lang='lat' dir='ltr'><strong>sunt</strong></span> <span class='ocrx_word' id='word_1_573' title='bbox 1590 3922 1803 3978; x_wconf 89' lang='lat' dir='ltr'><strong>ibidem</strong></span> 
     </span>
    </p>
   </div>
   <div class='ocr_carea' id='block_1_73' title="bbox 136 4004 1800 4081">
    <p class='ocr_par' dir='ltr' id='par_1_73' title="bbox 136 4004 1800 4081">
     <span class='ocr_line' id='line_1_73' title="bbox 136 4004 1800 4081; baseline 0.004 -21"><span class='ocrx_word' id='word_1_574' title='bbox 136 4004 476 4063; x_wconf 80' lang='lat' dir='ltr'><strong>interfecti?</strong></span> <span class='ocrx_word' id='word_1_575' title='bbox 521 4008 617 4062; x_wconf 81' lang='lat' dir='ltr'><strong>Ait</strong></span> <span class='ocrx_word' id='word_1_576' title='bbox 663 4008 874 4063; x_wconf 90' lang='lat' dir='ltr'><strong>demon</strong></span> <span class='ocrx_word' id='word_1_577' title='bbox 910 4025 922 4063; x_wconf 89' lang='lat'>:</span> <span class='ocrx_word' id='word_1_578' title='bbox 957 4008 1223 4079; x_wconf 89' lang='lat' dir='ltr'><strong>Triginta</strong></span> <span class='ocrx_word' id='word_1_579' title='bbox 1271 4014 1325 4062; x_wconf 90' lang='lat' dir='ltr'><strong>et</strong></span> <span class='ocrx_word' id='word_1_580' title='bbox 1367 4010 1627 4081; x_wconf 87' lang='lat' dir='ltr'><strong>quinque</strong></span> <span class='ocrx_word' id='word_1_581' title='bbox 1660 4017 1800 4066; x_wconf 89' lang='lat' dir='ltr'><strong>sunt</strong></span> 
     </span>
    </p>
   </div>
   <div class='ocr_carea' id='block_1_74' title="bbox 144 4095 1807 4167">
    <p class='ocr_par' dir='ltr' id='par_1_74' title="bbox 144 4095 1807 4167">
     <span class='ocr_line' id='line_1_74' title="bbox 144 4095 1807 4167; baseline 0.001 -17"><span class='ocrx_word' id='word_1_582' title='bbox 144 4096 501 4152; x_wconf 80' lang='lat' dir='ltr'><strong>sanetifieati</strong></span> <span class='ocrx_word' id='word_1_583' title='bbox 527 4112 595 4151; x_wconf 82' lang='lat' dir='ltr'><strong>ex</strong></span> <span class='ocrx_word' id='word_1_584' title='bbox 621 4095 706 4151; x_wconf 91' lang='lat' dir='ltr'><strong>eis</strong></span> <span class='ocrx_word' id='word_1_585' title='bbox 738 4113 839 4167; x_wconf 92' lang='lat' dir='ltr'><strong>per</strong></span> <span class='ocrx_word' id='word_1_586' title='bbox 877 4112 1025 4167; x_wconf 90' lang='lat' dir='ltr'><strong>quos</strong></span> <span class='ocrx_word' id='word_1_587' title='bbox 1056 4097 1224 4165; x_wconf 85' lang='lat' dir='ltr'><strong>signa</strong></span> <span class='ocrx_word' id='word_1_588' title='bbox 1254 4102 1311 4150; x_wconf 90' lang='lat' dir='ltr'><strong>et</strong></span> <span class='ocrx_word' id='word_1_589' title='bbox 1341 4096 1629 4152; x_wconf 90' lang='lat' dir='ltr'><strong>mirabilia</strong></span> <span class='ocrx_word' id='word_1_590' title='bbox 1659 4099 1807 4153; x_wconf 77' lang='lat' dir='ltr'><strong>fiunt</strong></span> 
     </span>
    </p>
   </div>
   <div class='ocr_carea' id='block_1_75' title="bbox 144 4180 1807 4256">
    <p class='ocr_par' dir='ltr' id='par_1_75' title="bbox 144 4180 1807 4256">
     <span class='ocr_line' id='line_1_75' title="bbox 144 4180 1807 4256; baseline 0.001 -20"><span class='ocrx_word' id='word_1_591' title='bbox 144 4180 201 4238; x_wconf 91' lang='lat' dir='ltr'><strong>in</strong></span> <span class='ocrx_word' id='word_1_592' title='bbox 231 4183 362 4241; x_wconf 80' lang='lat' dir='ltr'><strong>loco</strong></span> <span class='ocrx_word' id='word_1_593' title='bbox 393 4183 518 4252; x_wconf 92' lang='lat' dir='ltr'><strong>illo,</strong></span> <span class='ocrx_word' id='word_1_594' title='bbox 543 4200 608 4239; x_wconf 92' lang='lat' dir='ltr'><strong>eo</strong></span> <span class='ocrx_word' id='word_1_595' title='bbox 640 4186 795 4256; x_wconf 91' lang='lat' dir='ltr'><strong>quod</strong></span> <span class='ocrx_word' id='word_1_596' title='bbox 827 4188 1033 4256; x_wconf 89' lang='lat' dir='ltr'><strong>sponte</strong></span> <span class='ocrx_word' id='word_1_597' title='bbox 1062 4189 1348 4240; x_wconf 90' lang='lat' dir='ltr'><strong>venerunt</strong></span> <span class='ocrx_word' id='word_1_598' title='bbox 1376 4190 1432 4240; x_wconf 88' lang='lat' dir='ltr'><strong>et</strong></span> <span class='ocrx_word' id='word_1_599' title='bbox 1463 4202 1596 4241; x_wconf 91' lang='lat' dir='ltr'><strong>cum</strong></span> <span class='ocrx_word' id='word_1_600' title='bbox 1630 4187 1807 4242; x_wconf 81' lang='lat' dir='ltr'><strong>ﬁdeli-</strong></span> 
     </span>
    </p>
   </div>
   <div class='ocr_carea' id='block_1_76' title="bbox 145 4271 1806 4345">
    <p class='ocr_par' dir='ltr' id='par_1_76' title="bbox 145 4271 1806 4345">
     <span class='ocr_line' id='line_1_76' title="bbox 145 4271 1806 4345; baseline 0.002 -19"><span class='ocrx_word' id='word_1_601' title='bbox 145 4275 262 4327; x_wconf 88' lang='lat' dir='ltr'><strong>tate</strong></span> <span class='ocrx_word' id='word_1_602' title='bbox 305 4288 414 4345; x_wconf 88' lang='lat' dir='ltr'><strong>pro</strong></span> <span class='ocrx_word' id='word_1_603' title='bbox 455 4272 691 4344; x_wconf 87' lang='lat' dir='ltr'><strong>justitia</strong></span> <span class='ocrx_word' id='word_1_604' title='bbox 740 4288 1003 4344; x_wconf 84' lang='lat' dir='ltr'><strong>pugnare</strong></span> <span class='ocrx_word' id='word_1_605' title='bbox 1054 4271 1407 4327; x_wconf 89' lang='lat' dir='ltr'><strong>maluerunt.</strong></span> <span class='ocrx_word' id='word_1_606' title='bbox 1441 4274 1638 4330; x_wconf 61' lang='lat' dir='ltr'><strong>Crateri</strong></span> <span class='ocrx_word' id='word_1_607' title='bbox 1688 4275 1806 4330; x_wconf 88' lang='lat' dir='ltr'><strong>illic</strong></span> 
     </span>
    </p>
   </div>
   <div class='ocr_carea' id='block_1_77' title="bbox 138 4361 1806 4433">
    <p class='ocr_par' dir='ltr' id='par_1_77' title="bbox 138 4361 1806 4433">
     <span class='ocr_line' id='line_1_77' title="bbox 138 4361 1806 4433; baseline 0.001 -18"><span class='ocrx_word' id='word_1_608' title='bbox 138 4363 277 4416; x_wconf 84' lang='lat' dir='ltr'><strong>tunc</strong></span> <span class='ocrx_word' id='word_1_609' title='bbox 307 4361 531 4417; x_wconf 91' lang='lat' dir='ltr'><strong>mortui</strong></span> <span class='ocrx_word' id='word_1_610' title='bbox 555 4361 615 4415; x_wconf 92' lang='lat' dir='ltr'><strong>in</strong></span> <span class='ocrx_word' id='word_1_611' title='bbox 641 4361 912 4432; x_wconf 85' lang='lat' dir='ltr'><strong>paradiso</strong></span> <span class='ocrx_word' id='word_1_612' title='bbox 935 4366 1075 4416; x_wconf 90' lang='lat' dir='ltr'><strong>sunt</strong></span> <span class='ocrx_word' id='word_1_613' title='bbox 1097 4377 1323 4425; x_wconf 90' lang='lat' dir='ltr'><strong>omnes,</strong></span> <span class='ocrx_word' id='word_1_614' title='bbox 1349 4361 1447 4415; x_wconf 88' lang='lat' dir='ltr'><strong>sed</strong></span> <span class='ocrx_word' id='word_1_615' title='bbox 1472 4363 1609 4433; x_wconf 88' lang='lat' dir='ltr'><strong>quia</strong></span> <span class='ocrx_word' id='word_1_616' title='bbox 1631 4364 1806 4419; x_wconf 88' lang='lat' dir='ltr'><strong>invite</strong></span> 
     </span>
    </p>
   </div>
   <div class='ocr_carea' id='block_1_78' title="bbox 137 4448 1805 4523">
    <p class='ocr_par' dir='ltr' id='par_1_78' title="bbox 137 4448 1805 4523">
     <span class='ocr_line' id='line_1_78' title="bbox 137 4448 1805 4523; baseline 0.003 -21"><span class='ocrx_word' id='word_1_617' title='bbox 137 4453 449 4517; x_wconf 86' lang='lat' dir='ltr'><strong>venerunt,</strong></span> <span class='ocrx_word' id='word_1_618' title='bbox 472 4448 627 4504; x_wconf 88' lang='lat' dir='ltr'><strong>inter</strong></span> <span class='ocrx_word' id='word_1_619' title='bbox 657 4448 789 4505; x_wconf 91' lang='lat' dir='ltr'><strong>illos</strong></span> <span class='ocrx_word' id='word_1_620' title='bbox 810 4450 1054 4505; x_wconf 87' lang='lat' dir='ltr'><strong>minime</strong></span> <span class='ocrx_word' id='word_1_621' title='bbox 1077 4449 1336 4520; x_wconf 89' lang='lat' dir='ltr'><strong>deputati</strong></span> <span class='ocrx_word' id='word_1_622' title='bbox 1361 4456 1518 4506; x_wconf 91' lang='lat' dir='ltr'><strong>sunt.</strong></span> <span class='ocrx_word' id='word_1_623' title='bbox 1547 4450 1631 4505; x_wconf 90' lang='lat' dir='ltr'><strong>Illi</strong></span> <span class='ocrx_word' id='word_1_624' title='bbox 1663 4469 1805 4523; x_wconf 89' lang='lat' dir='ltr'><strong>quo-</strong></span> 
     </span>
    </p>
   </div>
   <div class='ocr_carea' id='block_1_79' title="bbox 141 4537 1802 4611">
    <p class='ocr_par' dir='ltr' id='par_1_79' title="bbox 141 4537 1802 4611">
     <span class='ocr_line' id='line_1_79' title="bbox 141 4537 1802 4611; baseline 0.001 -19"><span class='ocrx_word' id='word_1_625' title='bbox 141 4553 252 4609; x_wconf 85' lang='lat' dir='ltr'><strong>que</strong></span> <span class='ocrx_word' id='word_1_626' title='bbox 298 4538 551 4611; x_wconf 82' lang='lat' dir='ltr'><strong>triginta</strong></span> <span class='ocrx_word' id='word_1_627' title='bbox 580 4538 841 4610; x_wconf 88' lang='lat' dir='ltr'><strong>quinque</strong></span> <span class='ocrx_word' id='word_1_628' title='bbox 890 4537 1125 4609; x_wconf 80' lang='lat' dir='ltr'><strong>propria</strong></span> <span class='ocrx_word' id='word_1_629' title='bbox 1155 4537 1451 4593; x_wconf 87' lang='lat' dir='ltr'><strong>voluntate</strong></span> <span class='ocrx_word' id='word_1_630' title='bbox 1501 4545 1802 4608; x_wconf 89' lang='lat' dir='ltr'><strong>venerunt,</strong></span> 
     </span>
    </p>
   </div>
   <div class='ocr_carea' id='block_1_80' title="bbox 137 4626 1799 4699">
    <p class='ocr_par' dir='ltr' id='par_1_80' title="bbox 137 4626 1799 4699">
     <span class='ocr_line' id='line_1_80' title="bbox 137 4626 1799 4699; baseline -0.001 -17"><span class='ocrx_word' id='word_1_631' title='bbox 137 4630 193 4682; x_wconf 87' lang='lat' dir='ltr'><strong>et</strong></span> <span class='ocrx_word' id='word_1_632' title='bbox 218 4626 557 4699; x_wconf 82' lang='lat' dir='ltr'><strong>gaudentes</strong></span> <span class='ocrx_word' id='word_1_633' title='bbox 585 4627 762 4683; x_wconf 90' lang='lat' dir='ltr'><strong>morti</strong></span> <span class='ocrx_word' id='word_1_634' title='bbox 811 4642 872 4682; x_wconf 91' lang='lat' dir='ltr'><strong>se</strong></span> <span class='ocrx_word' id='word_1_635' title='bbox 915 4627 1303 4691; x_wconf 89' lang='lat' dir='ltr'><strong>tradiderunt,</strong></span> <span class='ocrx_word' id='word_1_636' title='bbox 1339 4632 1572 4698; x_wconf 86' lang='lat' dir='ltr'><strong>propter</strong></span> <span class='ocrx_word' id='word_1_637' title='bbox 1622 4629 1799 4684; x_wconf 88' lang='lat' dir='ltr'><strong>Deum</strong></span> 
     </span>
    </p>
   </div>
   <div class='ocr_carea' id='block_1_81' title="bbox 136 4713 1812 4788">
    <p class='ocr_par' dir='ltr' id='par_1_81' title="bbox 136 4713 1812 4788">
     <span class='ocr_line' id='line_1_81' title="bbox 136 4713 1812 4788; baseline 0.001 -17"><span class='ocrx_word' id='word_1_638' title='bbox 136 4729 314 4787; x_wconf 87' lang='lat' dir='ltr'><strong>quem</strong></span> <span class='ocrx_word' id='word_1_639' title='bbox 346 4713 682 4784; x_wconf 89' lang='lat' dir='ltr'><strong>coluerunt,</strong></span> <span class='ocrx_word' id='word_1_640' title='bbox 714 4720 771 4772; x_wconf 89' lang='lat' dir='ltr'><strong>et</strong></span> <span class='ocrx_word' id='word_1_641' title='bbox 801 4732 903 4788; x_wconf 90' lang='lat' dir='ltr'><strong>per</strong></span> <span class='ocrx_word' id='word_1_642' title='bbox 931 4716 1093 4787; x_wconf 91' lang='lat' dir='ltr'><strong>ipsos</strong></span> <span class='ocrx_word' id='word_1_643' title='bbox 1140 4714 1324 4771; x_wconf 90' lang='lat' dir='ltr'><strong>multa</strong></span> <span class='ocrx_word' id='word_1_644' title='bbox 1353 4716 1510 4772; x_wconf 88' lang='lat' dir='ltr'><strong>mala</strong></span> <span class='ocrx_word' id='word_1_645' title='bbox 1539 4725 1812 4773; x_wconf 82' lang='lat' dir='ltr'><strong>crescunt</strong></span> 
     </span>
    </p>
   </div>
   <div class='ocr_carea' id='block_1_82' title="bbox 204 4822 1814 4911">
    <p class='ocr_par' dir='ltr' id='par_1_82' title="bbox 204 4822 1814 4911">
     <span class='ocr_line' id='line_1_82' title="bbox 204 4822 1814 4911; baseline 0.001 -15"><span class='ocrx_word' id='word_1_646' title='bbox 204 4840 325 4911; x_wconf 67' lang='lat' dir='ltr'><strong>(6t!)</strong></span> <span class='ocrx_word' id='word_1_647' title='bbox 357 4822 515 4896; x_wconf 81' lang='lat' dir='ltr'><strong>sunt</strong></span> <span class='ocrx_word' id='word_1_648' title='bbox 545 4838 605 4894; x_wconf 90' lang='lat' dir='ltr'><strong>hi</strong></span> <span class='ocrx_word' id='word_1_649' title='bbox 627 4839 741 4896; x_wconf 92' lang='lat' dir='ltr'><strong>duo</strong></span> <span class='ocrx_word' id='word_1_650' title='bbox 765 4839 961 4895; x_wconf 88' lang='lat' dir='ltr'><strong>Sancti</strong></span> <span class='ocrx_word' id='word_1_651' title='bbox 992 4838 1051 4894; x_wconf 92' lang='lat' dir='ltr'><strong>in</strong></span> <span class='ocrx_word' id='word_1_652' title='bbox 1085 4856 1300 4911; x_wconf 80' lang='lat' dir='ltr'><strong>magna</strong></span> <span class='ocrx_word' id='word_1_653' title='bbox 1322 4841 1687 4897; x_wconf 89' lang='lat' dir='ltr'><strong>veneratione</strong></span> <span class='ocrx_word' id='word_1_654' title='bbox 1709 4843 1814 4898; x_wconf 90' lang='lat' dir='ltr'><strong>Be-</strong></span> 
     </span>
    </p>
   </div>
   <div class='ocr_carea' id='block_1_83' title="bbox 138 4910 1812 4983">
    <p class='ocr_par' dir='ltr' id='par_1_83' title="bbox 138 4910 1812 4983">
     <span class='ocr_line' id='line_1_83' title="bbox 138 4910 1812 4983; baseline 0.002 -18"><span class='ocrx_word' id='word_1_655' title='bbox 138 4910 485 4983; x_wconf 17' lang='lat' dir='ltr'><strong>neVenti,,S.</strong></span> <span class='ocrx_word' id='word_1_656' title='bbox 515 4911 725 4983; x_wconf 75' lang='lat' dir='ltr'><strong>Marcus</strong></span> <span class='ocrx_word' id='word_1_657' title='bbox 755 4912 1076 4983; x_wconf 86' lang='lat' dir='ltr'><strong>Episcopus</strong></span> <span class='ocrx_word' id='word_1_658' title='bbox 1098 4910 1502 4983; x_wconf 86' lang='lat' dir='ltr'><strong>Lucernensis,</strong></span> <span class='ocrx_word' id='word_1_659' title='bbox 1537 4920 1593 4968; x_wconf 89' lang='lat' dir='ltr'><strong>et</strong></span> <span class='ocrx_word' id='word_1_660' title='bbox 1614 4915 1812 4969; x_wconf 88' lang='lat' dir='ltr'><strong>Patro-</strong></span> 
     </span>
    </p>
   </div>
   <div class='ocr_carea' id='block_1_84' title="bbox 139 4981 743 5039">
    <p class='ocr_par' dir='ltr' id='par_1_84' title="bbox 139 4981 743 5039">
     <span class='ocr_line' id='line_1_84' title="bbox 139 4981 743 5039; baseline 0.003 -4"><span class='ocrx_word' id='word_1_661' title='bbox 139 4995 251 5039; x_wconf 91' lang='lat' dir='ltr'><strong>nus</strong></span> <span class='ocrx_word' id='word_1_662' title='bbox 288 4981 641 5039; x_wconf 89' lang='lat' dir='ltr'><strong>Bovinensis</strong></span> <span class='ocrx_word' id='word_1_663' title='bbox 684 4984 743 5037; x_wconf 91' lang='lat' dir='ltr'><strong>in</strong></span> 
     </span>
    </p>
   </div>
   <div class='ocr_carea' id='block_1_85' title="bbox 143 5124 1491 5195">
    <p class='ocr_par' dir='ltr' id='par_1_85' title="bbox 143 5124 1491 5195">
     <span class='ocr_line' id='line_1_85' title="bbox 143 5124 1491 5195; baseline -0.001 -17"><span class='ocrx_word' id='word_1_664' title='bbox 143 5124 206 5179; x_wconf 78' lang='grc'><strong>14</strong></span> <span class='ocrx_word' id='word_1_665' title='bbox 238 5126 423 5191; x_wconf 79' lang='lat' dir='ltr'><strong>Julii;</strong></span> <span class='ocrx_word' id='word_1_666' title='bbox 466 5125 639 5179; x_wconf 87' lang='lat' dir='ltr'><strong>ambo</strong></span> <span class='ocrx_word' id='word_1_667' title='bbox 670 5124 779 5180; x_wconf 81' lang='lat' dir='ltr'><strong>sub</strong></span> <span class='ocrx_word' id='word_1_668' title='bbox 812 5124 1113 5195; x_wconf 85' lang='lat' dir='ltr'><strong>MetrOpoli</strong></span> <span class='ocrx_word' id='word_1_669' title='bbox 1149 5125 1491 5179; x_wconf 89' lang='lat' dir='ltr'><strong>Benevento.</strong></span> 
     </span>
    </p>
   </div>
   <div class='ocr_carea' id='block_1_86' title="bbox 215 5196 1816 5266">
    <p class='ocr_par' dir='ltr' id='par_1_86' title="bbox 215 5196 1816 5266">
     <span class='ocr_line' id='line_1_86' title="bbox 215 5196 1816 5266; baseline 0.002 -18"><span class='ocrx_word' id='word_1_670' title='bbox 215 5196 331 5265; x_wconf 83' lang='grc'><strong>(70)</strong></span> <span class='ocrx_word' id='word_1_671' title='bbox 368 5198 741 5266; x_wconf 72' lang='lat' dir='ltr'><strong>Frequcnlum</strong></span> <span class='ocrx_word' id='word_1_672' title='bbox 778 5196 950 5265; x_wconf 80' lang='lat' dir='ltr'><strong>vulgo</strong></span> <span class='ocrx_word' id='word_1_673' title='bbox 1000 5196 1681 5266; x_wconf 13' lang='lat' dir='ltr'><strong>Iv‘rigcnto.rllirpinorum</strong></span> <span class='ocrx_word' id='word_1_674' title='bbox 1715 5216 1816 5251; x_wconf 88' lang='lat' dir='ltr'><strong>au-</strong></span> 
     </span>
    </p>
   </div>
   <div class='ocr_carea' id='block_1_87' title="bbox 144 5265 1813 5338">
    <p class='ocr_par' dir='ltr' id='par_1_87' title="bbox 144 5265 1813 5338">
     <span class='ocr_line' id='line_1_87' title="bbox 144 5265 1813 5338; baseline 0.002 -19"><span class='ocrx_word' id='word_1_675' title='bbox 144 5265 501 5338; x_wconf 80' lang='lat' dir='ltr'><strong>tiquissima</strong></span> <span class='ocrx_word' id='word_1_676' title='bbox 528 5268 751 5333; x_wconf 88' lang='lat' dir='ltr'><strong>civitas,</strong></span> <span class='ocrx_word' id='word_1_677' title='bbox 786 5268 841 5321; x_wconf 90' lang='lat' dir='ltr'><strong>in</strong></span> <span class='ocrx_word' id='word_1_678' title='bbox 875 5267 1209 5337; x_wconf 83' lang='lat' dir='ltr'><strong>Principatu</strong></span> <span class='ocrx_word' id='word_1_679' title='bbox 1242 5265 1534 5333; x_wconf 81' lang='lat' dir='ltr'><strong>ulteriOre,</strong></span> <span class='ocrx_word' id='word_1_680' title='bbox 1572 5270 1638 5320; x_wconf 76' lang='grc'><strong>12</strong></span> <span class='ocrx_word' id='word_1_681' title='bbox 1670 5270 1813 5323; x_wconf 87' lang='lat' dir='ltr'><strong>mill.</strong></span> 
     </span>
    </p>
   </div>
   <div class='ocr_carea' id='block_1_88' title="bbox 144 5338 1034 5408">
    <p class='ocr_par' dir='ltr' id='par_1_88' title="bbox 144 5338 1034 5408">
     <span class='ocr_line' id='line_1_88' title="bbox 144 5338 1034 5408; baseline 0 -16"><span class='ocrx_word' id='word_1_682' title='bbox 144 5352 445 5408; x_wconf 83' lang='lat' dir='ltr'><strong>passuum</strong></span> <span class='ocrx_word' id='word_1_683' title='bbox 478 5342 804 5393; x_wconf 90' lang='lat' dir='ltr'><strong>Benevento</strong></span> <span class='ocrx_word' id='word_1_684' title='bbox 834 5338 1034 5393; x_wconf 89' lang='lat' dir='ltr'><strong>distat.</strong></span> 
     </span>
    </p>
   </div>
   <div class='ocr_carea' id='block_1_89' title="bbox 215 5406 1817 5480">
    <p class='ocr_par' dir='ltr' id='par_1_89' title="bbox 215 5406 1817 5480">
     <span class='ocr_line' id='line_1_89' title="bbox 215 5406 1817 5480; baseline 0.001 -18"><span class='ocrx_word' id='word_1_685' title='bbox 215 5409 337 5480; x_wconf 85' lang='grc'><strong>(71)</strong></span> <span class='ocrx_word' id='word_1_686' title='bbox 367 5409 695 5480; x_wconf 88' lang='lat' dir='ltr'><strong>Sequentia</strong></span> <span class='ocrx_word' id='word_1_687' title='bbox 724 5408 1008 5464; x_wconf 89' lang='lat' dir='ltr'><strong>miracula</strong></span> <span class='ocrx_word' id='word_1_688' title='bbox 1048 5408 1106 5462; x_wconf 91' lang='lat' dir='ltr'><strong>in</strong></span> <span class='ocrx_word' id='word_1_689' title='bbox 1139 5408 1244 5480; x_wconf 91' lang='lat' dir='ltr'><strong>Ms.</strong></span> <span class='ocrx_word' id='word_1_690' title='bbox 1282 5406 1596 5480; x_wconf 81' lang='lat' dir='ltr'><strong>lluhertino</strong></span> <span class='ocrx_word' id='word_1_691' title='bbox 1645 5424 1817 5464; x_wconf 89' lang='lat' dir='ltr'><strong>accu-</strong></span> 
     </span>
    </p>
   </div>
   <div class='ocr_carea' id='block_1_90' title="bbox 145 5478 1814 5551">
    <p class='ocr_par' dir='ltr' id='par_1_90' title="bbox 145 5478 1814 5551">
     <span class='ocr_line' id='line_1_90' title="bbox 145 5478 1814 5551; baseline 0.001 -17"><span class='ocrx_word' id='word_1_692' title='bbox 145 5478 337 5551; x_wconf 78' lang='lat' dir='ltr'><strong>ratius</strong></span> <span class='ocrx_word' id='word_1_693' title='bbox 370 5478 661 5535; x_wconf 75' lang='lat' dir='ltr'><strong>notantur</strong></span> <span class='ocrx_word' id='word_1_694' title='bbox 693 5496 706 5535; x_wconf 92' lang='lat'>:</span> <span class='ocrx_word' id='word_1_695' title='bbox 741 5495 921 5551; x_wconf 90' lang='lat' dir='ltr'><strong>quare</strong></span> <span class='ocrx_word' id='word_1_696' title='bbox 949 5497 1017 5534; x_wconf 89' lang='lat' dir='ltr'><strong>ea</strong></span> <span class='ocrx_word' id='word_1_697' title='bbox 1045 5479 1241 5551; x_wconf 87' lang='lat' dir='ltr'><strong>potius</strong></span> <span class='ocrx_word' id='word_1_698' title='bbox 1290 5478 1425 5532; x_wconf 90' lang='lat' dir='ltr'><strong>inde</strong></span> <span class='ocrx_word' id='word_1_699' title='bbox 1472 5479 1814 5549; x_wconf 85' lang='lat' dir='ltr'><strong>accipimus,</strong></span> 
     </span>
    </p>
   </div>
   <div class='ocr_carea' id='block_1_91' title="bbox 146 5549 1352 5607">
    <p class='ocr_par' dir='ltr' id='par_1_91' title="bbox 146 5549 1352 5607">
     <span class='ocr_line' id='line_1_91' title="bbox 146 5549 1352 5607; baseline 0 -4"><span class='ocrx_word' id='word_1_700' title='bbox 146 5549 304 5606; x_wconf 80' lang='lat' dir='ltr'><strong>facta</strong></span> <span class='ocrx_word' id='word_1_701' title='bbox 334 5550 655 5607; x_wconf 88' lang='lat' dir='ltr'><strong>collatione</strong></span> <span class='ocrx_word' id='word_1_702' title='bbox 685 5549 819 5607; x_wconf 81' lang='lat' dir='ltr'><strong>eum</strong></span> <span class='ocrx_word' id='word_1_703' title='bbox 856 5553 962 5606; x_wconf 89' lang='lat' dir='ltr'><strong>Ms.</strong></span> <span class='ocrx_word' id='word_1_704' title='bbox 996 5549 1352 5606; x_wconf 82' lang='lat' dir='ltr'><strong>Strozziano.</strong></span> 
     </span>
    </p>
   </div>
   <div class='ocr_carea' id='block_1_92' title="bbox 237 5620 1817 5694">
    <p class='ocr_par' dir='ltr' id='par_1_92' title="bbox 237 5620 1817 5694">
     <span class='ocr_line' id='line_1_92' title="bbox 237 5620 1817 5694; baseline -0.001 -19"><span class='ocrx_word' id='word_1_705' title='bbox 237 5623 337 5694; x_wconf 78' lang='lat'><strong>72)</strong></span> <span class='ocrx_word' id='word_1_706' title='bbox 377 5622 778 5694; x_wconf 89' lang='lat' dir='ltr'><strong>Nominantur</strong></span> <span class='ocrx_word' id='word_1_707' title='bbox 834 5623 1007 5679; x_wconf 91' lang='lat' dir='ltr'><strong>hodie</strong></span> <span class='ocrx_word' id='word_1_708' title='bbox 1064 5620 1508 5694; x_wconf 78' lang='lat' dir='ltr'><strong>quatuordecim</strong></span> <span class='ocrx_word' id='word_1_709' title='bbox 1554 5623 1817 5694; x_wconf 66' lang='lat' dir='ltr'><strong>Regiones</strong></span> 
     </span>
    </p>
   </div>
   <div class='ocr_carea' id='block_1_93' title="bbox 148 5690 1815 5766">
    <p class='ocr_par' dir='ltr' id='par_1_93' title="bbox 148 5690 1815 5766">
     <span class='ocr_line' id='line_1_93' title="bbox 148 5690 1815 5766; baseline -0.001 -18"><span class='ocrx_word' id='word_1_710' title='bbox 148 5690 551 5766; x_wconf 82' lang='lat' dir='ltr'><strong>Urbis,vulgo</strong></span> <span class='ocrx_word' id='word_1_711' title='bbox 581 5696 746 5751; x_wconf 81' lang='lat' dir='ltr'><strong>Riom&#39;</strong></span> <span class='ocrx_word' id='word_1_712' title='bbox 768 5712 785 5750; x_wconf 92' lang='lat'><em>:</em></span> <span class='ocrx_word' id='word_1_713' title='bbox 809 5695 910 5750; x_wconf 91' lang='lat' dir='ltr'><strong>sed</strong></span> <span class='ocrx_word' id='word_1_714' title='bbox 942 5710 1019 5749; x_wconf 70' lang='lat' dir='ltr'><strong>eaa</strong></span> <span class='ocrx_word' id='word_1_715' title='bbox 1050 5690 1139 5749; x_wconf 81' lang='lat' dir='ltr'><strong>vel</strong></span> <span class='ocrx_word' id='word_1_716' title='bbox 1172 5708 1328 5748; x_wconf 90' lang='lat' dir='ltr'><strong>nunc</strong></span> <span class='ocrx_word' id='word_1_717' title='bbox 1350 5691 1518 5748; x_wconf 88' lang='lat' dir='ltr'><strong>aliter</strong></span> <span class='ocrx_word' id='word_1_718' title='bbox 1535 5692 1815 5748; x_wconf 79' lang='lat' dir='ltr'><strong>distinctae</strong></span> 
     </span>
    </p>
   </div>
   <div class='ocr_carea' id='block_1_94' title="bbox 838 4981 1818 5054">
    <p class='ocr_par' dir='ltr' id='par_1_94' title="bbox 838 4981 1818 5054">
     <span class='ocr_line' id='line_1_94' title="bbox 838 4981 1818 5054; baseline 0.003 -17"><span class='ocrx_word' id='word_1_719' title='bbox 838 4981 1017 5054; x_wconf 80' lang='lat' dir='ltr'><strong>pulla,</strong></span> <span class='ocrx_word' id='word_1_720' title='bbox 1052 4982 1151 5053; x_wconf 90' lang='lat' dir='ltr'><strong>qui</strong></span> <span class='ocrx_word' id='word_1_721' title='bbox 1202 4982 1411 5037; x_wconf 89' lang='lat' dir='ltr'><strong>colitur</strong></span> <span class='ocrx_word' id='word_1_722' title='bbox 1442 4985 1504 5037; x_wconf 77' lang='grc'><strong>14</strong></span> <span class='ocrx_word' id='word_1_723' title='bbox 1535 4985 1726 5051; x_wconf 90' lang='lat' dir='ltr'><strong>Junii;</strong></span> <span class='ocrx_word' id='word_1_724' title='bbox 1761 4990 1818 5040; x_wconf 91' lang='lat' dir='ltr'><strong>et</strong></span> 
     </span>
    </p>
   </div>
   <div class='ocr_carea' id='block_1_95' title="bbox 139 5051 1817 5127">
    <p class='ocr_par' dir='ltr' id='par_1_95' title="bbox 139 5051 1817 5127">
     <span class='ocr_line' id='line_1_95' title="bbox 139 5051 1817 5127; baseline 0.002 -20"><span class='ocrx_word' id='word_1_725' title='bbox 139 5051 193 5127; x_wconf 66' lang='grc' dir='ltr'><strong>δ,</strong></span> <span class='ocrx_word' id='word_1_726' title='bbox 232 5055 577 5127; x_wconf 72' lang='lat' dir='ltr'><strong>Marciaan</strong></span> <span class='ocrx_word' id='word_1_727' title='bbox 621 5051 943 5127; x_wconf 82' lang='lat' dir='ltr'><strong>Episcopus</strong></span> <span class='ocrx_word' id='word_1_728' title='bbox 993 5051 1442 5127; x_wconf 69' lang='lat' dir='ltr'><strong>Frequentiuus,</strong></span> <span class='ocrx_word' id='word_1_729' title='bbox 1475 5056 1572 5123; x_wconf 89' lang='lat' dir='ltr'><strong>qui</strong></span> <span class='ocrx_word' id='word_1_730' title='bbox 1608 5057 1817 5111; x_wconf 86' lang='lat' dir='ltr'><strong>colitur</strong></span> 
     </span>
    </p>
   </div>
   <div class='ocr_carea' id='block_1_96' title="bbox 1917 3388 3557 3460">
    <p class='ocr_par' dir='ltr' id='par_1_96' title="bbox 1917 3388 3557 3460">
     <span class='ocr_line' id='line_1_96' title="bbox 1917 3388 3557 3460; baseline 0.001 -18"><span class='ocrx_word' id='word_1_731' title='bbox 1917 3389 2116 3460; x_wconf 90' lang='lat' dir='ltr'><strong>nigros</strong></span> <span class='ocrx_word' id='word_1_732' title='bbox 2147 3390 2426 3444; x_wconf 85' lang='lat' dir='ltr'><strong>carbones</strong></span> <span class='ocrx_word' id='word_1_733' title='bbox 2469 3406 2564 3443; x_wconf 89' lang='lat' dir='ltr'><strong>ore</strong></span> <span class='ocrx_word' id='word_1_734' title='bbox 2612 3388 2892 3455; x_wconf 88' lang='lat' dir='ltr'><strong>reddidit;</strong></span> <span class='ocrx_word' id='word_1_735' title='bbox 2927 3404 3060 3442; x_wconf 90' lang='lat' dir='ltr'><strong>cum</strong></span> <span class='ocrx_word' id='word_1_736' title='bbox 3109 3388 3324 3458; x_wconf 88' lang='lat' dir='ltr'><strong>quibus</strong></span> <span class='ocrx_word' id='word_1_737' title='bbox 3354 3390 3411 3444; x_wconf 91' lang='lat' dir='ltr'><strong>et</strong></span> <span class='ocrx_word' id='word_1_738' title='bbox 3439 3389 3557 3444; x_wconf 70' lang='lat' dir='ltr'><strong>dte-</strong></span> 
     </span>
    </p>
   </div>
   <div class='ocr_carea' id='block_1_97' title="bbox 1917 3475 3555 3548">
    <p class='ocr_par' dir='ltr' id='par_1_97' title="bbox 1917 3475 3555 3548">
     <span class='ocr_line' id='line_1_97' title="bbox 1917 3475 3555 3548; baseline 0.002 -17"><span class='ocrx_word' id='word_1_739' title='bbox 1917 3478 2179 3532; x_wconf 90' lang='lat' dir='ltr'><strong>monium</strong></span> <span class='ocrx_word' id='word_1_740' title='bbox 2213 3477 2511 3545; x_wconf 90' lang='lat' dir='ltr'><strong>abscessit,</strong></span> <span class='ocrx_word' id='word_1_741' title='bbox 2545 3481 2600 3532; x_wconf 90' lang='lat' dir='ltr'><strong>et</strong></span> <span class='ocrx_word' id='word_1_742' title='bbox 2630 3476 2746 3544; x_wconf 89' lang='lat' dir='ltr'><strong>illa,</strong></span> <span class='ocrx_word' id='word_1_743' title='bbox 2800 3492 2972 3531; x_wconf 90' lang='lat' dir='ltr'><strong>sensu</strong></span> <span class='ocrx_word' id='word_1_744' title='bbox 3024 3478 3271 3548; x_wconf 87' lang='lat' dir='ltr'><strong>recepto,</strong></span> <span class='ocrx_word' id='word_1_745' title='bbox 3304 3475 3555 3535; x_wconf 89' lang='lat' dir='ltr'><strong>laudans</strong></span> 
     </span>
    </p>
   </div>
   <div class='ocr_carea' id='block_1_98' title="bbox 1915 3565 2313 3620">
    <p class='ocr_par' dir='ltr' id='par_1_98' title="bbox 1915 3565 2313 3620">
     <span class='ocr_line' id='line_1_98' title="bbox 1915 3565 2313 3620; baseline -0.005 0"><span class='ocrx_word' id='word_1_746' title='bbox 1915 3565 2096 3620; x_wconf 91' lang='lat' dir='ltr'><strong>Deum</strong></span> <span class='ocrx_word' id='word_1_747' title='bbox 2123 3565 2313 3619; x_wconf 88' lang='lat' dir='ltr'><strong>rediit.</strong></span> 
     </span>
    </p>
   </div>
   <div class='ocr_carea' id='block_1_99' title="bbox 1987 3652 3562 3729">
    <p class='ocr_par' dir='ltr' id='par_1_99' title="bbox 1987 3652 3562 3729">
     <span class='ocr_line' id='line_1_99' title="bbox 1987 3652 3562 3729; baseline 0.002 -21"><span class='ocrx_word' id='word_1_748' title='bbox 1987 3655 2069 3708; x_wconf 91' lang='grc'><strong>13.</strong></span> <span class='ocrx_word' id='word_1_749' title='bbox 2093 3654 2155 3708; x_wconf 92' lang='lat' dir='ltr'><strong>In</strong></span> <span class='ocrx_word' id='word_1_750' title='bbox 2182 3652 2419 3708; x_wconf 89' lang='lat' dir='ltr'><strong>Letania</strong></span> <span class='ocrx_word' id='word_1_751' title='bbox 2443 3654 2684 3723; x_wconf 86' lang='lat' dir='ltr'><strong>majore,</strong></span> <span class='ocrx_word' id='word_1_752' title='bbox 2712 3655 2783 3708; x_wconf 88' lang='lat' dir='ltr'><strong>ad</strong></span> <span class='ocrx_word' id='word_1_753' title='bbox 2819 3654 3107 3710; x_wconf 89' lang='lat' dir='ltr'><strong>tumulum</strong></span> <span class='ocrx_word' id='word_1_754' title='bbox 3144 3655 3304 3712; x_wconf 90' lang='lat' dir='ltr'><strong>illius</strong></span> <span class='ocrx_word' id='word_1_755' title='bbox 3334 3656 3562 3729; x_wconf 86' lang='lat' dir='ltr'><strong>lampas</strong></span> 
     </span>
    </p>
   </div>
   <div class='ocr_carea' id='block_1_100' title="bbox 1915 3741 3562 3813">
    <p class='ocr_par' dir='ltr' id='par_1_100' title="bbox 1915 3741 3562 3813">
     <span class='ocr_line' id='line_1_100' title="bbox 1915 3741 3562 3813; baseline 0.004 -18"><span class='ocrx_word' id='word_1_756' title='bbox 1915 3741 2110 3797; x_wconf 88' lang='lat' dir='ltr'><strong>divino</strong></span> <span class='ocrx_word' id='word_1_757' title='bbox 2141 3742 2272 3813; x_wconf 90' lang='lat' dir='ltr'><strong>igne</strong></span> <span class='ocrx_word' id='word_1_758' title='bbox 2305 3758 2549 3797; x_wconf 88' lang='lat' dir='ltr'><strong>accensa</strong></span> <span class='ocrx_word' id='word_1_759' title='bbox 2580 3747 2685 3798; x_wconf 90' lang='lat' dir='ltr'><strong>est.</strong></span> <span class='ocrx_word' id='word_1_760' title='bbox 2712 3743 2827 3798; x_wconf 91' lang='lat' dir='ltr'><strong>Nec</strong></span> <span class='ocrx_word' id='word_1_761' title='bbox 2860 3744 2968 3799; x_wconf 87' lang='lat' dir='ltr'><strong>hoc</strong></span> <span class='ocrx_word' id='word_1_762' title='bbox 3010 3743 3190 3800; x_wconf 90' lang='lat' dir='ltr'><strong>semel</strong></span> <span class='ocrx_word' id='word_1_763' title='bbox 3221 3750 3437 3811; x_wconf 90' lang='lat' dir='ltr'><strong>actum,</strong></span> <span class='ocrx_word' id='word_1_764' title='bbox 3459 3745 3562 3801; x_wconf 91' lang='lat' dir='ltr'><strong>sed</strong></span> 
     </span>
    </p>
   </div>
   <div class='ocr_carea' id='block_1_101' title="bbox 1916 3831 3566 3902">
    <p class='ocr_par' dir='ltr' id='par_1_101' title="bbox 1916 3831 3566 3902">
     <span class='ocr_line' id='line_1_101' title="bbox 1916 3831 3566 3902; baseline 0.002 -18"><span class='ocrx_word' id='word_1_765' title='bbox 1916 3831 2007 3885; x_wconf 88' lang='lat' dir='ltr'><strong>bis</strong></span> <span class='ocrx_word' id='word_1_766' title='bbox 2037 3835 2094 3885; x_wconf 88' lang='lat' dir='ltr'><strong>et</strong></span> <span class='ocrx_word' id='word_1_767' title='bbox 2123 3836 2227 3899; x_wconf 90' lang='lat' dir='ltr'><strong>ter,</strong></span> <span class='ocrx_word' id='word_1_768' title='bbox 2253 3835 2309 3885; x_wconf 88' lang='lat' dir='ltr'><strong>et</strong></span> <span class='ocrx_word' id='word_1_769' title='bbox 2356 3832 2465 3886; x_wconf 89' lang='lat' dir='ltr'><strong>hoc</strong></span> <span class='ocrx_word' id='word_1_770' title='bbox 2494 3831 2636 3887; x_wconf 88' lang='lat' dir='ltr'><strong>vidit</strong></span> <span class='ocrx_word' id='word_1_771' title='bbox 2670 3849 2797 3902; x_wconf 67' lang='lat' dir='ltr'><strong>quae</strong></span> <span class='ocrx_word' id='word_1_772' title='bbox 2831 3832 2930 3887; x_wconf 88' lang='lat' dir='ltr'><strong>illa</strong></span> <span class='ocrx_word' id='word_1_773' title='bbox 2958 3833 3051 3888; x_wconf 91' lang='lat' dir='ltr'><strong>die</strong></span> <span class='ocrx_word' id='word_1_774' title='bbox 3082 3833 3247 3888; x_wconf 85' lang='lat' dir='ltr'><strong>ﬂuxit</strong></span> <span class='ocrx_word' id='word_1_775' title='bbox 3275 3835 3344 3888; x_wconf 87' lang='lat' dir='ltr'><strong>ad</strong></span> <span class='ocrx_word' id='word_1_776' title='bbox 3378 3834 3566 3888; x_wconf 80' lang='lat' dir='ltr'><strong>eccle-</strong></span> 
     </span>
    </p>
   </div>
   <div class='ocr_carea' id='block_1_102' title="bbox 1916 3910 3565 3977">
    <p class='ocr_par' dir='ltr' id='par_1_102' title="bbox 1916 3910 3565 3977">
     <span class='ocr_line' id='line_1_102' title="bbox 1916 3910 3565 3977; baseline 0.002 -4"><span class='ocrx_word' id='word_1_777' title='bbox 1916 3918 2065 3973; x_wconf 90' lang='lat' dir='ltr'><strong>siam</strong></span> <span class='ocrx_word' id='word_1_778' title='bbox 2100 3919 2162 3973; x_wconf 90' lang='lat' dir='ltr'><strong>B.</strong></span> <span class='ocrx_word' id='word_1_779' title='bbox 2190 3919 2341 3973; x_wconf 87' lang='lat' dir='ltr'><strong>Petri</strong></span> <span class='ocrx_word' id='word_1_780' title='bbox 2370 3920 2563 3974; x_wconf 89' lang='lat' dir='ltr'><strong>omnis</strong></span> <span class='ocrx_word' id='word_1_781' title='bbox 2595 3921 2855 3975; x_wconf 86' lang='lat' dir='ltr'><strong>Romana</strong></span> <span class='ocrx_word' id='word_1_782' title='bbox 2878 3910 3302 3977; x_wconf 77' lang='lat' dir='ltr'><strong>multitudo.’[n</strong></span> <span class='ocrx_word' id='word_1_783' title='bbox 3337 3922 3565 3977; x_wconf 86' lang='lat' dir='ltr'><strong>Mercu-</strong></span> 
     </span>
    </p>
   </div>
   <div class='ocr_carea' id='block_1_103' title="bbox 1915 4004 3564 4081">
    <p class='ocr_par' dir='ltr' id='par_1_103' title="bbox 1915 4004 3564 4081">
     <span class='ocr_line' id='line_1_103' title="bbox 1915 4004 3564 4081; baseline 0.002 -19"><span class='ocrx_word' id='word_1_784' title='bbox 1915 4006 2050 4062; x_wconf 88' lang='lat' dir='ltr'><strong>lana</strong></span> <span class='ocrx_word' id='word_1_785' title='bbox 2070 4009 2300 4079; x_wconf 86' lang='lat' dir='ltr'><strong>regione</strong></span> <span class='ocrx_word' id='word_1_786' title='bbox 2315 4012 2421 4080; x_wconf 81' lang='lat'><strong>(72)</strong></span> <span class='ocrx_word' id='word_1_787' title='bbox 2438 4009 2700 4079; x_wconf 67' lang='lat' dir='ltr'><strong>qumdam</strong></span> <span class='ocrx_word' id='word_1_788' title='bbox 2723 4008 3177 4081; x_wconf 85' lang='lat' dir='ltr'><strong>mulier,Rogata</strong></span> <span class='ocrx_word' id='word_1_789' title='bbox 3198 4004 3564 4077; x_wconf 87' lang='lat' dir='ltr'><strong>nomine,ha-</strong></span> 
     </span>
    </p>
   </div>
   <div class='ocr_carea' id='block_1_104' title="bbox 1916 4089 3565 4168">
    <p class='ocr_par' dir='ltr' id='par_1_104' title="bbox 1916 4089 3565 4168">
     <span class='ocr_line' id='line_1_104' title="bbox 1916 4089 3565 4168; baseline 0.002 -18"><span class='ocrx_word' id='word_1_790' title='bbox 1916 4097 2059 4151; x_wconf 90' lang='lat' dir='ltr'><strong>bens</strong></span> <span class='ocrx_word' id='word_1_791' title='bbox 2082 4096 2435 4151; x_wconf 65' lang='lat' dir='ltr'><strong>daemonium</strong></span> <span class='ocrx_word' id='word_1_792' title='bbox 2470 4097 2539 4151; x_wconf 93' lang='lat' dir='ltr'><strong>ab</strong></span> <span class='ocrx_word' id='word_1_793' title='bbox 2573 4098 2698 4168; x_wconf 87' lang='lat' dir='ltr'><strong>ipsa</strong></span> <span class='ocrx_word' id='word_1_794' title='bbox 2728 4097 2993 4167; x_wconf 78' lang='lat' dir='ltr'><strong>infantia,</strong></span> <span class='ocrx_word' id='word_1_795' title='bbox 3017 4098 3234 4154; x_wconf 89' lang='lat' dir='ltr'><strong>auditis</strong></span> <span class='ocrx_word' id='word_1_796' title='bbox 3267 4089 3565 4154; x_wconf 84' lang='lat' dir='ltr'><strong>miraculis</strong></span> 
     </span>
    </p>
   </div>
   <div class='ocr_carea' id='block_1_105' title="bbox 1918 4185 3567 4260">
    <p class='ocr_par' dir='ltr' id='par_1_105' title="bbox 1918 4185 3567 4260">
     <span class='ocr_line' id='line_1_105' title="bbox 1918 4185 3567 4260; baseline 0.002 -20"><span class='ocrx_word' id='word_1_797' title='bbox 1918 4186 1986 4240; x_wconf 86' lang='lat' dir='ltr'><strong>ad</strong></span> <span class='ocrx_word' id='word_1_798' title='bbox 2015 4185 2309 4239; x_wconf 89' lang='lat' dir='ltr'><strong>tumulum</strong></span> <span class='ocrx_word' id='word_1_799' title='bbox 2328 4185 2508 4240; x_wconf 87' lang='lat' dir='ltr'><strong>venit:</strong></span> <span class='ocrx_word' id='word_1_800' title='bbox 2526 4186 2620 4239; x_wconf 89' lang='lat' dir='ltr'><strong>ubi</strong></span> <span class='ocrx_word' id='word_1_801' title='bbox 2639 4188 2844 4256; x_wconf 87' lang='lat' dir='ltr'><strong>jacens</strong></span> <span class='ocrx_word' id='word_1_802' title='bbox 2865 4186 3207 4244; x_wconf 90' lang='lat' dir='ltr'><strong>immundos</strong></span> <span class='ocrx_word' id='word_1_803' title='bbox 3225 4187 3467 4260; x_wconf 87' lang='lat' dir='ltr'><strong>spiritus</strong></span> <span class='ocrx_word' id='word_1_804' title='bbox 3488 4188 3567 4244; x_wconf 89' lang='lat' dir='ltr'><strong>ita</strong></span> 
     </span>
    </p>
   </div>
   <div class='ocr_carea' id='block_1_106' title="bbox 1918 4273 3565 4348">
    <p class='ocr_par' dir='ltr' id='par_1_106' title="bbox 1918 4273 3565 4348">
     <span class='ocr_line' id='line_1_106' title="bbox 1918 4273 3565 4348; baseline 0.003 -21"><span class='ocrx_word' id='word_1_805' title='bbox 1918 4273 2191 4340; x_wconf 87' lang='lat' dir='ltr'><strong>reddidit,</strong></span> <span class='ocrx_word' id='word_1_806' title='bbox 2214 4273 2480 4328; x_wconf 85' lang='lat' dir='ltr'><strong>videlicet</strong></span> <span class='ocrx_word' id='word_1_807' title='bbox 2526 4275 2689 4345; x_wconf 88' lang='lat' dir='ltr'><strong>prius</strong></span> <span class='ocrx_word' id='word_1_808' title='bbox 2731 4288 2953 4331; x_wconf 88' lang='lat' dir='ltr'><strong>murem</strong></span> <span class='ocrx_word' id='word_1_809' title='bbox 2988 4275 3100 4331; x_wconf 89' lang='lat' dir='ltr'><strong>tria</strong></span> <span class='ocrx_word' id='word_1_810' title='bbox 3128 4277 3319 4348; x_wconf 84' lang='lat' dir='ltr'><strong>capita</strong></span> <span class='ocrx_word' id='word_1_811' title='bbox 3347 4276 3565 4332; x_wconf 87' lang='lat' dir='ltr'><strong>haben-</strong></span> 
     </span>
    </p>
   </div>
   <div class='ocr_carea' id='block_1_107' title="bbox 1918 4363 3571 4436">
    <p class='ocr_par' dir='ltr' id='par_1_107' title="bbox 1918 4363 3571 4436">
     <span class='ocr_line' id='line_1_107' title="bbox 1918 4363 3571 4436; baseline 0.003 -19"><span class='ocrx_word' id='word_1_812' title='bbox 1918 4363 2319 4434; x_wconf 59' lang='lat' dir='ltr'><strong>tem,secunl‘.o</strong></span> <span class='ocrx_word' id='word_1_813' title='bbox 2342 4363 2934 4430; x_wconf 86' lang='lat' dir='ltr'><strong>ranunculum,tertio</strong></span> <span class='ocrx_word' id='word_1_814' title='bbox 2951 4364 3571 4436; x_wconf 48' lang='lat' dir='ltr'><strong>lacertam,quarto‘ra-</strong></span> 
     </span>
    </p>
   </div>
   <div class='ocr_carea' id='block_1_108' title="bbox 1918 4451 3569 4523">
    <p class='ocr_par' dir='ltr' id='par_1_108' title="bbox 1918 4451 3569 4523">
     <span class='ocr_line' id='line_1_108' title="bbox 1918 4451 3569 4523; baseline 0.002 -17"><span class='ocrx_word' id='word_1_815' title='bbox 1918 4451 2633 4522; x_wconf 68' lang='lat' dir='ltr'><strong>nam,quintoscabronem</strong></span> <span class='ocrx_word' id='word_1_816' title='bbox 2649 4453 2760 4523; x_wconf 83' lang='lat'><strong>(&#39;73)</strong></span> <span class='ocrx_word' id='word_1_817' title='bbox 2784 4458 2868 4508; x_wconf 88' lang='lat' dir='ltr'><strong>:et</strong></span> <span class='ocrx_word' id='word_1_818' title='bbox 2898 4458 3030 4523; x_wconf 89' lang='lat' dir='ltr'><strong>post</strong></span> <span class='ocrx_word' id='word_1_819' title='bbox 3060 4453 3306 4509; x_wconf 86' lang='lat' dir='ltr'><strong>multam</strong></span> <span class='ocrx_word' id='word_1_820' title='bbox 3338 4454 3569 4509; x_wconf 76' lang='lat' dir='ltr'><strong>eﬂ‘usio-</strong></span> 
     </span>
    </p>
   </div>
   <div class='ocr_carea' id='block_1_109' title="bbox 1917 4540 3564 4610">
    <p class='ocr_par' dir='ltr' id='par_1_109' title="bbox 1917 4540 3564 4610">
     <span class='ocr_line' id='line_1_109' title="bbox 1917 4540 3564 4610; baseline 0.001 -17"><span class='ocrx_word' id='word_1_821' title='bbox 1917 4556 2053 4594; x_wconf 87' lang='lat' dir='ltr'><strong>nem</strong></span> <span class='ocrx_word' id='word_1_822' title='bbox 2087 4540 2412 4610; x_wconf 69' lang='lat' dir='ltr'><strong>sanguinis,</strong></span> <span class='ocrx_word' id='word_1_823' title='bbox 2446 4540 2676 4594; x_wconf 87' lang='lat' dir='ltr'><strong>sanitati</strong></span> <span class='ocrx_word' id='word_1_824' title='bbox 2727 4541 2996 4595; x_wconf 88' lang='lat' dir='ltr'><strong>restituta</strong></span> <span class='ocrx_word' id='word_1_825' title='bbox 3038 4545 3144 4607; x_wconf 89' lang='lat' dir='ltr'><strong>est,</strong></span> <span class='ocrx_word' id='word_1_826' title='bbox 3165 4541 3369 4596; x_wconf 90' lang='lat' dir='ltr'><strong>multis</strong></span> <span class='ocrx_word' id='word_1_827' title='bbox 3402 4543 3564 4597; x_wconf 89' lang='lat' dir='ltr'><strong>testi-</strong></span> 
     </span>
    </p>
   </div>
   <div class='ocr_carea' id='block_1_110' title="bbox 1839 4627 3568 4712">
    <p class='ocr_par' dir='ltr' id='par_1_110' title="bbox 1839 4627 3568 4712">
     <span class='ocr_line' id='line_1_110' title="bbox 1839 4627 3568 4712; baseline 0.001 -31"><span class='ocrx_word' id='word_1_828' title='bbox 1839 4649 1886 4712; x_wconf 81' lang='lat' dir='ltr'><strong>D</strong></span> <span class='ocrx_word' id='word_1_829' title='bbox 1921 4627 2032 4681; x_wconf 90' lang='lat' dir='ltr'><strong>bus</strong></span> <span class='ocrx_word' id='word_1_830' title='bbox 2064 4643 2179 4682; x_wconf 74' lang='lat' dir='ltr'><strong>non</strong></span> <span class='ocrx_word' id='word_1_831' title='bbox 2214 4627 2405 4681; x_wconf 90' lang='lat' dir='ltr'><strong>solum</strong></span> <span class='ocrx_word' id='word_1_832' title='bbox 2437 4627 2639 4682; x_wconf 86' lang='lat' dir='ltr'><strong>auditu</strong></span> <span class='ocrx_word' id='word_1_833' title='bbox 2671 4628 2766 4682; x_wconf 88' lang='lat' dir='ltr'><strong>sed</strong></span> <span class='ocrx_word' id='word_1_834' title='bbox 2793 4627 2992 4682; x_wconf 89' lang='lat' dir='ltr'><strong>etvisu</strong></span> <span class='ocrx_word' id='word_1_835' title='bbox 3017 4627 3421 4699; x_wconf 89' lang='lat' dir='ltr'><strong>probantibus.</strong></span> <span class='ocrx_word' id='word_1_836' title='bbox 3446 4627 3568 4682; x_wconf 92' lang='lat' dir='ltr'><strong>Mu-</strong></span> 
     </span>
    </p>
   </div>
   <div class='ocr_carea' id='block_1_111' title="bbox 1920 4713 3565 4786">
    <p class='ocr_par' dir='ltr' id='par_1_111' title="bbox 1920 4713 3565 4786">
     <span class='ocr_line' id='line_1_111' title="bbox 1920 4713 3565 4786; baseline 0.002 -18"><span class='ocrx_word' id='word_1_837' title='bbox 1920 4713 2027 4769; x_wconf 90' lang='lat' dir='ltr'><strong>lier</strong></span> <span class='ocrx_word' id='word_1_838' title='bbox 2056 4714 2597 4785; x_wconf 72' lang='lat' dir='ltr'><strong>qumdam,nomine</strong></span> <span class='ocrx_word' id='word_1_839' title='bbox 2621 4713 2953 4786; x_wconf 86' lang='lat' dir='ltr'><strong>Stephania,</strong></span> <span class='ocrx_word' id='word_1_840' title='bbox 2975 4714 3247 4770; x_wconf 88' lang='lat' dir='ltr'><strong>habitans</strong></span> <span class='ocrx_word' id='word_1_841' title='bbox 3277 4718 3443 4770; x_wconf 88' lang='lat' dir='ltr'><strong>trans</strong></span> <span class='ocrx_word' id='word_1_842' title='bbox 3471 4715 3565 4771; x_wconf 84' lang='lat' dir='ltr'><strong>Ti-</strong></span> 
     </span>
    </p>
   </div>
   <div class='ocr_carea' id='block_1_112' title="bbox 1924 4837 3571 4911">
    <p class='ocr_par' dir='ltr' id='par_1_112' title="bbox 1924 4837 3571 4911">
     <span class='ocr_line' id='line_1_112' title="bbox 1924 4837 3571 4911; baseline 0.002 -18"><span class='ocrx_word' id='word_1_843' title='bbox 1924 4842 2063 4911; x_wconf 87' lang='lat' dir='ltr'><strong>sunt</strong></span> <span class='ocrx_word' id='word_1_844' title='bbox 2091 4855 2267 4908; x_wconf 85' lang='lat' dir='ltr'><strong>quam</strong></span> <span class='ocrx_word' id='word_1_845' title='bbox 2301 4837 2460 4911; x_wconf 84' lang='lat' dir='ltr'><strong>olim,</strong></span> <span class='ocrx_word' id='word_1_846' title='bbox 2478 4838 2561 4893; x_wconf 89' lang='lat' dir='ltr'><strong>vel</strong></span> <span class='ocrx_word' id='word_1_847' title='bbox 2594 4838 2652 4893; x_wconf 92' lang='lat' dir='ltr'><strong>in</strong></span> <span class='ocrx_word' id='word_1_848' title='bbox 2686 4837 2882 4910; x_wconf 89' lang='lat' dir='ltr'><strong>plures</strong></span> <span class='ocrx_word' id='word_1_849' title='bbox 2903 4844 3097 4911; x_wconf 83' lang='lat' dir='ltr'><strong>partes</strong></span> <span class='ocrx_word' id='word_1_850' title='bbox 3118 4838 3433 4895; x_wconf 69' lang='lat' dir='ltr'><strong>subdivisa:</strong></span> <span class='ocrx_word' id='word_1_851' title='bbox 3453 4839 3571 4896; x_wconf 89' lang='lat' dir='ltr'><strong>sin-</strong></span> 
     </span>
    </p>
   </div>
   <div class='ocr_carea' id='block_1_113' title="bbox 1924 4908 3567 4981">
    <p class='ocr_par' dir='ltr' id='par_1_113' title="bbox 1924 4908 3567 4981">
     <span class='ocr_line' id='line_1_113' title="bbox 1924 4908 3567 4981; baseline 0.003 -18"><span class='ocrx_word' id='word_1_852' title='bbox 1924 4908 2094 4981; x_wconf 75' lang='lat' dir='ltr'><strong>gulze,</strong></span> <span class='ocrx_word' id='word_1_853' title='bbox 2120 4925 2367 4979; x_wconf 89' lang='lat' dir='ltr'><strong>quarum</strong></span> <span class='ocrx_word' id='word_1_854' title='bbox 2404 4908 2521 4964; x_wconf 70' lang='lat' dir='ltr'><strong>haec</strong></span> <span class='ocrx_word' id='word_1_855' title='bbox 2572 4908 2705 4964; x_wconf 65' lang='lat' dir='ltr'><strong>una</strong></span> <span class='ocrx_word' id='word_1_856' title='bbox 2738 4908 2930 4979; x_wconf 72' lang='lat' dir='ltr'><strong>fuerit,</strong></span> <span class='ocrx_word' id='word_1_857' title='bbox 2956 4910 3044 4966; x_wconf 89' lang='lat' dir='ltr'><strong>vel</strong></span> <span class='ocrx_word' id='word_1_858' title='bbox 3091 4912 3414 4966; x_wconf 85' lang='lat' dir='ltr'><strong>etiamnum</strong></span> <span class='ocrx_word' id='word_1_859' title='bbox 3445 4912 3522 4967; x_wconf 87' lang='lat' dir='ltr'><strong>sit</strong></span> <span class='ocrx_word' id='word_1_860' title='bbox 3555 4930 3567 4968; x_wconf 93' lang='lat'>:</span> 
     </span>
    </p>
   </div>
   <div class='ocr_carea' id='block_1_114' title="bbox 1925 4982 3571 5052">
    <p class='ocr_par' dir='ltr' id='par_1_114' title="bbox 1925 4982 3571 5052">
     <span class='ocr_line' id='line_1_114' title="bbox 1925 4982 3571 5052; baseline 0.002 -18"><span class='ocrx_word' id='word_1_861' title='bbox 1925 4996 2060 5035; x_wconf 90' lang='lat' dir='ltr'><strong>nam</strong></span> <span class='ocrx_word' id='word_1_862' title='bbox 2091 4997 2207 5052; x_wconf 88' lang='lat' dir='ltr'><strong>qua</strong></span> <span class='ocrx_word' id='word_1_863' title='bbox 2240 4982 2460 5052; x_wconf 86' lang='lat' dir='ltr'><strong>ratione</strong></span> <span class='ocrx_word' id='word_1_864' title='bbox 2490 4982 2641 5035; x_wconf 86' lang='lat' dir='ltr'><strong>infra</strong></span> <span class='ocrx_word' id='word_1_865' title='bbox 2671 4984 3008 5037; x_wconf 89' lang='lat' dir='ltr'><strong>nominatur</strong></span> <span class='ocrx_word' id='word_1_866' title='bbox 3036 4985 3187 5052; x_wconf 83' lang='lat' dir='ltr'><strong>regio</strong></span> <span class='ocrx_word' id='word_1_867' title='bbox 3219 4982 3493 5050; x_wconf 72' lang='lat' dir='ltr'><strong>Colossazi,</strong></span> <span class='ocrx_word' id='word_1_868' title='bbox 3513 4983 3571 5038; x_wconf 92' lang='lat' dir='ltr'><strong>id</strong></span> 
     </span>
    </p>
   </div>
   <div class='ocr_carea' id='block_1_115' title="bbox 1925 5051 3571 5126">
    <p class='ocr_par' dir='ltr' id='par_1_115' title="bbox 1925 5051 3571 5126">
     <span class='ocr_line' id='line_1_115' title="bbox 1925 5051 3571 5126; baseline 0.002 -21"><span class='ocrx_word' id='word_1_869' title='bbox 1925 5059 2013 5126; x_wconf 80' lang='lat' dir='ltr'><strong>est</strong></span> <span class='ocrx_word' id='word_1_870' title='bbox 2042 5051 2467 5121; x_wconf 82' lang='lat' dir='ltr'><strong>Amphitheatri</strong></span> <span class='ocrx_word' id='word_1_871' title='bbox 2491 5057 2642 5123; x_wconf 59' lang='lat' dir='ltr'><strong>(quae</strong></span> <span class='ocrx_word' id='word_1_872' title='bbox 2665 5053 2801 5107; x_wconf 86' lang='lat' dir='ltr'><strong>alibi</strong></span> <span class='ocrx_word' id='word_1_873' title='bbox 2824 5071 3000 5124; x_wconf 89' lang='lat' dir='ltr'><strong>quam</strong></span> <span class='ocrx_word' id='word_1_874' title='bbox 3027 5051 3222 5109; x_wconf 61' lang='lat' dir='ltr'><strong>Romae</strong></span> <span class='ocrx_word' id='word_1_875' title='bbox 3245 5054 3424 5126; x_wconf 72' lang='lat' dir='ltr'><strong>quaeri</strong></span> <span class='ocrx_word' id='word_1_876' title='bbox 3456 5071 3571 5110; x_wconf 89' lang='lat' dir='ltr'><strong>non</strong></span> 
     </span>
    </p>
   </div>
   <div class='ocr_carea' id='block_1_116' title="bbox 1926 5124 3572 5197">
    <p class='ocr_par' dir='ltr' id='par_1_116' title="bbox 1926 5124 3572 5197">
     <span class='ocr_line' id='line_1_116' title="bbox 1926 5124 3572 5197; baseline 0.002 -20"><span class='ocrx_word' id='word_1_877' title='bbox 1926 5124 2114 5197; x_wconf 82' lang='lat' dir='ltr'><strong>debet,</strong></span> <span class='ocrx_word' id='word_1_878' title='bbox 2140 5128 2416 5197; x_wconf 78' lang='lat' dir='ltr'><strong>et_tamen</strong></span> <span class='ocrx_word' id='word_1_879' title='bbox 2452 5140 2575 5197; x_wconf 75' lang='lat' dir='ltr'><strong>non</strong></span> <span class='ocrx_word' id='word_1_880' title='bbox 2598 5130 2687 5178; x_wconf 91' lang='lat' dir='ltr'><strong>est</strong></span> <span class='ocrx_word' id='word_1_881' title='bbox 2717 5142 2834 5197; x_wconf 87' lang='lat' dir='ltr'><strong>una</strong></span> <span class='ocrx_word' id='word_1_882' title='bbox 2865 5142 2931 5197; x_wconf 78' lang='lat' dir='ltr'><strong>ex</strong></span> <span class='ocrx_word' id='word_1_883' title='bbox 2968 5126 3036 5180; x_wconf 77' lang='grc'><strong>14</strong></span> <span class='ocrx_word' id='word_1_884' title='bbox 3081 5124 3279 5191; x_wconf 68' lang='lat' dir='ltr'><strong>dictis,</strong></span> <span class='ocrx_word' id='word_1_885' title='bbox 3309 5128 3409 5181; x_wconf 87' lang='lat' dir='ltr'><strong>sed</strong></span> <span class='ocrx_word' id='word_1_886' title='bbox 3440 5142 3572 5197; x_wconf 86' lang='lat' dir='ltr'><strong>per-</strong></span> 
     </span>
    </p>
   </div>
   <div class='ocr_carea' id='block_1_117' title="bbox 1928 5194 3569 5267">
    <p class='ocr_par' dir='ltr' id='par_1_117' title="bbox 1928 5194 3569 5267">
     <span class='ocr_line' id='line_1_117' title="bbox 1928 5194 3569 5267; baseline 0.004 -21"><span class='ocrx_word' id='word_1_887' title='bbox 1928 5195 2169 5267; x_wconf 49' lang='lat' dir='ltr'><strong>illiuter</strong></span> <span class='ocrx_word' id='word_1_888' title='bbox 2205 5194 2518 5267; x_wconf 82' lang='lat' dir='ltr'><strong>Regionem</strong></span> <span class='ocrx_word' id='word_1_889' title='bbox 2561 5195 2867 5267; x_wconf 83' lang='lat' dir='ltr'><strong>Montium)</strong></span> <span class='ocrx_word' id='word_1_890' title='bbox 2897 5196 2980 5251; x_wconf 86' lang='lat' dir='ltr'><strong>ita</strong></span> <span class='ocrx_word' id='word_1_891' title='bbox 3018 5194 3569 5267; x_wconf 52' lang='lat' dir='ltr'><strong>persuademus—no-</strong></span> 
     </span>
    </p>
   </div>
   <div class='ocr_carea' id='block_1_118' title="bbox 1926 5264 3569 5339">
    <p class='ocr_par' dir='ltr' id='par_1_118' title="bbox 1926 5264 3569 5339">
     <span class='ocr_line' id='line_1_118' title="bbox 1926 5264 3569 5339; baseline 0.002 -22"><span class='ocrx_word' id='word_1_892' title='bbox 1926 5265 2016 5339; x_wconf 74' lang='lat' dir='ltr'><strong>bis</strong></span> <span class='ocrx_word' id='word_1_893' title='bbox 2048 5264 2194 5339; x_wconf 80' lang='lat' dir='ltr'><strong>alias</strong></span> <span class='ocrx_word' id='word_1_894' title='bbox 2220 5266 2601 5339; x_wconf 61' lang='lat' dir='ltr'><strong>quoque,_hic</strong></span> <span class='ocrx_word' id='word_1_895' title='bbox 2640 5264 2997 5339; x_wconf 84' lang='lat' dir='ltr'><strong>nominatas,</strong></span> <span class='ocrx_word' id='word_1_896' title='bbox 3018 5264 3158 5323; x_wconf 74' lang='lat' dir='ltr'><strong>esse</strong></span> <span class='ocrx_word' id='word_1_897' title='bbox 3187 5270 3371 5339; x_wconf 87' lang='lat' dir='ltr'><strong>ipsius</strong></span> <span class='ocrx_word' id='word_1_898' title='bbox 3403 5268 3569 5322; x_wconf 90' lang='lat' dir='ltr'><strong>Urbis</strong></span> 
     </span>
    </p>
   </div>
   <div class='ocr_carea' id='block_1_119' title="bbox 1928 5336 3566 5408">
    <p class='ocr_par' dir='ltr' id='par_1_119' title="bbox 1928 5336 3566 5408">
     <span class='ocr_line' id='line_1_119' title="bbox 1928 5336 3566 5408; baseline 0.001 -18"><span class='ocrx_word' id='word_1_899' title='bbox 1928 5336 2212 5408; x_wconf 85' lang='lat' dir='ltr'><strong>Regiones</strong></span> <span class='ocrx_word' id='word_1_900' title='bbox 2245 5352 2257 5388; x_wconf 92' lang='lat'>:</span> <span class='ocrx_word' id='word_1_901' title='bbox 2294 5352 2439 5396; x_wconf 79' lang='lat' dir='ltr'><strong>quas</strong></span> <span class='ocrx_word' id='word_1_902' title='bbox 2490 5336 2769 5392; x_wconf 83' lang='lat' dir='ltr'><strong>Rom-mis</strong></span> <span class='ocrx_word' id='word_1_903' title='bbox 2814 5339 3037 5393; x_wconf 88' lang='lat' dir='ltr'><strong>civibus</strong></span> <span class='ocrx_word' id='word_1_904' title='bbox 3086 5336 3468 5408; x_wconf 83' lang='lat' dir='ltr'><strong>relinquimus</strong></span> <span class='ocrx_word' id='word_1_905' title='bbox 3500 5339 3566 5391; x_wconf 90' lang='lat' dir='ltr'><strong>il-</strong></span> 
     </span>
    </p>
   </div>
   <div class='ocr_carea' id='block_1_120' title="bbox 1928 5405 3564 5481">
    <p class='ocr_par' dir='ltr' id='par_1_120' title="bbox 1928 5405 3564 5481">
     <span class='ocr_line' id='line_1_120' title="bbox 1928 5405 3564 5481; baseline 0 -20"><span class='ocrx_word' id='word_1_906' title='bbox 1928 5405 2282 5481; x_wconf 71' lang='lat' dir='ltr'><strong>lustrandae,</strong></span> <span class='ocrx_word' id='word_1_907' title='bbox 2317 5409 2594 5481; x_wconf 87' lang='lat' dir='ltr'><strong>quoniam</strong></span> <span class='ocrx_word' id='word_1_908' title='bbox 2627 5412 3155 5481; x_wconf 78' lang='lat' dir='ltr'><strong>chorographorum</strong></span> <span class='ocrx_word' id='word_1_909' title='bbox 3178 5405 3478 5481; x_wconf 81' lang='lat' dir='ltr'><strong>di_ligentia</strong></span> <span class='ocrx_word' id='word_1_910' title='bbox 3494 5407 3564 5461; x_wconf 90' lang='lat' dir='ltr'><strong>ad</strong></span> 
     </span>
    </p>
   </div>
   <div class='ocr_carea' id='block_1_121' title="bbox 1927 5475 3562 5549">
    <p class='ocr_par' dir='ltr' id='par_1_121' title="bbox 1927 5475 3562 5549">
     <span class='ocr_line' id='line_1_121' title="bbox 1927 5475 3562 5549; baseline -0.001 -17"><span class='ocrx_word' id='word_1_911' title='bbox 1927 5479 2100 5533; x_wconf 82' lang='lat' dir='ltr'><strong>hasce</strong></span> <span class='ocrx_word' id='word_1_912' title='bbox 2134 5475 2416 5531; x_wconf 80' lang='lat' dir='ltr'><strong>minutias</strong></span> <span class='ocrx_word' id='word_1_913' title='bbox 2457 5496 2584 5532; x_wconf 77' lang='lat' dir='ltr'><strong>sese</strong></span> <span class='ocrx_word' id='word_1_914' title='bbox 2627 5475 2930 5534; x_wconf 77' lang='lat' dir='ltr'><strong>extendere</strong></span> <span class='ocrx_word' id='word_1_915' title='bbox 2973 5479 3191 5549; x_wconf 84' lang='lat' dir='ltr'><strong>nequit.</strong></span> <span class='ocrx_word' id='word_1_916' title='bbox 3223 5475 3477 5549; x_wconf 74' lang='lat' dir='ltr'><strong>Ecclesia</strong></span> <span class='ocrx_word' id='word_1_917' title='bbox 3507 5481 3562 5531; x_wconf 88' lang='lat' dir='ltr'><strong>S.</strong></span> 
     </span>
    </p>
   </div>
   <div class='ocr_carea' id='block_1_122' title="bbox 1926 5547 3565 5622">
    <p class='ocr_par' dir='ltr' id='par_1_122' title="bbox 1926 5547 3565 5622">
     <span class='ocr_line' id='line_1_122' title="bbox 1926 5547 3565 5622; baseline -0.002 -18"><span class='ocrx_word' id='word_1_918' title='bbox 1926 5549 2209 5618; x_wconf 73' lang='lat' dir='ltr'><strong>Matthaei,</strong></span> <span class='ocrx_word' id='word_1_919' title='bbox 2240 5552 2311 5622; x_wconf 76' lang='lat'><strong>22</strong></span> <span class='ocrx_word' id='word_1_920' title='bbox 2341 5551 2414 5622; x_wconf 83' lang='lat' dir='ltr'><strong>in</strong></span> <span class='ocrx_word' id='word_1_921' title='bbox 2464 5551 2717 5622; x_wconf 81' lang='lat' dir='ltr'><strong>Itegione</strong></span> <span class='ocrx_word' id='word_1_922' title='bbox 2774 5547 3079 5613; x_wconf 65' lang='lat' dir='ltr'><strong>Montium,</strong></span> <span class='ocrx_word' id='word_1_923' title='bbox 3117 5548 3168 5600; x_wconf 89' lang='lat' dir='ltr'><strong>S.</strong></span> <span class='ocrx_word' id='word_1_924' title='bbox 3216 5547 3459 5602; x_wconf 67' lang='lat' dir='ltr'><strong>Matthas’i</strong></span> <span class='ocrx_word' id='word_1_925' title='bbox 3506 5550 3565 5601; x_wconf 78' lang='lat' dir='ltr'><strong>in</strong></span> 
     </span>
    </p>
   </div>
   <div class='ocr_carea' id='block_1_123' title="bbox 1925 5620 2470 5675">
    <p class='ocr_par' dir='ltr' id='par_1_123' title="bbox 1925 5620 2470 5675">
     <span class='ocr_line' id='line_1_123' title="bbox 1925 5620 2470 5675; baseline 0 -1"><span class='ocrx_word' id='word_1_926' title='bbox 1925 5622 2211 5675; x_wconf 73' lang='lat' dir='ltr'><strong>Merulam</strong></span> <span class='ocrx_word' id='word_1_927' title='bbox 2239 5620 2416 5674; x_wconf 89' lang='lat' dir='ltr'><strong>dicitu</strong></span> <span class='ocrx_word' id='word_1_928' title='bbox 2428 5639 2470 5674; x_wconf 93' lang='lat' dir='ltr'><strong>r.</strong></span> 
     </span>
    </p>
   </div>
   <div class='ocr_carea' id='block_1_124' title="bbox 1996 5686 3224 5763">
    <p class='ocr_par' dir='ltr' id='par_1_124' title="bbox 1996 5686 3224 5763">
     <span class='ocr_line' id='line_1_124' title="bbox 1996 5686 3224 5763; baseline -0.002 -19"><span class='ocrx_word' id='word_1_929' title='bbox 1996 5692 2107 5762; x_wconf 87' lang='lat'><strong>(73)</strong></span> <span class='ocrx_word' id='word_1_930' title='bbox 2140 5689 2384 5746; x_wconf 91' lang='lat' dir='ltr'><strong>Videtur</strong></span> <span class='ocrx_word' id='word_1_931' title='bbox 2411 5692 2547 5762; x_wconf 91' lang='lat' dir='ltr'><strong>poni</strong></span> <span class='ocrx_word' id='word_1_932' title='bbox 2579 5710 2680 5763; x_wconf 90' lang='lat' dir='ltr'><strong>pro</strong></span> <span class='ocrx_word' id='word_1_933' title='bbox 2711 5691 2967 5747; x_wconf 75' lang='lat' dir='ltr'><strong>Scarabeo</strong></span> <span class='ocrx_word' id='word_1_934' title='bbox 2999 5686 3224 5757; x_wconf 89' lang='lat' dir='ltr'><strong>majori.</strong></span> 
     </span>
    </p>
   </div>
  </div>
