3880 6344
1759 489 1821 553 S.
1868 488 2021 553 LEO
2062 487 2144 552 IX
2181 488 2408 552 PAPA.

3694 492 3792 557 536

383 625 596 693 berim,
613 621 902 681 daemonio
927 630 1128 681 vexata
1149 624 1320 696 longo
1341 628 1617 697 tempore,
1643 625 1839 679 audita
1872 626 2025 677 fama
2055 625 2106 688 Α
2136 623 2233 694 qui
2259 623 2563 678 sinistrum
2588 622 2793 696 pedem
2815 621 3068 680 habebat
3085 621 3342 680 aridum.
3367 621 3485 681 Hic
3507 639 3620 698 per
3641 628 3790 682 meri-

387 713 545 770 beati
583 713 855 787 Corporis
901 713 1075 780 venit,
1113 717 1169 769 et
1207 715 1353 769 duos
1401 715 1680 769 carbones
1729 731 1844 768 una
1893 729 2026 766 cum

385 802 576 860 multo
608 803 892 875 sanguine
930 803 1202 858 evomuit.
1226 804 1349 867 Qua
1399 803 1545 857 facto
1594 802 1826 858 sanitati
1860 803 2024 856 resti-

385 895 518 950 tuta
539 896 712 959 est,et
732 896 922 947 mente
943 897 1172 963 recepta
1191 892 1313 946 visa
1337 897 1423 946 est
1445 893 1515 946 ab
1535 892 1808 946 omnibus
1831 895 2026 945 astan-

386 982 548 1038 tibus
573 981 758 1038 redire
783 981 980 1036 libera.
1010 982 1070 1035 In
1095 980 1326 1051 regione
1357 981 1608 1035 Arenula
1630 982 1761 1051 (74),
1787 980 2025 1050 quidam

385 1070 691 1129 habitabat
715 1070 968 1126 Joannes
1017 1071 1271 1136 nomine,
1298 1070 1418 1141 qui,
1453 1069 1643 1124 nervis
1691 1069 2024 1133 contractis,

386 1176 626 1218 manum
658 1159 878 1215 aridam
909 1159 980 1214 ab
1012 1163 1174 1213 utero
1209 1159 1412 1212 matris
1445 1159 1714 1212 habebat.
1747 1157 1846 1211 Hic
1873 1157 2025 1211 beati

383 1249 490 1306 viri
519 1248 758 1305 veniens
781 1248 850 1303 ad
880 1247 1196 1314 tumulum,
1219 1251 1513 1302 extensum
1543 1251 1597 1302 et
1615 1246 1864 1300 validam
1897 1262 2023 1300 eam

384 1337 715 1411 reportavit.

460 1428 542 1482 14.
577 1427 757 1482 Homo
787 1425 1302 1496 quidam,veniens
1324 1426 1391 1478 de
1413 1423 1746 1495 longinquis
1777 1423 2023 1494 regioni-

382 1517 518 1580 bus,
537 1515 597 1570 in
623 1515 963 1586 paenitentia
993 1515 1141 1569 ferro
1172 1514 1405 1584 ligatus,
1431 1519 1563 1568 ante
1594 1513 1883 1568 tumulum
1910 1518 2026 1567 ste-

385 1605 543 1670 tit,et
564 1605 705 1659 dum
722 1603 944 1658 diutius
965 1603 1310 1658 incumbens
1330 1603 1568 1657 orationi
1591 1602 1903 1657 commissa
1919 1619 2026 1657 sua

387 1693 644 1761 deﬁeret,
671 1691 884 1748 Divina:
931 1691 1162 1764 pietatis
1205 1692 1374 1756 dono,
1417 1691 1777 1757 ferrum,ubi
1838 1691 2025 1760 magis

388 1781 643 1839 solidum
669 1781 872 1847 fuerat,
895 1781 1136 1852 crepuit.
1162 1780 1630 1835 Sanctimonialis
1653 1781 1916 1850 quzedam
1947 1780 2025 1834 si-

387 1870 604 1927 militer
630 1871 780 1926 ferro
809 1869 1008 1940 ligata,
1039 1871 1110 1923 ad
1143 1868 1394 1923 loculum
1435 1868 1705 1934 accessit;
1740 1873 1794 1923 et
1824 1869 2024 1922 eodem

385 1960 560 2016 modo
616 1957 808 2014 soluta
861 1975 896 2013 a
952 1958 1120 2027 ferro,
1152 1957 1500 2012 benedicens
1558 1957 1892 2023 Dominum,
1926 1955 2024 2027 qui
2055 1990 2103 2054 Β

385 2051 475 2106 est
515 2047 574 2102 in
612 2045 866 2111 ,Sanctis
917 2047 1040 2102 suis
1072 2046 1380 2110 mirabilis,
1405 2047 1474 2100 ad
1529 2047 1761 2118 propria
1810 2047 2025 2100 incolu-

385 2136 500 2196 mis
527 2136 793 2192 rediit.ln
825 2153 940 2190 una
960 2135 1053 2191 die
1082 2135 1337 2190 restituti
1369 2140 1506 2189 sunt
1527 2137 1641 2190 duo
1665 2137 1908 2206 juvenes
1941 2153 2027 2190 sa-

385 2225 578 2291 nitati,
600 2240 852 2296 quorum
875 2241 1030 2280 unus
1059 2223 1283 2279 habens
1315 2241 1380 2279 os
1411 2229 1692 2279 retortum
1724 2225 1793 2280 ad
1826 2241 2024 2279 aurem

386 2313 702 2378 dexteram,
725 2316 782 2368 et
809 2329 1051 2368 manum
1081 2312 1302 2368 aridam
1326 2330 1457 2368 cum
1485 2318 1600 2368 toto
1623 2313 1830 2368 latere:
1853 2329 2025 2384 quem

387 2405 577 2460 mater
604 2401 838 2458 nomine
869 2401 1068 2469 Maria,
1088 2419 1232 2456 uxor
1259 2402 1501 2456 Joannis
1521 2402 2026 2469 Orbitani,deilens

387 2488 644 2562 scapulis
671 2489 1026 2562 apportavit;
1059 2491 1160 2546 sed
1190 2490 1366 2561 duplo
1394 2490 1519 2545 lmta
1559 2489 1861 2553 miraculo,
1883 2507 2023 2562 gau-

388 2579 534 2636 dens
553 2593 688 2634 cum
706 2577 845 2633 ﬁliio
867 2577 1055 2644 rediit,
1079 2581 1135 2634 et
1155 2577 1246 2632 hic
1267 2582 1354 2633 est
1379 2584 1550 2634 notus
1573 2579 1847 2634 omnibus
1869 2581 2020 2650 apud

382 2668 441 2726 S.
462 2667 748 2739 Angelum
780 2667 1161 2722 morantibus.
1185 2667 1342 2722 Alter
1369 2685 1500 2723 vero
1523 2670 1593 2723 ab
1623 2667 1872 2723 infantia
1903 2669 2022 2721 ol'ﬁ-

378 2756 468 2814 cio
499 2757 808 2812 ambarum
855 2773 1139 2811 manuum
1188 2757 1468 2828 privatus,
1500 2757 1732 2812 sanitati
1779 2757 2018 2812 restitu-

374 2848 492 2913 tus,
524 2861 806 2902 manuum
841 2862 1080 2900 suarum
1112 2845 1410 2900 laboribus
1441 2846 1599 2900 vivit.

447 2934 534 2990 15.
549 2933 752 2988 Multis
771 2933 1102 2988 astantibus
1120 2933 1410 3004 loquelam
1433 2933 1647 3005 recepit
1665 2938 1864 2990 mutus
1889 2934 2015 3004 qui-

375 3023 534 3086 dam,
555 3021 792 3077 nomine
831 3021 1038 3090 Gnido,
1062 3023 1132 3076 de
1161 3023 1464 3077 Casamala
1499 3027 1682 3077 ortus.
1708 3023 1856 3077 Puer
1887 3023 2013 3093 qui-

373 3109 742 3178 dam,Petrus
756 3110 1170 3176 nomine,offici
1182 3127 1278 3165 um
1297 3111 1509 3182 recepit
1526 3128 1735 3166 manus
1749 3112 2010 3166 dexterae.

373 3199 524 3256 Puer
549 3196 789 3269 quidam
821 3197 891 3252 de
921 3197 1154 3270 regione
1197 3199 1430 3254 Coloseo
1474 3199 1724 3254 habebat
1769 3215 2010 3254 manum

371 3287 667 3344 dexteram
707 3285 953 3354 aridam,
984 3303 1118 3341 cum
1167 3291 1285 3341 toto
1335 3287 1507 3344 latere
1537 3293 1592 3343 et
1622 3289 1802 3360 pede:
1836 3305 2008 3358 quem

2136 717 2260 766 tum
2281 713 2340 767 Β.
2361 713 2557 768 Leonis
2580 713 2816 769 sanitati
2839 713 3166 781 restitutus,
3182 715 3463 787 gaudens
3485 730 3628 770 cum
3652 721 3790 786 patre

2138 802 2326 857 rediit.
2343 801 2588 864 Quidam
2612 803 2716 868 vir,
2733 803 2968 858 nomine
2990 802 3400 869 Petrus,ﬂlius
3423 803 3638 859 Nuccii
3658 805 3791 876 phle-

2137 891 2534 960 botomatoris,
2557 892 2848 946 habitator
2876 891 3064 964 ipsius
3086 891 3367 964 regionis,
3395 893 3477 948 ab
3503 897 3791 956 uteroma-

2135 979 2242 1034 tris
2300 985 2516 1047 mutus,
2567 980 2896 1034 astantibus
2947 979 3153 1036 multis
3199 980 3515 1053 loquelam
3574 984 3788 1055 recepit.

2135 1068 2407 1133 Quzedam
2441 1069 2648 1124 mulier
2677 1069 2746 1124 de
2779 1067 2984 1124 Fallari
3007 1071 3143 1138 (78),
3175 1069 3454 1126 dmmone
3473 1075 3704 1139 vexata,
3733 1073 3789 1127 ad

2133 1156 2429 1212 tumulum
2460 1159 2636 1224 venit,
2658 1158 2858 1230 ibique
2879 1158 3124 1214 liberata
3142 1162 3252 1214 est.
3277 1159 3508 1216 Mulier
3539 1162 3789 1234 quaedam

2134 1246 2204 1301 de
2234 1249 2707 1318 Aquapcndente,
2731 1263 2970 1302 manum
3023 1247 3247 1304 habens
3296 1248 3568 1318 aridam,
3595 1251 3790 1306 auditis

2134 1333 2538 1400 miraculis,ad
2566 1335 2754 1390 locum
2773 1335 2948 1403 venit,
2964 1339 3020 1391 et
3036 1335 3293 1392 officium
3315 1354 3550 1395 manus
3574 1341 3786 1412 recepit.

2135 1423 2381 1488 Quidam
2402 1424 2508 1492 vir,
2535 1429 2696 1478 ortus
2721 1425 2790 1480 de
2812 1425 3104 1480 Tuscanis
3127 1425 3404 1497 partibus
3431 1443 3686 1484 manum
3707 1429 3789 1482 ha-

2135 1511 2278 1566 bens
2300 1512 2546 1572 aridam.
2571 1529 2672 1583 per
2698 1513 2972 1568 meritum
2997 1513 3059 1568 B.
3086 1514 3298 1570 Leonis
3323 1517 3628 1586 [sanitati]
3648 1517 3790 1573 resti-

2132 1603 2296 1654 tutus
2327 1605 2432 1656 est.
2461 1602 2732 1666 Quaedam
2758 1600 2989 1672 mulier,
3012 1602 3198 1657 Maria
3227 1603 3506 1673 nomine,
3530 1604 3789 1660 habitans

2134 1687 2193 1742 in
2215 1691 2414 1745 Castro
2436 1693 2788 1758 Cornazano,
2816 1707 3057 1746 manum
3083 1690 3387 1748 sinistram
3427 1691 3664 1749 habens
3692 1693 3787 1748 ari-

2135 1777 2379 1845 dam,ad
2411 1777 2705 1833 tumulum
2735 1780 2894 1833 venit
2927 1796 2939 1834 :
2977 1779 3178 1852 ibique
3208 1785 3422 1836 sanata
3470 1785 3586 1836 est.
3615 1781 3790 1837 Altera

2137 1867 2365 1931 mulier,
2384 1868 2612 1922 Beatrix
2633 1868 2966 1934 nomine,de
2991 1867 3210 1940 Apulia:
3235 1869 3536 1940 partibus,
3563 1885 3786 1926 manum

2134 1955 2429 2011 dexteram
2454 1957 2672 2012 habens
2697 1957 3234 2024 aridam,similiter
3261 1957 3512 2014 sanitati
3533 1959 3789 2018 restituta

2136 2045 2497 2109 est.Quidam
2515 2045 2756 2099 Juvenis
2781 2045 2997 2100 ibidem
3019 2046 3210 2101 visum
3231 2047 3460 2119 recepit
3474 2064 3582 2120 per
3597 2047 3786 2104 merita

2136 2132 2199 2186 B.
2241 2133 2464 2187 Leonis.
2504 2133 2712 2188 Mulier
2755 2135 3044 2204 quaedam,
3086 2135 3496 2207 Ermengarda
3543 2137 3780 2204 nomine,

2135 2219 2336 2276 relicta
2383 2221 2534 2276 Petri
2583 2222 2826 2277 textoris
2875 2223 2945 2277 de
2993 2222 3196 2278 Castro
3225 2222 3353 2279 vico
3383 2227 3532 2292 (79),
3558 2241 3779 2282 manum

2137 2307 2437 2364 sinistram
2467 2309 2690 2364 habens
2738 2309 2985 2378 aridam,
3019 2327 3122 2382 per
3169 2309 3453 2368 meritum
3488 2312 3554 2368 B.
3593 2313 3778 2369 Leonis

2136 2397 2320 2468 Papae,
2344 2397 2673 2454 videntibus
2703 2398 2902 2454 multis
2932 2398 3190 2455 ofﬁcium
3223 2416 3447 2458 manus
3478 2401 3708 2475 recepit.

2777 2505 3006 2560 CAPUT
3046 2505 3139 2560 III.

2131 2592 2396 2646 lllz'racula
2436 2598 2718 2670 patratae
2767 2595 2979 2670 Vigilia
3027 2595 3375 2651 Ascensionis
3431 2613 3605 2670 usque
3648 2596 3775 2652 ultra

2636 2666 2889 2720 Octavam
2917 2667 3274 2723 Pentecostes.

2201 2753 2286 2806 17.
2323 2754 2385 2806 In
2414 2751 2612 2824 vigilia
2651 2754 3024 2810 Ascensionis
3073 2755 3331 2826 Domini,
3366 2773 3477 2829 per
3515 2757 3772 2813 interces-

2128 2839 2351 2895 sionem
2383 2841 2712 2896 Beatissimi
2757 2844 2922 2914 Papaa
2964 2843 3193 2911 Leonis,
3227 2851 3452 2901 sanata:
3505 2849 3644 2902 sunt
3669 2849 3772 2900 tres

2126 2928 2351 2982 feminae
2379 2947 2391 2984 :
2417 2946 2534 2984 una
2558 2947 2797 2985 manum
2820 2931 3060 3002 recepit,
3085 2930 3266 2988 altera
3283 2933 3584 3000 auditum,
3611 2933 3774 2988 altera

2124 3015 2424 3072 visum.ln
2456 3017 2653 3089 vigilia
2705 3019 2890 3074 noctis
2938 3020 3314 3076 Ascensionis
3363 3021 3767 3088 Domini,mu-

2122 3103 2229 3160 lier
2259 3107 2546 3176 quaedam,
2594 3107 2761 3162 Berta
2792 3107 3048 3175 nomine,
3073 3108 3296 3164 famula
3327 3110 3488 3166 Petri
3537 3111 3768 3183 opiﬁcis,

2123 3194 2223 3265 qui
2255 3194 2468 3249 dicitur
2495 3195 2565 3250 de
2597 3196 2740 3263 Udo,
2771 3195 3046 3251 habitans
3079 3197 3135 3251 in
3169 3198 3407 3270 regione
3438 3197 3766 3272 Campitello

2121 3282 2254 3352 (80),
2277 3283 2630 3338 dmmonium
2680 3283 2920 3350 habens,
2944 3283 3024 3338 ibi
3067 3283 3314 3340 liberata
3341 3289 3456 3344 est.
3485 3288 3549 3344 In
3581 3287 3765 3343 eadem

372 3373 896 3446 mater,Stephania
912 3375 1388 3440 nomine,deﬂens
1407 3376 1474 3430 ad
1498 3348 1788 3432 tumulum
1815 3377 2006 3448 ipsum
2040 3348 2084 3416 (δ
2121 3370 2308 3426 noctis
2337 3365 2552 3443 vigilia,
2573 3373 2837 3442 quredam
2863 3373 3074 3428 mulier
3101 3375 3272 3444 cujus
3305 3391 3524 3434 nomen
3556 3375 3767 3448 ignora-

370 3461 726 3535 apportavit,
750 3466 807 3518 et
837 3462 1070 3518 sanitati
1092 3463 1398 3519 restitutus
1415 3468 1502 3520 est
1531 3465 1730 3520 multis
1761 3466 2007 3521 astanti-

367 3551 482 3606 bus
509 3553 566 3606 et
591 3550 943 3606 videntibus.
986 3552 1168 3606 Homo
1218 3553 1477 3624 quidam,
1516 3554 1860 3610 Benedictus
1905 3572 2006 3610 nn-

365 3637 546 3708 mine,
577 3637 1045 3695 Phlebotomator
1064 3641 1196 3711 (75),
1221 3641 1490 3697 habitans
1523 3643 1579 3696 in
1615 3643 1844 3715 regione
1875 3645 2010 3714 Sep-

364 3725 622 3794 temviis,
661 3725 958 3782 ulceribus
994 3727 1452 3799 plenus,auditis
1483 3729 1783 3786 miraculis
1813 3732 1884 3785 ad
1919 3736 2008 3785 tu-

365 3813 595 3872 mulum
611 3813 796 3882 venit;
815 3813 1011 3886 ibique
1027 3832 1130 3886 per
1145 3817 1417 3872 meritum
1439 3819 1586 3873 beati
1611 3820 1902 3875 Pontificis
1921 3837 2009 3875 sa-

363 3919 478 3960 nus
507 3902 697 3958 factus
717 3902 924 3969 est,ita
945 3907 1009 3958 ut
1034 3921 1138 3960 nec
1165 3904 1399 3977 signum
1426 3905 1711 3964 cicatricis
1743 3908 1801 3962 in
1837 3924 2008 3963 carne

364 3991 496 4063 ejus
533 3995 856 4062 appareret.
882 3991 1126 4056 Quidam
1159 3993 1245 4047 vir
1284 3994 1472 4064 Majus
1505 3995 1756 4062 nomine,
1781 3996 1851 4049 de
1882 3995 2008 4051 Pal-

365 4078 523 4135 liano
549 4079 683 4150 (76),
706 4077 977 4136 habitans
999 4084 1162 4137 trans
1183 4082 1462 4148 Tiberim,
1488 4099 1520 4137 a
1542 4083 1829 4138 daemonio
1849 4101 2011 4140 vexa-

367 4170 467 4224 tus
495 4181 599 4238 per
640 4183 824 4223 annos
855 4168 1211 4240 quindecim,
1245 4170 1444 4224 audita
1491 4171 1647 4226 fama
1697 4171 1848 4227 beati
1879 4171 2006 4238 viri,

367 4253 529 4311 venit
555 4255 628 4310 ad
655 4255 946 4311 tumulum
979 4258 1128 4327 ejus,
1153 4260 1210 4312 et
1238 4257 1386 4313 duas
1415 4257 1700 4314 blactulas
1733 4261 1843 4330 (77)
1874 4277 2007 4316 cum

367 4339 556 4398 multo
586 4341 874 4412 aanguine
894 4343 1318 4409 evomuit,cum
1341 4342 1556 4414 quibus
1577 4349 1633 4400 et
1653 4346 2005 4401 daemonium

363 4428 920 4494 abscessit.Quidam
941 4431 1188 4502 juvenis,
1205 4432 1422 4486 France
1445 4433 2007 4509 nomine,qui\caacus

357 4517 606 4589 exstitit,
629 4517 828 4574 lumen
877 4519 1114 4590 recepit,
1148 4536 1327 4588 nepos
1375 4521 1595 4576 ostiarii
1619 4523 1677 4578 S.
1702 4523 1892 4578 Mariae
1937 4524 2008 4578 de

359 4605 556 4664 Monte
582 4611 770 4662 acuto.
793 4606 1036 4662 Juvenis
1057 4607 1294 4678 quidam
1330 4610 1399 4663 de
1430 4609 1659 4665 civitate
1678 4611 2002 4677 Tiburtina,

2121 3475 2275 3524 mus,
2303 3461 2506 3515 ambas
2539 3477 2770 3528 manus,
2791 3477 2938 3532 quas
2961 3461 3200 3533 gerebat
3219 3467 3581 3536 contractas,
3603 3479 3764 3520 sanas

2118 3549 2351 3618 recepit.
2377 3551 2500 3614 Quo
2525 3549 2672 3603 facto
2695 3550 2990 3619 quoddam
3021 3550 3384 3608 miraculum
3413 3553 3504 3608 ibi
3534 3552 3763 3609 mirifice

2119 3637 2346 3692 accidit.
2371 3637 2617 3700 Quidam
2666 3637 2922 3692 Joannes
2961 3638 3032 3693 de
3070 3638 3331 3710 Civitate,
3383 3640 3663 3699 habitans
3707 3640 3757 3694 in

2118 3725 2350 3796 regione
2379 3725 2594 3797 Campo
2619 3726 2846 3792 Martio,
2872 3742 3104 3782 cereum
3149 3727 3221 3783 de
3265 3729 3478 3785 tumba
3507 3729 3756 3802 ejusdem

2115 3813 2442 3868 beatissimi
2468 3815 2632 3886 Papae
2663 3815 2867 3870 Leonis
2897 3831 3211 3872 accensum
3240 3815 3299 3872 in
3333 3833 3517 3875 manu
3550 3817 3761 3890 accepit

2123 3905 2180 3956 et
2207 3901 2497 3956 exstinxit.
2536 3903 2651 3957 Hoc
2682 3903 2851 3970 facto,
2877 3904 3020 3960 dum
3051 3921 3254 3960 secure
3305 3907 3663 3964 exstinctum
3694 3912 3762 3960 te-

2118 3993 2300 4057 neret,
2333 3991 2526 4046 subito
2567 4007 2877 4047 accensum
2909 3991 3071 4047 vidit.
3097 3995 3280 4058 Quem
3313 3994 3412 4051 ille
3461 4013 3581 4052 non
3630 3997 3760 4051 bene

2117 4079 2470 4134 exstinctum
2521 4081 2782 4146 credens,
2815 4080 3029 4136 iterum
3078 4081 3374 4138 exstinxit.
3406 4085 3479 4140 Et
3507 4085 3641 4156 quis
3666 4083 3756 4139 Dei

2118 4167 2401 4222 miracula
2427 4167 2578 4223 valet
2617 4169 3010 4238 perscrutari?
3055 4169 3268 4226 iterum
3300 4189 3365 4228 se
3397 4173 3457 4228 in
3491 4190 3666 4230 manu
3695 4170 3758 4226 il-

2116 4253 2231 4310 lius
2261 4256 2542 4310 accendit.
2563 4255 2663 4311 Hic
2687 4256 2863 4312 etiam
2885 4273 3088 4315 cereus
3125 4259 3184 4313 in
3217 4249 3626 4318 testimonium
3651 4276 3762 4316 ser-

2115 4348 2283 4398 vatus
2315 4349 2422 4398 est.
3691 4389 3698 4396 .

2189 4433 2273 4485 18.
2299 4432 2360 4485 In
2398 4431 2490 4488 die
2518 4433 2887 4489 Ascensionis
2932 4433 3164 4490 Domini
3211 4441 3423 4494 sanata
3453 4443 3547 4496 est
3576 4435 3753 4511 puella

2113 4521 2320 4574 Amata
2337 4520 2446 4590 (8t)
2465 4521 2720 4591 nomine,
2747 4525 2907 4592 patre
2937 4523 3133 4595 genita
3153 4524 3528 4597 Engelberto.
3551 4528 3618 4583 Hi
3642 4526 3750 4582 fue-

2115 4612 2254 4663 runt
2281 4625 2349 4662 ex
2378 4609 2640 4678 partibus
2664 4610 2992 4682 Campaniae
3025 4611 3095 4666 de
3121 4612 3310 4672 Rocca
3336 4615 3414 4670 de
3445 4616 3586 4672 Risa
3607 4634 3620 4672 :
3643 4614 3751 4669 haec

357 4693 614 4752 Joannes
635 4694 890 4762 nomine,
913 4694 1070 4751 ﬁlius
1091 4696 1355 4761 Joannis,
1375 4698 1445 4752 ab
1470 4702 1634 4754 utero
1657 4700 1861 4755 matris
1883 4717 2005 4756 mu-
2032 4705 2082 4770 Β
2113 4701 2306 4751 autem
2337 4697 2418 4752 ita
2449 4697 2557 4752 fuit
2601 4702 2896 4755 contracta
2923 4705 2990 4755 ut
3020 4717 3324 4773 nunquam
3354 4705 3608 4774 pedibus
3636 4718 3746 4759 am-

355 4786 473 4851 tus,
505 4783 836 4840 astantibus
866 4782 1068 4838 multis
1100 4783 1391 4856 loquelam
1427 4786 1660 4858 recepit.

434 4871 520 4928 16.
545 4872 726 4928 Homo
758 4871 998 4943 quidam
1052 4873 1398 4930 Benedictus
1445 4875 1696 4940 nomine,
1732 4876 2002 4933 habitans

360 4957 422 5014 in
443 4958 662 5030 Campo
684 4958 908 5025 Martio,
929 4958 1181 5016 habebat
1199 4962 1382 5018 {ilium
1406 4963 1640 5020 nomine
1661 4965 2004 5021 Gratianum

457 5098 550 5164 74)
580 5096 689 5152 Ms.
722 5095 1120 5155 Strozzianum
1153 5103 1401 5158 Ternula.

493 5169 551 5238 5)
593 5174 918 5239 Φλεϐοτομῖα,
961 5187 1115 5228 υσηίε
1167 5177 1348 5238 sectio,
1409 5175 1543 5230 hinc
1597 5177 2005 5234 Phlebotomarc

365 5237 764 5314 apud'Bedam
797 5237 852 5295 et
881 5240 1045 5308 alios,
1079 5260 1182 5314 pro
1210 5261 1402 5300 venam
1439 5248 1694 5301 incidere.
1722 5248 2001 5305 Phleboto-

362 5310 564 5379 niatus,
600 5310 1049 5377 Phlebotomaior,
1079 5310 1187 5369 etc.

431 5383 542 5455 (76)
583 5381 720 5455 Agri
778 5399 881 5438 seu
933 5384 1262 5454 Campanim
1321 5383 1590 5438 Romana:
1638 5387 2000 5456 oppidudum

358 5458 539 5604 es2:77)
571 5522 693 5604 Ero.
724 5525 1046 5604 vermibus.
1083 5519 1176 5604 hic
1227 5521 1484 5577 blactulrc
1539 5525 1649 5580 dici
1711 5525 1998 5600 videntur,

353 5592 531 5668 quasi.
554 5593 898 5668 diminutive
928 5611 962 5668 ξι
991 5592 1203 5668 blatta;
1351 5657 1361 5667 .

425 5664 896 5737 (A78),Urbevetani
929 5657 1695 5737 territorii‘oppidumbaud
1729 5665 1996 5735 ignobile.

357 5727 571 5792 Ραῖανϊδ
603 5739 796 5791 autem
844 5727 1266 5805 praenominata
1299 5727 1436 5782 urbs
1484 5733 1622 5790 olim
1655 5727 1998 5809 episcopalis

2110 4784 2358 4840 bularet.
2391 4785 2516 4840 Una
2541 4786 2656 4842 alia
2686 4786 2898 4859 puella,
2931 4789 3168 4844 nomine
3199 4791 3405 4860 Maria,
3440 4793 3565 4850 ﬁlia
3592 4793 3746 4853 Cicaa,

2115 4891 2239 4945 quae
2279 4873 2583 4931 habitabat
2613 4876 2671 4930 in
2705 4877 2937 4948 regione
2981 4878 3256 4948 Arenula,
3289 4880 3494 4938 lumen
3528 4879 3748 4952 recepit,

2116 4978 2244 5034 quae
2281 4978 2384 5034 per
2439 4980 2625 5019 annos
2682 4965 3019 5035 quindecim
3065 4984 3181 5022 non
3237 4967 3486 5026 viderat.
3522 4969 3746 5036 Quidam

2115 5105 2440 5230 inigviciina
2481 5106 2697 5162 civitati
2727 5108 3084 5177 Castellanaa,
3108 5127 3267 5168 nunc
3314 5113 3446 5184 ejus
3495 5115 3744 5188 episcopo

2115 5195 2182 5230 SI]
2235 5194 2314 5230 1Οο
2345 5195 2398 5230 a.

2115 5178 2398 5246 subjecta.

2183 5249 2295 5318 (79)
2332 5249 2391 5302 In
2425 5247 2655 5302 Sabinis
2686 5247 2846 5306 locus
2876 5255 2963 5307 est
2999 5253 3119 5307 Vico
3161 5251 3226 5307 di
3265 5253 3528 5312 Surrenlo
3555 5255 3743 5314 dictus.

2113 5337 2284 5397 quem
2320 5339 2432 5390 (πω
2465 5319 2595 5397 aliis
2625 5323 2965 5397 synonymis
3011 5322 3259 5395 intelligi
3306 5328 3622 5397 persuadet
3664 5340 3741 5378 ur-

2111 5391 2202 5444 bis
2234 5391 2505 5444 Romanze
2536 5390 2765 5447 vicinia.

2182 5462 2294 5543 (80)
2327 5461 2457 5516 Haec
2486 5478 2603 5516 una
2633 5468 2726 5543 est1
2751 5479 2842 5543 ex
2869 5465 2932 5543 1ιᾷ
2984 5463 3325 5543 nominatis,
3355 5469 3416 5543 et
3463 5467 3616 5543 inter
3656 5479 3741 5543 eas

2152 5534 2299 5586 rima
2333 5549 2345 5586 :
2383 5549 2590 5610 nomen
2624 5549 2657 5587 a
2687 5534 2987 5606 Capitolio,
3019 5536 3175 5607 quod
3207 5537 3636 5610 complectitur,
3656 5537 3742 5610 htt-

2109 5547 2299 5656 prima
2333 5549 2345 5586 :
2383 5549 2590 5586 nomen
2624 5549 2657 5587 a
2687 5547 2987 5606 Capitolio,
3019 5547 3175 5607 quod
3207 5547 3636 5610 complectitur,
3656 5547 3737 5614 ha-

2120 5619 2252 5683 Aens
2270 5621 2300 5683 ;⁵
2317 5619 2387 5683 eo
2407 5603 2966 5683 _quo‘corruptum,
2990 5623 3116 5678 quas
3145 5607 3318 5680 vulgo
3351 5627 3458 5682 pro
3479 5605 3737 5683 Capitolio

2110 5673 2446 5743 Campidolio
2477 5673 2708 5729 dicitur.

2182 5745 2292 5814 (8t)
2324 5745 2430 5800 Ms.
2466 5745 2854 5816 Stozzianum,
2885 5748 3152 5804 Amriata.
