3910 6356
119 491 233 556 831

709 484 1042 551 PROLEG.
1073 518 1153 532 —
1181 482 1550 550 HISTORIA
1596 483 1886 546 MORTIS
1929 483 2029 544 ET
2073 482 2342 544 MlRAC.
2390 484 2455 546 S.
2501 479 2782 544 LEONIS
2823 481 2952 558 IX,

3409 489 3526 552 5’38

119 643 258 700 puer
285 627 448 697 patre
480 621 703 678 rustico
731 620 987 694 genitus,
1020 621 1090 675 de
1122 620 1350 674 civitate
1382 619 1614 684 Ortana,
1642 623 1766 674 erat
1794 621 1845 685 Α
1877 621 1946 675 de
1980 623 2172 674 monte
2203 618 2466 686 Cassino,
2500 617 2557 673 in
2585 617 2888 676 Dominica
2917 635 3046 692 quae
3067 619 3280 676 dicitur
3307 623 3530 680 Pascha

118 715 194 771 ita
216 715 579 781 contractus,
613 715 679 767 ut
707 727 894 766 unum
924 709 1080 768 latus
1112 709 1172 764 in
1204 725 1313 764 sua
1342 711 1628 780 potestate
1650 725 1767 764 non

117 804 380 870 haberet;
411 802 517 857 sed
551 801 836 856 Dominus
861 816 995 855 eum
1017 815 1119 872 per
1138 797 1496 855 sanctissimi
1527 797 1770 852 Pontiﬁv

119 893 196 950 cis
226 891 506 947 meritum
540 891 853 956 sanavit,et
881 889 1061 944 latere
1090 890 1318 959 recepto
1351 904 1484 941 cum
1516 888 1770 959 gauden-

118 986 170 1038 te
197 984 360 1053 patre
383 982 590 1035 votum
621 978 672 1034 ei
704 978 880 1043 vovit,
914 981 970 1032 et
1001 975 1314 1031 incolumis
1342 975 1532 1032 rediit.
1557 977 1625 1029 Et
1654 975 1770 1030 fere

118 1070 255 1126 hora
287 1067 479 1124 noctis
513 1071 637 1122 erat
668 1067 882 1130 media,
933 1082 1066 1122 cum
1115 1066 1262 1120 duos
1311 1081 1490 1121 caecos
1528 1063 1773 1118 miriﬁce

120 1157 337 1216 sanavit
372 1175 385 1212 :
424 1173 580 1212 unus
612 1155 777 1227 Pipo,
812 1155 956 1210 alter
983 1171 1116 1210 vero
1147 1152 1497 1208 Adelbertus
1541 1152 1772 1207 diceba-

120 1251 211 1303 tur
241 1262 254 1300 :
287 1245 384 1302 isti
417 1245 578 1300 enim
605 1245 677 1300 de
700 1242 1008 1314 Lama(82)
1034 1242 1264 1297 civitate
1287 1241 1555 1297 fuere.Et
1576 1258 1774 1312 quem-

123 1337 270 1405 dam,
305 1333 650 1390 Bandiﬁum
699 1331 954 1396 nomine,
1005 1330 1195 1385 ﬁlium
1245 1331 1482 1386 Berardi
1531 1330 1774 1386 Comitis

120 1424 455 1494 Mursicani,
488 1423 590 1494 qui
637 1423 840 1478 lancea
888 1437 1203 1494 percussus
1234 1420 1365 1485 fuit,
1397 1423 1452 1475 et
1481 1420 1562 1474 ita
1593 1423 1770 1475 attra-

118 1515 422 1587 ctus,quod
459 1515 671 1586 pedem
703 1528 890 1566 unum
913 1511 985 1566 ad
1016 1513 1232 1565 terram
1257 1526 1468 1582 ponere
1490 1526 1601 1564 non
1625 1509 1773 1565 vale-

116 1604 236 1671 bat;
269 1604 392 1672 sed,
421 1603 673 1674 jubente
703 1602 843 1665 Deo,
865 1615 966 1671 per
989 1599 1262 1654 meritum
1286 1599 1440 1654 beati
1472 1597 1772 1653 Pontiﬁcis

115 1711 285 1750 sanus
317 1691 870 1756 recessit.Qua:dam
905 1688 1098 1760 puella
1127 1688 1463 1754 omnimodo
1497 1687 1773 1742 manibus

115 1787 166 1838 et
193 1781 440 1854 pedibus
470 1780 552 1836 ita
585 1782 885 1834 contracta
915 1777 1022 1832 fuit
1054 1777 1209 1850 quod
1244 1792 1546 1849 nunquam
1573 1776 1774 1831 ambu-

117 1870 225 1926 lare
253 1869 512 1934 valebat,
545 1885 652 1924 nec
682 1884 926 1922 manum
958 1867 1025 1921 ad
1061 1883 1127 1921 os
1158 1866 1399 1932 ducere;
1435 1869 1490 1920 et
1521 1882 1621 1937 per
1653 1881 1771 1920 me-

117 1960 284 2014 ritum
325 1963 388 2013 Β.
427 1957 645 2014 Leonis
695 1956 953 2013 ofﬁcium
1003 1955 1404 2010 membrorum
1453 1955 1686 2026 recepit,
1717 1958 1774 2010 et

119 2063 253 2104 sana
281 2045 555 2102 recessit.

177 2136 262 2191 19.
295 2134 581 2190 Proxima
610 2133 704 2188 die
731 2136 864 2204 post
895 2131 1310 2185 Ascensionem
1359 2129 1613 2196 Domini,
1647 2129 1774 2184 duae

116 2225 376 2300 mulieres
409 2240 550 2296 qua:
581 2240 615 2277 ε.
645 2221 858 2293 spiritu
910 2221 1215 2274 immundo
1260 2219 1642 2286 vexabantur,
1674 2235 1776 2291 per

117 2313 287 2388 sancti
351 2311 470 2366 viri
534 2309 813 2365 meritum
879 2307 1114 2363 sanitati
1179 2306 1435 2378 pristinm
1495 2305 1774 2360 restitutae

117 2406 256 2458 sunt.
289 2400 718 2457 Investituram
751 2397 1035 2462 Culcitrae,
1071 2396 1225 2468 quod
1271 2399 1360 2451 est
1408 2411 1689 2466 magnum
1721 2397 1777 2450 et

119 2491 438 2546 inauditum
496 2487 878 2554 miraculum,
929 2486 1197 2558 quaedam
1255 2484 1466 2539 mulier
1515 2483 1773 2538 Amantii

118 2580 344 2636 Diaconi
395 2577 629 2634 famula
678 2577 873 2630 lavare
919 2575 1040 2643 ivit,
1074 2590 1200 2644 qua:
1251 2572 1482 2645 proprie
1530 2575 1654 2627 erat
1707 2571 1777 2626 de

119 2669 253 2724 lecto
281 2666 622 2724 beatissimi
653 2664 865 2720 Leonis
893 2665 1081 2737 Papae.
1117 2664 1194 2718 Ex
1224 2679 1342 2733 qua
1389 2662 1529 2717 dum
1562 2677 1776 2734 aquam

121 2760 502 2831 extorqueret,
539 2756 695 2810 inter
734 2770 904 2808 crura
956 2770 1064 2808 sua
1110 2751 1318 2819 tenuit,
1353 2755 1409 2806 et
1455 2750 1537 2806 ita
1585 2751 1779 2806 media

123 2854 272 2918 parte
319 2846 412 2903 sui
466 2843 733 2917 corporis
765 2843 1092 2915 stupefacta
1125 2840 1251 2912 fuit,
1284 2857 1349 2895 ac
1381 2839 1427 2894 si
1462 2839 1777 2911 paralysim

123 2935 490 2993 haberet.Sed
515 2935 591 2990 ad
619 2934 775 2988 istud
802 2931 1021 2987 malum
1053 2929 1390 3003 supervenit
1417 2929 1574 2984 aliud
1601 2947 1614 2984 :
1641 2945 1777 2983 nam

125 3025 402 3082 ulceribus
460 3023 640 3096 plena
668 3022 795 3076 visa
823 3023 912 3076 est
939 3021 999 3074 in
1031 3020 1231 3074 eadem
1267 3020 1429 3090 parte
1477 3017 1737 3089 corporis
1763 3035 1775 3084 ;

124 3120 172 3169 et
196 3115 311 3170 haec
340 3114 505 3170 venit
538 3113 612 3168 ad
645 3109 942 3166 tumulum
979 3111 1039 3164 Β.
1076 3108 1310 3175 Leonis,
1337 3112 1392 3162 et
1422 3123 1565 3162 sana
1597 3124 1779 3162 reces-

126 3204 206 3259 sit.

185 3296 267 3350 20.
299 3293 589 3357 Quaedam
624 3287 838 3361 puella,
872 3288 1093 3359 Rogata
1124 3285 1381 3351 nomine,
1411 3284 1532 3339 ﬁlia
1561 3284 1776 3348 Mariae,

1880 709 2095 766 Rosata
2120 709 2256 782 (84),
2283 709 2354 765 ad
2388 708 2690 764 tumulum.
2714 709 2874 765 Beati
2906 710 3206 768 Pontiﬁcis
3227 710 3310 768 ita
3329 717 3530 770 mutus

1879 797 2220 870 aegritudine
2248 797 2500 863 advenit,
2535 798 2689 868 quod
2723 815 2893 854 nemo
2923 798 3219 871 loquelam
3268 802 3396 872 ejus
3444 802 3531 858 in-

1837 933 1846 942 .
1879 887 2138 960 telligere
2170 886 2385 942 valeret
2414 903 2426 940 :
2463 887 2586 954 sed,
2621 886 2722 942 Dei
2753 887 2979 944 favente
3011 889 3338 961 gratia,per'
3359 893 3530 947 meri-

1880 981 2008 1031 tum
2056 975 2118 1032 B.
2166 975 2370 1031 Leonis
2417 979 2635 1030 rectam
2685 975 2978 1048 loquelam
3013 978 3250 1050 recepit.
3282 980 3528 1045 Quidam

1882 1082 2044 1136 puer,
2080 1063 2177 1136 qui
2210 1063 2318 1118 fuit
2348 1065 2418 1119 de
2447 1064 2674 1119 Verona
2703 1069 2950 1137 utroque
2981 1070 3126 1138 pede
3174 1073 3532 1137 contractus,

1884 1155 1980 1209 Dei
2003 1154 2317 1209 comitante
2347 1153 2538 1225 gratia
2567 1171 2670 1224 per
2699 1155 2976 1210 meritum
3007 1157 3161 1212 beati
3191 1157 3298 1212 viri
3330 1159 3408 1213 ibi
3440 1175 3532 1216 sa-

1883 1248 2078 1308 natus,
2111 1260 2245 1297 cum
2280 1243 2621 1314 parentibus
2652 1244 2844 1300 rediit.
2879 1247 3153 1311 Quaedam
3204 1247 3416 1303 mulier
3462 1249 3533 1304 de

1879 1333 2336 1404 Aquapendente
2367 1349 2401 1386 a
2432 1333 2716 1387 daemonio
2747 1339 2944 1404 erepta
2982 1339 3089 1401 est,
3122 1339 3287 1393 nocte
3323 1338 3531 1393 eadem

1883 1439 2009 1494 quae
2061 1420 2300 1477 dicitur
2325 1421 2396 1476 de
2446 1421 2670 1476 Pascha
2702 1422 2934 1477 Rosata.
2969 1423 3219 1487 Quidam
3249 1442 3392 1496 puer
3421 1431 3531 1480 Pe-

1883 1510 2193 1566 trunculus
2243 1510 2498 1575 nomine,
2535 1511 2608 1565 de
2656 1511 2827 1578 Sena,
2882 1528 3014 1566 cum
3072 1515 3410 1584 parentibus
3461 1517 3530 1570 ad

1881 1599 2180 1657 tumulum
2237 1599 2395 1654 venit
2437 1616 2450 1653 :
2492 1599 2584 1653 hic
2633 1599 2787 1655 enim
2840 1601 3086 1672 pedibus
3145 1603 3534 1674 manibusque

1883 1693 2218 1746 contractus
2249 1689 2577 1752 erat.Quem
2611 1704 2715 1760 ego
2746 1689 2888 1744 dum
2932 1694 3138 1762 rogatu
3187 1692 3533 1748 Senensium

1883 1779 1982 1851 qui
2016 1795 2118 1850 pro
2150 1777 2348 1833 anima
2377 1795 2484 1832 sua
2515 1778 2626 1849 (85)
2657 1795 2789 1832 eum
2824 1779 3205 1847 adduxerant,
3239 1781 3311 1835 ad
3343 1785 3536 1837 tumu-

1881 1867 2004 1923 lum
2037 1867 2196 1922 Beati
2222 1865 2519 1922 Pontiﬁcis
2545 1867 2857 1923 erexissem
2877 1885 2889 1935 ;
2907 1873 3142 1940 repente
3169 1886 3262 1926 me
3283 1871 3535 1941 vidente,

1882 1973 2078 2012 coram
2111 1955 2270 2010 omni
2298 1955 2532 2028 populo,
2565 1956 2820 2012 ofﬁcium
2857 1959 3255 2015 membrorum
3297 1961 3532 2033 recepit.

1885 2045 2135 2109 Quidam
2166 2045 2470 2116 Presbyter
2494 2046 2712 2113 France
2736 2045 2996 2113 nomine,
3028 2047 3099 2103 de
3129 2049 3274 2104 Cora
3296 2049 3409 2121 (86)
3435 2065 3539 2122 op-

1885 2133 2309 2206 pido,quinque
2327 2133 2497 2188 annis
2518 2137 2756 2188 vexatus
2780 2133 2980 2200 fuit,ut
3001 2151 3135 2191 cum
3154 2136 3211 2191 in
3231 2137 3324 2193 die
3341 2137 3537 2195 Domi-

1886 2223 2016 2278 nica
2030 2240 2155 2294 quae
2177 2221 2393 2277 dicitur
2405 2221 2854 2278 Paschal'tosata
2867 2223 2940 2278 ad
2963 2227 3020 2279 tu
3032 2224 3258 2281 mulum
3271 2227 3536 2298 ejusdem

1885 2311 2251 2368 Sanctissimi
2273 2311 2376 2365 viri
2401 2311 2692 2366 adductus
2715 2311 2942 2382 fuisset,
2959 2313 3158 2369 statim
3183 2316 3537 2374 daemonium

1887 2418 1990 2473 per
2018 2400 2369 2472 sanguinem
2399 2400 2900 2471 evomuit,cadens
2925 2403 2982 2456 in
3008 2408 3223 2460 terram
3246 2410 3535 2464 mortuus.

1886 2490 1956 2544 Et
1986 2506 2120 2544 cum
2152 2487 2346 2544 omnis
2376 2487 2629 2560 pepulus
2662 2506 2796 2544 eum
2827 2495 3130 2562 asportare
3175 2493 3370 2561 vellet,
3401 2495 3540 2567 quia

1887 2577 2214 2633 exanimem
2244 2577 2542 2643 videbant,
2578 2578 2774 2633 divina
2808 2578 3027 2635 favente
3058 2581 3265 2652 gratia,
3292 2600 3395 2654 per
3424 2601 3539 2642 me-

1888 2667 2068 2723 ritum
2105 2668 2165 2721 B.
2201 2666 2407 2721 Leonis
2457 2667 2527 2721 ad
2574 2666 2753 2721 vitam
2787 2684 2968 2723 sanus
3018 2670 3210 2740 rediit,
3242 2672 3402 2726 omni
3435 2690 3536 2743 po-

1888 2755 2024 2828 pulo
2074 2754 2173 2826 qui
2226 2755 2428 2810 aderat
2473 2754 2720 2810 Domino
2769 2759 2826 2810 et
2881 2756 3090 2812 Sancto
3135 2758 3354 2830 gratias
3394 2761 3539 2817 refe-

1889 2849 2069 2900 rente.
3060 2908 3063 2910 _

1957 2937 2046 2988 22.
2083 2932 2327 3000 Quidam
2361 2933 2705 2988 Benedictus
2737 2934 3184 3004 nomine,ﬁliam
3217 2953 3411 3004 suam,
3435 2956 3538 2994 no-

1891 3023 2047 3078 mine
2095 3023 2336 3089 Bonam,
2373 3039 2552 3078 eausa
2596 3022 2937 3095 recipiendae
2987 3025 3279 3094 sanitatis,
3328 3028 3398 3082 ad
3449 3032 3540 3084 tu-

1890 3112 2119 3168 mulum
2148 3112 2299 3168 beati
2333 3112 2627 3167 Pontiﬁcis
2658 3111 2874 3178 attulit,
2908 3129 3034 3184 qua:
3083 3119 3206 3170 erat
3253 3116 3541 3174 ambabus

1890 3201 2168 3256 manibus
2197 3204 2494 3256 contracta
2524 3217 2536 3254 :
2573 3201 2695 3266 sed,
2727 3201 2925 3256 divina
2956 3203 3179 3260 favente
3209 3205 3417 3276 gratia,
3444 3223 3545 3278 per

1892 3291 2167 3346 meritum
2213 3289 2368 3345 Beati
2421 3289 2721 3346 Pontiﬁcis
2760 3290 2975 3362 recepit
3004 3291 3274 3349 sanitatis
3303 3296 3538 3366 gaudia.

127 3381 254 3438 feria
281 3381 545 3454 septima
578 3394 780 3432 mense
828 3375 978 3431 Maio
1027 3375 1300 3441 intrante,
1334 3375 1534 3429 BOde
1580 3389 1780 3428 mense
1810 3363 1852 3429 C
1893 3379 2026 3434 Fuit
2047 3379 2103 3433 in
2128 3377 2708 3450 Marsicana(87)villa
2729 3379 2799 3433 de
2823 3363 3545 3450 Monte,quaadam"mnlier

127 3470 208 3527 die
234 3478 438 3542 quarto
472 3468 730 3535 decimo,
764 3466 835 3520 ad
874 3463 1200 3520 venerabile
1248 3465 1374 3534 ejus
1421 3454 1778 3534 sepulcrum,

129 3559 418 3615 sinistrum
452 3556 772 3613 brachium
807 3556 1170 3608 contractum
1195 3551 1600 3620 ferens,venit;
1626 3551 1780 3620 ejus-

133 3664 229 3718 que
257 3652 462 3704 sancta
494 3643 921 3716 suﬂ'ragatione
954 3641 1221 3697 sanitatis
1251 3639 1597 3695 beneﬁcium
1648 3656 1782 3694 con-

131 3741 308 3793 secuta
335 3741 517 3803 est,et
549 3735 673 3789 haec
703 3736 827 3787 erat
856 3731 930 3786 de
959 3731 1158 3786 Castro
1193 3729 1346 3800 quod
1379 3732 1620 3782 vocatur
1657 3731 1780 3782 Sta-

132 3825 212 3880 bla
247 3829 376 3898 (83).
414 3824 674 3891 Quidam
703 3822 774 3876 de
806 3820 1036 3875 civitate
1067 3817 1416 3882 Florentina,
1441 3833 1574 3871 cum
1601 3817 1782 3872 servis

129 3914 255 3981 suis,
286 3916 356 3971 ad
392 3912 706 3971 tumulum
738 3909 1003 3979 ejusdem
1040 3906 1363 3963 beatissimi
1398 3905 1607 3961 Leonis
1626 3906 1783 3961 venit

128 4019 320 4073 cacus;
353 4009 411 4060 et
437 4001 641 4075 gratia
672 3999 873 4055 divina
903 3997 1218 4052 comitante
1251 3995 1452 4050 lumen
1484 3995 1785 4065 recepit,et

128 4107 227 4161 pra:
249 4093 465 4164 gaudio
491 4105 714 4161 magno
745 4087 901 4158 quod
935 4086 1068 4142 inde
1095 4083 1562 4150 habuit,eosdem
1587 4100 1780 4138 servos

129 4177 370 4237 libertate
421 4177 691 4236 donavit.
744 4175 993 4238 Quidam
1052 4178 1374 4238 Romanus,
1431 4171 1778 4226 Adelbertus

133 4269 363 4334 nomine,
389 4271 542 4324 dum
579 4267 734 4322 ferro
765 4263 1048 4320 recideret
1077 4263 1307 4316 vineam
1341 4260 1782 4331 suam,contigit

131 4359 267 4425 quod
313 4359 382 4414 de
433 4358 663 4412 domno
717 4350 1054 4424 Apostolico
1106 4350 1296 4405 Leone
1345 4348 1594 4420 turpiter
1619 4347 1779 4419 loqui

133 4459 232 4500 non
248 4445 584 4502 exhorruit.
617 4442 726 4498 Sed
760 4441 918 4496 istud
952 4440 1180 4496 facinus
1210 4438 1433 4509 absque
1463 4437 1633 4509 culpa
1663 4454 1778 4492 non

131 4533 477 4607 evasitzquia
507 4531 816 4603 malignus
848 4528 1090 4600 spiritus
1111 4543 1324 4598 corpus
1353 4525 1514 4604 illius
1545 4529 1780 4598 repente

131 4618 402 4690 invasit,et
430 4620 697 4694 graviter
717 4633 925 4673 vexare
951 4615 1141 4687 coepit.
1177 4615 1293 4669 Hoc
1325 4619 1516 4671 autem
1552 4614 1779 4670 vivente

131 4706 215 4764 illo
242 4715 432 4768 actum
463 4714 579 4766 est.
617 4708 730 4797 Sed
762 4707 959 4797 divina
990 4706 1215 4797 favente
1242 4704 1452 4797 gratia,
1485 4721 1620 4759 cum
1644 4708 1777 4775 post
1805 4732 1854 4797 Ι)

132 4797 332 4855 obitum
361 4800 530 4856 illius
559 4796 790 4852 veniret
817 4795 890 4850 ad
921 4793 1254 4866 sepulcrum
1284 4793 1432 4862 ejus,
1468 4809 1568 4864 per
1599 4793 1772 4848 meri-

136 4888 244 4944 tum
272 4890 457 4962 ipsius
489 4890 745 4944 sanatus
776 4888 886 4940 est.
951 4923 954 4926 -

191 4979 270 5033 21.
301 4979 554 5042 Quidam
584 4973 964 5029 Grimoaldus
987 4969 1322 5036 nomine,de
1352 4970 1409 5026 S.
1447 4971 1775 5040 Benedicto,

196 5136 296 5206 (82)
320 5139 492 5214 _F_'orte
525 5135 764 5214 ρανίηα,
807 5148 942 5214 qua
967 5135 1062 5214 est
1100 5131 1305 5214 civitas
1326 5131 1689 5214 Eapitanatae
1719 5131 1780 5214 in

139 5202 291 5278 regno
320 5207 738 5281 Neapolitano,
771 5202 917 5259 alias
965 5203 1024 5258 in
1074 5204 1277 5258 eadem
1321 5202 1664 5276 Capitanata
1693 5209 1782 5258 est

143 5277 279 5335 Terre
307 5279 450 5335 delia
481 5281 678 5334 Lam-a.

173 5295 279 5336 orre
307 5295 450 5335 aeua
481 5295 678 5334 Lam-a.

198 5351 294 5420 (83)
315 5352 475 5408 Istud
511 5345 880 5420 credo,qu_od
915 5344 1090 5420 Ceste!
1120 5362 1153 5400 (ι
1182 5359 1335 5420 mare
1364 5343 1423 5398 di
1454 5344 1641 5420 Stabit}.
1664 5343 1782 5397 vul-

140 5415 449 5542 Qp'dieitur,
484 5415 761 5476 ditionis
787 5417 1101 5471 Pontiﬁciae
1152 5415 1432 5487 oppidum
1463 5417 1533 5469 ad
1584 5415 1779 5469 sinum

142 5509 157 5541 λ
185 5494 593 5542 eannlitamim.

142 5490 499 5565 Neapolitanu
514 5510 593 5546 m.

202 5555 302 5634 (8'5)
333 5566 415 5620 lta
444 5563 812 5634 Pentecostcn
841 5557 1146 5634 nominant
1180 5555 1341 5634 l_tal_i_:
1369 5556 1625 5634 nominjs
1646 5573 1781 5610 cau-

143 5628 248 5688 sam
283 5628 562 5692 reddunt
623 5633 898 5685 auctores
951 5628 1318 5684 Vocabularii
1352 5628 1505 5684 della
1543 5629 1779 5697 Crusca,

143 5707 276 5774 quod
305 5725 368 5763 eo
398 5709 520 5764 fere
550 5709 828 5774 tempore
858 5699 1017 5774 Bosa:
1042 5701 1305 5756 ﬂoreant.

201 5775 300 5847 (85)
329 5773 517 5833 Clavis
548 5771 732 5840 intra,
767 5787 830 5825 ιι.
862 5772 950 5838 36,
982 5773 1088 5827 Pro
1117 5771 1358 5828 mercede
1397 5772 1608 5829 anima?
1643 5783 1780 5826 suae

1892 3468 1962 3523 de
2001 3467 2238 3521 Civitate
2267 3465 2599 3537 Spoletana,
2633 3465 2730 3532 diu
2768 3483 2919 3521 cznca
2951 3483 2963 3520 :
2998 3484 3124 3539 quae
3156 3467 3300 3524 dum
3329 3471 3540 3526 oralio-

1892 3555 1983 3612 nis
2012 3557 2198 3628 gratia
2226 3555 2377 3610 beati
2406 3555 2513 3610 viri
2537 3554 2871 3626 sepulcrum
2907 3556 3252 3628 requireret,
3286 3557 3346 3613 in
3383 3559 3542 3616 Sabi-

1893 3643 2058 3700 nensi
2107 3644 2477 3715 Episcopatu,
2513 3647 2828 3714 antequam
2863 3645 2932 3698 ad
2967 3643 3160 3700 locum
3202 3646 3300 3702 ubi
3329 3664 3543 3719 corpus

1891 3734 2019 3803 ejus
2052 3731 2364 3804 requiescit
2394 3733 2850 3804 perveniret,per
2881 3733 3156 3789 meritum
3189 3737 3374 3791 sancti
3398 3736 3542 3792 Pon-

1891 3821 2066 3877 tiﬁcis
2094 3821 2293 3876 lumen
2326 3821 2631 3891 recepit,ec
2661 3821 2771 3877 iter
2801 3823 2953 3893 quod
2987 3828 3240 3894 cmperat
3280 3827 3544 3897 gaudens

1891 3911 2389 3984 peregit.Quidnm
2415 3927 2560 3980 puer
2585 3911 2654 3966 dc
2677 3911 2949 3982 praedicta
2989 3912 3239 3978 civitate,
3282 3913 3544 3985 quinque

1891 4017 2076 4055 annos
2108 3999 2350 4065 habens,
2385 4003 2558 4070 atque
2591 4016 2624 4054 a
2653 3999 2952 4056 nativitate
2991 4017 3195 4072 gressu
3228 4005 3287 4057 et
3314 4001 3543 4074 loquela

1889 4105 2114 4154 carens,
2149 4091 2457 4159 parentum
2489 4087 2701 4141 auxilio
2734 4087 2805 4142 ad
2838 4088 3172 4160 sepulcrum
3204 4090 3400 4147 Sancti
3431 4092 3543 4147 du-

1889 4181 2158 4250 ctus,per
2190 4176 2462 4231 meritum
2492 4177 2619 4247 ejus
2650 4192 2920 4247 gressum
2952 4182 3008 4232 et
3036 4177 3330 4250 loquelam
3364 4179 3542 4236 simul

1888 4266 2122 4338 recepit.
2156 4266 2301 4322 Item
2344 4264 2494 4320 alius
2546 4265 2813 4335 ejusdem
2853 4267 3150 4334 territorii,
3183 4272 3406 4340 septem
3437 4287 3539 4325 an-

1889 4373 2122 4433 norum,
2157 4372 2260 4427 per
2288 4359 2407 4409 tres
2438 4371 2626 4409 annos
2663 4371 2865 4426 gressu
2919 4357 3135 4427 pedum
3179 4357 3368 4412 caruit
3398 4374 3410 4412 :
3441 4360 3542 4415 sed

1889 4443 2031 4498 dum
2062 4444 2134 4499 ad
2169 4441 2505 4514 sepulcrum
2541 4441 2836 4498 Antistitis
2863 4443 3182 4511 accederet,
3218 4462 3319 4516 per
3368 4447 3541 4502 meri-

1887 4535 2016 4587 tum
2042 4532 2170 4603 ejus
2201 4531 2396 4587 subito
2428 4535 2653 4588 erectus
2683 4535 2788 4586 est.
2811 4530 3060 4597 Quidam
3092 4533 3203 4602 (88)
3237 4549 3401 4604 puer,
3439 4541 3543 4591 Leo

1887 4621 2222 4687 nomine,de
2251 4623 2446 4676 monte
2477 4619 2708 4686 Casino,
2735 4619 2793 4673 in
2817 4620 3019 4675 eadem
3055 4621 3358 4677 Dominica
3378 4621 3541 4677 clau-

1887 4709 1998 4765 dus
2027 4709 2109 4764 ita
2139 4709 2370 4764 advenit
2398 4708 2554 4780 quod
2609 4707 2767 4763 nullo
2817 4709 2988 4763 modo
3039 4709 3262 4780 absque
3311 4710 3543 4766 duobus

1885 4797 2321 4854 sustentatoriis
2366 4797 2591 4854 baculis
2643 4797 2909 4854 incedere
2936 4797 3165 4853 valebat
3222 4815 3234 4853 :
3291 4799 3392 4855 sed
3444 4817 3546 4872 per

1888 4889 2162 4944 meritum
2195 4890 2254 4943 B.
2285 4888 2583 4943 Pontiﬁcis
2614 4888 2838 4960 absque
2870 4888 3129 4957 ductore,
3163 4889 3409 4961 abjectis
3434 4891 3543 4946 ba-

1888 4976 2057 5045 culis,
2117 4971 2428 5032 sanitatem
2489 4978 2888 5033 membrorum
2949 4993 3150 5033 secum
3209 4980 3543 5052 reportavit.

1983 5137 2074 5210 86)
2105 5134 2292 5210 Vulgo
2325 5135 2469 5210 (lori,
2503 5135 2832 5210 Campaniae
2863 5137 3136 5210 Romanae
3166 5138 3470 5210 oppidum.

1983 5151 2074 5202 du)
2116 5151 2292 5260 vulgo
2325 5151 2469 5201 cert,
2503 5151 2832 5206 uampaniae
2863 5151 3136 5192 nomanaa
3166 5151 3470 5210 oppidum.

1935 5151 2231 5288 Oi87)hDu_p
2261 5223 2329 5287 ex
2358 5208 2649 5288 Marsicum
2699 5207 3246 5288 hodie_n_om_ina_tur
3275 5201 3348 5288 in_
3367 5210 3547 5288 conﬁ-

1891 5277 2005 5331 niis
2036 5278 2320 5350 citerioris
2351 5284 2525 5348 atque
2547 5277 2840 5350 ulterioris
2863 5281 3253 5350 Principatus,
3276 5279 3543 5350 aliudve-

1889 5353 2007 5417 tus,
2042 5347 2200 5403 aliud
2235 5347 2481 5423 nomen}
2514 5355 2677 5423 vetus
2708 5349 2801 5423 hic
2833 5347 3128 5423 designari
3168 5348 3539 5423 crediderim,

1893 5436 2027 5492 cum
2060 5437 2273 5474 novum
2306 5419 2550 5492 aRegni
2580 5417 3419 5492 Neapolitani"Chorographis
3469 5419 3540 5471 ad

1894 5490 2136 5562 fluvium
2170 5490 2582 5546 constitua—tur.
2701 5490 2718 5492 “
3220 5553 3229 5562 ,

1963 5561 2076 5631 (88)
2105 5561 2167 5617 In
2199 5563 2287 5617 Ms
2327 5564 2646 5617 Hubertino
2679 5562 2901 5632 quidam
2929 5574 3137 5632 pauper
3163 5571 3181 5632 τ’
3215 5561 3410 5621 ipsum
3443 5570 3542 5632 au-

1893 5625 2008 5686 tem
2043 5625 2146 5687 Ms.
2182 5633 2276 5688 hic
2307 5634 2523 5690 desinit
2555 5652 2567 5688 :
2603 5625 2781 5704 quare
2811 5625 3014 5686 cwtera
3037 5625 3255 5681 dantur
3293 5638 3361 5675 ex
3410 5625 3539 5678 Sulo

1892 5701 2242 5758 Strozziano.

1960 5719 2242 5758 P02218110.
