3922 6420
322 396 441 463 18⁶Ὶ

356 538 395 591 2
470 534 680 607 Lingua
707 547 829 590 mea
858 532 1103 589 calamus
1132 533 1332 591 scriba’
1352 553 1370 589 .-

471 620 731 681 l’eloeiter
772 628 828 691 νέ-
854 622 1143 680 scribentis
1184 630 1200 691 ζ

360 716 441 781 ,Η
471 711 745 771 Calamus
774 713 998 782 scribas,
1032 712 1223 770 scriba
1251 712 1376 785 ipse
1414 712 1683 770 Christus
1731 716 1838 779 est,
1872 711 1974 786 qui

1266 398 1331 463 S.
1377 397 1776 464 BRUNONIS
1819 395 2433 465 HERBIPOLENSIS
2475 400 2857 467 EPISCOPI.

3630 398 3744 467 188

2004 541 2051 604 Α
2122 536 2156 589 8
2229 537 2388 592 Sedes
2418 545 2517 592 tua
2548 539 2688 593 Deus
2721 540 2776 593 in
2798 536 3066 594 arentum
3095 537 3290 594 saeculi
3318 555 3338 594 :

2237 628 2406 696 Virga
2425 627 2745 683 directionis
2774 628 2933 697 virga
2954 624 3113 697 regui
3140 629 3244 684 tui.

2154 717 2193 769 C
2221 715 2324 771 Hic
2346 715 2503 771 enim
2536 716 2704 772 sedes
2735 716 2839 772 Dei
2866 716 2938 772 ad
2964 715 3261 789 judicium
3292 715 3545 790 pertinet
3583 716 3741 773 futu-

323 790 563 878 sc‘ripsit
609 804 808 871 ﬁdem,
856 816 1042 875 spem,
1074 806 1132 859 et
1178 803 1543 869 cbaritatem,
1592 801 1651 858 in
1697 802 1973 858 cordibus
2084 821 2237 871 rum,
2270 804 2330 859 in
2362 821 2477 878 quo
2511 806 2710 860 omnia
2748 805 3031 861 veraciter
3058 805 3488 862 examinantur.
3522 805 3739 880 Virga:

322 899 680 954 Sanctorum.
709 892 1014 960 Velociter,
1044 892 1151 948 hoc
1181 896 1289 956 est,
1319 892 1471 965 quod
1508 909 1622 947 non
1664 892 1974 948 tardantur
2082 892 2346 966 regulam
2377 892 2670 967 signiﬁcat
2698 893 2909 949 divina;
2943 891 3388 966 aequitatis,ista
3410 894 3567 950 enim
3583 894 3745 969 virga

322 1002 452 1059 qua
482 984 727 1051 dixerat,
761 983 862 1039 sed
896 982 1166 1038 velociter
1193 980 1612 1054 adimplentur.

2076 982 2272 1055 justos
2305 983 2477 1056 regit,
2509 982 2723 1056 impios
2755 983 3009 1055 percutit
3041 1000 3054 1037 :
3089 1001 3217 1056 quae
3268 983 3550 1040 veraciter
3586 990 3742 1041 recta

354 1075 389 1130 3
459 1074 741 1146 Speciosus
768 1074 950 1143 forma
976 1086 1098 1144 prze
1125 1071 1261 1141 ﬁliis
1290 1070 1572 1126 hominum
1605 1089 1623 1126 :
1653 1071 1856 1144 diffusa
1894 1077 1974 1126 est
2081 1070 2315 1139 dicitur,
2337 1072 2477 1145 quia
2507 1071 2671 1127 nulla
2700 1072 2985 1145 pravitate
3016 1076 3309 1128 curvatur.
3326 1072 3427 1128 Vel
3462 1073 3739 1131 fortitudo

529 1163 709 1235 gratia
739 1163 799 1218 in
828 1161 991 1217 labiis
1022 1162 1131 1217 tuis
1161 1179 1180 1215 :

458 1257 747 1325 Propterea
773 1251 1047 1307 benedixit
1077 1257 1127 1306 te
1156 1254 1307 1306 Deus
1338 1250 1394 1305 in
1424 1263 1715 1307 geel-num.

387 1341 428 1397 C
449 1340 759 1415 Speciosus
783 1338 976 1396 dictus
996 1355 1112 1412 prae
1144 1338 1423 1396 omnibus
1447 1338 1790 1394 hominibus
1812 1336 1971 1393 Chri-

312 1436 442 1489 stus
470 1434 578 1499 est,
608 1444 721 1487 non
745 1446 814 1486 ex
843 1430 1030 1485 forma
1059 1427 1369 1501 corporali,
1404 1429 1505 1484 sed
1536 1428 1817 1484 veraciter
1862 1426 1968 1483 hu-

310 1534 484 1578 mano
515 1534 726 1595 genere
756 1516 1060 1593 pulchrior
1085 1516 1220 1587 fuit,
1250 1517 1390 1591 quia
1418 1521 1653 1592 peccata
1698 1534 1815 1573 non
1867 1515 1967 1572 ha-

309 1610 459 1667 buit.
510 1608 661 1665 illud
712 1608 867 1665 enim
916 1610 1069 1663 recte
1119 1607 1452 1681 speciosum
1500 1606 1774 1673 dicimus,
1808 1606 1964 1679 quod

307 1702 495 1775 gratia
524 1699 933 1756 mundissima:
964 1697 1237 1771 puritatis
1261 1699 1524 1753 ornatur.
1555 1695 1601 1752 Η
1620 1694 1846 1752 Dill‘usa
1875 1699 1965 1751 est

305 1790 514 1866 gratia,
541 1789 681 1863 quia
707 1788 799 1844 lex
827 1804 932 1861 per
961 1790 1191 1860 Moysen
1223 1785 1361 1842 data
1389 1786 1703 1859 est,gratia
1723 1789 1782 1841 et
1817 1785 1964 1841 veri-

305 1880 399 1938 tas
429 1894 532 1954 per
557 1879 760 1937 Jesum
788 1876 1092 1935 Christum
1127 1876 1277 1932 facta
1306 1880 1395 1931 est
1426 1875 1607 1947 (Joan.
1643 1875 1704 1946 ι).
1738 1874 1779 1930 C
1809 1874 1962 1930 Bene

304 1971 526 2028 dictum
545 1972 635 2027 est
655 1973 851 2025 autem
872 1985 884 2023 :
906 1966 1206 2023 Benedixit
1226 1971 1285 2022 te
1304 1965 1459 2022 Dens
1483 1982 1496 2020 :
1522 1983 1555 2020 a
1577 1965 1765 2020 forma
1788 1964 1958 2032 servi,

303 2074 430 2135 quia
455 2064 509 2117 et
530 2060 861 2131 passionem
884 2056 1207 2130 pertulit,et
1236 2056 1307 2112 ad
1334 2072 1511 2129 regna
1532 2054 1812 2111 ccelornm
1837 2070 1965 2126 per-

301 2149 476 2207 venit.
508 2150 839 2223 PrOpterca,
871 2142 1011 2220 quia
1040 2146 1257 2202 diffusa
1308 2149 1398 2201 est
1444 2142 1632 2218 gratia
1679 2143 1737 2198 in
1786 2140 1960 2199 labiis

299 2239 439 2309 tuis,
471 2238 677 2314 gratia,
700 2237 921 2296 scilicet
950 2234 1402 2308 praedicationis.
1427 2234 1471 2289 H
1497 2235 1565 2289 Et
1595 2231 1771 2289 etiam
1794 2246 1959 2287 cura-

297 2329 475 2387 tionis
508 2346 519 2385 :
555 2344 691 2385 cum
722 2325 991 2383 morbida
1016 2326 1192 2381 verbo
1222 2340 1417 2391 curas,
1449 2339 1612 2379 mare
1660 2321 1959 2395 quiescere

295 2418 461 2489 facis,
486 2419 770 2475 Lazarum
800 2431 975 2473 vocas
1008 2418 1064 2471 et
1092 2414 1270 2483 venit,
1294 2417 1351 2469 et
1379 2410 1581 2469 omnia
1612 2428 1740 2486 qua:
1762 2409 1961 2484 loque-

295 2504 397 2576 ris,
428 2502 929 2581 gratialabiorum
957 2506 1197 2559 tuorum
1225 2500 1632 2576 perﬁciuntur.

329 2596 361 2652 4
433 2592 728 2665 Accingere
755 2590 944 2664 gladio
976 2596 1068 2649 tuo
1100 2610 1120 2648 .'

435 2682 610 2757 Super
636 2687 819 2757 femur
862 2688 918 2748 εξ·
945 2690 1105 2738 tuum
1144 2686 1197 2752 ζ,
1224 2678 1621 2753 potentissime.

318 2770 364 2832 5
427 2772 616 2848 Specie
643 2780 739 2829 tua
766 2779 818 2829 et
844 2766 1260 2845 pulchritudine
1287 2777 1383 2825 tua
1416 2788 1434 2824 :

435 2861 655 2921 Intende
680 2874 939 2935 prospere
957 2859 1186 2934 procede
1218 2867 1268 2916 et
1296 2872 1486 2931 regna.

362 2952 405 3009 C
434 2951 730 3021 Gladium,
753 2946 849 3006 hic
887 2964 1220 3007 sermonem
1265 2946 1478 3004 divina
1521 2942 1954 3019 praedicationis

290 3042 575 3100 debemus
621 3041 927 3114 accipere:
960 3040 1153 3095 femur
1187 3037 1654 3094 incarnationem
1687 3034 1732 3090 Η
1764 3033 1953 3091 accin-

290 3136 419 3190 ctus
449 3131 717 3189 Christus
764 3130 971 3201 gladio,
1006 3129 1180 3186 verbo
1228 3124 1660 3201 praedicationis
1696 3140 1709 3179 :
1744 3123 1953 3180 dividit

286 3222 499 3280 Filium
556 3238 592 3279 a
642 3221 831 3289 Patre,
866 3224 974 3276 etc.
1028 3214 1460 3285 Potentissime,
1493 3231 1612 3272 non
1669 3212 1945 3288 segniter,

287 3328 476 3388 neque
506 3310 726 3378 leviter,
759 3310 864 3367 sed
892 3307 1160 3366 viriliter.

357 3402 400 3458 C
427 3399 627 3477 Specie
657 3404 780 3468 tua,
807 3399 917 3456 hoc
949 3398 1203 3472 pertinet
1222 3396 1294 3453 ad
1336 3393 1765 3451 humanitatem
1787 3392 1949 3449 Chri-

286 3491 385 3559 sti,
412 3488 789 3564 pulchritudo
819 3489 893 3544 ad
923 3486 1222 3544 deitatem.
1250 3485 1586 3549 Intende,ut
1606 3486 1948 3557 pereuntem

286 3578 589 3638 hominem
645 3577 716 3634 de
765 3577 908 3634 casio
964 3575 1281 3632 miseratus
1338 3573 1612 3647 aspicias.
1643 3578 1945 3645 Prospere,

288 3667 567 3743 quoniam
598 3669 722 3722 erat
750 3666 1012 3722 humano
1039 3662 1237 3738 generi
1269 3660 1633 3720 liberationis
1665 3660 1951 3718 beneﬁcia

288 3755 680 3830 praestiturus.
713 3755 756 3811 C
784 3754 831 3810 Η
865 3753 1115 3809 Procede
1150 3757 1215 3808 ut
1246 3766 1500 3825 sponsus
1530 3752 1603 3807 de
1634 3754 1799 3807 utero
1827 3749 1949 3805 vir-

287 3843 489 3921 ginali.
522 3844 745 3916 Regna,
777 3843 836 3900 id
869 3846 979 3909 est,
1011 3842 1071 3898 in
1102 3841 1445 3899 crudelitate
1477 3840 1787 3897 hominum
1815 3855 1829 3894 :
1854 3855 1951 3912 po-

287 3933 533 3991 tentiam
559 3937 671 3990 tus:
703 3930 1031 4005 majestatis
1061 3931 1323 3989 ostende.

320 4024 357 4079 6
428 4024 656 4096 Propter
672 4022 961 4078 veritatem
980 4027 1033 4077 et
1053 4018 1535 4077 mansuetudinem
1551 4022 1603 4075 et
1623 4018 1907 4092 justitiam
1929 4034 1949 4073 :

430 4096 497 4169 Et
522 4110 757 4167 deducet
786 4118 837 4167 te
867 4110 1201 4166 mirabiliter
1232 4109 1455 4165 dextera
1483 4114 1605 4164 tua.

354 4196 400 4259 C
428 4198 671 4274 Propter
696 4199 1027 4268 veritatem,
1060 4198 1207 4255 illud
1235 4198 1549 4272 signiﬁcat,
1569 4196 1708 4271 quia
1737 4195 1951 4252 veritas

287 4292 360 4349 de
385 4292 541 4348 terra
565 4292 693 4347 orta
721 4293 810 4346 est
835 4290 1006 4362 (Psal.
1042 4292 1288 4358 mxxv).
1326 4286 1714 4344 Mansuetudo
1744 4302 1951 4343 mons-

288 4384 472 4438 strata
500 4381 608 4447 est,
623 4378 859 4452 quando
890 4377 949 4434 in
982 4394 1152 4435 cruce
1182 4394 1287 4452 pro
1308 4375 1799 4453 persequentibus
1820 4390 1949 4431 ora-

286 4466 369 4525 vit
390 4466 605 4542 (Matth.
633 4467 711 4542 x).
735 4462 976 4525 Justitia‘
1007 4467 1320 4542 vero,quia
1350 4468 1641 4540 praecepta
1668 4459 1952 4521 salutaria

288 4558 424 4632 pius
454 4555 655 4613 doctor
684 4552 919 4612 infudit.
944 4556 1221 4623 Deducat,
1255 4572 1359 4629 per
1388 4570 1628 4610 cursum
1680 4552 1810 4609 vita:
1838 4550 1948 4608 hu-

2079 1159 2293 1216 invicta
2320 1165 2375 1217 et
2406 1160 2743 1217 inﬂexibilis
2774 1160 3106 1233 disciplina,
3134 1162 3298 1237 virga
3332 1166 3421 1218 est
3468 1160 3737 1218 directio-

2078 1249 2191 1305 nis.
2226 1250 2296 1305 Et
2326 1249 2545 1307 clarius
2576 1268 2705 1325 quae
2736 1251 2815 1308 sit
2842 1250 3006 1324 virga
3035 1250 3148 1308 ista
3180 1268 3194 1306 :
3230 1251 3528 1324 sequendo
3549 1256 3739 1310 osten-

2076 1337 2163 1393 dit
2188 1338 2389 1395 dicens
2422 1355 2435 1394 :

2107 1427 2144 1481 9
2216 1427 2477 1484 Dileatisti
2494 1429 2777 1502 justitiam
2806 1438 2858 1485 et
2890 1428 3055 1485 odisti
3085 1431 3437 1503 iniquitatem
3467 1448 3486 1486 :

2216 1518 2510 1590 Propterea
2539 1520 2705 1576 unxit
2748 1528 2801 1576 te
2845 1518 2987 1575 Deus
3030 1521 3172 1577 Deus
3219 1528 3348 1578 tuus
3377 1521 3493 1578 oleo
3523 1522 3739 1580 latitia?

2288 1623 2408 1680 qrze
2434 1609 2773 1665 consortibus
2799 1609 2932 1665 tuis.

2144 1698 2184 1750 C
2212 1694 2393 1753 Nemo
2424 1697 2583 1753 enim
2616 1698 2867 1771 perfecte
2897 1695 3541 1770 diligitjustitiam,nisi
3561 1698 3661 1771 qui
3680 1703 3737 1758 et

2070 1789 2237 1840 actus
2269 1786 2561 1858 pessimos
2592 1792 2950 1843 exsecratur.
2986 1785 3213 1843 Unctus
3242 1790 3332 1843 est
3359 1785 3626 1845 Christus
3671 1786 3730 1844 in

2073 1891 2267 1945 regem
2298 1879 2355 1931 et
2385 1876 2830 1932 sacerdotem.ll
2863 1875 3001 1932 Oleo
3033 1875 3334 1944 laatitiae,id
3364 1879 3454 1932 est
3477 1893 3734 1934 resurre-

2072 1963 2282 2020 ctionis
2310 1967 2370 2020 et
2399 1963 2782 2021 ascensionis.
2812 1970 2853 2021 C
2884 1964 3173 2038 Repetitio
3205 1965 3319 2021 ista
3337 1965 3493 2037 quod
3541 1960 3683 2022 dicit
3711 1984 3725 2022 :

2070 2053 2226 2111 Deus
2254 2058 2424 2119 Deus,
2448 2054 2806 2124 pmconium
2839 2072 3065 2128 magna;
3097 2053 3425 2111 dilectionis
3453 2055 3725 2113 ostendit.

2068 2142 2191 2199 Prae
2222 2144 2593 2201 consortibus
2618 2144 2845 2201 dictum
2878 2149 2985 2212 est,
3006 2144 3286 2218 quoniam
3320 2143 3472 2201 hanc
3500 2142 3732 2202 benedi-

2068 2231 2321 2290 ctionem
2354 2250 2535 2306 supra
2564 2251 2738 2290 omne
2769 2234 3099 2291 humanum
3124 2251 3316 2307 genus
3342 2233 3607 2292 Christus
3634 2252 3731 2292 ac-

2068 2322 2241 2396 cepit,
2266 2325 2329 2379 ut
2361 2328 2579 2380 unctus
2601 2323 2984 2397 singulariter
3004 2327 3241 2381 cmteros
3264 2339 3483 2398 ungere
3499 2320 3731 2383 debuis-

2068 2415 2177 2469 set.

2069 2502 2138 2557 10
2211 2501 2450 2576 Myrrha
2495 2505 2549 2558 et.
2593 2507 2751 2576 gutta
2791 2510 2844 2561 et
2863 2504 3017 2561 casia
3063 2519 3099 2560 a
3127 2503 3475 2560 ventimentis
3501 2503 3613 2559 tuis
3642 2520 3663 2560 :
3692 2520 3727 2561 α

2279 2591 2529 2648 domibus
2560 2593 2817 2650 eburneis
2849 2611 2869 2649 :

2207 2682 2293 2737 Ex
2318 2682 2516 2754 quibus
2545 2681 2950 2739 delectaverunt
2979 2690 3031 2739 te
3056 2681 3197 2754 ﬁliae
3221 2697 3413 2751 regum
3433 2698 3496 2739 in
3524 2682 3725 2740 honore

2279 2775 2394 2827 tuo.

2134 2861 2176 2915 C
2221 2863 2502 2917 Sanctum
2562 2858 2794 2918 Domini
2848 2878 3110 2934 corpus:
3148 2859 3446 2934 quoddam
3487 2859 3723 2918 deitatis

2062 2949 2440 3023 cognoscitur
2469 2949 2651 3007 fuisse
2679 2949 3101 3007 vestimentum
3132 2949 3274 3023 quia
3304 2950 3579 3021 maiestas
3596 2967 3722 3006 ver-

2060 3037 2121 3095 bi
2156 3055 2168 3093 :
2203 3038 2391 3097 oculis
2437 3039 2791 3106 inﬁdelium,
2834 3039 3125 3097 velamine
3167 3039 3360 3097 carnis
3416 3039 3724 3097 videbatur

2059 3127 2362 3185 abscondi.
2392 3129 2478 3185 Ab
2517 3128 2627 3187 hoc
2673 3129 3043 3197 vestimento,
3074 3129 3132 3186 id
3165 3133 3274 3198 est,
3301 3128 3721 3189 incarnationis

2057 3233 2270 3275 arcano
2300 3235 2558 3291 congrue
2585 3218 2813 3276 venisse
2845 3218 3061 3275 dicitur
3104 3217 3339 3292 myrtha
3380 3222 3438 3275 et
3466 3220 3632 3291 gutta
3658 3221 3720 3275 et

1972 3288 2017 3359 C
2055 3308 2237 3364 casia.
2271 3288 2508 3382 Myrrha
2539 3312 2789 3365 mortem
2817 3307 3031 3365 Christi
3059 3288 3371 3382 signiﬁcat.
3390 3288 3570 3366 Gutta
3586 3323 3716 3379 qua

2056 3396 2273 3454 dicitur
2301 3397 2692 3465 ammoniaca,
2724 3394 3116 3454 incarnationi
3148 3396 3381 3455 Domini
3413 3411 3716 3469 compara-

2055 3489 2174 3543 tur.
2198 3487 2367 3543 Casia
2393 3503 2522 3560 qua:
2553 3504 2587 3543 a
2616 3483 2834 3544 nostris
2882 3486 3083 3544 ﬁstula
3129 3485 3362 3555 dicitur,
3396 3484 3604 3543 crescit
3649 3484 3712 3542 in

2057 3574 2297 3649 aquosis
2319 3575 2427 3632 loci
2436 3593 2483 3642 s,
2500 3574 2911 3650 signiﬁcatque
2933 3592 3117 3648 aquas
3148 3574 3544 3650 baptismatis.
3559 3574 3717 3631 Ebur

2057 3666 2149 3719 est
2196 3680 2262 3719 os
2313 3660 2662 3736 elephantis,
2712 3663 2813 3735 qui
2868 3666 3263 3736 temperanter
3318 3680 3437 3721 suae
3491 3662 3723 3720 feminas

2056 3752 2492 3823 commiscetur,
2523 3757 2581 3809 et
2622 3752 2884 3809 secunda
2926 3753 3175 3826 conjuge
3220 3769 3338 3810 non
3368 3752 3571 3810 utitur.
3603 3751 3724 3808 Hoc

2058 3840 2288 3914 pudicis
2320 3841 2553 3899 feminis
2585 3846 2788 3916 aptum
2821 3846 2911 3899 est
2944 3859 2956 3898 :
2993 3859 3122 3915 quze
3154 3841 3214 3898 in
3242 3841 3516 3899 domibus
3545 3841 3718 3899 ebur-

2058 3931 2186 3988 neis
2233 3931 2527 3988 mansisse
2582 3935 2930 4001 noscuntur,
2984 3931 3126 3988 dum
3183 3948 3286 4005 per
3342 3930 3720 3988 castitatem:

2058 4024 2347 4094 praecepta
2374 4019 2474 4076 Dei
2526 4024 2739 4078 secutas
2784 4023 2945 4078 sunt.
2982 4018 3133 4076 Filias
3162 4036 3369 4096 regum
3398 4018 3674 4078 dicuntur
3704 4031 3727 4076 :

2058 4108 2159 4184 qui
2190 4109 2540 4185 semetipsos
2568 4112 2775 4185 regant
2801 4113 2860 4166 et
2887 4109 3120 4166 animas
3152 4126 3313 4167 suas.
3348 4112 3398 4164 Η
3427 4107 3531 4165 Vel
3588 4106 3724 4164 ﬁlia

2058 4184 2286 4273 regum,
2309 4198 2369 4255 id
2401 4202 2491 4255 est
2520 4197 2925 4272 apostolorum
2976 4196 3385 4272 praedicatione
3435 4212 3722 4255 conversae

2059 4288 2288 4345 animm.
2318 4290 2365 4345 A
2397 4287 2497 4345 Vel
2532 4287 2663 4345 ﬁliae
2698 4304 2711 4346 :
2744 4285 3012 4345 Ecclesiae
3041 4292 3185 4346 sunt
3215 4287 3291 4346 ab
3318 4285 3720 4362 apostolorum

2059 4377 2471 4452 praedicatione
2501 4373 2778 4434 fundatae.

2060 4468 2123 4523 11
2201 4467 2388 4524 Astitit
2418 4468 2614 4539 regina
2642 4483 2678 4523 a
2708 4466 2917 4523 dextris
2948 4466 3060 4524 tuis
3090 4467 3153 4525 iu
3180 4467 3379 4524 vestitu
3415 4462 3674 4522 deaurato
3704 4482 3725 4519 :

2218 4563 2274 4622 υέ·
2305 4555 2656 4613 Cireumdata
2686 4558 2955 4613 varietate
2997 4560 3011 4623 ζ

278 4642 383 4733 jus
410 4645 591 4703 totius
624 4644 911 4702 inoffensa
940 4644 1381 4733 conversatione
1411 4640 1685 4698 custodit.
1719 4640 1954 4733 Mirabi-
1982 4667 2031 4733 υ
2130 4645 2180 4702 Η
2210 4643 2434 4719 Regina
2461 4643 2680 4733 dicitur
2710 4643 2990 4715 Ecclesia,
3023 4648 3081 4703 et
3109 4644 3313 4733 regina
3340 4646 3431 4702 est
3460 4658 3588 4733 quae
3617 4657 3730 4733 sua

287 4730 589 4808 liter.quia
620 4733 713 4791 di'e
744 4733 919 4790 tertia
946 4731 1287 4790 resurrexit.
1302 4730 1549 4788 Dextera
1581 4747 1595 4785 :
1629 4729 1951 4804 potentiam

284 4822 449 4881 verbi
480 4823 793 4897 signiﬁcat.

321 4916 383 4968 7.
431 4913 665 4983 Sagitta?
695 4918 807 4969 tua:
834 4916 1017 4967 acuta?
1048 4927 1067 4965 :

429 5002 634 5074 Populi
660 5000 763 5056 sub
794 5004 848 5055 te
866 4999 1060 5055 cadent
1091 5000 1152 5054 in
1180 4996 1346 5053 corda
1389 4998 1747 5054 inimieozmm
1788 5000 1951 5070 regis.

358 5090 592 5164 Sagitta:
623 5090 986 5158 acutae,sunt
1012 5088 1191 5144 verba
1219 5087 1449 5143 Domini
1474 5087 1781 5145 salvatoris
1798 5087 1955 5146 salu-

287 5178 494 5236 tariter
522 5176 700 5233 corda
728 5168 1039 5232 hominum
1072 5176 1396 5250 inﬁgentia,
1423 5194 1550 5250 qua:
1591 5175 1722 5233 ideo
1751 5177 1954 5234 vulne-

290 5268 424 5323 rant
455 5268 520 5320 ut
546 5268 777 5321 'sanent.
810 5260 1008 5321 Acuta:
1037 5266 1290 5337 pertinet
1319 5265 1390 5321 ad
1416 5265 1955 5323 transformationis

289 5350 667 5409 celeritatem.
704 5351 905 5427 Populi
932 5353 1041 5409 sub
1074 5358 1131 5410 te
1162 5354 1525 5424 cadent,non
1559 5354 1807 5428 pedibus
1832 5357 1958 5430 qui-

293 5440 406 5495 bus
428 5450 673 5513 corpora
703 5438 1089 5511 sustinentur,
1116 5443 1216 5498 sed
1242 5444 1413 5500 corde
1445 5444 1656 5500 cadent
1686 5444 1744 5500 in
1770 5445 1959 5502 humi-

289 5528 515 5584 litatem
544 5544 554 5583 :
582 5528 683 5601 qui
708 5530 871 5602 prius
893 5530 951 5586 in
982 5531 1231 5588 elatione
1261 5532 1434 5588 erecti
1466 5538 1654 5587 erant.
1679 5533 1955 5592 Inimicos

291 5616 507 5676 Christi
540 5618 701 5687 dicit,
736 5619 837 5693 qui
869 5637 903 5677 a
934 5634 1190 5695 superna
1230 5618 1359 5695 lege
1411 5621 1771 5678 dissentiunt
1814 5640 1957 5681 con-

291 5706 473 5773 traria
500 5705 819 5769 voluntate.

2062 4734 2202 4791 vitia
2232 4732 2381 4807 regit
2403 4730 2494 4790 vel
2525 4736 2782 4806 peccata.
2815 4738 2856 4791 ϐ
2885 4734 3020 4801 Quae
3067 4751 3102 4791 a
3121 4731 3342 4791 dextris
3374 4731 3610 4789 stetisse
3634 4729 3725 4787 di-

2062 4824 2234 4890 citur,
2268 4823 2409 4897 quia
2436 4823 2674 4883 dextera
2701 4841 2840 4898 pars
2868 4829 2958 4882 est
2987 4823 3372 4882 honorabilis.
3395 4824 3617 4880 Aurum
3648 4820 3724 4877 ad

2062 4913 2408 4970 charitatem
2439 4910 2725 4971 debemus
2753 4917 2976 4988 aptare.
3008 4914 3265 4971 Ornatur
3289 4928 3425 4970 vero
3467 4908 3728 4969 Ecclesia

2062 5001 2237 5059 etiam
2280 4999 2579 5071 varietate,
2625 5000 2766 5075 quia
2812 5019 2957 5059 auro
3007 5000 3432 5074 apostolorum,
3483 5002 3726 5072 argento

2064 5089 2507 5166 prephetarum,
2542 5091 2799 5164 gemmis
2823 5088 3146 5165 virginum,
3169 5106 3343 5149 cocco
3372 5092 3725 5162 martyrum,

2064 5198 2327 5254 purpura
2356 5180 2792 5253 pmnitentium.

2064 5270 2133 5327 12
2207 5270 2363 5326 ludi
2385 5270 2507 5341 ﬁlia
2534 5279 2587 5326 et
2615 5266 2759 5337 vide,
2789 5278 2841 5327 et
2869 5268 3083 5327 inclina
3111 5285 3301 5326 aurem
3328 5269 3485 5326 luam
3513 5285 3532 5322 :

2206 5363 2283 5415 Et
2311 5360 2630 5417 obliviscere
2644 5361 2913 5432 populum
2937 5368 3090 5418 tuam
3107 5368 3161 5417 et
3182 5359 3401 5416 domum
3418 5357 3722 5432 patristui.

2136 5451 2176 5503 C
2196 5447 2349 5504 Dicit
2374 5446 2761 5516 audi,scilicet
2785 5448 3106 5523 prophetas
3122 5449 3227 5521 qui
3263 5445 3723 5504 incarnationem

2067 5536 2295 5594 Domini
2326 5536 2682 5593 cecinerunt.
2716 5535 2863 5595 Filia
2891 5538 3313 5612 prophetarum
3338 5539 3428 5593 est
3463 5532 3721 5615 Ecclesia

2066 5626 2240 5695 dicta,
2274 5624 2415 5699 quia
2460 5642 2663 5684 eorum
2712 5626 3229 5700 praedicationibus
3273 5629 3414 5686 nata
3441 5627 3549 5682 est.
3584 5624 3627 5681 Η
3658 5622 3729 5679 Et

2063 5714 2215 5785 vide,
2249 5714 2418 5772 oculo
2448 5713 2661 5773 cordis.
2695 5718 2735 5771 C
2764 5715 2982 5775 inclina
3028 5732 3254 5784 aurem,
3286 5715 3345 5772 id
3394 5716 3507 5782 est,
3536 5712 3729 5770 hono-
