3910 6402
90 447 212 512 54!"
667 443 1000 510 PROLEG.
1032 477 1111 504 υ-
1140 444 1513 509 HISTORIA
1557 443 1852 508 MORTIS
1897 443 2310 507 ETIMmAC.
2358 446 2422 506 S.
2470 443 2751 508 LEONIS
2796 443 2903 508 IX.

3364 449 3498 511 542·

91 581 278 657 c-rymis
303 580 416 639 illa
449 579 704 650 dicente,
737 583 790 636 et
821 579 1046 637 ceteris
1067 580 1426 653 quiaderant
1446 596 1566 637 una
1585 595 1721 635 cum
1750 583 1808 650 Α
1835 577 2065 652 pliciter
2089 579 2241 650 quod
2277 578 2441 652 prius
2471 578 2795 635 abstulerat
2815 577 2904 636 ei:
2938 582 2994 636 et
3025 595 3230 639 omnes
3250 581 3352 654 qui
3374 581 3483 639 hoc

91 673 191 729 viro
219 671 311 727 illo
343 669 630 744 simplice
660 687 762 743 pro
806 686 874 725 ea
920 669 1250 738 orantibus,
1291 669 1477 736 affuit,
1527 668 1726 725 divina
1832 669 2103 724 viderunt
2133 673 2189 724 et
2219 669 2535 725 audierunt
2590 669 3015 726 benedixeruut
3066 670 3252 726 Deum
3313 675 3371 727 et
3420 673 3479 728 S.

91 760 374 819 clementia
402 765 466 815 et
499 759 806 815 mulierem
839 758 1004 814 illam
1025 777 1060 814 a
1084 763 1244 832 peste
1264 758 1559 824 liberavit;
1593 774 1725 829 quae

88 851 368 907 sanitatem
381 849 464 905 ad
478 847 723 922 plenum
748 847 1055 920 recipiens,
1081 847 1341 904 deditilli
1362 846 1587 902 homini
1622 845 1726 901 tri-

1837 759 2087 813 Leonem
2124 757 2415 813 famulum
2447 757 2600 829 ejus.

774 1040 1406 1154 MlltACULA
1479 1039 2150 1153 BENEVBNTI
2245 1041 2788 1157 PA’l‘llATA

88 1251 272 1322 partim
294 1264 360 1304 ea:
380 1249 483 1304 Ms.
521 1251 900 1304 Beneventano
932 1265 966 1303 a
994 1247 1337 1304 Ferdz'nando
1371 1247 1594 1315 Ughello
1627 1247 1686 1301 in
1711 1247 1972 1372 θρίδίέορὶδ
2005 1248 2397 1302 Beneventanis
2424 1249 2589 1314 edita,
2643 1254 2850 1322 partim
2879 1271 2953 1310 ea:
3008 1257 3101 1312 Ms.
3163 1258 3486 1317 Strozzsz'ano

1673 1333 1831 1372 accep
1855 1335 1911 1372 α.

1673 1333 1911 1389 accepta.

1111 1505 1846 1594 PR/EMONI'PIO
1905 1506 2470 1594 UGHELLI.

145 1685 222 1764 g7.
245 1684 366 1764 Non
383 1683 1559 1764 praeterendum_q_uod,Kalde_ricop_01')
1583 1683 1728 1737 Pras-

92 1755 217 1822 sule,
253 1757 323 1811 ad
352 1753 580 1811 caelum
605 1753 994 1810 evolavit—Leo
1025 1755 1091 1810 1X
1114 1756 1375 1810 Pontifex
1397 1753 1724 1810 Maximus:

95 1829 169 1883 cui
197 1833 321 1899 post
349 1828 618 1893 obitum,
653 1843 784 1881 cum
821 1827 1022 1882 multis
1049 1827 1361 1881 elaruisset
1405 1825 1726 1892 miraculis,

91 1899 514 1955 Beneventanus
536 1899 798 1970 populus
830 1900 1202 1953 sanctissimo
1234 1899 1377 1960 viro,
1410 1903 1467 1952 et
1497 1899 1728 1970 deeius

91 1971 291 2026 civitate
312 1971 420 2040 (9'2)
455 1955 866 2033 be‘ne‘merito,
892 1971 1019 2036 ejus
1042 1970 1278 2024 nomine
1301 1955 1454 2023 intra
1476 1955 1730 2024 civitatis
1750 1955 1776 1978 ⁸

93 2042 280 2097 mcenia
306 2041 628 2097 ecclesiam
671 2040 1054 2106 aedificarunt,
1085 2047 1139 2094 et
1169 2040 1434 2111 quolibet
1454 2056 1604 2094 anno
1641 2057 1729 2094 so-

96 2114 248 2169 lemni
267 2114 380 2169 ritu
414 2129 488 2168 ac
533 2113 692 2167 fastu
726 2127 853 2183 eum
887 2111 1136 2166 incolere
1168 2116 1492 2183 coeperunt:
1558 2113 1726 2182 cujus

95 2190 139 2239 et
161 2201 327 2241 causa
353 2185 403 2254 ej
418 2182 957 2256 usdempmiracula
977 2183 1199 2256 aliquot
1219 2182 1292 2256 in
1329 2185 1728 2256 Beneventana

93 2257 293 2329 regione
322 2253 761 2313 meritis'illius
795 2260 1020 2326 patrata
1060 2253 1266 2310 litteris
1289 2254 1618 2326 consignari
1646 2254 1726 2308 fe-

1841 1688 2064 1759 cerunt.
2099 1685 2490 1759 Quiecumin
2551 1688 2967 1759 antiquissimo
3025 1695 3223 1751 codice
3279 1696 3488 1755 litteris

1842 1756 2295 1826 Longobardicis
2325 1762 2560 1812 exarata
2589 1757 2647 1813 in
2681 1756 3035 1818 bibliotheca
3085 1766 3490 1826 Beneventana

1839 1825 2160 1914 invenisset
2189 1833 2389 1910 noster
2418 1828 2784 1914 gmlestin‘us,
2842 1833 3092 1914 ﬁdeliter
3120 1825 3486 1914 conscripsit,

1843 1898 2108 1980 mihique
2139 1899 2468 1980 transmisit
2495 1919 2520 1980 :_
2541 1907 2603 1980 ut
2635 1903 2704 1956 ad
2730 1906 3062 1980 augendam
3087 1898 3368 1980 pietateni
3387 1898 3497 1968 hoc

1843 1969 1902 2041 in
1934 1967 2057 2024 Ιοσο
2089 1969 2404 2041 lectoribus
2436 1967 2864 2028 exhiberemus.
2901 1979 3064 2041 Quod
3087 1967 3362 2039 Ilibenter
3389 1967 3498 2040 lie-7-

1843 2040 2196 2124 simum-cum
2229 2040 2288 2094 in
2322 2041 2394 2124 iis
2425 2041 2632 2124 aliqua
2653 2040 3222 2124 contineanturquee
3246 2055 3317 2110 ab
3340 2055 3493 2123 aliis,

1842 2113 1947 2183 qui
1981 2113 2173 2166 Vitam
2205 2113 2565 2168 sanctissimi
2599 2118 2900 2174 Pontificis
2932 2113 3144 2178 litteris
3176 2113 3498 2183 demands-'-

1845 2186 1983 2263 runt
2013 2183 2236 2263 omissa
2268 2183 2504 2240 fuerint.
2540 2191 2758 2243 Auctor
2785 2205 3114 2263 anonymus
3145 2200 3237 2252 est
3265 2201 3322 2254 et
3353 2200 3494 2256 Leo-

1843 2254 1934 2310 nis
1961 2253 2350 2326 synchronus.

1049 2439 1588 2533 HISTORIA
1649 2441 2541 2532 MIRACULORUM.

133 2603 226 2694 ¹28.
251 2640 444 2712 Longe
461 2636 779 2710 divulgata
799 2635 955 2691 fama
973 2635 1388 2691 miraculorum
1407 2636 1729 2691 beatissimi
1761 2642 1809 2707 Β
1843 2636 1976 2692 tulit
2008 2636 2194 2692 filium
2226 2639 2351 2708 ejus
2383 2641 2791 2710 puerulum,et
2822 2644 3021 2718 fugam
3041 2650 3306 2722 arripuit.
3330 2655 3492 2718 Quod

96 2727 294 2795 Leonis,
329 2727 655 2783 Beneventi
691 2730 879 2797 ccepta
909 2730 999 2780 est
1029 2724 1302 2780 aediﬁcari
1337 2725 1408 2780 ad
1444 2727 1572 2796 ejus
1631 2725 1734 2780 ho-

97 2833 268 2874 norem
299 2817 594 2873 ecclesia:
629 2819 715 2881 ut,
751 2831 930 2886 quem
947 2814 1329 2870 Beneventani
1361 2814 1513 2870 cives
1539 2815 1734 2869 vivum

98 2905 486 2962 aNormannis
521 2920 766 2960 carcere
823 2903 1129 2958 detentum
1186 2906 1554 2974 aspexerant,
1608 2904 1736 2973 jam

102 2999 371 3050 mortuum
404 3000 463 3052 et
495 2993 720 3066 spatiis
751 2991 1080 3046 ccelestibus
1113 2992 1506 3062 perfruentem
1566 3009 1734 3048 vene-

97 3089 353 3139 rarentur.
388 3085 635 3140 Interea
657 3081 994 3152 accidit(93)
1029 3084 1095 3134 ut
1111 3080 1384 3136 Nicolaus
1407 3081 1644 3152 quidam
1668 3082 1740 3135 de

99 3170 314 3229 Castalio
346 3171 708 3229 Molliniana
732 3174 790 3225 et
844 3169 1137 3225 Berardus
1168 3170 1239 3224 de
1295 3169 1418 3225 loco
1471 3171 1733 3237 Carrara,

98 3277 318 3331 quorum
369 3262 528 3318 alter
593 3258 825 3331 perdito
866 3258 1128 3314 brachio
1163 3258 1420 3324 dextero,
1470 3259 1739 3314 retractis

98 3350 385 3420 poplitibus
409 3355 470 3407 et
503 3349 750 3413 nervis;
807 3345 956 3402 alter
991 3364 1123 3402 vero
1177 3348 1364 3419 frigus
1421 3351 1477 3402 et
1529 3348 1738 3402 febrim

97 3453 254 3512 usque
283 3441 353 3496 ad
385 3437 801 3513 dysenteriam
834 3453 1076 3507 passus;
1109 3453 1243 3491 cum
1273 3440 1521 3508 uterque
1552 3453 1613 3492 se
1639 3437 1740 3491 de-

101 3525 224 3582 ferre
252 3529 536 3584 fecissent
560 3527 640 3581 ad
674 3525 1019 3598 praedictam
1052 3524 1380 3590 ecclesiam,
1415 3542 1541 3596 qua:
1602 3542 1739 3580 con-

99 3616 412 3673 struebatur
450 3614 803 3681 Beneventi,
824 3613 978 3669 illico
1005 3613 1508 3684 omniumjudicio
1534 3614 1740 3684 despe-

100 3707 255 3759 ratam
285 3707 731 3778 recuperarunt
753 3701 1089 3757 sanitatem.

155 3795 230 3848 29.
256 3794 542 3851 Rusticus
558 3793 812 3865 quidam
828 3807 898 3845 ex
914 3789 1128 3862 oppido
1142 3790 1335 3845 Ordon
1345 3807 1441 3845 um
1470 3791 1743 3861 (9-i),cum

103 3882 849 3940 aunualitervotivefestum
865 3883 926 3934 B.
957 3879 1159 3952 Leonis
1175 3878 1479 3946 excoleret,
1503 3879 1748 3949 contigit

103 3971 156 4022 ut
179 3986 285 4041 pr
311 3973 504 4028 nimia
537 3969 934 4044 oppressione
959 3966 1226 4023 laborum
1285 3983 1431 4039 quos
1489 3967 1546 4021 in
1605 3984 1743 4039 agro

102 4060 328 4131 gerebat,
363 4063 459 4117 die
490 4057 842 4123 Dominica,
871 4056 1104 4128 quando
1135 4056 1281 4112 festa
1316 4057 1745 4112 annuntiantur

105 4148 312 4218 populo,
344 4150 608 4206 minime
641 4145 954 4202 ecclesiam
985 4145 1226 4200 adierat.
1250 4145 1386 4200 Erat
1406 4151 1600 4200 autem
1620 4145 1744 4201 dies

106 4233 261 4292 festus
279 4239 344 4295 S.
385 4239 612 4295 Leonis
646 4237 707 4291 in
727 4235 937 4307 quinta
965 4232 1109 4289 feria
1137 4233 1400 4304 sequenti
1425 4235 1557 4305 (95),
1590 4235 1745 4306 quod

105 4325 348 4391 praedicto
375 4327 614 4384 rustico
649 4328 778 4380 erat
809 4321 1193 4394 incognitum.
1225 4321 1326 4377 Ille
1356 4321 1554 4394 itaque
1578 4323 1744 4379 valde

104 4425 258 4468 mane
277 4431 557 4488 surgens,
597 4411 868 4483 sumpsit
905 4427 1104 4466 secum
1164 4427 1348 4465 unum
1408 4411 1741 4482 puerulum,

104 4513 254 4569 quem
269 4503 461 4559 ﬁlium
497 4503 760 4558 unicum
783 4499 1054 4567 habebat,
1071 4503 1148 4554 'et
1174 4515 1437 4554 securem
1471 4504 1749 4555 rastrum-

105 4591 570 4656 que'iossorium.
609 4591 751 4646 Mox
775 4592 843 4644 ut
872 4587 1155 4660 applicuit
1182 4605 1296 4642 suo
1326 4604 1488 4660 agro,
1523 4588 1748 4644 dimisit

105 4679 416 4744 praedictum
450 4679 792 4754 puerulum
825 4694 1000 4733 suum
1024 4679 1098 4732 ad‘
1127 4677 1456 4732 sarcinam:
1491 4677 1586 4732 ille
1608 4695 1740 4735 vero

106 4761 272 4823 fodere
302 4771 476 4826 anxie
507 4768 720 4842 coepit.
754 4767 834 4845 Ex
866 4765 979 4821 alia
1019 4771 1180 4838 parte
1211 4765 1385 4838 lupus
1407 4781 1515 4842 ore
1545 4769 1744 4839 aperto

157 4923 804 5050 égl'Walder-z’cusinitio
824 4924 964 4986 Julii
987 4937 1140 5012 anno
1166 4927 1304 5008 1053
1325 4926 1379 4982 in
1405 4926 1745 5050 episcopum

194 5038 205 5050 .
236 4998 417 5050 Leone
453 5002 623 5050 Pana.
658 5001 1038 5050 consecratur
1067 4998 1221 5050 apud
1257 4997 1435 5050 Uahel
1466 5016 1564 5050 um
1591 5017 1602 5050 ε
1646 5017 1745 5050 mn

157 4943 804 5050 ési'ﬂataerwusmmo
824 4943 964 4986 dum
987 4943 1140 4983 anno
1166 4943 1304 4984 was
1325 4943 1379 4982 In
1405 4943 1745 5052 episcopum

104 4998 417 5073 a__._L_eone
453 5002 623 5073 Papa
658 5001 1038 5073 consecratur
1067 4998 1221 5073 apud
1257 4997 1436 5069 Ughel
1466 5016 1602 5067 um;
1646 5001 1748 5071 qui

48 5079 50 5088 λ
105 5064 245 5142 addit
272 5064 570 5128 illustrem
603 5068 839 5142 bullam
871 5072 1017 5142 tunc
1039 5064 1750 5142 eihonccs'sampro’con-

106 5134 403 5212 ﬁrmatione
438 5141 854 5212 Ecclesiarum
887 5140 1308 5212 subjectarum.

162 5209 259 5280 (92)
288 5213 424 5270 Sunt
453 5217 559 5287 qui
587 5211 847 5287 scribent
875 5209 1013 5287 cuin
1033 5212 1270 5287 Baronio
1301 5213 1393 5287 ab_
1418 5213 1666 5287 Henrico
1702 5216 1752 5268 II

107 5275 398 5349 Imperatore
422 5275 706 5353 P'o-nti/icz'
738 5284 904 5344 Leoni
930 5282 1001 5336 IX
1044 5284 1284 5340 Romano
1341 5284 1586 5338 oblatum
1642 5286 1747 5338 Bc-

109 5363 369 5423 rgcve-ntum
397 5363 456 5413 ut
487 5371 698 5413 annua
730 5354 919 5422 pensio
947 5353 1018 5407 ab
1073 5354 1315 5408 Ecclesia
1361 5355 1748 5423 Bambergensz'

110 5417 333 5483 Romana?
361 5430 637 5483 Ecclesia:
683 5417 858 5496 pendi
893 5424 1076 5496 -ςοιὶζα
1106 5440 1164 5496 eo
1223 5426 1440 5496 ratione
1494 5417 1746 5495 coinpen-

107 5503 309 5571 sarctur.
328 5501 425 5556 ita
459 5493 859 5571 Ughell'usin
893 5493 1232 5571 Przefatioue
1256 5496 1326 5571 de
1349 5493 1750 5571 Benpveptapa

107 5570 410 5644 metropoli,
437 5565 560 5644 qua
593 5570 670 5624 de
709 5582 772 5621 re
804 5567 864 5620 et
897 5579 996 5637 nos
1029 5565 1255 5638 egimus
1312 5567 1408 5621 hic
1465 5567 1522 5621 in
1558 5567 1747 5624 Prole-

45 5677 58 5706 ,
107 5645 242 5702 gom.
270 5657 322 5695 n.
351 5643 443 5698 23.

164 5706 260 5778 (93)
293 5713 564 5772 Refertur
594 5711 792 5768 etiam
819 5705 930 5761 hoc
955 5706 1170 5778 duplex
1190 5708 1613 5765 miraculumin
1638 5710 1744 5764 Ms.

1847 2725 2078 2798 alonge
2108 2743 2351 2782 cernens
2383 2733 2566 2800 pater,
2600 2747 2831 2788 currere
2863 2740 2996 2805 post
3023 2737 3230 2808 lupum
3301 2742 3495 2813 cmpit,

1846 2813 1968 2869 haec
1997 2813 2341 2870 clamitans:
2377 2815 2420 2870 Ο
2453 2817 2662 2874 Sancte
2696 2819 2830 2885 Leo,
2862 2822 3112 2880 Patrone
3145 2826 3246 2894 mi,
3283 2831 3498 2901 adjuvu

1854 2919 1948 2958 me
1979 2919 2138 2958 nunc
2168 2903 2227 2958 in
2259 2905 2552 2976 prmsenti,
2579 2911 2636 2962 et
2667 2910 2843 2965 redde
2873 2912 3018 2968 mihi
3045 2915 3284 2972 unicum
3309 2917 3494 2975 ﬁlium

1849 3009 2067 3048 meum.
2102 2995 2234 3057 Quae
2267 2993 2358 3048 vix
2388 2993 2620 3052 locutus
2670 2998 2882 3068 fuerat,
2944 3018 3078 3057 cum
3137 3021 3270 3061 ecce
3320 3007 3499 3081 lupus

1848 3080 2073 3137 dimisit
2097 3098 2342 3153 puerum
2375 3082 2456 3138 ita
2486 3083 2762 3158 illzesum,
2797 3093 2863 3144 ut
2889 3089 2948 3145 in
2978 3092 3342 3152 vestimentis
3393 3080 3502 3155 nec

1849 3170 2164 3242 vestigium
2197 3171 2435 3244 quidem
2467 3181 2775 3247 appareret
2806 3179 3070 3237 dentium
3116 3181 3262 3255 lupi,
3323 3187 3382 3242 in
3434 3202 3505 3243 ea

1853 3262 2019 3331 parte
2052 3276 2169 3331 qua
2200 3278 2333 3316 cum
2367 3262 2543 3329 lupus
2574 3265 2920 3338 arripuerat.
2955 3269 3243 3328 Reversus
3304 3275 3501 3346 itaque

1852 3347 2108 3404 rusticus
2131 3348 2201 3403 ad
2221 3349 2653 3421 oppidum,hmc
2675 3353 2874 3410 omnia
2896 3359 3152 3413 narravit
3177 3377 3189 3414 :
3215 3361 3499 3418 sentiens

1852 3451 1965 3508 que
1996 3453 2123 3492 eam
2155 3437 2344 3509 ipsam
2367 3437 2522 3494 diem
2555 3457 2684 3497 esse
2715 3444 3171 3502 anniversariam
3193 3448 3252 3504 in
3276 3466 3499 3507 memo-

1854 3526 2001 3580 riam
2029 3525 2091 3579 B.
2124 3527 2352 3594 Leonis,
2387 3544 2530 3583 novo
2562 3546 2624 3584 se
2681 3531 2993 3588 adstrinxit
3052 3541 3185 3592 voto
3241 3539 3315 3594 ad
3370 3556 3500 3595 eam

1854 3615 2170 3687 quotannis
2201 3614 2543 3672 solemniter
2571 3619 3258 3696 custodiendam.:‘icque
3279 3627 3498 3684 nedum

1855 3704 2184 3768 Beneventi,
2219 3704 2319 3759 sed
2356 3721 2457 3776 por
2487 3710 2667 3763 totam
2697 3707 2918 3782 Apuliae
2951 3729 3141 3781 oram,
3190 3714 3500 3772 celeberri-

1855 3809 2019 3847 mum
2051 3793 2236 3848 evasit
2257 3793 2465 3850 Leonis
2498 3812 2740 3852 nomen:
2776 3799 2892 3854 Deo
2919 3800 3004 3855 sic
3035 3801 3382 3874 disponente
3439 3811 3504 3861 ut

1855 3880 1987 3937 isin
2020 3880 2238 3936 eisdem
2271 3881 2415 3936 locis
2473 3883 2534 3938 in
2585 3886 2800 3955 quibus
2858 3889 3060 3959 paucis
3114 3897 3250 3946 ante
3307 3893 3500 3960 annis,

1858 3970 2162 4042 pronigato
2190 3971 2318 4041 ejus
2348 3975 2404 4027 et
2426 3971 2690 4029 Ecclesia
2747 3976 3022 4044 exercitu,
3062 3979 3187 4050 ipse
3236 3982 3500 4052 captivus

1857 4060 2126 4114 detentus
2141 4059 3070 4138 fuerat,postmodum,ingruente
3086 4067 3501 4127 miraculorum

1855 4148 1983 4217 ejus
2010 4147 2186 4215 fama,
2216 4147 2392 4203 iidem
2427 4150 2526 4220 qui
2579 4152 2860 4208 adversus
2912 4171 3047 4211 eum
3102 4160 3386 4215 steterant
3443 4161 3501 4216 in

1856 4235 2076 4308 praelia,
2111 4235 2406 4308 supplices
2437 4222 2920 4298 et'venerabundi
2970 4245 3099 4316 ejus
3157 4249 3502 4306 memoriam

1855 4323 2202 4393 excolerent,
2221 4329 2278 4380 et
2309 4326 2495 4398 magis
2523 4345 2587 4383 ac
2630 4330 2819 4400 magis
2851 4348 2989 4405 erga
3012 4340 3274 4390 sanctam
3308 4337 3503 4394 Eccle-

1854 4413 2002 4468 siam
2032 4413 2232 4469 fideles
2262 4430 2324 4469 se
2363 4420 2728 4485 prmstarent,
2762 4420 2836 4474 ad
2866 4420 3100 4478 laudem
3159 4431 3214 4478 et
3243 4425 3492 4497 gloriam

1855 4501 2274 4573 omnipotentis
2307 4503 2426 4571 Dei,
2457 4505 2628 4575 cujus
2668 4523 2880 4563 nomen
2914 4525 3016 4581 per
3044 4518 3256 4567 cuncta
3287 4505 3501 4569 saecula

1857 4591 1942 4646 sic
1971 4590 2365 4646 benedictum.
2402 4594 2602 4648 Amen.
2637 4595 2772 4666 (96).

1927 4680 2016 4734 30.
2051 4680 2178 4734 Haec
2213 4685 2351 4735 sunt
2386 4681 2668 4739 miracula
2708 4701 2834 4756 que
2865 4686 3020 4742 Deus
3045 4689 3166 4744 fieri
3197 4689 3380 4747 voluit
3400 4707 3504 4764 per

1854 4768 2264 4825 beatissimum
2293 4772 2539 4826 Leonem
2571 4772 2858 4830 famulum
2899 4777 3027 4848 ejus
3060 4777 3119 4833 in
3153 4783 3498 4838 Benevento.

1856 4929 2211 5009 S_trozzjano,
2245 4929 2480 5009 etprius
2503 4933 2810 5009 castellum
2833 4937 3048 4993 dicitur
3069 4939 3274 5009 Marco,
3293 4958 3503 4999 secun-
3527 4943 3530 4945 ’

1857 5002 2013 5083 dum.
2031 5000 2198 5055 Carre
2217 5001 2533 5083 :“vide‘ntur
2548 5004 3132 5083 juxta_I_3eneventum
3155 5000 3507 5083 requirenda

1858 5072 1979 5148 haec
2001 5071 2153 5127 loca:
2189 5071 2334 5148 alias
2368 5071 2607 5130 Carrafa
2635 5081 2692 5131 et
2721 5079 3054 5148 Modz'g’lzana
3101 5083 3172 5138 ad
3224 5071 3503 5142 Hetruriaa

1858 5144 2062 5197 ducem
2098 5143 2408 5198 pertinent.

1929 5214 2388 5294 (91)“l’orsitam
2423 5218 2636 5294 Ortona
2659 5236 2786 5294 quae
2831 5221 3045 5293 duplex
3074 5227 3195 5280 est:
3220 5226 3404 5282 altera
3433 5228 3503 5282 ad

1858 5301 2013 5359 mare
2040 5286 2197 5359 dicta
2229 5286 2284 5338 in
2319 5288 2560 5358 Aprutio
2590 5286 2880 5359 citeriore;
2914 5286 3097 5350 altera
3127 5295 3184 5350 in
3233 5296 3502 5353 ulteriore

1858 5356 2010 5410 dicta
2033 5358 2361 5411 Marsorum.

1927 5428 2042 5496 (92)
2075 5434 2240 5481 Anno
2261 5429 2453 5483 forsan
2483 5430 2612 5486 1061
2651 5431 2842 5489 littera
2873 5435 3212 5490 Dominicali
3235 5436 3302 5497 G,
3336 5442 3390 5489 et
3415 5436 3499 5489 sic

1860 5497 2135 5578 ultimum
2171 5497 2304 5578 hoc_
2337 5499 2686 5578 miraculum
2745 5511 2877 5576 post
2929 5506 3059 5578 alia,
3113 5521 3242 5559 mox
3288 5520 3356 5557 ex
3388 5505 3495 5567 Ms.

1857 5571 2186 5646 Stroenjano
2217 5571 2603 5646 subjicienda,
2639 5571 2928 5646 patratum
2960 5577 3126 5631 foret.

1893 5709 1904 5720 ο
1930 5639 2342 5721 (96)Hacten_us
2369 5659 2436 5697 ex
2459 5643 2564 5699 Ms.
2590 5639 2988 5702 Beneventano
3015 5657 3187 5698 :nunc
3209 5656 3275 5694 ex
3301 5639 3494 5694 Stroz-

1856 5713 2024 5766 ziano
2046 5713 2325 5782 predicto.
