3880 6346
61 443 178 505 546

655 441 1078 508 PROLEG.—
1107 443 1471 506 HISTORIA
1507 444 1807 508 MOR'I‘IS
1852 442 1955 506 ΕΤ
1997 443 2268 505 MIRAC.
2316 446 2380 506 S.
2427 445 2706 506 LEONIS
2747 445 2853 507 IX.

3317 452 3448 512 ’546

67 577 231 635 ambo
257 576 465 632 eodem
496 575 589 633 die
619 582 919 650 cmperunt
946 578 1140 634 videre
1169 579 1254 634 sic
1286 583 1348 633 ut
1393 595 1694 650 nunquam
1729 581 1781 645 Α
1810 577 1953 632 Vere
1987 577 2116 648 pius
2148 577 2429 634 Dominus
2450 582 2710 650 petentes
2739 594 2802 634 se
2824 587 3128 649 nunquam
3156 580 3454 652 repellitet

65 665 306 723 melius:
340 664 439 721 illa
469 670 662 722 autem
696 683 822 738 quas
865 683 931 722 ex
991 667 1282 738 MonOpoli
1335 672 1482 733 erat,
1517 684 1698 722 unum

67 757 418 812 latustutum
438 755 660 810 habens
677 755 1272 826 perditum.similiter
1293 760 1604 811 consecuta
1617 760 1704 811 est

65 844 367 901 sanitatem
390 860 493 915 per
516 845 722 899 merita
745 845 805 898 B.
830 845 1034 900 Leonis
1056 845 1334 916 Papze.Ad
1355 846 1509 916 quod
1538 861 1702 916 spec-

67 933 472 989 taculum-tota
502 932 704 988 civitas
737 933 1100 987 Beneventus
1132 932 1431 998 conﬂuxit,
1461 933 1702 988 horum-

67 1038 176 1095 que
191 1020 368 1076 trium
392 1020 810 1076 miraculorum
835 1021 1000 1078 testis
1021 1021 1260 1090 exstitit,
1296 1021 1436 1076 dum
1473 1021 1531 1076 in
1576 1022 1701 1077 lau-

67 1114 194 1167 dem
221 1110 322 1166 Dei
355 1110 602 1182 hymnos
629 1117 686 1165 et
715 1111 1035 1184 gratiarum
1068 1110 1324 1166 actiones
1373 1109 1507 1164 altis
1558 1111 1706 1166 voci-

69 1203 174 1256 bus
206 1198 526 1271 personuit.

133 1288 516 1352 34.'Qua2dam
541 1287 773 1352 mulier,
797 1288 866 1342 de
890 1288 1103 1342 finibus
1136 1288 1464 1353 Beneventi,
1483 1287 1703 1342 habens

73 1379 295 1433 unicam
317 1377 520 1443 tiliam,
545 1395 673 1448 qua:
704 1377 775 1431 ab
806 1376 1053 1432 infantia
1084 1393 1362 1432 manuum
1396 1381 1451 1431 ct
1491 1377 1704 1448 pedum

70 1467 252 1523 ofﬁcio
274 1483 479 1521 carens
502 1466 662 1521 nullo
680 1466 1188 1530 modo,contractis
1203 1466 1475 1521 omnibus
1491 1465 1702 1532 nervis,

69 1555 150 1611 vel
172 1554 473 1610 ambulare
496 1559 719 1626 poterat
742 1554 828 1608 vel
851 1571 999 1627 opus
1031 1554 1300 1610 manibus
1324 1553 1568 1626 operari:
1585 1553 1706 1606 haec

72 1661 196 1700 cum
229 1643 493 1698 audisset
523 1644 738 1698 tamam
773 1643 1191 1698 miraculorum
1225 1660 1350 1714 quae
1383 1642 1441 1696 in
1473 1641 1710 1713 praefata

70 1731 307 1788 ecclesia
327 1731 596 1787 Christus
620 1749 722 1803 per
742 1747 915 1786 suum
935 1748 1166 1786 servum
1192 1731 1440 1786 Leonem
1467 1729 1711 1785 sanctis-

72 1822 280 1878 simum
303 1821 584 1892 dignatus
607 1826 694 1874 est
715 1820 963 1892 operari,
987 1837 1019 1874 a
1036 1837 1145 1876 sua
1168 1824 1349 1874 matre
1371 1835 1548 1891 super
1568 1817 1710 1873 asel-

71 1907 432 1982 lum‘posita,
467 1910 774 1980 deportata
794 1914 884 1963 est
914 1908 1018 1963 ibi.
1043 1913 1302 1979 Cumque
1335 1925 1436 1980 per
1465 1925 1562 1962 sex
1585 1906 1710 1962 dies

1813 684 1948 721 suos
1982 669 2225 722 Sanctos
2255 668 2529 721 omnibus
2560 667 2848 738 glorificat
2880 667 3088 723 modis.
3138 669 3282 723 Nam
3323 686 3456 727 cum

1811 756 2213 826 prolongasset
2227 756 2297 810 ab
2311 755 2734 826 ecclesiaquasi
2753 756 2959 812 stadiis
2981 757 3459 828 quinque,matre

1813 843 2114 915 paululum
2150 849 2495 916 remorante,
2529 861 2660 898 cum
2694 844 2940 899 asellum
2974 845 3030 899 in
3074 862 3190 916 quo
3221 847 3462 902 sedebat

1811 933 1940 1004 ipsa
1969 931 2135 987 vellet
2159 933 2792 1004 pausare,vehiculum,
2811 935 2966 1005 quod
2991 934 3295 991 brachium
3329 953 3458 992 sus-

1811 1021 2071 1076 tentabat
2090 1038 2222 1076 cum
2257 1039 2430 1076 manu
2465 1023 2612 1092 ejus,
2632 1022 2688 1076 in
2722 1028 2931 1079 terram
2954 1024 3200 1080 cecidit:
3229 1025 3460 1080 statim-

1813 1126 1925 1181 que
1954 1110 2132 1165 oblita
2163 1128 2280 1166 suaa
2311 1111 2688 1170 inﬁrmitatis.
2734 1113 2899 1183 quasi
2951 1130 3131 1168 sanus
3179 1114 3287 1179 vir,
3328 1117 3463 1186 post

1811 1187 2088 1252 baculum
2114 1199 2170 1252 in
2197 1204 2406 1253 terram
2434 1217 2492 1253 se
2515 1200 2758 1262 dedit,ut
2777 1219 2907 1254 eum
2927 1203 3200 1256 autl'erret
3216 1219 3456 1259 rursum

1813 1291 1870 1340 et
1899 1286 2175 1341 resideret
2207 1288 2474 1342 asellum.
2510 1290 2618 1341 Sed
2652 1290 2789 1342 dum
2845 1292 3015 1360 pedes
3064 1292 3189 1361 ejus
3237 1297 3454 1347 terram

1813 1375 2168 1446 tetigissent,
2192 1377 2464 1430 virtutem
2508 1376 2717 1430 Christi
2757 1379 2938 1431 sensit
2970 1396 3142 1450 super
3164 1397 3226 1434 se
3246 1381 3303 1435 in
3327 1385 3454 1435 tan-

1814 1468 1940 1518 tum
1965 1465 2249 1531 evenisse,
2277 1469 2339 1519 ut
2361 1465 2597 1519 veniens
2621 1468 2744 1533 ejus
2769 1466 3012 1534 genitrix
3036 1468 3311 1538 reperiret
3330 1485 3457 1524 eam

1815 1558 1996 1607 totam
2031 1554 2616 1624 sanissimam,juxta
2647 1555 3191 1626 asellumexpedilis
3215 1557 3462 1627 pedibus

1817 1657 1882 1695 ac
1913 1645 2034 1696 toto
2065 1657 2304 1713 corpore
2345 1647 2622 1707 stantem,
2665 1648 2721 1696 et
2770 1659 2903 1697 voce
2960 1643 3118 1698 clara
3169 1646 3463 1700 caelestem

1819 1729 2111 1784 medicum
2144 1729 2598 1786 collaudantem.
2632 1733 2766 1794 Ouze
2802 1749 2931 1786 mox
2963 1733 3034 1787 ad
3060 1732 3371 1789 ecclesiam
3404 1734 3463 1794 S.

1820 1819 2028 1873 Leonis
2050 1819 2328 1890 Papae,cx
2365 1837 2478 1891 qua
2529 1837 2773 1889 egressas
2825 1824 3070 1888 fuerant,
3113 1827 3468 1878 revertentes

1819 1906 2011 1977 palam
2043 1907 2151 1962 sibi
2185 1908 2555 1962 obviantibus
2581 1910 2806 1963 Domini
2830 1910 3330 1966 annuntiaverunt
3350 1905 3465 1966 vir-

71 1958 458 2070 perseveraret
489 1958 705 2052 ibidem
723 1999 948 2067 jacens,
973 2002 1046 2063 et,
1073 1958 1600 2069 plurimisrsanitati
1623 2011 1713 2050 re-
1743 1958 1792 2022 Β
1821 1958 2028 2061 intem,
2056 1996 2250 2067 ibique
2271 1997 2482 2052 Christi
2516 2002 2571 2052 et
2601 2000 2657 2051 S.
2697 1999 2863 2052 Leoni
2897 1999 3118 2068 gratias
3151 2003 3208 2054 et
3256 1998 3462 2055 laudes

75 2088 310 2154 stitutis,
347 2087 477 2158 ipsa
507 2085 650 2141 nihil
684 2086 818 2140 boni
852 2091 1326 2158 consequeretur,
1350 2084 1495 2139 dixit
1546 2084 1715 2139 matri

77 2193 223 2231 sua:
258 2176 468 2239 Mater,
492 2174 771 2246 quoniam
804 2180 1003 2229 nostra
1033 2179 1268 2245 peccata
1289 2173 1497 2228 merita
1519 2172 1712 2227 Sancti

77 2263 636 2339 superant,celeritcr
653 2280 854 2320 eamus
877 2263 1013 2318 hinc
1031 2281 1042 2318 :
1061 2264 1310 2335 indignae
1332 2263 1486 2316 enim
1510 2278 1718 2317 sumus

78 2354 345 2425 consequi
371 2353 680 2408 sanitatem
707 2354 778 2407 ab
799 2352 915 2408 illo.
942 2356 1122 2418 Quam
1153 2369 1286 2406 mox
1309 2352 1434 2420 ejus
1468 2349 1718 2421 genitrix

79 2442 248 2498 asello
271 2442 638 2514 imposuit,et
653 2442 720 2495 ad
737 2441 1028 2513 propriam
1043 2441 1283 2495 domum
1300 2440 1381 2494 ire
1397 2443 1719 2510 cmpcrunt.

1825 2089 2102 2155 egerunt;
2139 2085 2463 2140 admirante
2495 2085 2706 2156 populo
2753 2091 2810 2140 et
2862 2086 3226 2142 collaudante
3272 2088 3461 2159 ipsius

1824 2172 2032 2227 Christi
2057 2175 2303 2244 gratiam
2328 2178 2381 2227 et
2400 2174 2639 2244 gloriam
2665 2180 2720 2228 et
2749 2175 3055 2230 virtutem:
3107 2176 3208 2247 qui
3256 2181 3320 2232 ut
3363 2193 3462 2233 vo-

1829 2261 2174 2328 luerit,suos
2200 2262 2413 2333 ubique
2435 2264 2514 2316 ita
2535 2264 2813 2333 glorilical
2832 2266 3094 2331 Sanctos,
3111 2269 3251 2321 utet
3275 2265 3464 2321 homi-

1828 2367 1968 2402 num
1989 2367 2219 2420 semper
2240 2348 2443 2404 laudes
2463 2351 2736 2422 consequi
2761 2357 3190 2421 mercantur,et
3209 2370 3344 2408 cum
3367 2353 3468 2424 ilio

1828 2439 1952 2492 sine
1983 2439 2096 2493 line
2126 2439 2183 2493 in
2216 2439 2357 2493 cmlo
2387 2438 2539 2494 inter
2565 2439 2815 2511 Angelos
2847 2441 3187 2512 glorientur.
3223 2446 3431 2498 Amen.

1266 2607 1912 2702 MIRACULA
1990 2607 2275 2701 DUO.

810 2783 849 2843 Ᾰ
882 2788 1154 2844 Desiderio
1183 2788 1374 2842 abbate
1403 2787 1704 2855 Cestriensi,
1735 2785 1860 2840 dein
1898 2787 2098 2840 Victore
2123 2803 2266 2857 papa
2296 2788 2394 2853 Ill,
2427 2787 2724 2858 descripta.

140 2935 224 2990 35.
253 2933 395 2988 Post
413 2931 637 2986 obitum
665 2929 984 2988 beatissimi
1003 2929 1294 2985 Pontificis
1309 2929 1514 2983 Leonis
1534 2927 1718 2984 multa

87 3028 136 3076 et
163 3023 378 3094 magna
409 3021 480 3075 ad
530 3020 658 3090 ejus
702 3019 1016 3085 tumulum,
1049 3018 1372 3088 aliisquein
1423 3016 1583 3083 locis,
1620 3032 1718 3087 per

85 3128 206 3166 eum
238 3110 488 3166 Domino
520 3109 809 3163 tribuente
851 3106 1107 3162 claruerc
1153 3106 1450 3162 miracula.
1499 3106 1538 3158 E
1588 3104 1716 3175 qui-

83 3198 184 3254 bus
204 3198 446 3255 omissis
463 3197 706 3262 caeteris,
729 3197 844 3250 duo
862 3200 1088 3250 tantum
1112 3193 1511 3250 mdificationis
1533 3193 1720 3265 gratia

85 3288 442 3353 subnectam,
462 3285 614 3342 sicut
644 3303 677 3339 a
703 3285 972 3340 veridicis
1000 3284 1138 3338 viris
1161 3284 1328 3338 nobis
1362 3283 1538 3338 relata
1557 3286 1715 3336 sunt.

80 3374 662 3447 -Viotor.Papa.(-108),
695 3373 793 3444 qui
828 3373 885 3427 in
937 3371 1226 3444 regimine
1269 3369 1621 3428 Sacerdotali
1667 3370 1717 3425 ei

1826 2929 1993 2997 equis
2039 2929 2316 2997 ascensis,
2351 2945 2528 3000 puero
2582 2930 2640 2984 in
2697 2931 2898 2986 eadem
2959 2931 3205 2987 ecclesia
3258 2930 3461 2998 oblito,

1826 3016 2074 3072 festinus
2104 3018 2254 3072 viam
2287 3034 2414 3089 qua:
2445 3035 2578 3073 eum
2611 3020 2682 3073 ad
2717 3036 2884 3074 suam
2915 3019 3165 3074 ducebat
3195 3020 3465 3091 patriam,

1826 3121 2096 3176 egressus
2116 3106 2264 3162 Urbe
2287 3108 2680 3179 gradiebatur.
2706 3110 2852 3164 Cum
2876 3108 3072 3179 itaque
3103 3107 3469 3180 longiuscule

1828 3194 2019 3250 adhuc
2049 3201 2199 3250 esset
2230 3196 2300 3251 ab
2334 3195 2481 3251 Urbe
2515 3197 2828 3268 profectus,
2862 3202 3096 3268 repente
3145 3197 3195 3252 ei
3240 3198 3298 3251 in
3347 3213 3465 3251 ine-

1829 3283 2074 3339 moriam
2108 3285 2278 3339 rediit
2308 3286 2462 3356 quod
2507 3289 2738 3340 mutum
2762 3302 3007 3357 puerum
3042 3286 3098 3339 in
3130 3284 3377 3340 ecclesia
3410 3285 3471 3342 B.

1825 3371 1979 3426 Petri
2002 3371 2354 3444 reliquisset.
2375 3373 2479 3437 Qui
2500 3390 2634 3428 mox
2647 3373 2929 3438 substitit,
2960 3390 3026 3428 ac
3043 3372 3294 3428 famulos
3307 3389 3469 3442 suos,

87 3463 669 3530 suceeuerat,audita
683 3463 838 3520 fama
851 3460 1427 3530 miraculorumeius,
1444 3460 1595 3530 quod
1620 3475 1722 3530 per
1752 3457 1795 3524 C
1830 3476 1864 3514 a
1885 3460 2099 3531 quibus
2115 3460 3020 3532 puerreducideberet,quosdam
3036 3460 3470 3533 remisit.Igitur

89 3551 518 3611 cuminominus
542 3550 678 3607 talia
699 3550 1237 3622 operaretur,tidem
1262 3565 1374 3604 non
1397 3565 1718 3606 accommo-

87 3641 274 3700 dabat.-
289 3641 414 3700 Sed-
425 3640 799 3713 quia,utaitA
813 3637 1092 3710 postulas,
1115 3660 1141 3688 ‹‹
1160 3637 1391 3709 Linguae
1409 3637 1466 3692 in
1482 3637 1716 3709 signum

91 3734 216 3788 sunt
233 3747 351 3788 non
374 3728 674 3798 fidelibus,
697 3729 797 3783 sed
826 3725 1158 3784 inﬁdelibus
1180 3727 1226 3797 (l
1243 3729 1366 3784 Cor.
1382 3726 1524 3796 xm),
1543 3749 1568 3774 »
1599 3742 1720 3782 om-

89 3816 343 3890 nipotens
375 3817 667 3876 Dominus
693 3815 1086 3888 experimento
1115 3832 1253 3870 eum
1297 3815 1500 3870 docere
1539 3814 1721 3870 voluit

57 3955 62 3959 .
89 3909 440 3976 quaaudita
470 3923 504 3962 a
535 3905 802 3977 pluribus
828 3905 1070 3962 minime
1099 3904 1331 3959 credere
1360 3903 1601 3958 volebat.

150 3996 236 4053 36.
267 3995 576 4056 Curiensis
607 3995 850 4066 quidam
881 3993 1210 4065 episcopus,
1243 3993 1411 4062 cujus
1447 4009 1656 4048 nomen
1691 4009 1721 4048 e

88 4084 606 4154 memoriaexciditt
619 4083 736 4153 109)
749 4099 902 4149 ,cum
913 4099 1092 4154 supra
1110 4085 1435 4136 memorato
1449 4081 1723 4137 Pontiﬁcc

89 4171 299 4232 Victore
321 4172 695 4230 aGcrmania
711 4171 968 4235 veniens,
990 4172 1119 4241 ejus
1142 4170 1196 4224 in
1219 4170 1505 4241 obsequio
1529 4171 1722 4227 Roma)

61 4261 854 4332 .mombatur..liio,puerum
897 4260 970 4317 ab
1015 4265 1178 4314 utero
1235 4258 1441 4314 matris
1492 4264 1722 4316 mutum

92 4347 349 4418 habebat,
385 4366 700 4422 quempro
732 4349 997 4404 mercede
1039 4347 1246 4404 animae
1304 4365 1422 4406 sua:
1479 4365 1723 4420 pascens

77 4453 146 4492 .ac
167 4441 447 4507 vestiens,
483 4455 855 4511 quocumque
888 4437 1028 4504 ibat,
1076 4454 1275 4493 secum
1325 4438 1534 4496 ducere
1589 4455 1724 4494 con-

87 4533 368 4597 sueverat,
400 4528 666 4598 incujus
697 4543 876 4583 vacuo
906 4544 1003 4582 ore
1042 4543 1144 4582 nec
1173 4525 1454 4582 indicium
1487 4528 1724 4598 quidem

91 4613 286 4688 lingua
319 4617 524 4677 inesse
552 4615 876 4672 videbatur.
909 4614 1016 4681 Qui
1057 4615 1232 4670 etiam
1279 4615 1610 4688 episcopus,
1658 4633 1726 4672 ex

89 4703 559 4766 mirabilibusad
594 4705 654 4759 B.
701 4705 907 4762 Leonis
961 4704 1276 4769 tumulum,
1339 4705 1608 4761 similiter
1665 4710 1728 4762 ut

95 4789 250 4889 Papa,
283 4793 663 4889 incredulum
685 4794 978 4889 animum
1017 4793 1290 4889 gerebat.
1349 4793 1494 4889 Cum
1549 4795 1730 4867 igitur
1757 4825 1805 4889 Β

92 4883 328 4949 quadam
361 4883 461 4942 die
494 4883 563 4940 ad
597 4883 796 4939 sedem
829 4882 1328 4954 suiepiscopatus,
1344 4884 1469 4953 jam
1492 4890 1728 4956 accepta

97 4965 330 5039 licentia,
395 4972 611 5029 reverti
663 4971 1037 5039 decrevisset,
1093 4971 1395 5027 ecclesiam
1458 4977 1518 5028 Β.
1582 4974 1729 5028 Petri

95 5061 318 5128 apostoli
354 5061 650 5119 orationis
709 5061 898 5131 gratia
955 5061 1276 5128 ingressus,
1312 5067 1618 5132 postquam
1666 5064 1726 5119 Β.

96 5142 328 5208 Petro-se
352 5149 646 5207 intentius
664 5149 1094 5204 commendavit
1116 5149 1239 5204 suis
1254 5166 1383 5204 cum
1399 5149 1728 5218 clientibus,

99 5355 109 5365 ο
154 5291 292 5362 (108)
326 5293 435 5349 Hic
468 5293 560 5346 est
594 5293 778 5347 Victor
807 5291 873 5365 Il,
925 5293 1344 5365 creatusuqcum
1383 5291 1562 5365 Sedes
1614 5292 1730 5350 fere

98 5359 302 5432 integro
326 5381 486 5420 anno
510 5366 790 5427 vacasset,
819 5361 911 5416 die
942 5361 1009 5416 43
1030 5359 1242 5432 Aprilis
1269 5362 1402 5416 1056
1430 5368 1730 5429 ;mortuus

99 5430 160 5505 98
179 5430 315 5490 Julii
347 5451 511 5491 anno
539 5435 693 5505 1056.
727 5439 802 5488 At
839 5433 986 5490 Sede
1014 5430 1250 5505 vacante
1297 5438 1522 5505 patrata
1565 5441 1731 5492 erant

93 5502 374 5579 miracula.
393 5504 836 5579 supra-relataL
849 5504 1086 5579 quando
1113 5502 1317 5579 aberat
1341 5504 1557 5579 Victor,
1591 5507 1727 5579 Eys-

99 5574 223 5654 hdii
277 5578 335 5635 in
380 5574 717 5640 Germania
773 5574 1121 5651 ,Episcopus
1193 5576 1564 5633 Gebebardus
1623 5574 1730 5634 no-

103 5657 257 5703 mine.

139 5725 144 5735 ‘
159 5719 296 5801 (109)
317 5722 678 5780 Diethmarus
703 5717 924 5779 scilicet
945 5719 1100 5798 apud
1123 5717 1356 5781 Rhetos
1383 5719 1442 5779 in
1483 5718 1728 5797 Alpibus

1822 3547 2741 3620 cumilliapostolorumPrincipis
2755 3547 3057 3605 basilicam
3070 3553 3468 3620 essentegres-

1827 3637 2274 3709 si,conspiciunt
2293 3654 2536 3710 puerum
2554 3642 2687 3694 ante
2709 3636 3002 3693 tumulum
3028 3637 3304 3692 B.Leonis
3317 3643 3472 3694 stan-

1827 3732 1968 3793 tem,
2000 3731 2172 3798 atque
2203 3744 2333 3782 cum
2368 3726 2458 3783 his
2487 3727 2588 3798 qui
2619 3726 3080 3782 circumstabant
3111 3725 3471 3798 loquentem.

1830 3815 1950 3871 Illis
1972 3815 2168 3886 itaque
2195 3815 2570 3881 mirantibus,
2588 3818 2646 3870 et
2666 3814 2914 3886 qualiter
2935 3813 3166 3871 hocsibi
3183 3815 3473 3872 evenisset

1831 3903 2245 3975 quaerentibus,
2323 3921 2466 3976 puer
2521 3905 2746 3976 inquit:
2815 3903 3126 3974 Postquam
3194 3904 3472 3960 dominus

1831 4009 2017 4059 meus,
2052 3992 2159 4048 bac
2179 3992 2240 4047 in
2259 3992 2502 4049 ecclesia
2524 4009 2616 4047 me
2642 3992 2996 4062 relinquens,
3030 3990 3323 4059 discessit,
3355 3991 3472 4048 huc

1832 4082 1903 4137 ad
1933 4081 2266 4152 sepulcrum
2283 4083 2343 4136 B.
2371 4081 2578 4137 Leonis
2602 4097 2694 4136 me
2715 4079 2932 4136 contuli
2961 4097 2974 4148 ;
3009 4080 3053 4134 si
3094 4082 3234 4135 i'orte
3281 4079 3471 4135 omni-

1833 4176 2038 4242 potens
2069 4171 2351 4226 Dominus
2381 4169 2658 4238 cilicium,
2695 4187 2807 4241 quo
2839 4170 3128 4235 carebam,
3164 4169 3320 4224 vocis
3352 4185 3472 4224 me-

1834 4259 1961 4314 ritis
1990 4260 2118 4328 ejus
2153 4259 2294 4313 mihi
2314 4259 2615 4314 restituere
2637 4258 2998 4329 dignaretur.
3024 4257 3137 4312 Nec
3163 4274 3296 4312 sum
3323 4273 3473 4324 meo,

1835 4349 1991 4420 quod
2031 4349 2200 4404 corde
2239 4349 2568 4419 poscebam,
2616 4353 2748 4402 voto
2794 4347 3135 4402 fraudatus:
3192 4348 3290 4401 sed
3343 4363 3476 4402 mox

1837 4442 1899 4492 ut
1923 4441 2054 4491 ante
2084 4438 2214 4507 ejus
2242 4435 2628 4491 venerandam
2653 4435 2996 4490 memoriam
3023 4435 3351 4506 lacrymans
3374 4432 3476 4488 ali-

1836 4525 2186 4598 quantulum
2219 4530 2541 4597 prostratus
2562 4524 2744 4595 jacui,
2778 4523 2932 4579 illico
2965 4527 3193 4594 recepta
3220 4538 3356 4578 voce
3383 4521 3475 4578 lo-

1835 4632 2043 4686 quens,
2077 4619 2142 4669 ut
2173 4614 2283 4685 ipsi
2312 4614 2538 4676 videtis,
2571 4612 2815 4668 surrexi.
2851 4613 2929 4667 Ab
2963 4611 3060 4666 illa
3107 4611 3309 4681 utique
3357 4610 3472 4678 die,

1837 4705 1990 4775 quod
2024 4703 2351 4758 mirabilius
2374 4709 2480 4769 est,
2513 4703 2685 4774 coepit
2717 4703 2772 4756 in
2807 4718 2902 4756 ore
2933 4701 3062 4771 ejus
3093 4699 3313 4772 lingua,
3345 4716 3475 4770 quae

1836 4795 2119 4861 defuerat,
2145 4791 2427 4863 paulatim
2446 4807 2723 4859 crescere,
2745 4791 2822 4845 ita
2843 4796 2904 4844 ut
2927 4791 3078 4844 intra
3103 4805 3318 4860 paucos
3351 4787 3478 4844 dies

1838 4883 2006 4955 pleno
2029 4898 2126 4937 ore
2157 4880 2417 4951 linguam
2450 4883 2698 4952 perfecte
2729 4879 3043 4951 reciperet;
3070 4883 3127 4934 et
3150 4878 3324 4933 verba
3354 4877 3482 4932 sine

1838 4971 2256 5042 impedimento
2271 4969 2941 5040 sonaret.(110)l)enique
2957 4967 3056 5039 qui
3071 4966 3238 5022 missi
3252 4967 3484 5022 fuerant

1837 5064 2183 5116 curaverunt
2206 5075 2450 5130 puerum
2475 5059 2543 5112 ad
2592 5058 2939 5129 Episcopum
2969 5058 3202 5124 ducere,
3226 5060 3282 5110 et
3307 5072 3482 5126 quem

1839 5156 2124 5206 tacentem
2178 5147 2510 5218 reliquerat,
2585 5148 2647 5202 B.
2727 5147 2936 5202 Leonis
3023 5146 3482 5218 suifragantibus

1838 5290 2199 5348 Germanicis
2231 5306 2381 5344 anno
2406 5289 2544 5343 1040
2573 5294 2801 5343 creatus
2836 5288 3178 5359 Episcopus,
3215 5291 3479 5359 mortuus

1839 5365 1998 5430 4070,
2023 5367 2330 5427 cum,teste
2363 5356 3477 5436 Bruschio.[audab—iliter—etﬁutili’ssime

1839 5426 2077 5507 triginta
2099 5426 2283 5507 annos
2306 5433 2653 5507 praefuisset.
2672 5432 2920 5507 consule
2937 5432 3108 5486 etiam
3133 5426 3475 5507 guilliman-

1839 5494 1981 5562 nui'n
2004 5506 2188 5560 lih.IV
2210 5507 2281 5560 de
2308 5494 2488 5558 rebus
2527 5503 3113 5572 Helveticorummap.
3134 5499 3264 5572 2,_et
3295 5494 3468 5554 alios.

1909 5578 2058 5649 (110)
2089 5576 2243 5633 ldcm
2304 5574 2653 5649 miraculum
2711 5578 2977 5649 narratur
3021 5566 3136 5626 a'S.
3172 5566 3465 5642 Brunone,

1837 5644 2139 5725 acceptum
2175 5649 2246 5706 ab
2278 5647 2560 5730 Episcopo
2590 5644 2911 5706 Portuensi.
