3898 6346
455 422 572 484 547

1821 417 1886 474 S.
1932 414 2082 474 LEO

2249 409 2478 472 PAPA.
3001 439 3004 442 -
3203 435 3208 440 ·
3733 403 3820 465 518

459 553 683 610 meritis
713 552 766 608 ei
797 551 1136 623 loquentem
1185 549 1502 606 adducunt.
1553 552 1872 619 Regressus
1922 545 2096 616 igitur
2121 545 2176 613 Α
2207 561 2301 600 ore
2333 542 2614 616 sacrilego
2673 541 2974 597 deridebat
3030 545 3088 595 et
3151 536 3640 610 blasphemabat.
3711 537 3815 591 Cum

459 644 770 715 episcopus
827 641 1154 696 Romanum
1207 637 1542 694 Pcntiﬁeem
1597 636 1773 692 adiit:
1827 639 1884 690 et
1940 635 2093 704 quod

459 731 826 802 omnipotens
849 729 1132 784 Dominus
1165 743 1268 800 per
1286 727 1348 782 B.
1370 728 1617 782 Leonem
1648 724 1873 796 operari
1897 723 2095 794 digna-

459 825 555 875 tus
583 819 809 886 fuisset,
841 817 1114 873 ostendit.
1148 816 1226 870 Ex
1271 819 1408 870 tunc
1459 816 1758 885 coeperunt
1808 811 1920 882 ipsi
1969 812 2094 880 ejus

457 908 784 965 veneranda
801 907 1006 962 merita
1029 904 1254 959 cunctis
1283 903 1612 974 praedicare.
1637 901 1738 973 qui
1762 900 1896 956 aliis
1925 905 2096 954 antea

458 997 838 1054 referentibus
869 1012 982 1049 non
1017 993 1388 1065 patiebantur
1414 991 1631 1046 audire.

527 1087 614 1140 37.
651 1083 900 1140 Illustris
930 1083 1016 1138 vir
1045 1081 1351 1146 Maximus,
1398 1080 1670 1134 Romana:
1721 1076 1884 1132 urbis
1934 1076 2093 1142 civis,

457 1191 644 1247 nuper
673 1172 872 1228 retulit
903 1170 1046 1226 mihi
1095 1170 1165 1224 de
1219 1169 1422 1224 eodem
1477 1164 1790 1222 venerabili
1847 1163 2095 1218 Praesule

455 1281 580 1334 quis
613 1258 1147 1316 narro.Bernardus
1181 1256 1421 1327 quidam
1450 1253 1716 1325 pessima:
1748 1253 1961 1308 mentis
1987 1253 2096 1306 mi-

454 1351 539 1408 les
570 1349 812 1415 exstitit,
846 1347 942 1418 qui
977 1344 1315 1417 Apostolicee
1350 1343 1482 1398 Sedi
1523 1342 1878 1398 contrarium
1929 1358 1990 1396 se
2037 1340 2094 1394 in

455 1440 750 1504 omnibus,
797 1437 1014 1508 quibus
1045 1434 1258 1505 putuit,
1291 1431 1484 1487 modis
1515 1430 1842 1486 exhibebat.
1877 1430 1984 1484 Sed
2039 1429 2094 1482 in

455 1527 629 1594 bello,
663 1526 814 1598 quod
868 1541 901 1578 a
952 1522 1156 1577 vicinis
1217 1521 1368 1576 circa
1426 1520 1638 1575 Urbem
1699 1517 2092 1584 manentibus,

457 1614 904 1687 conjurantibus
926 1608 1464 1682 cum(lll)Cadalao
1487 1606 1782 1662 Parmensi
1806 1607 2094 1677 episcopo,

459 1705 558 1776 qui
599 1708 739 1758 tunc
794 1698 1185 1772 Apostolicam
1237 1696 1439 1750 Sedem
1497 1694 1768 1748 invadere
1815 1693 2094 1758 tentabat,

460 1810 594 1848 cum
627 1789 911 1846 militibus
969 1786 1066 1858 qui
1109 1786 1429 1841 Romanam
1463 1783 1778 1838 Ecclesiam
1829 1781 2096 1836 defende-

457 1883 617 1948 bant,
651 1877 1030 1936 commissum
1064 1878 1172 1940 est,
1203 1875 1359 1945 justo
1386 1871 1485 1928 Dei
1515 1871 1738 1943 judicio
1789 1871 2094 1924 confossus

456 1969 694 2025 interiit.
733 1966 835 2021 Hic
865 1964 1064 2036 igitur,
1095 1962 1296 2018 audita
1325 1961 1482 2016 fama
1523 1958 1936 2014 miraculorum
1971 1975 2096 2029 qua:

459 2059 826 2128 omnipotens
847 2054 1000 2110 Deus
1021 2051 1245 2108 meritis
1267 2050 1328 2104 B.
1345 2047 1554 2104 Leonis
1579 2046 1849 2102 ﬁdelibus
1867 2045 2098 2118 populis

457 2147 787 2213 exhibebat,
818 2160 932 2198 non
967 2139 1157 2196 solum
1191 2155 1304 2194 non
1339 2137 1632 2206 credebat,
1685 2151 1884 2190 verum
1924 2135 2096 2190 etiam

2204 633 2454 703 denique
2485 632 2740 702 quadam
2773 630 2865 684 die
2893 629 2954 684 in
2979 634 3270 686 conventu
3293 629 3618 699 appareret
3642 625 3814 696 pepuli,

2204 727 2260 778 et
2291 737 2481 776 sermo
2515 721 2664 776 inter
2694 735 2792 774 eos
2823 718 2891 772 de
2923 716 3106 790 signis
3139 720 3196 772 et
3221 713 3558 770 virtutibus
3581 712 3816 767 B.Leonis

2205 814 2433 864 exortus
2455 813 2626 876 esset,
2648 807 2818 878 ccepit
2861 806 3049 860 ridere
3073 805 3272 860 dicens
3296 821 3310 858 :
3344 803 3408 857 Si
3473 803 3717 858 Sanctus
3741 805 3817 866 est,

2205 903 2268 953 ut
2297 897 2462 964 dicis,
2497 896 2800 952 contrahat
2831 893 2976 950 mihi
3025 893 3276 966 digitum
3326 908 3563 946 meum.
3605 890 3820 962 Cumque

2205 990 2672 1057 compesceretur
2699 985 2770 1040 ab
2803 983 2875 1038 iis
2908 983 3008 1054 qui
3063 981 3360 1050 astabant,
3427 997 3506 1035 ne
3561 980 3633 1036 de
3659 983 3818 1034 sancto

2202 1075 2324 1128 viro
2354 1074 2496 1128 talia
2524 1073 2876 1144 loqueretur,
2911 1070 3152 1126 dimisso
3195 1072 3524 1136 conventu,
3573 1067 3819 1122 discessit.

2205 1161 2348 1216 Cum
2375 1161 2678 1232 ecceforte
2709 1161 2890 1224 canis,
2924 1159 3024 1230 qui
3076 1174 3210 1213 eum
3269 1157 3662 1230 sequebatur,
3691 1171 3820 1212 suem

2205 1250 2264 1304 in
2299 1249 2488 1322 platea
2519 1249 2817 1304 inventum
2873 1247 3103 1304 invasit.
3165 1247 3267 1302 Ille
3321 1264 3489 1316 vero,
3527 1263 3600 1302 ne
3653 1261 3820 1318 porcus

2205 1337 2648 1408 discerperetur,
2692 1337 2897 1392 festiue
2945 1336 3224 1404 cucurrit,
3281 1340 3341 1392 et
3401 1337 3624 1406 injecta
3678 1351 3820 1390 manu

2206 1443 2406 1481 canem
2439 1432 2632 1482 tenere
2661 1425 2877 1480 voluit:
2912 1426 3010 1480 sed
3053 1442 3184 1480 mox
3243 1441 3466 1496 porcus
3523 1423 3704 1478 hianti
3751 1440 3822 1478 ore

2205 1515 2452 1586 digitum
2485 1517 2612 1584 ejus
2645 1513 2979 1584 momordit,
3011 1515 3214 1584 sicque
3261 1514 3334 1568 ab
3399 1512 3506 1568 illa
3563 1512 3656 1567 die
3701 1511 3822 1566 omni

2209 1608 2465 1674 tempore
2507 1621 2620 1674 quo
2673 1603 2816 1658 vixit
2875 1603 3122 1674 digitum
3181 1606 3560 1657 contractum
3619 1601 3822 1662 habens,

2209 1691 2541 1746 nullatenus
2575 1708 2704 1746 eum
2737 1693 3044 1746 extendere
3075 1690 3284 1762 potuit.
3317 1689 3495 1744 Unde
3527 1689 3736 1746 factum
3761 1691 3824 1742 est

2207 1784 2272 1834 ut
2301 1780 2400 1850 qui
2435 1779 2534 1836 Dei
2567 1779 2852 1836 famulum
2883 1779 3126 1834 irridere
3185 1781 3674 1852 pra-sumpserat,
3729 1776 3824 1848 ipse

2209 1872 2500 1924 contracto
2523 1869 2704 1940 digito
2735 1867 3010 1924 omnibus
3069 1867 3290 1924 derisui
3347 1865 3687 1924 haberetur.
3725 1864 3825 1920 Hac-

2207 1958 2277 2012 de
2309 1961 2468 2012 tanto
2499 1957 2665 2014 Patre
2691 1958 2755 2013 B.
2799 1957 2986 2012 Leone
3025 1956 3180 2012 dicta
3233 1956 3564 2027 sufﬁciant,
3597 1955 3726 2028 quia
3769 1953 3822 2008 ad

2209 2045 2456 2100 aliorum
2489 2045 2779 2102 narranda
2805 2049 2970 2116 gesta
2999 2061 3409 2118 properamus.

531 2287 679 2361 (1H)
721 2285 987 2340 Cadalous
1017 2285 1218 2337 contra
1249 2278 1643 2334 Alexandrum
1681 2278 1726 2332 ΙΙ
1751 2277 1860 2332 fuit
1891 2294 2040 2334 anno
2073 2279 2204 2333 1061
2240 2275 2458 2332 electus
2489 2275 2804 2348 Antipapa,
2838 2276 2925 2332 uti
2951 2275 3207 2332 diximus
3237 2281 3270 2331 2
3333 2273 3642 2332 Februarii
3691 2275 3722 2327 3
3767 2273 3824 2328 ad

453 2377 652 2434 Vitam
683 2371 840 2429 Beati
863 2369 1018 2426 Petri
1048 2367 1315 2424 Damiani
1345 2365 1374 2438 §
1402 2367 1455 2420 5.

462 2537 3805 2566 Μ

1691 2678 1814 2763 IN
1900 2679 1990 2764 S.
2082 2677 2620 2766 LEONEM

1249 2867 1742 2982 NO'l‘lTlA
1825 2868 1998 2980 EX
2071 2867 2510 2980 GALLIA
2597 2803 3050 2978 Gl-IRIST.

1791 3075 1975 3142 (Tom.
2009 3075 2157 3140 XIII,
2192 3090 2323 3145 pag.
2355 3075 2504 3143 985.)

527 3370 692 3425 Pater
724 3365 1014 3422 Brunonis
1043 3364 1207 3434 Hugo
1253 3359 1636 3416 consobrinus
1680 3363 1804 3414 erat
1842 3358 2088 3413 Conradi
2122 3361 2163 3424 C
2275 3359 2448 3412 Ortus
2481 3361 2569 3412 est
2597 3357 2790 3412 Bruno
2818 3357 2875 3412 in
2899 3357 3138 3414 castello
3157 3357 3410 3425 Alsatiae,
3445 3360 3605 3430 quod
3643 3358 3824 3414 dicitur

457 3455 847 3530 imperatoris,
883 3455 1266 3524 cognomento
1299 3447 1466 3504 Salici
1498 3465 1511 3516 ;
1546 3452 1731 3502 mater
1779 3447 1907 3516 ejus
1958 3447 2091 3501 Hei-

457 3545 709 3612 le‘widis,
743 3561 843 3599 seu
867 3541 1140 3606 Helvidis,
1165 3537 1468 3594 nobilitate
1492 3551 1606 3590 non
1633 3535 1820 3605 impar
1843 3553 1856 3601 ;
1881 3535 2092 3605 pietate

455 3635 613 3689 haud
628 3629 1073 3700 dissimiles,qui
1087 3624 1519 3698 amplissimum
1536 3623 1949 3694 patrimonium
1962 3639 2094 3678 con-

457 3721 665 3777 dendis
695 3718 1068 3775 monasteriis
1098 3715 1417 3787 egenisque
1446 3711 1820 3766 sublevandis
1867 3711 2090 3780 impen—

455 3811 687 3876 derunt,
719 3806 981 3878 exemplo
1016 3804 1303 3874 majorum
1337 3815 1599 3855 suorum.
1637 3799 1700 3853 Hi
1755 3815 1821 3852 ex
1861 3799 2090 3868 praediis

457 3898 580 3953 suis
598 3896 709 3952 tria
732 3896 1113 3950 instituerunt
1135 3889 1415 3954 emnobia,
1439 3887 1656 3942 scilicet
1691 3888 1872 3942 Hissae
1903 3887 1958 3940 in
1987 3887 2090 3939 lm-

455 4003 654 4042 norem
667 3984 854 4040 sancti
875 3981 1098 4036 Martini
1111 4023 1123 4048 ,
1135 3995 1308 4052 prope
1320 3978 1845 4048 Sareburgum,pro
1877 3977 2088 4030 sancti-

458 4075 814 4129 monialibus
830 4091 842 4140 ;
861 4069 1014 4127 aliud
1032 4069 1310 4130 virorum,
1336 4065 1444 4121 sub
1467 4063 1640 4118 titulo
1663 4063 1846 4118 sancti
1869 4063 2088 4134 (Syriaci

454 4155 1498 4233 martyris,apudAttorfium;alterum
1516 4169 1746 4223 quoque
1764 4151 2086 4221 puellarum

455 4250 566 4306 sub
596 4249 765 4305 titulo
789 4252 997 4303 sanctae
1029 4245 1247 4306 Crucis,
1283 4246 1422 4314 puta
1461 4239 1974 4295 Woli'enheimium
2027 4239 2086 4292 in

451 4337 672 4394 Alsatia
703 4354 878 4410 prope
909 4331 1382 4406 Engesheimium
1409 4333 1662 4384 castrum
1697 4344 1894 4392 suum,
1919 4328 2087 4397 cujus

455 4427 511 4482 in
545 4427 792 4499 gratiam
825 4426 949 4496 ipse
977 4423 1192 4485 Bruno,
1217 4419 1288 4474 ad
1319 4417 1532 4473 summi
1570 4416 1940 4486 pontiﬁcatus
1971 4417 2088 4486 api-

452 4533 576 4572 cem
609 4515 818 4580 elatus,
852 4511 1074 4568 bullam
1103 4507 1372 4564 indulsit.
1407 4505 1590 4560 Fratri
1619 4505 1706 4558 vel
1735 4504 1918 4558 sorori
1943 4505 2086 4557 Bru-

451 4603 622 4660 nonis
653 4603 933 4659 tribuitur
959 4598 1220 4654 fundatio
1251 4595 1541 4667 prioratus
1572 4594 1754 4647 sancti
1781 4591 2002 4652 Quirini
2025 4592 2084 4646 in

450 4693 691 4760 Alsatia,
712 4707 887 4764 quem
919 4690 1174 4744 Joannes
1205 4685 1274 4740 de
1289 4689 1508 4782 Bayone
1538 4701 1570 4736 a
1612 4681 1918 4743 Ludovico,
1943 4679 2084 4734 Bru-
2119 4727 2163 4789 Β

449 4781 622 4837 nonis
645 4797 748 4836 avo
781 4783 1062 4842 materno,
1107 4773 1234 4829 vult
1286 4771 1468 4826 fuisse
1525 4771 1843 4824 conditum.
1904 4769 2088 4831 Quam

453 4869 708 4924 maxime
731 4865 910 4921 nobili
943 4865 1076 4918 huic
1109 4861 1337 4916 familiae
1369 4859 1538 4914 debet
1579 4857 1848 4912 Lutiense
1897 4873 2088 4911 cemo-

451 4955 616 5010 bium
650 4953 915 5008 dimcesis
945 4947 1446 5012 Vesontionensis,
1477 4950 1542 4999 ut
1591 4944 1802 5014 legitur
1852 4944 1908 4998 in
1959 4945 2090 4998 Vita

456 5043 647 5113 ipsius
669 5039 956 5094 Brunonis
979 5038 1088 5092 sub
1113 5035 1346 5091 nomine
1369 5033 1575 5089 Leonis
1598 5033 1670 5087 lX
1689 5049 1850 5103 papa:
1875 5033 2091 5104 scripta

455 5146 492 5184 a
519 5129 774 5200 Viperto,
808 5125 908 5198 qui
939 5126 1022 5180 sic
1051 5125 1345 5194 loquitur:
1382 5143 1408 5170 ‹‹
1434 5123 1599 5177 Pater
1627 5120 1934 5184 Brunouis,
1987 5139 2088 5176 na-

459 5216 614 5273 tione
631 5215 986 5271 Teutonicus
1008 5213 1374 5284 imperatoris
1393 5209 1638 5262 Conradi
1673 5209 2085 5276 consobrinus;

458 5323 705 5378 quorum
731 5307 922 5377 patres
945 5307 998 5358 et
1023 5301 1364 5370 avi,abjecta
1377 5299 1532 5352 omni
1549 5295 1820 5365 superbia
1839 5298 2088 5366 generis,

455 5394 848 5450 monasticum
879 5391 1144 5447 habitum
1181 5391 1303 5440 tota
1331 5384 1521 5439 cordis
1551 5381 1894 5437 contritione
1923 5400 2090 5439 sum-

455 5479 1132 5555 pserunt,laudabilique
1163 5489 1264 5543 per
1293 5470 1489 5524 omnia
1510 5469 1622 5522 {ine
1653 5468 2088 5528 decesserunt...

457 5571 598 5644 quin
628 5571 805 5626 etiam
850 5569 1132 5624 Sutrense
1181 5556 1510 5614 coenobium
1553 5555 1920 5628 patrimoniis
1967 5563 2090 5620 suis

457 5658 835 5734 ampliarunt.
870 5677 899 5710 »

2207 3446 2648 3517 Engenesheim,
2683 3451 2802 3501 toto
2833 3463 3071 3518 corpore
3101 3445 3294 3502 crucis
3327 3447 3520 3520 signis
3551 3447 3822 3519 insignito,

2203 3551 2258 3588 xi
2291 3535 2531 3588 Kalend.
2563 3534 2702 3589 Julii
2731 3551 2804 3589 an
2835 3536 2993 3590 4082.
3039 3535 3185 3590 Cum
3233 3536 3522 3607 quintum
3567 3535 3824 3608 attigisset

2203 3639 2445 3688 annum,
2481 3622 2746 3678 Bertoldc
2785 3623 3044 3679 Tullensi
3095 3624 3373 3696 episcopo
3407 3627 3746 3681 educandus
3783 3625 3825 3676 et

2203 3711 2410 3766 litteris
2445 3712 2846 3768 informandus
2879 3729 2913 3768 a
2951 3713 3049 3785 pia
3093 3713 3377 3784 genitrice
3435 3713 3694 3780 Helvide,
3721 3725 3824 3783 qua

2201 3816 2332 3854 eum
2359 3801 2484 3870 ipsa
2503 3799 3092 3868 laetaverat,traditus
3121 3807 3230 3857 est.
3253 3803 3380 3866 Qua
3401 3803 3464 3856 in
3485 3801 3686 3858 schola
3705 3802 3823 3856 duos

2203 3887 2406 3942 habuit
2453 3888 2701 3960 collegas
2741 3889 3101 3960 prepinquos
3157 3907 3322 3954 suos,
3380 3895 3530 3946 natu
3579 3891 3821 3960 majores,

2199 3977 2591 4031 Acclalberones
2623 3981 3006 4048 nuncupatos,
3026 3995 3278 4050 quorum
3311 3977 3484 4044 alter,
3511 3975 3822 4034 Theoderici

2200 4065 2365 4120 ducis
2397 4064 2573 4130 illius,
2599 4065 2911 4121 immaturo
2945 4067 3063 4122 fato
3093 4067 3330 4122 functus
3355 4071 3478 4136 est;
3501 4067 3817 4134 alter,Heze-

2198 4151 2349 4208 lonis
2381 4153 2546 4208 ducis
2579 4155 3206 4227 germanus,magister
3219 4155 3488 4227 nepotuli
3513 4157 3606 4212 sui
3627 4157 3818 4210 Bruno-

2197 4240 2288 4295 nis
2303 4241 2542 4297 exstitit.
2565 4242 2710 4296 Cum
2733 4247 2974 4314 uterque
2997 4244 3056 4298 in
3070 4243 3744 4300 humanioribuslitteris
3773 4241 3818 4294 in

2199 4329 2568 4400 philosophia
2592 4330 2958 4396 claruissent,
2977 4332 3463 4404 jurisprudentiaa
3495 4333 3690 4390 studio
3717 4343 3818 4388 sese

2197 4418 2558 4472 addixerunt.
2594 4419 2853 4481 Quadam
2881 4425 3075 4475 autem
3109 4425 3277 4477 nocte
3335 4422 3486 4476 dum
3543 4423 3729 4478 Bruno
3771 4419 3816 4472 in

2195 4511 2384 4561 castro
2417 4506 2890 4578 Engesheimensi
2907 4509 3062 4580 apud
3079 4514 3352 4580 parentes
3375 4527 3545 4580 suos,
3581 4527 3722 4583 quos
3749 4509 3818 4562 in-

2194 4595 2424 4662 viserat,
2457 4595 2516 4649 in
2549 4595 2725 4650 cubili
2755 4601 3148 4668 soporaretur,
3181 4592 3481 4655 venenosa
3521 4617 3664 4656 rana
3707 4611 3818 4653 con-

2195 4682 2414 4755 quieVit
2433 4700 2608 4755 super
2637 4683 2863 4739 vultum
2895 4686 3044 4755 ejus,
3076 4701 3492 4758 venenumque
3513 4687 3576 4743 in
3605 4683 3818 4758 sangui-

2197 4787 2331 4826 nem
2354 4771 2585 4826 infudit.
2606 4771 2824 4828 Malum
2849 4773 2929 4828 ita
2949 4775 3225 4842 accrevit,
3255 4781 3324 4830 ut
3347 4777 3478 4846 jam
3508 4776 3672 4832 nulla
3693 4772 3820 4830 sani-

2196 4860 2334 4915 tatis
2356 4877 2488 4930 spes
2509 4865 2853 4916 remaneret.
2879 4863 3067 4930 Forte,
3100 4864 3244 4918 dum
3277 4869 3448 4919 nocte
3469 4865 3668 4920 Bruno
3695 4861 3818 4932 vigi-

2199 4948 2362 5014 laret,
2397 4948 2730 5019 conspicere
2759 4951 3002 5005 credidit
3031 4951 3090 5006 S.
3141 4951 3554 5020 Benedictum,
3613 4965 3816 5008 crucem

2199 5055 2375 5092 manu
2399 5041 2746 5107 gestantem,
2770 5055 2886 5109 qua
2907 5038 2998 5093 hic
3021 5045 3260 5096 sanctus
3275 5055 3574 5097 venenum
3607 5039 3821 5110 dissipa-

2196 5125 2296 5180 vit.
2327 5125 2678 5180 Monasticen
2707 5125 2765 5179 in
2789 5126 3126 5182 suburbano
3149 5129 3206 5182 S.
3231 5129 3372 5200 Apri
3399 5129 3748 5186 monasterio
3767 5141 3820 5180 ex

2198 5230 2262 5269 eo
2287 5217 2545 5283 tempore
2567 5213 2820 5268 creditur
2835 5214 3133 5286 amplexus
3149 5217 3352 5274 fuisse.
3371 5219 3660 5290 Equidem
3675 5211 3820 5272 morti

2198 5301 2499 5374 proximus
2519 5300 2640 5356 haec
2661 5302 2730 5357 de
2753 5319 2814 5358 se
2835 5301 3050 5360 dixisse
3073 5305 3354 5362 traditur:
3377 5331 3402 5355 ‹‹
3421 5307 3818 5376 Cellam,quam

2207 5390 2530 5444 monachus
2571 5387 2807 5466 incolui,
2831 5391 2889 5446 in
2913 5393 3344 5463 spatiosissima
3363 5395 3590 5467 palatia
3599 5397 3718 5466 jam
3737 5392 3822 5446 du-

2195 5478 2337 5531 dum
2355 5477 2468 5531 vidi
2491 5493 2858 5534 conversam.
2887 5499 2913 5528 ››
2937 5480 3208 5552 Vipertus
3231 5483 3291 5536 in
3315 5483 3510 5554 ipsius
3533 5485 3664 5539 Vita
3695 5480 3817 5538 allu-

2195 5565 2341 5620 dens
2363 5566 2434 5621 ad
2457 5569 2632 5638 caput
2655 5569 2690 5621 7
2711 5567 2928 5640 regulae
2949 5567 3010 5624 S.
3029 5569 3350 5642 Benedicti,
3375 5571 3500 5628 haec
3519 5573 3605 5629 ait
3631 5589 3645 5627 :
3671 5593 3700 5620 ε(
3717 5567 3817 5624 Non

2195 5652 2505 5716 immemor
2535 5655 2625 5713 sui
2643 5655 2855 5732 prioris
2875 5657 3158 5736 propositi
3184 5676 3302 5738 quo
3325 5659 3815 5738 malebatjugitefi
