3898 6404
138 396 251 457 553

1247 398 1576 459 PROLEG.
1608 430 1685 443 —
1716 396 2037 459 NOTITIA
2086 397 2430 459 ALTERA.

3414 395 3536 457 554

141 526 305 583 credo
326 524 481 598 quod
498 524 676 582 simul
693 543 758 583 ac
774 528 1273 585 consecrationem
1297 528 1655 601 pontificiam
1682 529 1783 584 Ro-
1814 534 1865 596 Α
1896 529 2309 596 controversia,
2337 544 2512 601 quam
2532 528 2710 584 abbas
2733 528 3146 600 Urspergensis
3168 527 3367 595 refert;
3388 530 3445 583 et
3463 528 3533 582 de

141 632 245 672 mae
275 616 614 687 accepisset,
637 616 782 672 nihil
806 617 884 672 ibi
907 624 1191 685 moratus,
1218 620 1526 690 Sipontum
1550 617 1609 672 in
1631 620 1785 690 Apu-

160 705 215 761 ia
234 704 305 761 ad
324 704 677 761 visitandam
700 706 1004 762 ecclesiam
1028 707 1220 762 Sancti
1242 707 1541 762 Michaelis
1567 708 1620 761 in
1647 724 1708 761 ru
1722 725 1787 779 pe

142 795 407 865 Gargana
436 793 633 860 sitam,
664 797 721 849 et
750 796 820 850 ad
855 796 1240 866 promerendo.
1271 796 1424 867 apud
1457 796 1640 851 Deum
1673 795 1789 850 suf-

132 882 314 955 fragia
325 886 661 939 sanctorum
678 883 1478 955 angelorum,celeberrimam
1500 885 1626 955 ejus
1646 889 1789 940 tem-

135 972 291 1045 poris
313 971 838 1043 peregrinationem
866 972 1200 1028 accurrerit.
1226 973 1307 1027 Ex
1327 972 1435 1028 hac
1457 974 1786 1045 peregrina-

133 1062 293 1117 tione
324 1076 612 1128 reversus,
640 1061 1063 1117 monasterium
1086 1062 1433 1117 Cassinense
1464 1063 1783 1134 ingressus,

134 1153 367 1223 peracto
399 1148 617 1204 ibidem
652 1148 846 1204 missae
871 1149 1177 1215 sacrificio,
1202 1167 1306 1222 pro
1332 1150 1653 1206 honoribus
1675 1152 1785 1207 sibi

132 1235 408 1294 exhibitis
424 1235 645 1308 gratias
666 1236 802 1308 egit,
826 1241 882 1291 et
904 1237 1326 1293 monasterium
1342 1237 1517 1293 simul
1540 1239 1785 1293 etabba-

129 1331 245 1383 tem
260 1324 465 1381 multis
478 1324 795 1397 privilegiis
811 1326 1065 1382 donavit.
1083 1325 1375 1381 Tullensis
1390 1326 1650 1381 Ecclesiae
1665 1330 1787 1382 tan-

124 1433 222 1490 tus
244 1418 472 1471 amator
491 1413 731 1482 exstitit,
750 1417 814 1469 ut
835 1414 1071 1469 titulum
1090 1415 1341 1485 priorem
1358 1414 1652 1472 Tullensis
1671 1417 1786 1487 epi-

124 1506 404 1577 scopatus
422 1502 751 1575 relinquere
766 1519 881 1557 non
893 1502 1159 1558 voluerit.
1172 1504 1317 1558 Patri
1329 1521 1376 1559 u:
1389 1504 1588 1560 ouium
1607 1523 1784 1561 suum

126 1592 494 1667 impenditin
530 1592 876 1647 erectionem
916 1592 1255 1647 monasterii
1307 1593 1530 1649 Sanctae
1558 1595 1781 1664 Crucis,

121 1682 389 1754 illudque
408 1680 793 1753 amplissimis
817 1680 1142 1736 redditibus
1166 1680 1561 1752 locupletavit.
1589 1683 1783 1738 Rebus

126 1769 400 1829 Ecclesia!
432 1769 491 1824 in
525 1768 693 1825 Italia
720 1769 1082 1841 compositis,
1118 1768 1275 1825 venit
1306 1768 1363 1824 in
1388 1770 1781 1838 Germaniam,

122 1860 466 1931 habitisque
492 1857 709 1914 ibidem
748 1857 1009 1914 conciliis
1042 1857 1330 1930 pluribus,
1366 1860 1556 1929 quoad
1591 1877 1784 1916 mores

123 1949 398 2007 eamdem
429 1948 779 2005 reformavit.
799 1948 1063 2019 Cumque
1085 1963 1153 2002 ex
1174 1946 1374 2003 Galliis
1397 1948 1455 2003 in
1476 1948 1701 2005 Italiam
1725 1966 1785 2005 se

119 2038 435 2105 conferret,
467 2052 537 2092 ex
556 2036 934 2107 Lotharingia
955 2052 1156 2091 secum
1179 2036 1343 2091 duxit
1370 2036 1783 2105 Humbertum,

118 2128 318 2185 virum
359 2125 521 2182 omni
555 2126 769 2181 virtute
802 2129 857 2180 et
889 2125 1155 2180 doctrina
1201 2124 1781 2196 excellentissimum,

118 2232 383 2289 eumque
412 2216 484 2272 ad
517 2214 956 2286 praedicandum
978 2212 1189 2269 Siculis
1212 2214 1450 2269 verbum
1474 2214 1574 2270 Dei
1596 2214 1784 2270 archi-

120 2306 471 2379 episcopum
489 2303 799 2371 ordinavit,
826 2320 895 2358 ex
916 2319 1029 2374 quo
1052 2307 1252 2374 postea
1274 2307 1484 2358 sanctae
1511 2304 1783 2359 Romamn

118 2395 399 2451 Ecclesiae
439 2393 629 2450 factus
677 2395 767 2447 est
806 2391 1138 2448 cardinalis.
1197 2393 1515 2464 Donatiqne
1555 2393 1783 2448 abbatis

120 2481 477 2542 monasterii
509 2481 705 2538 Sancti
732 2480 976 2552 Remigii
1012 2481 1071 2534 in
1114 2480 1300 2535 Gallia
1349 2485 1685 2553 susceperat
1712 2482 1782 2536 1i-

117 2591 347 2649 gneum
366 2572 654 2644 scyphum
674 2570 1093 2628 benedictionis
1112 2587 1289 2628 causa
1306 2570 1588 2642 oblatum,
1608 2588 1781 2643 quem

118 2681 224 2738 pro
247 2679 460 2720 amore
473 2660 619 2717 tanti
642 2659 933 2733 pontificis
953 2660 1118 2716 valde
1141 2660 1511 2728 observabat;
1534 2661 1781 2732 quicum

114 2755 186 2811 de
218 2770 411 2811 manu
442 2749 681 2808 ferentis
704 2749 957 2806 ministri
981 2767 1119 2806 casu
1142 2749 1470 2817 decidisset,
1492 2754 1547 2804 et
1565 2750 1783 2805 fractus

117 2844 355 2911 fuisset,
396 2840 569 2897 valde
615 2839 997 2896 contristatus
1047 2854 1176 2894 eam
1227 2839 1298 2893 ob
1352 2855 1471 2894 rem
1504 2839 1779 2911 pontifex,

105 2933 299 3005 jussit
330 2930 454 2989 sibi
484 2930 812 3003 fragmenta
839 2928 1029 2985 offerri
1063 2928 1480 3000 praemissaque
1502 2928 1781 2997 oratione,

110 3023 300 3079 altera
323 3037 472 3095 pars
500 3018 664 3076 alteri
690 3019 967 3088 adjuncta
988 3016 1118 3074 fuit.
1145 3019 1551 3090 Presbyterum
1575 3034 1782 3090 quem-
1807 3068 1817 3076 .

112 3113 276 3182 dam,
313 3111 429 3184 qui
460 3124 563 3182 per
604 3106 1018 3165 cancellarium
1067 3106 1222 3163 sedis
1271 3106 1619 3179 apostolicae,
1652 3108 1787 3162 data

111 3202 378 3275 pecunia
400 3203 763 3271 corruptum,
779 3196 1000 3253 litteras
1015 3196 1404 3253 absolutionis
1419 3196 1619 3251 furtim
1637 3195 1752 3251 obti
1766 3227 1784 3239 -

1899 633 1966 671 ea
2000 634 2099 688 pro
2132 634 2237 673 suo
2260 617 2390 673 odio
2414 618 2566 688 quod
2589 617 2997 673 schismaticus
3017 616 3077 671 in
3096 618 3382 672 Romanos
3395 632 3536 687 pon-

1898 706 2082 761 tilices
2114 712 2477 779 conceperat,
2512 707 2661 761 male
2699 707 3004 778 judicavit.
3038 706 3252 761 Eodem
3282 708 3541 776 tempore

1898 794 1957 849 in
1979 798 2288 851 Germania
2304 797 2580 865 existens,
2601 795 2894 852 abbatiam
2915 794 3288 863 Fuldensem,
3309 797 3366 849 et
3381 799 3544 848 Bam-

1895 884 2132 951 bergam
2152 886 2273 939 sedi
2294 885 2624 957 apostolicae
2646 884 2893 940 antehac
2918 885 3218 954 donatam,
3246 900 3349 955 pro
3371 883 3546 938 Bene-

1894 977 2062 1027 vento
2100 972 2297 1028 aliisve
2329 974 2662 1029 civitatibus
2693 974 2998 1044 etjuribus
3034 973 3094 1028 in
3137 972 3302 1029 Italia
3328 972 3399 1027 ab
3434 971 3542 1026 im-

1896 1066 2157 1132 peratore
2190 1063 2459 1134 acceptis,
2487 1064 2855 1134 permutavit.
2883 1064 3028 1119 Cum
3052 1060 3433 1117 Nortmannis
3458 1059 3543 1114 in-

1896 1148 2048 1204 felici
2083 1150 2278 1221 przelio
2312 1151 2622 1222 pugnavit:
2660 1152 2855 1223 fugato
2899 1152 3057 1207 enim
3103 1154 3221 1206 toto
3261 1149 3537 1216 exercitu,

1895 1237 2346 1293 Teutonicorum
2380 1239 2631 1294 militum
2658 1240 2757 1295 alii
2790 1240 2940 1308 caesi,
2966 1240 3064 1295 alii
3090 1239 3239 1311 capti
3262 1239 3536 1304 fuerunt;

1895 1325 2013 1380 imo
2045 1326 2169 1397 ipse
2191 1328 2445 1398 pontifex
2485 1327 2544 1381 in
2572 1329 3063 1383 Nortmannorum
3096 1345 3303 1384 manus
3335 1343 3399 1381 ac
3430 1342 3538 1398 po-

1891 1416 2166 1470 testatem
2190 1415 2491 1482 venit,non
2522 1417 2647 1471 sine
2674 1416 3029 1472 vincentium
3049 1418 3537 1473 Nortmannorum

1894 1503 2093 1558 dolore
2142 1509 2197 1558 et
2249 1504 2606 1576 poenitentia.
2657 1505 2817 1561 Unde
2864 1506 3083 1561 factum
3131 1505 3283 1576 quod
3327 1504 3535 1573 eidem,

1893 1609 2231 1663 quanquam
2262 1593 2451 1649 victus
2480 1597 2653 1662 esset,
2695 1594 2768 1649 ob
2821 1594 3198 1650 reverentiam
3247 1590 3545 1666 apostolici

1894 1679 2188 1748 culminis,
2222 1681 2281 1736 in
2312 1682 2589 1738 omnibus
2621 1687 2899 1756 tanquam
2921 1682 3125 1738 victori
3148 1698 3368 1739 morem
3391 1698 3544 1754 gere-

1895 1772 2042 1837 rent,
2078 1769 2392 1842 ipsumque
2425 1788 2558 1827 cum
2588 1772 2713 1827 suis
2744 1771 3042 1839 omnibus,
3076 1778 3249 1845 prout
3276 1771 3543 1844 petierat,

1896 1856 2218 1913 relaxarent
2238 1862 2293 1913 et
2314 1859 2627 1915 honorifice
2649 1859 2708 1914 in
2733 1859 2927 1919 locum
2950 1876 3128 1932 quem
3151 1859 3322 1916 vellet
3344 1863 3543 1915 tutum

1895 1946 2268 2002 deducerent.
2303 1947 2508 2004 Petrus
2538 1948 2826 2016 Damiani,
2857 1948 2918 2003 in
2950 1949 3195 2022 epistola
3224 1948 3292 2004 ad
3330 1948 3543 2004 Firmi-

1895 2052 2035 2090 num
2058 2036 2418 2107 episcopum,
2442 2037 2717 2093 adversus
2742 2038 2992 2093 Leonem
3017 2036 3169 2093 bella
3190 2039 3539 2092 tractantem

1892 2129 1948 2179 et
1972 2123 2325 2180 militaribus
2347 2125 2529 2196 copiis
2554 2142 2615 2180 se
2632 2125 2974 2181 miscentem
2991 2126 3261 2197 scripsit:
3286 2141 3541 2197 eumque

1894 2212 2003 2268 hac
2033 2213 2102 2269 de
2134 2230 2215 2283 re,
2244 2214 2415 2285 quasi
2445 2231 2566 2270 rem
2600 2214 2813 2270 malam
2843 2218 2899 2270 et
2927 2214 3316 2271 ecclesiastico
3346 2213 3538 2271 ordini

1894 2303 2394 2359 inconvenientem
2416 2305 2615 2376 egerit,
2643 2305 3013 2377 reprehendit
3036 2309 3092 2360 et
3112 2303 3409 2378 suggillat.
3425 2304 3537 2360 Sed

1894 2409 2027 2447 cum
2051 2392 2157 2447 hac
2177 2394 2246 2448 de
2268 2410 2325 2448 re
2364 2393 2532 2449 aliter
2552 2393 2826 2450 universa
2854 2394 3067 2450 sentiat
3084 2393 3357 2464 Ecclesia,
3384 2393 3544 2465 igno-

1894 2482 2174 2537 scendum
2207 2486 2296 2537 est
2327 2483 2594 2539 maerenti
2624 2483 2878 2539 eremitaa
2911 2483 3012 2556 qui
3041 2483 3465 2539 Germanorum
3489 2484 3547 2538 et

1894 2569 2191 2626 Gallorum
2225 2570 2494 2628 loricatos
2525 2577 2581 2628 et
2620 2572 2879 2645 galeatos
2923 2573 3228 2645 episcopos
3260 2571 3544 2645 perstrin-

1892 2675 2054 2732 gens,
2090 2659 2306 2732 stylum
2337 2660 2517 2716 nimis
2573 2661 2805 2732 laxavit,
2860 2666 2935 2729 et,
2985 2665 3047 2717 ut
3094 2661 3153 2717 in
3201 2659 3544 2733 hujusmodi

1892 2748 2195 2804 affectibus
2213 2749 2546 2822 frequenter
2563 2750 2822 2806 accidere
2838 2750 3011 2818 solet;
3033 2754 3247 2806 metam
3261 2751 3541 2823 redargu-

1891 2837 2066 2894 tionis
2079 2838 3293 2911 excessit.PetruspatriarchaAntiochenus
3308 2839 3540 2912 sapiens

1894 2944 2021 2999 quae
2055 2931 2192 2983 sunt
2221 2927 2518 2983 catholica:
2550 2928 2705 2996 ﬁdei,
2740 2927 2916 2985 simul
2952 2945 3016 2984 ac
3055 2932 3285 2985 creatus
3317 2930 3406 2984 est
3432 2944 3540 2999 pa-

1894 3016 2165 3087 triarcha,
2203 3034 2362 3072 more
2403 3018 2715 3088 majorum,
2772 3017 3069 3074 catholicae
3113 3021 3171 3075 et
3217 3017 3543 3091 apostolicis

1894 3105 2157 3160 Ecclesia
2209 3106 2685 3162 communionem
2736 3123 2838 3178 per
2888 3106 3195 3179 epistolam
3251 3123 3369 3163 una
3413 3120 3546 3162 cum

1895 3192 2030 3248 fidei
2066 3194 2426 3265 professione
2457 3195 2527 3250 ad
2564 3198 2809 3251 Leonem
2842 3195 3087 3251 missam
3120 3194 3429 3269 expetivit;
3467 3196 3544 3265 et,

112 3265 253 3348 nere
285 3265 627 3357 studuerat,
660 3286 902 3343 redditis
927 3286 1011 3341 illi
1042 3302 1171 3341 cum
1208 3286 1621 3359 imprecatione
1651 3302 1784 3357 apo-
1815 3265 1856 3332 C
1897 3288 1959 3337 ut
1989 3298 2057 3337 ex
2087 3282 2311 3338 reddita
2352 3283 2560 3339 Leonis
2608 3283 2855 3356 epistola
2902 3287 3153 3353 constat,
3192 3265 3543 3357 impetravit.

110 3380 329 3436 stolica
363 3375 717 3434 muneribus
735 3374 1112 3431 dementavit.
1139 3397 1166 3423 ‹‹
1193 3374 1461 3438 Quandiu
1482 3375 1675 3430 Romae
1699 3390 1781 3430 re-

110 3472 397 3526 moratus
431 3470 541 3535 est,
581 3464 775 3536 inquit
815 3464 926 3520 Leo
973 3462 1283 3532 Ostiensis,
1330 3464 1487 3519 omni
1522 3468 1781 3536 tempore

106 3559 309 3615 tribus
335 3572 453 3630 per
472 3553 899 3611 hebdomadam
917 3551 1122 3607 diebus
1152 3569 1186 3607 a
1208 3552 1581 3608 Lateranensi
1604 3552 1781 3608 eccle-

108 3646 197 3705 sia
228 3663 442 3721 usque
473 3646 546 3701 ad
573 3644 852 3701 Sanctum
887 3642 1118 3697 Petrum
1163 3640 1386 3712 privato
1416 3640 1642 3711 habitu,
1673 3659 1779 3697 nu-

106 3736 326 3809 disque
341 3733 625 3809 pedibus,
641 3748 774 3788 cum
792 3729 1022 3786 duobus
1039 3732 1140 3785 aut
1160 3729 1347 3784 tribus
1365 3729 1589 3785 clericis
1608 3733 1782 3786 noctu

104 3824 439 3897 psallendo
471 3826 528 3880 et
556 3822 776 3879 orando
823 3819 1119 3893 pergebat.
1155 3841 1183 3867 ››
1232 3819 1529 3875 Decimam
1561 3826 1783 3891 partem

103 3915 522 3981 oblationum,
551 3928 699 3984 quas
716 3910 1168 3983 praedecessores
1192 3908 1250 3963 in
1275 3925 1446 3963 suum
1470 3925 1639 3964 usum
1655 3925 1791 3964 con-

101 4008 337 4062 vertere
364 4004 821 4067 consueverant,
851 4000 975 4070 ipse
1018 3996 1255 4053 utilitati
1293 3997 1541 4053 basilicae
1573 3998 1788 4071 princi-

99 4094 190 4164 pis
209 4090 645 4167 apostolorum
662 4089 857 4145 cessit.
893 4088 1231 4144 Suenonum
1253 4091 1546 4143 Danorum
1570 4104 1789 4159 regem,

100 4184 522 4256 cognomento
554 4180 854 4253 Magnum,
890 4175 1067 4232 trium
1099 4192 1413 4248 regnorum
1462 4175 1789 4243 dominum,

99 4272 296 4346 coegit
313 4269 635 4329 dimittere
657 4283 896 4324 uxorem
910 4282 1087 4337 quam
1111 4265 1334 4320 dixerat
1359 4264 1787 4319 consobrinam.

1888 3375 2027 3426 Post
2057 3376 2356 3444 acceptam
2385 3377 2441 3427 et
2472 3373 2782 3428 refutatam
2806 3372 3048 3444 impiam
3068 3372 3367 3429 Michaelis
3396 3373 3543 3429 Con-

1890 3459 2393 3531 stantinopolitani
2450 3460 2791 3532 patriarchae
2852 3460 3184 3533 epistolam,
3245 3478 3348 3533 pro
3399 3475 3543 3533 pace

1889 3553 2046 3609 inter
2076 3548 2311 3605 Latinos
2343 3552 2399 3605 et
2449 3550 2671 3605 Graecos
2721 3549 3107 3619 concilianda,
3156 3553 3213 3606 et
3242 3568 3344 3623 pro
3386 3550 3541 3607 bello

1893 3638 2172 3695 adversus
2190 3638 2582 3694 Nortmannos
2600 3639 2980 3708 conficiendo,
3005 3638 3358 3712 legationem
3382 3640 3546 3696 misit

1893 3725 2450 3798 Constantinopolim
2483 3728 2554 3783 ad
2594 3727 3043 3784 Constantinum
3093 3729 3547 3787 Monomachum

1899 3818 2331 3889 imperatorem.
2387 3817 2805 3889 Fungebantur
2852 3816 3141 3890 legatione
3188 3818 3548 3875 Humbertus

1897 3906 2208 3978 episcopus
2236 3905 2401 3961 Silvae
2423 3906 2717 3976 Candidas,
2744 3906 3074 3963 Fridericus
3097 3907 3547 3964 archidiaconus

1898 3994 2301 4062 cancellarius,
2333 3995 2678 4063 cardinales,
2715 3999 2768 4051 et
2798 3996 3001 4052 Petrus
3023 3997 3330 4069 episcopus
3356 3994 3547 4053 Amal-

1900 4084 2196 4157 phitanus.
2224 4083 2436 4139 Rerum
2456 4084 2527 4139 ab
2550 4084 2696 4157 ipsis
2719 4084 3222 4157 Constantinopoli
3247 4090 3545 4158 gestarum

1903 4172 2379 4228 commemoratio
2421 4172 2610 4229 brevis
2641 4178 2698 4229 et
2729 4173 3025 4230 succincta
3049 4178 3239 4231 exstat
3268 4178 3423 4247 apud
3445 4179 3549 4233 Ba-

1904 4262 2153 4317 ronium.
2190 4265 2517 4334 Antequam
2558 4280 2593 4317 a
2636 4262 2922 4335 legatione
2964 4268 3410 4335 reverterentur,
3445 4266 3552 4321 Be-

1906 4351 2133 4406 neventi
2156 4350 2485 4406 infirmatus
2513 4352 2571 4405 in
2603 4352 2881 4408 comitatu
2913 4352 3182 4409 Gunfridi
3204 4354 3551 4411 Nortmanni

98 4363 188 4417 Ad
208 4359 682 4434 componendas
699 4355 1096 4412 dissensiones
1128 4353 1279 4408 inter
1315 4353 1725 4425 imperatorem
1739 4357 1796 4409 et

96 4452 422 4509 Andream
445 4445 1282 4520 Hungariae,Romaevocatus
1301 4442 1537 4498 venitin
1561 4442 1796 4500 Germa-
1904 4440 2043 4496 olim
2092 4440 2279 4496 hostis
2328 4440 2439 4506 sui,
2500 4441 2742 4496 Romam
2789 4441 3037 4512 delatus,
3103 4447 3301 4498 sancte
3346 4446 3404 4499 et
3450 4442 3545 4514 pie

98 4538 263 4595 niam
292 4556 308 4595 :
347 4536 471 4594 sed
509 4534 750 4591 delusus
792 4550 825 4588 a
871 4548 1005 4605 rege
1054 4530 1360 4603 Hungariae
1392 4529 1536 4585 nihil
1583 4530 1793 4587 effecit.
1907 4529 2261 4586 obdormivit
2290 4530 2346 4585 in
2371 4530 2614 4585 Domino
2635 4547 2729 4585 xw
2752 4530 3035 4586 Kalendas
3058 4530 3213 4598 Maii,
3234 4535 3545 4604 postquam

99 4630 425 4685 Adversus
448 4623 848 4681 Nortmannos
868 4619 1539 4692 auxiliumimperatoris
1559 4618 1726 4691 petiit
1741 4624 1797 4675 et
1828 4640 1874 4703 ο
1907 4618 2156 4675 sedisset
2186 4636 2369 4676 annos
2392 4622 2448 4689 5,
2480 4636 2711 4675 menses
2756 4623 2791 4674 2
2819 4622 2875 4676 et
2922 4619 3046 4676 dies
3093 4621 3145 4676 8.
3181 4620 3455 4692 Sepultus
3484 4619 3547 4675 in

96 4716 497 4792 impetravit.
530 4713 676 4769 Cum
708 4710 1042 4768 Wormatiaa
1093 4725 1210 4765 una
1258 4725 1393 4764 cum
1445 4708 1794 4781 imperatore
1904 4707 3544 4782 basilicasanctiPetri,juxtasepulorumsanctiGregorii,

94 4808 374 4865 natalem
390 4801 819 4875 Redemptoris
832 4800 1167 4867 celebraret,
1189 4802 1419 4871 postero
1432 4797 1544 4866 die,
1565 4802 1799 4871 prOpter
1907 4796 2204 4853 miraculis
2232 4797 2623 4854 celeberrimis
2647 4798 2871 4854 claruit.
2904 4798 3161 4855 Cessavit
3180 4798 3549 4874 episcopatus

96 4895 578 4955 inobedientem
611 4891 925 4948 diaconum
957 4888 1296 4945 auctoritate
1327 4886 1647 4959 apostolica
1676 4905 1802 4944 sus-
1907 4903 2139 4944 menses
2170 4886 2443 4944 undecim
2474 4890 2530 4944 et
2555 4887 2680 4944 dies
2711 4887 2912 4963 viginti
2942 4892 3214 4961 quatuor.

96 5003 396 5061 pensum,
424 4981 557 5057 ipsi
579 4997 714 5038 cum
736 4978 1042 5053 Luitpoldo
1063 4976 1404 5051 Moguntino
1426 4979 1555 5036 orta
1573 4976 1685 5036 fuit
1703 4975 1803 5034 illa

450 5842 741 5909 Pnaon.
790 5835 1049 5902 CXLIII.
1092 5896 1097 5899 .

3145 5814 3222 5875 18
