3898 6344
323 325 438 387 555

1687 331 1746 387 S.
1791 327 1942 390 LEO
1985 331 2059 390 1X
2106 331 2336 396 PAPA.

3631 327 3762 388 556

2262 467 2606 475 ψ-

1225 603 1370 689 DE
1431 601 2059 690 SCHISMATE
2120 582 2856 694 GaiacouUM‘

777 779 907 835 PER
944 781 1362 836 MICHAELEM
1401 778 1869 835 CERULARIUM
1913 778 1984 834 IN
2025 779 2388 836 ROMANAM
2430 780 2822 839 ECCLESIAM
2873 783 3232 840 EXCITATO

1431 931 1523 992 Et
1560 931 1632 991 de
1673 950 1871 991 eorum
1918 929 2160 1008 objectis
2204 932 2266 991 in
2309 931 2572 994 Latinos.

914 1090 1153 1162 (Mabill.
1187 1093 1315 1146 Acta
1342 1091 1422 1148 SS
1473 1090 1588 1145 0rd.
1621 1090 1676 1146 S.
1713 1089 1931 1156 Bcncd.,
1960 1088 2162 1144 Smculi
2196 1089 2269 1144 Vl
2301 1094 2462 1162 parte
2495 1109 2556 1160 ιι,
2591 1092 2743 1148 Praef
2760 1133 2798 1162 .,
2831 1109 2963 1167 pag.
3001 1098 3087 1164 In)

1800 1246 2040 1257 ...ι-...-

382 1351 435 1406 1.
448 1349 580 1407 Jam
592 1349 731 1406 anni
745 1349 861 1406 fere
873 1349 1108 1405 ducenti
1121 1349 1478 1406 aschismate
1492 1349 1770 1403 Photiano
1787 1345 1945 1401 efﬁu-
1974 1345 2028 1410 Α
2056 1361 2178 1400 cem
2210 1351 2266 1400 et
2292 1348 2534 1404 fratrum
2553 1361 2832 1406 amorem.
2848 1351 3110 1423 Denique
3125 1351 3319 1410 multa
3337 1353 3558 1412 itidem
3573 1357 3756 1430 apud

307 1442 532 1508 xerant,
563 1453 700 1492 cum
728 1437 976 1492 necdum
1009 1437 1153 1492 bene
1183 1438 1434 1492 obducta
1473 1435 1685 1490 cic'itrii
1709 1452 1757 1492 ρ.
1792 1434 1945 1488 aliud

311 1543 428 1582 non
451 1524 1679 1597 minusperniciosum,ethactenusinsana]
1712 1523 1778 1577 ile
1814 1539 1950 1576 wor-

309 1619 438 1670 tum
459 1617 566 1670 est.
591 1613 726 1668 Post
747 1616 991 1669 mortem
1011 1611 1223 1686 quippe
1245 1612 1425 1668 Alexii
1454 1611 1790 1684 patriarcha:
1811 1613 1951 1666 Gon-

309 1701 832 1774 stantinopolitani,
857 1718 986 1773 quae
1005 1719 1157 1757 anno
1176 1700 1483 1757 millesimo
1501 1699 1948 1772 quadragesimo

309 1794 539 1864 quarto,
573 1806 772 1846 mense
803 1790 1112 1846 Februario
1145 1790 1375 1852 accidit,
1400 1790 1750 1861 subrogatus
1781 1787 1946 1843 estin

308 1881 436 1952 ejus
460 1879 653 1935 locum
685 1877 950 1946 Michael,
986 1883 1365 1952 cognomento
1403 1877 1754 1938 Corularius.
1779 1879 1872 1948 qui
1917 1895 1948 1932 a

305 1969 523 2024 Joanne
551 1983 828 2040 germano
859 1965 1154 2022 Michaelis
1193 1966 1561 2038 imperatoris
1595 1967 1657 2021 in
1678 1965 1947 2022 exsilium

309 2060 474 2112 actus
522 2055 712 2112 fuerat
759 2055 832 2111 ob
873 2054 1242 2128 tyrannidem
1300 2055 1648 2116 affectatam,
1697 2058 1948 2108 testante

305 2145 528 2201 Joanne
547 2142 916 2216 Curopalata.
939 2143 1088 2198 Hine
1118 2143 1442 2216 necphytus
1470 2143 1540 2197 ad
1564 2141 1947 2213 patriarchale

305 2236 537 2290 evectus
568 2231 890 2304 fastigium,
933 2231 1318 2286 Alexandrino
1367 2234 1423 2284 et
1469 2230 1948 2301 Antiochertopa-

305 2319 578 2376 triarchis
607 2335 746 2374 suas
777 2319 1182 2391 praerogativas
1222 2317 1523 2374 detrahere
1553 2322 1810 2384 conatus,
1844 2319 1948 2373 de-

309 2423 474 2462 mum
499 2405 560 2461 in
589 2406 919 2462 Romanum
949 2406 1304 2478 pontiﬁcem,
1336 2411 1634 2478 totamque
1681 2407 1946 2462 Latinam

307 2493 628 2551 Ecclesiam
655 2509 718 2551 se
747 2495 1048 2560 convertit,
1081 2494 1270 2566 specie
1298 2495 1529 2566 quidem
1577 2499 1642 2548 ut
1671 2511 1802 2549 cum
1836 2495 1944 2550 lto-

309 2599 484 2640 mano
514 2582 786 2656 pontiﬁce
819 2587 877 2638 et
924 2583 1128 2638 Latina
1173 2581 1430 2638 Ecclesia
1477 2584 1945 2639 communionem

309 2671 570 2740 sarciret,
603 2671 705 2728 sed
737 2688 796 2728 re
822 2671 948 2744 ipsa
978 2675 1042 2726 ut
1069 2688 1277 2728 causas
1307 2671 1539 2743 utrique
1583 2670 1938 2728 conviciandi
1974 2703 2020 2768 Β

307 2765 590 2835 quareret
627 2778 693 2819 ac
739 2764 1094 2834 praetexeret.
1147 2761 1308 2816 Tunc
1361 2761 1630 2817 Romanae
1678 2760 1940 2817 Ecclesiae

305 2855 548 2926 praeerat
560 2849 671 2908 Leo
691 2851 782 2918 IX,
805 2850 1054 2906 Damaso
1073 2850 1326 2906 secundo
1347 2851 1628 2906 suﬁ‘ectus
1649 2867 1799 2908 anno
1819 2849 1944 2904 mil-

301 2939 511 2998 lesimo
542 2939 988 3012 quadragesimo
1022 2955 1196 3002 nono,
1229 2954 1342 3010 quo
1373 2943 1631 3010 tempore
1669 2940 1848 2996 Graeci
1883 2939 1942 2994 in

305 3027 520 3100 Apulia
531 3027 1174 3097 contraimperiatorem
1197 3027 1629 3082 rebellaverant.
1651 3027 1766 3083 Hac
1787 3045 1944 3083 occa-

307 3119 470 3173 sione
491 3115 822 3171 Cerularius
847 3115 1072 3170 litteras
1093 3114 1326 3186 scripsit
1343 3115 1412 3169 ad
1439 3116 1683 3171 Leonem
1709 3133 1942 3188 papam,

303 3223 429 3262 cum
453 3205 650 3272 multa,
678 3207 744 3258 ut
763 3203 1048 3274 ipse(1t2)
1077 3203 1286 3270 aiebat,
1319 3205 1707 3259 humilitatem
1731 3213 1855 3260 tum
1881 3213 1944 3260 ut

310 3297 420 3350 Leo
480 3309 616 3348 cum
673 3291 884 3348 Graecis
931 3291 1132 3345 eadem
1195 3291 1456 3358 sentiret,
1513 3300 1942 3364 removeretque

305 3381 582 3440 scandala
645 3397 776 3452 quas
819 3381 890 3435 de
940 3379 1159 3434 Latinis
1206 3380 1742 3436 circunt‘erebantur
1789 3384 1944 3439 circa

303 3471 680 3528 orthodoxam
711 3469 906 3533 ﬁdem,
938 3472 1066 3522 tum
1105 3473 1170 3523 ut
1199 3469 1392 3540 ipsum
1443 3469 1556 3524 sibi
1600 3471 1938 3526 benevolum

300 3559 586 3626 redderet,
613 3573 728 3628 quo
760 3574 862 3629 per
881 3573 1014 3612 eum
1049 3557 1395 3612 Francorum
1429 3557 1708 3613 auxilium
1739 3565 1942 3616 contra

301 3649 530 3704 Graecos
552 3644 1140 3716 rebellesimperatori
1157 3651 1542 3716 procuraret.»
1567 3647 1938 3703 Eodemtem-

303 3752 440 3809 pore
471 3734 672 3790 Petrus
695 3732 1024 3805 patriarcha
1055 3749 1237 3788 novus
1271 3734 1522 3789 ecclesiis
1545 3735 1936 3798 Antiocheam,

300 3840 450 3896 quae,
483 3821 567 3878 uti
595 3826 652 3878 et
669 3821 1073 3884 Alexandrina,
1099 3824 1411 3892 quamdam
1435 3838 1666 3894 semper
1683 3840 1943 3879 commu-

299 3913 534 3969 nionem
565 3927 698 3967 cum
731 3910 951 3965 Latinis
989 3912 1325 3970 retinuerat,
1378 3910 1600 3966 litteras
1638 3928 1768 3966 cum
1805 3914 1938 3967 ﬁdei

299 4000 595 4057 catholicae
625 3999 984 4071 professione
1007 3999 1166 4052 misit
1194 3999 1268 4054 ad
1305 4001 1548 4054 Leonem
1582 4001 1931 4072 pontiﬁcem,

299 4091 398 4162 qui
427 4091 554 4160 ejus
575 4060 996 4161 promotionem
1019 4087 1278 4142 laudavit
1297 4060 1933 4160 conﬁrmavitqueNon
1964 4060 2008 4127 θ’

295 4179 432 4236 tulit
463 4177 613 4232 hanc
655 4176 806 4231 Petri
837 4176 1178 4232 Antiocheni
1231 4179 1686 4232 moderationem
1717 4179 1944 4235 Cerula-

301 4269 445 4335 rius,
471 4281 820 4339 magnopere
839 4265 1178 4337 improbans
1197 4267 1348 4337 quod
1368 4267 1691 4322 Romanum
1713 4270 1872 4340 ponti
1884 4269 1941 4323 ﬁ-

300 4373 424 4414 cem
445 4355 503 4411 in
526 4354 708 4411 sacris
725 4353 1014 4426 diptychis
1045 4360 1543 4409 commemoraret.
1565 4355 1712 4418 Quin
1739 4357 1935 4422 etiam,

299 4444 592 4516 adjunctis
615 4442 727 4500 sibi
751 4443 938 4499 Leone
959 4442 1248 4498 Acridano
1273 4443 1706 4516 archiepiscopo
1727 4445 1935 4517 Bulga-

295 4551 516 4601 rorum,
549 4539 606 4590 et
634 4532 832 4588 Niceta
851 4532 1170 4600 Pectorato,
1209 4531 1386 4587 variis
1426 4533 1660 4604 scriptis
1687 4535 1935 4591 Leonem

296 4640 506 4698 papam
531 4627 586 4678 et
609 4621 871 4676 Latinam
897 4620 1210 4676 Ecclesiam
1257 4622 1585 4693 exagitavit.
1622 4623 1939 4697 Respondit

292 4714 362 4769 ad
390 4709 666 4768 Gerularii
685 4710 906 4765 litteras
925 4709 1130 4764 Petrus
1150 4709 1194 4780 (1
1210 4710 1229 4764 -Ι
1243 4709 1295 4782 3)
1322 4710 1713 4768 Antiochenus
1735 4732 1800 4770 ea
1822 4734 1936 4788 qua

293 4801 572 4874 praeditus
591 4804 714 4854 erat
733 4799 1148 4863 moderatione,
1171 4803 1228 4853 et
1247 4799 1600 4868 objectiones
1623 4803 1678 4857 in
1703 4804 1934 4863 Latinos

293 4889 368 4944 ab
397 4904 464 4944 eo
496 4886 676 4942 factas
708 4887 920 4958 partim
947 4885 1188 4956 insuper
1225 4885 1444 4940 habuit.
1499 4909 1526 4936 «
1563 4889 1628 4943 Et
1658 4889 1772 4946 alia
1803 4893 1930 4963 qui-

295 4978 450 5042 dem,
475 4974 685 5045 inquit,
709 4974 833 5030 visa
855 4978 994 5029 sunt
1017 4975 1378 5042 detestanda,
1411 4977 1600 5048 qualis
1635 4985 1724 5034 est
1751 4983 1930 5052 parti-

293 5062 438 5119 culae
459 5061 702 5132 Filioque
732 5061 977 5131 adjectio
1013 5061 1082 5116 ad
1125 5068 1386 5118 sanctum
1422 5067 1782 5135 Symbolum,
1817 5070 1931 5126 alia

294 5166 429 5206 vero
460 5148 784 5216 sanabilia;
816 5151 1065 5220 quadam
1116 5151 1364 5221 denique
1393 5153 1568 5221 digna
1599 5171 1726 5224 qum
1757 5157 1931 5212 dissi-

296 5238 614 5295 mulentur.
667 5236 770 5292 Ubi
823 5242 1014 5293 autem
1065 5255 1170 5294 nec
1211 5241 1364 5294 circa
1406 5241 1588 5294 Deum
1635 5259 1737 5296 nec
1775 5244 1932 5301 circa

297 5325 470 5382 ﬁdem
499 5323 823 5397 periculum
853 5329 960 5392 est,
995 5325 1466 5398 propenclendum
1490 5342 1720 5399 semper
1741 5331 1810 5386 ad
1833 5349 1930 5404 pa-

393 5485 514 5559 11g)
543 5485 729 5559 gerul.
761 5487 930 5559 epist.
965 5487 1038 5559 ad
1062 5487 1217 5559 Petr.
1253 5485 1512 5543 Antioch.
1954 5420 2003 5486 Β

391 5555 511 5630 113)
539 5555 779 5616 Coteler.
798 5555 951 5614 'tom.
984 5556 1030 5613 Il
1061 5556 1321 5612 Monum.
1349 5573 1406 5628 p.
1442 5561 1544 5616 145
1572 5568 1628 5620 et
1656 5582 1818 5643 seqq.

2060 1435 2364 1490 orirn'alea
2383 1437 2635 1504 tolerari,
2653 1455 2776 1510 quae
2791 1443 2924 1512 post
2943 1439 3196 1496 multum
3209 1441 3435 1500 laboris
3451 1461 3524 1500 ac
3540 1445 3758 1502 studii

2060 1539 2092 1574 n
2125 1541 2167 1571 ιη
2191 1540 2211 1594 ι
2235 1525 2483 1578 olnt-rint
2503 1526 2786 1581 exscindi.
2811 1528 2971 1592 Quod
3016 1527 3065 1583 si
3104 1545 3336 1597 eorum,
3377 1532 3607 1604 inquit,
3634 1533 3758 1606 qui

2057 1611 2164 1664 sub
2189 1612 2354 1668 nobis
2377 1613 2614 1684 degunt,
2639 1615 2970 1686 superiores
3005 1618 3247 1675 evadere
3282 1636 3401 1676 non
3425 1620 3757 1690 valemus,

2056 1713 2170 1768 quo
2195 1704 2360 1770 pacto
2383 1699 2542 1755 illam
2561 1707 2790 1773 gentem
2811 1705 3125 1776 superbam
3139 1705 3393 1780 altaeque
3413 1711 3687 1768 cervicis
3713 1729 3756 1768 ε.

2057 1785 2180 1840 θυῖε
2201 1795 2434 1842 consucl
2451 1789 2542 1846 udi
2557 1791 2725 1845 uibus
2748 1809 3014 1849 revocare
3036 1795 3358 1866 poterimus
3374 1797 3404 1852 Ἰ
3422 1801 3748 1856 Ceterum

2057 1892 2171 1928 non
2196 1875 2357 1930 facile
2381 1895 2548 1932 aures
2575 1881 2914 1949 praebendas
2938 1882 3213 1954 inanibus
3245 1883 3593 1954 calumniis,
3623 1904 3754 1944 nec

2057 1964 2488 2034 suspicionibus
2519 1972 2734 2022 temere
2778 1966 3110 2025 habendam
3161 1971 3358 2028 ﬁdem.
3394 1994 3424 2023 »
3457 1973 3746 2034 Domum

2055 2051 2178 2121 epis
2211 2053 2364 2106 olam
2396 2054 2476 2108 ita
2497 2055 2792 2110 concludit
2817 2073 2830 2110 :
2858 2081 2884 2106 «ι
2905 2061 3096 2129 Atque
3115 2059 3226 2114 hoc
3253 2061 3522 2118 divinam
3543 2068 3740 2123 tuam

2057 2139 2474 2196 beatitudinem
2515 2143 2820 2199 admittere
2851 2143 3159 2214 exhortor;
3203 2164 3296 2217 ne,
3331 2149 3478 2206 dum
3510 2154 3746 2211 omnia

2056 2227 2432 2297 requirimus,
2447 2231 2640 2284 omnia
2658 2231 3016 2288 amittamus.
3039 2257 3065 2282 υ
3081 2235 3478 2308 ῐῐωοθρίειοιθ,
3491 2241 3740 2313 scripta

2056 2319 2144 2370 est
2171 2321 2299 2386 post
2321 2321 2566 2373 mortem
2603 2319 2808 2375 Leonis
2829 2337 3012 2392 papae,
3033 2339 3160 2394 quae
3197 2341 3352 2382 anno
3385 2328 3528 2382 1054
3563 2331 3736 2386 occi-

2057 2405 2162 2472 dit,
2194 2404 2364 2474 cujus
2395 2407 2715 2462 successori
2749 2408 3127 2466 scribendum
3158 2418 3360 2470 monet
3388 2414 3636 2486 Petrus,
3661 2423 3740 2474 ut

2055 2493 2281 2561 objecta
2309 2493 2392 2547 ve!
2428 2499 2596 2565 neget
2623 2495 2710 2550 vel
2733 2501 2988 2553 excuset.

2126 2583 2177 2634 2.
2211 2580 2422 2636 Verum
2459 2583 2568 2638 Leo
2599 2601 2768 2655 papa,
2801 2587 3030 2658 urgenti
3064 2587 3219 2646 malo
3242 2607 3507 2663 prensans
3528 2611 3738 2652 reme-

2055 2668 2217 2722 dium
2253 2669 2644 2737 adhibiturus,
2664 2671 2884 2744 legatos
2907 2691 3042 2732 cum
3065 2675 3279 2736 litteris
3313 2680 3621 2739 direxerat
3644 2687 3731 2742 ad

2050 2756 2495 2812 Constantinum
2532 2759 2981 2818 Monomachum
3015 2763 3454 2837 imperatorem,
3481 2771 3736 2829 scilicet

2049 2845 2434 2900 Humbertum
2450 2847 2602 2902 cardi
2614 2849 2800 2904 nalem
2815 2851 3244 2926 etepiscopum,
3261 2860 3505 2916 Petrum
3515 2861 3736 2918 Amal-

2052 2934 2354 3004 phitanum
2399 2934 2921 3008 archiepiscopum,
2972 2945 3029 2995 et
3071 2942 3436 3002 Fridericum
3487 2955 3734 3008 sancta

2053 3022 2323 3076 Romanis
2357 3023 2616 3078 Ecclesia:
2640 3027 3089 3097 cancellarium;
3124 3033 3248 3102 qui,
3296 3035 3538 3094 visitata
3597 3041 3736 3111 pri-

2053 3125 2215 3164 mum
2245 3112 2542 3165 Gasinensi
2577 3115 2950 3180 monasterio,
2983 3124 3051 3172 ut
3079 3135 3199 3174 sua:
3222 3119 3542 3194 legationis
3579 3143 3733 3184 suc-

2051 3213 2280 3252 cessum
2315 3198 2428 3252 Deo
2459 3203 2956 3271 commendarent,
2989 3204 3049 3260 in
3082 3207 3288 3264 urbem
3320 3213 3550 3284 regiam
3587 3233 3738 3285 pro-

2052 3285 2182 3340 fecti
2215 3290 2372 3340 sunt.
2409 3290 2522 3341 Hos
2559 3289 2804 3360 benigne
2833 3296 2891 3346 et
2917 3293 3235 3351 honoriﬁce
3267 3300 3498 3370 excepit
3527 3302 3736 3376 impe-

2052 3379 2222 3440 rator,
2243 3381 2443 3429 contra
2459 3392 2635 3447 quam
2655 3378 3008 3446 Gerularius,
3033 3398 3209 3453 quem
3231 3385 3408 3458 legati
3426 3389 3485 3443 in
3511 3406 3735 3447 errore

2049 3462 2425 3518 obtirmatum
2482 3465 2851 3522 anathemate
2899 3469 3288 3540 perculerunt.
3340 3475 3732 3537 Humbertus

2049 3551 2304 3620 primum
2346 3553 2594 3606 Mediani
2643 3557 2981 3611 monasterii
3029 3558 3090 3613 in
3150 3560 3416 3619 Tullensi
3464 3566 3729 3624 diaecesi

2048 3639 2388 3703 monachus,
2413 3640 2664 3712 indeque
2693 3643 2934 3700 Romam
2961 3647 3254 3717 profectus
3271 3667 3408 3707 cum
3431 3653 3730 3714 Brunone

2047 3727 2226 3782 electo
2258 3729 2546 3799 pontiﬁce,
2579 3738 2752 3801 atque
2783 3733 2856 3787 ab
2895 3751 2962 3788 eo
3012 3742 3246 3794 creatus
3295 3743 3628 3800 cardinalis
3662 3755 3734 3803 et

2046 3817 2358 3887 episcopus
2389 3818 2554 3872 Silvae
2576 3818 2844 3875 Candida:
2877 3839 2980 3878 seu
3022 3825 3246 3882 Sanctae
3275 3828 3527 3894 Ruﬁna,
3551 3848 3718 3904 prm-

2047 3905 2246 3974 cipuas
2273 3907 2377 3958 hoc
2398 3907 2456 3960 in
2479 3907 2708 3979 negotio
2730 3915 2922 3979 partes
2941 3911 3168 3981 habuit,
3192 3914 3364 3988 isque
3389 3935 3549 3976 unus
3569 3939 3732 3980 voce

2047 4007 2112 4046 ac
2135 3993 2388 4064 scriptis,
2413 4010 2540 4064 quae
2557 4002 2806 4064 exstant,
2829 3999 3103 4056 Cerularii
3128 4004 3357 4075 objecta
3391 4012 3451 4062 et
3473 4025 3728 4068 errores

2047 4080 2336 4149 refutavit,
2358 4085 2414 4135 et
2435 4081 2692 4138 Nicetam
2721 4089 3086 4144 Pectoratum
3112 4091 3184 4148 ad
3223 4094 3726 4164 resipiscentiam

2047 4169 2306 4222 adduxit.
2331 4169 2535 4224 Petrus
2556 4172 3005 4244 Amalphitanus
3035 4179 3522 4254 archiepiscopus
3543 4203 3582 4240 a
3609 4192 3721 4244 Ce-

2050 4256 2262 4312 rulario
2283 4258 2496 4312 frustra
2509 4258 2798 4330 culpatur,
2817 4267 3104 4336 tanquam
3127 4268 3200 4322 ob
3223 4269 3492 4328 facinora
3511 4291 3544 4329 e
3567 4278 3722 4334 sede

2047 4362 2154 4401 sua
2176 4346 2400 4417 pulsus,
2441 4363 2612 4417 quem
2632 4351 2745 4420 pia:
2763 4355 3042 4408 memor-i2
3070 4357 3265 4412 virum
3302 4365 3474 4416 vocat
3495 4363 3723 4422 Petrus

2045 4432 2330 4506 Damiani(
2346 4435 2359 4487 Ι
2375 4435 2482 4506 14);
2494 4436 3007 4512 underedarguans
3020 4445 3293 4514 putidum
3308 4447 3716 4522 impostorem

2046 4522 2399 4585 Bennonem,
2423 4524 2663 4595 quicum
2686 4529 2756 4582 ob
2779 4527 2986 4596 malas,
3003 4536 3068 4586 ut
3086 4531 3212 4604 ipse
3236 4545 3519 4608 nugatur,
3545 4547 3718 4600 artes

2044 4609 2327 4702 infamare
2367 4618 2627 4678 conatur,
2669 4620 2732 4668 ut
2777 4615 3050 4702 Gregqrio
3095 4621 3194 4676 VII
3242 4624 3374 4694 ejus
3402 4627 3715 4702 discipulo

2044 4697 2232 4753 labem
2255 4699 2582 4772 adspergat.
2611 4702 2840 4758 Tertius
2873 4721 2903 4759 θ
2931 4697 3159 4779 Legatis
3195 4697 3712 4784 Fridericus,-Go-

2041 4787 2248 4842 det‘ridi
2273 4788 2495 4844 Tuscia:
2525 4791 2690 4846 ducis
2731 4792 2924 4860 frater,
2963 4795 3160 4852 Leonis
3186 4816 3354 4872 papae
3375 4808 3436 4858 et
3461 4803 3710 4865 Henrici

2040 4876 2405 4946 imperatoris
2429 4879 2788 4951 propinquus
2806 4872 2948 4949 erat,
2975 4891 3176 4957 postea
3199 4888 3548 4950 Casincnsis
3573 4913 3709 4954 mo-

2040 4967 2263 5019 nachus
2293 4972 2348 5020 et
2378 4968 2576 5033 abbas,
2609 4969 2740 5022 dein
2771 4973 3108 5045 cardinalis,
3142 4993 3209 5031 ac
3248 4979 3496 5036 demum
3534 5001 3708 5042 sum~

2038 5069 2170 5107 mus
2214 5055 2470 5122 pontifex
2516 5055 2588 5109 ad
2635 5056 2801 5113 breve
2850 5064 3084 5132 tempus
3132 5065 3247 5120 sub
3289 5068 3537 5128 nomine
3571 5073 3706 5131 Ste-

2039 5141 2212 5212 phani
2245 5141 2308 5196 X.

2105 5230 2158 5283 3.
2191 5229 2593 5300 Objectionum
2643 5235 2832 5307 capita
2897 5255 3022 5310 quas
3071 5242 3412 5303 Cerularius
3465 5249 3702 5310 Latinis

2035 5319 2438 5390 exprobrabat,
2471 5321 2682 5392 partim
2723 5325 2946 5397 eadem,
2992 5331 3208 5402 partim
3261 5333 3378 5392 alia
3417 5347 3596 5398 erant
3624 5344 3702 5400 ab

2107 5477 2250 5556 (114)
2277 5477 2426 5537 Patr.
2458 5480 2624 5541 Dam.
2655 5483 2782 5546 init.
2817 5503 3020 5562 opusc.
3057 5507 3250 5552 xxxw.
