3898 6428
148 438 260 519 iss

1385 456 1805 520 EXPOSITIO
1845 453 2353 521 PSALMORUM.

3348 443 3544 520 ’190

145 591 407 648 rabiliter
462 589 639 646 verba
691 587 987 663 propheta
1035 587 1283 663 percipe.
1331 588 1535 645 Oblivi.
1553 606 1700 658 cere,
1732 570 1791 646 id
1818 592 1873 659 Α
1902 608 2120 664 sponsa
2147 560 2472 664 profecerit,
2503 592 2566 645 ut
2590 604 2695 661 pro
2725 588 2982 644 antiduis
3023 588 3306 661 patribus,
3342 589 3400 646 id
3431 595 3539 660 est,

144 683 257 746 est,
291 677 495 736 desere
525 679 920 735 conventicula
950 694 1331 752 paganorum.
1362 682 1609 733 Domum
1645 694 1659 731 :
1693 677 1797 734 Ba-

142 766 444 841 byloniam
475 767 637 835 dicit,
670 767 728 822 id
761 772 849 823 est
879 768 1189 822 mundum.
1222 773 1442 822 Patrem
1477 766 1790 835 diabolum,

141 857 246 928 qui
280 873 481 912 revera
509 846 669 911 illam
700 856 942 912 domum
971 854 1334 912 confusionis
1365 855 1719 928 possidebat.

142 946 214 1001 13
287 947 354 1001 Et
373 946 712 1017 concupiscet
741 961 840 1000 rex
867 944 1112 1000 decorem
1141 952 1301 998 tuum
1332 962 1351 999 :

287 1036 565 1103 Quoniam
594 1034 706 1104 ipse
751 1038 807 1098 ἐκ
833 1039 913 1089 est
979 1038 993 1098 ζ
1040 1035 1303 1090 Dominus
1325 1037 1468 1089 Deus
1490 1036 1616 1088 tuus
1637 1023 1721 1101 3X-
1741 1035 1795 1086 et

361 1120 667 1177 adorabunt
694 1137 819 1177 eum
861 1128 875 1187 ζ
922 1165 935 1177 .

219 1209 261 1265 C
293 1210 413 1265 Rex
459 1210 655 1282 itaque
701 1210 831 1274 iste,
862 1208 1124 1265 Salvator
1166 1212 1277 1275 est,
1312 1210 1413 1282 qui
1462 1208 1795 1282 concupivit

139 1297 469 1354 Ecclesiam
504 1314 518 1352 :
552 1298 610 1353 in
651 1302 806 1353 sorte
856 1297 1070 1353 diaboli
1119 1298 1516 1353 constitutam.
1554 1297 1682 1368 Ipse
1708 1300 1798 1352 est

138 1386 438 1442 Dominus
466 1391 618 1442 Deus
647 1390 931 1453 tuus,non
955 1384 1052 1440 ille
1074 1402 1247 1456 quem
1274 1390 1499 1458 patrem
1523 1384 1755 1441 dicebas
1779 1402 1792 1440 :

136 1475 246 1547 qui
280 1479 338 1530 te
367 1474 583 1530 fecerat
610 1473 1002 1539 tenebrosam,
1035 1473 1137 1528 sed
1171 1472 1272 1544 qui
1306 1471 1618 1544 pristinam
1659 1472 1797 1527 sub-

136 1578 388 1619 movens
412 1561 707 1619 feditatem
732 1578 745 1616 :
770 1559 1271 1634 pulchritudinem
1296 1560 1403 1616 tibi
1425 1557 1669 1615 contulit
1689 1577 1797 1615 nu-

137 1650 413 1723 ptialem,
433 1668 609 1723 quem
641 1666 846 1706 omnes
876 1646 1072 1721 populi
1106 1648 1437 1704 adorabunt
1465 1646 1796 1704 Christiani.

142 1739 212 1795 M
244 1746 303 1805 σξ-
353 1741 420 1795 Et
464 1747 481 1806 ζ
547 1735 694 1810 filiae
728 1738 857 1810 Tyri
881 1740 943 1792 in
975 1738 1294 1792 muneribus
1326 1754 1344 1790 :

255 1828 483 1883 Vultum
531 1831 690 1881 tuum
734 1825 1164 1897 deprecabuntur
1207 1831 1263 1891 ξ-
1299 1840 1484 1880 omnes
1552 1831 1567 1891 ;
1608 1825 1802 1881 divites

324 1916 530 1987 plebis.

210 2004 261 2059 C
297 2004 494 2076 Tyrus
532 2002 948 2075 interpretatur
996 1999 1283 2073 angustia.
1317 2001 1362 2056 H
1395 2001 1464 2055 Et
1511 2000 1804 2072 signiﬁcat

137 2092 389 2148 animas
419 2088 480 2146 in
525 2090 796 2162 angustia
846 2090 1083 2161 positas,
1116 2089 1212 2145 ille
1255 2089 1410 2145 enim
1459 2090 1801 2145 muneribus

138 2180 345 2235 cordis
390 2179 614 2233 adorat.
650 2180 811 2233 Tunc
858 2194 991 2232 vero
1040 2176 1100 2232 in
1148 2175 1373 2233 vultum
1423 2176 1707 2246 Ecclesia,
1741 2178 1801 2233 id

139 2272 257 2334 est,
285 2267 345 2321 in
380 2264 695 2321 Christiani
726 2264 927 2338 populi
956 2265 1161 2321 faciem
1184 2264 1802 2338 intendimus,quando

140 2356 521 2427 maiestatem
556 2351 771 2409 Christi
806 2353 862 2409 in
884 2351 1173 2426 angustiis
1195 2353 1369 2426 positi
1395 2370 1409 2409 :
1434 2354 1546 2427 piis
1568 2354 1802 2410 ﬂetibus

143 2452 488 2509 exoramus.
514 2440 728 2497 Omnes
760 2440 986 2509 divites,
1013 2458 1127 2497 non
1156 2441 1316 2498 enim
1339 2441 1465 2498 sola
1485 2443 1799 2515 Tyrus,sed

140 2531 330 2588 etiam
362 2524 544 2586 totius
574 2524 781 2585 mundi
815 2530 1072 2585 adunata
1114 2529 1438 2594 diversitas.
1470 2535 1535 2585 ut
1563 2531 1648 2586 sic
1677 2530 1801 2585 vul-

143 2624 243 2676 tus
276 2616 552 2674 Ecclesia
584 2614 661 2673 sit
690 2614 778 2673 vel
810 2618 955 2673 fides
997 2617 1084 2673 vel
1132 2617 1455 2674 divinitatis
1503 2621 1800 2690 maiestas.

147 2709 217 2764 15
295 2707 489 2764 Omnis
518 2706 700 2776 gloria
726 2713 781 2769 οξ·
824 2700 941 2777 ejus
985 2713 998 2774 ζ
1066 2707 1205 2777 ﬁlia
1250 2708 1393 2778 regis
1422 2706 1490 2762 ab
1537 2709 1683 2763 intus
1713 2726 1733 2762 .-

293 2790 359 2851 In
386 2793 629 2865 ﬁmbriis
656 2797 840 2850 aureis
867 2797 1279 2851 circumamicta
1307 2796 1675 2853 varietatibus.

151 2884 221 2939 16
295 2882 651 2939 Adducentur
680 2885 797 2954 regi
824 2885 1063 2954 virgines
1090 2890 1210 2954 poSt
1238 2899 1359 2939 eam
1388 2902 1407 2939 :

294 2974 587 3029 Proxima
612 2972 730 3043 ejus
760 2960 1063 3043 afferentur
1092 2973 1214 3027 tibi.

224 3059 499 3117 CGloria
552 3064 643 3115 est
699 3059 991 3132 siquidem
1048 3058 1336 3124 Ecclesia,
1397 3061 1630 3132 quando
1677 3060 1810 3116 ﬁlia

153 3149 494 3222 principum
530 3147 651 3204 sive
690 3148 988 3220 justorum
1037 3152 1458 3205 convertuntur
1501 3149 1573 3204 ad
1615 3148 1812 3205 Domi-

153 3237 322 3307 dum,
346 3240 406 3291 et
436 3234 660 3292 secreta
688 3252 751 3292 se
780 3234 1026 3308 cupiunt
1046 3236 1237 3291 cordis
1268 3236 1569 3293 devotione
1585 3238 1807 3293 offerre.

1902 679 2192 735 idolorum
2239 678 2600 735 cultoribus:
2632 676 2753 733 nati
2805 676 3057 733 sint‘illi
3104 676 3207 733 ﬁlii
3250 679 3537 751 apostoli:

1902 784 2049 839 quos
2080 766 2372 840 principes
2398 766 2827 839 pradicationis
2860 766 2919 821 in
2942 770 3061 822 toto
3092 769 3378 823 terrarum
3404 767 3542 829 orbe

1900 855 2247 912 transmisit.
2273 855 2384 911 Sed
2415 859 2703 927 quantum
2734 858 2876 910 sunt
2900 854 3014 910 ista
3032 853 3541 928 disparia,tantum

1899 944 2174 1000 laudatur
2204 944 2482 1000 Ecclesia.
2511 943 2596 999 Illi
2628 943 2784 999 enim
2812 947 2978 998 erant
3015 943 3350 999 seductores
3381 960 3542 999 erro-

1901 1032 2004 1097 ris,
2038 1032 2133 1088 isti
2165 1032 2430 1105 magistri
2477 1031 2757 1088 veritatis.
2793 1031 2881 1089 Illi
2929 1031 3300 1099 seminabant
3344 1031 3540 1101 exitia,

1900 1121 1997 1176 isti
2027 1120 2413 1177 hortabantur
2442 1121 2512 1176 ad
2543 1120 2746 1176 vitam.

1904 1208 1971 1262 i9
2042 1209 2240 1265 Memor
2267 1224 2358 1264 ero
2385 1209 2627 1264 nominis
2656 1210 2740 1263 tui
2765 1226 2785 1263 .-

2041 1298 2105 1351 In
2133 1298 2285 1351 omni
2310 1299 2657 1368 generatione
2685 1303 2738 1352 et
2769 1299 3136 1366 generatione.

1976 1384 2016 1438 ll
2050 1384 2184 1439 Ideo
2214 1400 2505 1440 memores
2536 1388 2711 1439 erunt
2742 1384 2997 1440 nominis
3026 1384 3132 1456 tui,
3156 1386 3294 1457 quia
3317 1403 3548 1461 semper

1902 1475 1959 1527 te
1987 1470 2391 1544 pradieabunt
2418 1472 2817 1544 apostoli,sive
2838 1473 3205 1529 adiﬁcabunt
3226 1475 3286 1530 in
3306 1490 3547 1547 genera-

1902 1560 2163 1617 tionibus
2192 1565 2550 1617 sanctorum.
2584 1562 2717 1617 Sive
2748 1559 3000 1633 populus
3021 1561 3388 1626 Christianus
3416 1578 3549 1637 apo-

1905 1646 2185 1703 stolorum
2217 1648 2625 1719 pradicatione
2656 1665 2970 1706 conversus
2997 1666 3221 1706 memor
3238 1650 3352 1706 erit
3368 1653 3550 1707 nomi-

1906 1735 1998 1791 nis
2029 1734 2264 1790 Christi.
2296 1735 2478 1792 Habet
2504 1737 2659 1793 enim
2706 1738 2967 1794 Romana
3016 1738 3319 1795 translatio
3346 1740 3548 1812 (quam

1908 1823 2280 1879 Hieronimus
2311 1823 2404 1879 hic
2431 1828 2487 1879 et
2515 1825 2898 1883 Cassiodorus
2945 1826 3235 1899 sequitur)
3256 1845 3546 1885 memores.

1907 1912 1977 1965 20
2049 1912 2341 1983 Propterea
2363 1914 2556 1984 populi
2582 1915 2982 1985 conﬁtebuntur
3001 1917 3114 1972 tibi
3140 1917 3199 1971 in
3228 1920 3502 1975 atemum
3530 1935 3549 1974 :

2050 2000 2114 2054 Et
2142 2001 2203 2054 in
2230 2001 2489 2056 saeculum
2514 2009 2568 2068 -:~
2615 2004 2802 2059 seaculi
2862 2010 2911 2069 ζ.

1981 2089 2029 2144 Η
2060 2089 2142 2145 Ob
2174 2105 2377 2145 eorum
2410 2086 2872 2162 praedicationem
2897 2109 2911 2147 :
2936 2093 3371 2150 conﬁtebuntur
3389 2095 3550 2151 Chri-

1910 2179 1999 2233 sto
2031 2193 2264 2249 semper
2290 2177 2489 2250 p0puli
2539 2178 2767 2235 delicta.
2798 2179 2899 2235 Vel
2948 2181 3400 2238 conﬁtebuntur.
3423 2184 3481 2239 'A
3506 2167 3551 2239 C

1909 2264 1967 2320 id
1995 2273 2071 2321 est
2102 2267 2161 2320 in
2187 2267 2520 2337 confessione
2545 2268 2799 2340 symboli,
2818 2267 2875 2323 id
2896 2273 2976 2325 est
2999 2270 3217 2341 quando
3245 2272 3553 2342 symbolum

1910 2353 1970 2409 in
2020 2353 2284 2410 Ecclesia
2330 2354 2475 2411 facie
2524 2355 2754 2428 publice
2800 2357 3377 2431 esnﬁtentursA‘Vel
3425 2358 3551 2415 lau-

1910 2442 2101 2498 dando
2132 2441 2567 2499 confitebuntur
2595 2444 2654 2499 in
2688 2443 2970 2499 saculum
3002 2445 3320 2517 saculi,hic
3344 2452 3554 2521 etpost

1910 2530 2061 2586 hanc
2088 2530 2266 2586 vitam
2299 2530 2357 2586 in
2388 2536 2690 2588 aeternum.
2726 2534 2788 2587 In
2815 2532 3092 2589 saculum
3112 2522 3324 2590 saeculi
3356 2536 3554 2592 futura

1911 2619 2202 2692 significat
2230 2621 2463 2693 quando
2496 2637 2509 2675 :
2544 2620 2738 2677 omnis
2768 2621 3086 2677 adversitas
3111 2624 3554 2696 conquiescit,et

1912 2712 2115 2781 regnat
2168 2707 2295 2763 sola
2337 2707 2588 2780 justitia,
2616 2708 3023 2767 contrarietate
3079 2710 3294 2767 diaboli
3340 2712 3549 2780 deleta,

1911 2800 2051 2851 tunc
2080 2796 2236 2852 enim
2279 2797 2709 2854 confitebuntur
2738 2814 2752 2853 :
2782 2796 3028 2870 gloriam
3076 2799 3177 2856 Dei
3224 2802 3551 2858 enarranda

1914 2880 2102 2956 plene.

2385 2990 2586 3030 ORATIO
2622 2992 2695 3031 EX
2731 2991 2889 3031 PSAL.
2929 2990 3078 3031 κων.

1987 3059 2212 3116 Christe
2242 3060 2746 3129 Domine,verhum
2770 3062 2953 3118 Patris
2980 3065 3107 3135 (per
3135 3078 3311 3136 quem
3340 3068 3552 3123 cuncta

1920 3152 2112 3203 creata
2141 3152 2280 3204 sunt
2308 3152 2364 3204 et
2393 3150 2706 3220 creantur),
2734 3148 2961 3204 custodi
2991 3166 3329 3221 quasumus
3358 3148 3550 3209 Eccle-

1919 3235 2069 3291 siam
2100 3239 2263 3292 tuam
2288 3235 2562 3292 varietate
2592 3236 2853 3308 gentium
2884 3241 3385 3309 congregatam,ut
3408 3240 3551 3295 dum

148 3326 237 3381 Ah
268 3326 435 3380 intus
466 3321 624 3380 enim
656 3328 744 3380 est
776 3340 789 3378 :
819 3323 878 3379 in
911 3327 1140 3380 secreto
1177 3341 1459 3381 sensuum
1490 3342 1552 3382 se
1578 3323 1807 3382 Christo
1836 3310 1880 3377 C
1915 3326 1970 3378 te
1993 3339 2061 3378 ex
2081 3323 2208 3395 ipsa
2228 3323 2833 3395 credulitatisjustitia
2852 3325 3025 3380 corde
3046 3341 3191 3396 puro
3213 3325 3511 3398 diligimus
3538 3345 3551 3383 :

149 3414 383 3471 offerre.
419 3404 690 3468 Fimbria
740 3416 878 3467 sunt
923 3412 1174 3468 ﬁnitima
1218 3414 1487 3481 vestium,
1521 3430 1625 3486 per
1662 3431 1810 3487 quas

148 3502 528 3576 signiﬁcatur
579 3504 841 3557 extrema
885 3500 1003 3556 vita
1048 3498 1353 3557 hominum
1389 3517 1401 3555 :
1438 3520 1565 3574 qua
1620 3519 1806 3558 aurea

149 3591 318 3646 dicta
351 3593 519 3655 sunt,
551 3588 694 3661 quia
723 3586 781 3643 in
815 3589 929 3644 fine
963 3592 1079 3645 tota
1108 3589 1383 3662 perfectio
1415 3595 1524 3657 est,
1548 3590 1648 3648 ubi
1678 3591 1809 3647 cha-

147 3679 294 3735 ritas
325 3674 681 3751 plenissima
708 3672 867 3734 velut
895 3672 1072 3732 aurea
1099 3676 1401 3749 reperitur.
1434 3677 1809 3735 Circumami-

148 3770 239 3822 cta
268 3761 822 3836 varietate,propter
847 3764 1038 3820 varias
1066 3759 1311 3821 virtutes
1350 3765 1611 3823 fidelium
1643 3767 1806 3837 dicit,

149 3872 300 3927 quas
332 3850 614 3927 superius
635 3850 1035 3925 exposuimus.

216 3942 258 3999 Β
285 3940 678 3998 Adducentur
706 3942 846 4008 regi,
873 3939 1128 4011 virgines,
1153 3938 1347 3998 deinde
1375 3944 1651 4002 viduaEt
1680 3944 1808 4001 vide

149 4031 205 4086 in
238 4029 393 4104 ipsis
426 4027 769 4085 nominibus
799 4045 915 4084 non
947 4027 1232 4085 mininam
1265 4047 1394 4087 esse
1441 4032 1803 4089 distantiam.

147 4118 428 4194 Virgines
452 4116 611 4173 enim
630 4114 777 4172 dixit
792 4112 1170 4189 adduci,quia
1199 4118 1529 4192 integritate
1549 4121 1807 4193 corporis

148 4207 407 4263 robusta
440 4208 600 4262 sunt.
637 4204 857 4259 Viduas
892 4220 1026 4260 vero
1078 4198 1223 4260 dixit
1265 4207 1477 4276 ail‘erri,
1510 4225 1637 4280 qua
1686 4208 1804 4281 ple-

150 4312 405 4367 rumque
438 4294 636 4349 fracta
683 4292 929 4348 diversis
977 4291 1473 4350 sollicitﬂdinibus
1508 4313 1520 4352 :
1551 4296 1809 4369 corporis

148 4382 559 4440 imbecillitate
586 4380 926 4455 fatigantur.
954 4379 1285 4436 All‘erentur
1315 4380 1494 4455 igitur
1535 4384 1806 4456 proxima

147 4470 402 4537 Christo,
437 4469 553 4524 hoc
582 4473 673 4525 est
700 4469 885 4524 vidua
916 4468 1112 4535 casta,
1147 4485 1273 4541 qua
1316 4471 1501 4543 gradu
1550 4468 1807 4528 inferiori

142 4559 510 4632 junguntur.
524 4556 672 4612 Nam
694 4573 828 4612 cum
850 4556 1155 4629 virginitas
1185 4552 1395 4613 habeat
1424 4559 1808 4617 centesimum

149 4646 430 4714 fructum,
466 4644 583 4700 ista
612 4642 979 4717 sexagesima
1006 4642 1270 4701 ubertate
1300 4642 1597 4719 gloriatur.

151 4733 213 4791 l7
284 4730 614 4810 Aferentur
646 4734 705 4788 in
737 4733 938 4789 latitia
965 4741 1017 4789 et
1043 4730 1406 4790 exsultatione
1434 4752 1453 4788 :

285 4823 650 4879 Adducentur
676 4822 736 4877 in
769 4820 1030 4894 templum
1059 4822 1226 4893 regis.

214 4906 256 4967 C
286 4910 505 4968 Merito
536 4926 675 4983 ergo
704 4904 928 4965 dictum
960 4914 1050 4965 est
1094 4908 1432 4967 adducentur
1475 4908 1536 4967 in
1583 4910 1803 4981 latitia,

151 5001 285 5071 quia
310 4999 416 5057 ille
445 4997 677 5072 fragilis
707 5015 881 5054 sexus
910 4996 1045 5053 vieit
1072 4994 1449 5071 gravissimas
1497 5017 1804 5073 corporum

153 5089 460 5159 passiones
491 5104 507 5142 :
543 5103 673 5159 qua
704 5085 1047 5159 angelorum
1080 5084 1220 5141 sunt
1249 5080 1588 5143 ministeriis
1620 5078 1803 5145 addu-

153 5181 266 5243 cta,
298 5194 419 5233 non
454 5174 653 5232 solum
686 5174 747 5229 in
778 5176 1155 5247 conspectum
1186 5172 1284 5228 sed
1319 5172 1494 5232 etiam
1542 5175 1603 5232 in
1650 5170 1802 5233 tem-

154 5262 330 5333 plum,
365 5265 426 5320 id
454 5267 572 5331 est,
604 5261 663 5317 in
697 5258 1019 5334 penetralia
1049 5262 1220 5334 regis,
1252 5262 1308 5317 id
1353 5262 1457 5328 esi,
1489 5258 1549 5317 in
1576 5262 1807 5322 Jerusao

155 5348 258 5407 lem
292 5354 586 5417 futuram,
622 5349 725 5405 ubi
754 5348 981 5405 venisse
1012 5366 1027 5405 :
1055 5350 1292 5405 beatum
1322 5348 1601 5423 gaudium
1634 5358 1722 5409 cst
1750 5358 1807 5411 et

157 5438 402 5509 glorIOsa
432 5438 753 5497 securitas.

159 5527 219 5581 18
283 5535 395 5587 Ρνῗ)
421 5530 687 5603 patribus
712 5528 830 5583 tuis
858 5529 984 5581 nati
1008 5531 1141 5582 sunt
1170 5526 1273 5581 tibi
1295 5526 1412 5598 ﬁlii
1432 5547 1450 5583 .'

286 5616 598 5674 Constitues
627 5632 718 5673 eos
734 5615 1014 5690 principes
1042 5626 1206 5686 super
1232 5629 1444 5670 omnem
1473 5624 1694 5672 terram.

220 5700 259 5760 C
282 5702 401 5765 Pro
425 5700 710 5781 patribus
738 5703 878 5759 tuis.
898 5698 1073 5759 ‘Nu'nc
1104 5698 1337 5773 exponit
1365 5702 1650 5773 quantum
1681 5700 1802 5761 hac

1835 4669 1884 4735 D

1917 3410 2309 3484 principatum
2324 3412 2519 3468 aterni
2540 3411 2737 3468 saculi
2759 3428 2895 3468 cum
2917 3412 3552 3484 patribusmereamur.

1916 3499 2023 3563 Qui
2053 3516 2187 3555 cum
2219 3500 2404 3570 Patre,
2435 3505 2547 3556 etc.

2465 3605 2794 3664 PSALMUS
2834 3606 2999 3662 XLV.

2349 3693 2750 3733 ARGUMENTUM
2790 3695 2947 3734 PSAL.
2986 3695 3113 3734 XLV.

1985 3764 2027 3820 C
2055 3764 2178 3820 Vox
2202 3764 2481 3836 ﬁdelium,
2516 3765 2576 3821 in
2607 3765 3041 3837 perturbatione
3072 3766 3267 3823 saculi
3290 3768 3405 3826 Deo
3426 3786 3557 3843 pro-

1915 3856 2130 3909 tectore
2160 3852 2306 3908 nihil
2336 3853 2695 3910 timentium.

1984 3928 2099 3996 TT.
2131 3944 2194 3999 In
2222 3943 2386 4013 ﬁnem
2413 3943 2548 4014 ﬁliis
2576 3946 2712 4001 Core
2735 3959 2838 4015 pro
2866 3945 3088 3999 arcanis
3105 3945 3375 4001 Psalmus.

1986 4029 2028 4085 C
2055 4029 2117 4085 In
2148 4030 2323 4086 ﬁnem
2357 4046 2370 4085 :
2405 4035 2609 4087 notum
2641 4036 2732 4088 est
2761 4031 3255 4104 quemadmodum
3285 4033 3358 4087 ad
3389 4032 3555 4089 Chri-

1916 4121 2074 4173 stum
2106 4119 2291 4190 possit
2320 4119 2541 4174 rel‘erri.
2577 4118 2704 4175 Filii
2733 4122 2910 4175 Core:
2945 4118 3073 4175 Filii
3122 4118 3461 4191 Christiani,
3488 4137 3557 4177 ex

1918 4223 2167 4279 quorum
2198 4222 2446 4277 persona
2474 4207 2738 4283 psalmus
2768 4207 2877 4264 iste
2897 4206 3262 4264 canitur.Pro
3278 4208 3513 4265 arcanis
3539 4226 3552 4264 :

1919 4292 2228 4348 adventum
2260 4291 2552 4363 significat
2581 4294 2917 4361 Salvatoris,
2948 4311 3123 4367 quem
3174 4292 3426 4353 mirabili
3465 4313 3555 4355 se-

1917 4384 2073 4436 creto
2105 4397 2207 4453 pro
2237 4380 2541 4436 hominum
2573 4380 2762 4438 salute
2792 4382 3103 4455 disposuit.

1861 4441 1864 4445 ὓ
1919 4470 1944 4525 1
2021 4441 2158 4525 Deus
2186 4474 2369 4525 noster
2390 4471 2664 4540 refugium
2689 4477 2742 4526 et
2770 4441 2941 4527 virtus
2970 4489 2991 4527 :

2023 4557 2250 4629 Adjutor
2298 4559 2358 4613 in
2403 4557 2851 4615 tribulationibus
2905 4575 3031 4632 gua
3085 4561 3413 4617 invenerunt
3458 4579 3555 4620 nos

2090 4663 2259 4702 ηιηιιδ
2266 4688 2279 4701 .

1984 4736 2025 4788 C
2053 4735 2234 4799 Quam
2267 4732 2511 4807 pulchra
2540 4718 2832 4801 diiﬁnitio,
2865 4735 3034 4807 quasi
3062 4735 3557 4812 interrogarentur

1915 4822 2227 4878 Christiani
2259 4839 2273 4878 :
2300 4821 2403 4878 ﬁlii
2433 4827 2591 4879 Core.
2626 4816 2767 4891 Quid
2794 4831 2872 4879 est
2899 4828 3043 4880 Deus
3090 4830 3555 4901 uastari-respon-

1913 4911 2076 4967 deant
2102 4930 2118 4966 :
2153 4913 2427 4984 refugium
2453 4916 2505 4967 et
2536 4913 2709 4967 virtus
2737 4919 2790 4967 et
2807 4912 3043 4984 adjutor.
3077 4912 3386 4986 Refugium
3418 4914 3555 4971 iide-

1914 4998 2079 5067 lium,
2112 5001 2348 5073 quando
2379 5004 2478 5057 eos
2501 5001 2572 5056 de
2601 4999 2810 5057 anima
2853 4998 3110 5073 periculo
3158 4999 3390 5057 liberat.
3422 5001 3552 5057 Vir-

1910 5092 2030 5155 tus,
2059 5091 2295 5162 quando
2326 5107 2526 5147 eorum
2559 5094 2783 5147 mentes
2809 5084 3093 5147 stabiliter
3119 5090 3193 5146 ab
3225 5089 3428 5163 iniquo
3456 5108 3551 5147 er-

1910 5193 2038 5233 rore
2066 5177 2454 5249 custodit.Adj
2464 5182 2593 5235 utor
2614 5178 2673 5233 in
2697 5176 3333 5245 tribulationibus,cum
3356 5177 3555 5235 divina

1916 5264 2314 5320 misericordia
2343 5283 2449 5321 nos
2479 5266 2537 5321 in
2570 5265 3045 5321 tribulationibus
3092 5266 3337 5339 suscipit
3366 5271 3425 5322 et
3452 5266 3551 5322 de-

1914 5352 2118 5409 fendit.

1910 5443 1947 5494 2
2016 5442 2307 5511 Propterea
2330 5456 2439 5515 non
2469 5441 2779 5496 timebimus
2821 5439 2952 5495 dum
2998 5442 3311 5499 turbabitur
3357 5449 3499 5497 terra
3531 5454 3551 5493 :

2016 5528 2081 5584 Et
2110 5529 2480 5598 tranferentur
2504 5538 2708 5585 montes
2736 5530 2797 5583 in
2824 5544 2917 5584 cor
2941 5532 3134 5585 maris.
3286 5598 3289 5599 ν
3438 5600 3445 5607 ,

1981 5620 2021 5689 C
2049 5616 2357 5687 Propterea
2412 5633 2527 5673 non
2580 5614 2942 5682 timebimus,
2976 5616 3115 5689 quia
3145 5616 3204 5671 in
3253 5611 3553 5671 Christum

1912 5703 2225 5772 credimus.
2258 5702 2305 5759 H
2331 5692 2377 5758 ϐ’
2398 5703 2547 5761 Dum
2580 5700 2916 5760 turbabitur
2945 5698 3117 5769 terra,
3150 5701 3207 5758 id
3239 5704 3349 5766 est,
3382 5701 3555 5763 gene-
