3910 6342
89 493 190 556 861

883 485 988 552 DE
1030 487 1470 556 CONF‘LIGTU
1512 490 1898 560 VITIORUM
1942 493 2203 571 ATQUE
2246 496 2690 583 VIRTUTUM.

3363 472 3485 570 res

87 621 306 687 Christo
336 622 475 684 Jesu
514 617 776 717 vincula,
831 622 1092 695 verbera,
1126 622 1373 717 flagella,
1436 643 1715 697 carceres,
1751 632 1804 699 Α
1836 630 2067 689 Lucifer
2094 632 2153 690 in
2182 631 2372 692 οωιοῖ
2403 634 2529 709 (13a.
2560 634 2698 717 xiv.)
2728 632 2891 703 Quod
2920 631 3019 695 ille
3047 630 3119 695 de
3159 634 3323 698 tanta
3378 655 3481 698 su-

83 716 330 792 equulei,
365 730 590 782 cruces,
619 717 679 772 et
710 714 761 771 si
793 731 910 788 qua
939 719 1080 772 sunt
1110 716 1475 773 diversorum
1508 733 1727 792 genera

82 809 520 867 tormentorum.
555 806 861 874 Quomodo
892 821 1030 878 ergo
1058 823 1261 862 verum
1297 806 1406 863 erit
1436 809 1589 880 quod
1626 825 1726 882 per

78 896 409 971 Apostolum
443 895 667 964 sonuit,
699 899 769 951 ut
796 910 1003 951 omnes
1034 895 1127 967 pie
1144 895 1430 963 viventes,
1455 914 1724 969 persecu-

78 988 287 1044 tionem
322 983 633 1058 patiuntur
662 984 691 1039 ?
718 985 803 1040 An
843 984 992 1040 forte
1022 1001 1194 1040 nemo
1245 986 1408 1057 pacis
1465 990 1725 1059 tempore

76 1078 193 1133 vult
222 1076 317 1149 pie
347 1074 542 1130 vivere
571 1074 635 1129 in
665 1073 895 1130 Christo
926 1074 1090 1141 Jesu,
1127 1080 1183 1129 et
1211 1074 1341 1132 ideo
1398 1077 1612 1132 desunt
1642 1077 1723 1132 is-

81 1173 131 1223 ta
156 1167 183 1221 ?
212 1164 353 1233 Quis
385 1163 500 1219 hoc
540 1162 631 1220 vel
690 1163 987 1236 desipiens
1017 1163 1277 1219 dixerit?
1334 1166 1396 1220 In
1431 1165 1540 1221 hac
1586 1183 1723 1239 ergo

74 1254 322 1330 Apostoli
363 1253 668 1310 sententia
708 1269 823 1309 non
847 1252 1122 1325 specialis
1172 1255 1586 1325 quorumdam,
1619 1256 1721 1312 sed

75 1344 353 1419 generalis
386 1343 659 1399 omnium
703 1342 1030 1415 persecutio
1099 1343 1271 1398 debet
1328 1343 1594 1418 intelligi.
1654 1346 1723 1401 Et

75 1436 297 1509 quidem
345 1436 496 1489 sunt
542 1432 719 1489 multi
765 1431 921 1487 intra
960 1432 1157 1487 sinum
1216 1433 1423 1490 matris
1456 1433 1720 1490 Ecclesiae

73 1522 385 1590 constituti,
424 1522 531 1595 qui
564 1521 658 1595 pie
687 1521 943 1578 viventes
974 1521 1032 1577 in
1064 1521 1313 1589 Christo,
1348 1523 1721 1580 contumeliis

72 1616 475 1681 assumuntur,
512 1610 865 1684 opprobriis,
899 1610 1151 1682 injuriis,
1186 1611 1579 1668 derisionibus
1635 1611 1718 1667 la-

70 1704 382 1758 cessuntur.
418 1702 546 1755 Ista
575 1717 679 1755 nec
709 1698 810 1756 illa
838 1699 1128 1772 generalis
1155 1700 1504 1772 persecutio,
1541 1718 1716 1772 quam

68 1789 366 1865 Apostolus
413 1806 633 1847 omnes
664 1789 757 1862 pie
815 1789 1072 1846 viventes
1129 1789 1248 1862 pati
1310 1789 1714 1862 descripserat,

70 1898 188 1938 cum
215 1880 334 1936 sint
363 1879 622 1952 quidam
657 1877 937 1950 religiosi,
972 1878 1187 1951 quibus
1210 1895 1381 1935 nemo
1403 1897 1713 1952 pravorum

69 1971 262 2027 audeat
285 1969 346 2024 in
380 1968 604 2027 faciem
638 1969 937 2040 derogare.

129 2061 249 2118 Alia
278 2076 415 2115 vero
438 2058 721 2130 quaedam
754 2055 1137 2129 intelligenda
1161 2061 1268 2125 est,
1319 2074 1447 2130 qua:
1501 2057 1711 2116 imma-

70 2150 200 2220 nior,
225 2155 281 2206 et
310 2148 515 2222 magis
547 2146 720 2203 noxia
750 2150 856 2215 est,
891 2162 1067 2218 quam
1100 2163 1215 2202 non
1276 2146 1597 2204 materialis
1626 2149 1713 2205 in-

69 2243 280 2312 torquet
309 2236 622 2303 severitas,
659 2235 763 2291 sed
806 2234 1085 2290 vitiorum
1116 2234 1307 2307 gignit
1364 2236 1707 2293 adversitas.

72 2330 200 2385 Dum
226 2327 381 2384 enim
436 2330 649 2382 contra
702 2323 1099 2380 humilitatem
1160 2325 1454 2397 superbia,
1509 2330 1712 2382 contra

72 2420 157 2475 Dei
194 2418 460 2474 timorem
498 2414 696 2470 inanis
729 2413 933 2487 gloria,
967 2417 1172 2470 contra
1222 2430 1420 2470 veram
1476 2415 1709 2488 religio-

72 2524 184 2563 nem
204 2506 749 2576 simulatio,contra
768 2503 1189 2575 subjectionem
1213 2507 1435 2576 pugnat
1457 2508 1710 2560 contem-

74 2602 211 2669 ptus,
232 2601 433 2653 contra
473 2595 799 2650 fraternam
845 2592 1408 2664 congratulationem
1461 2580 1706 2660 invidia,

73 2692 247 2742 contra
278 2684 661 2741 dilectionem
693 2681 916 2750 odium,
950 2686 1152 2737 contra
1181 2680 1507 2737 libertatem
1532 2684 1705 2753 justas

73 2774 422 2831 cerreetionis
455 2771 765 2839 detractio,
801 2775 1004 2826 contra
1026 2770 1367 2843 patientiam
1430 2772 1532 2839 ira,
1569 2789 1705 2827 con-

71 2870 147 2920 tra
175 2861 692 2921 mansuetudinem
724 2859 1036 2933 protervia,
1096 2864 1299 2915 contra
1355 2860 1701 2915 satisfactio-

74 2970 181 3009 nem
202 2959 413 3022 tumor,
439 2953 653 3008 contra
681 2948 985 3022 spirituale
1015 2948 1297 3020 gaudium
1311 2948 1605 3005 saecularis
1626 2948 1705 3004 vi-

73 3047 138 3109 ta,
158 3047 347 3100 contra
373 3040 623 3097 virtutis
676 3038 995 3094 exercitum
1055 3042 1252 3110 torpor
1306 3038 1391 3094 vel
1451 3037 1699 3111 ignavia,

75 3135 249 3188 contra
278 3133 515 3186 ﬁrmam
553 3126 937 3183 stabilitatem
970 3125 1255 3182 dissoluta
1282 3127 1532 3198 vagatio,
1565 3143 1702 3182 con-

77 3223 152 3275 tra
178 3221 291 3293 spei
323 3219 609 3275 fiduciam
644 3215 992 3288 desperatio,
1039 3221 1242 3271 contra
1298 3216 1505 3270 mundi
1564 3232 1699 3271 eon-

73 3313 329 3382 temptum
362 3307 689 3381 cupiditas,
722 3308 923 3360 contra
952 3302 1413 3360 misericordiam
1445 3303 1698 3360 obdura-

1837 720 2122 779 blimitate
2152 740 2256 797 per
2295 725 2633 799 superbiam
2663 725 2894 794 cecidit,
2926 729 2990 784 tu
3014 727 3085 784 ad
3116 730 3343 785 tantam
3370 729 3485 787 cel-

1835 810 2150 868 situdinem
2186 815 2537 887 superbiens
2566 816 2637 872 de
2667 815 2806 872 imis
2866 817 3270 875 conscendens
3299 818 3328 874 ?
3384 818 3486 892 qui

1834 899 1953 967 illa,
1985 902 2245 974 quandiu
2278 902 2373 959 hic
2398 904 2561 971 vivis,
2605 905 2938 962 conditione
2976 905 3215 976 teneris,
3265 907 3338 964 de
3368 924 3488 980 qua

1833 1005 1934 1059 per
1962 993 2278 1063 quemdam
2309 993 2632 1066 sapientem
2674 992 2891 1050 dicitur
2922 1012 2936 1051 :
2990 1018 3026 1051 ,‹‹
3060 995 3286 1069 Corpus
3318 999 3475 1070 quod

1833 1081 2229 1152 corrumpitur
2258 1086 2538 1154 aggravat
2563 1082 2823 1139 animam
2855 1088 2912 1139 et
2941 1083 3221 1158 deprimit
3248 1089 3484 1144 terrena

1832 1166 2177 1226 inhabitatio
2209 1186 2449 1226 sensum
2482 1171 2667 1228 multa
2708 1172 3063 1246 cogitantem
3096 1173 3246 1248 (Sap.
3315 1180 3412 1246 ιχ).
3448 1199 3479 1230 ››

1831 1258 2015 1322 Quam
2047 1259 2416 1316 densissimis
2448 1265 2725 1333 putamur
2772 1262 2835 1316 in
2867 1266 3022 1318 terra
3080 1264 3371 1336 superbia;
3401 1269 3482 1323 ιθ-

1832 1346 2048 1413 nebris,
2083 1346 2275 1403 lutum
2309 1349 2542 1415 involvi,
2576 1351 2625 1405 si
2656 1349 2847 1422 potuit
2876 1350 2935 1405 in
2967 1351 3109 1407 coelo
3142 1353 3327 1423 stella,
3353 1371 3480 1428 quae

1834 1446 2007 1490 man‘e
2038 1436 2350 1506 oriebatur,
2382 1438 2530 1494 lucis
2552 1455 2669 1494 suae
2701 1438 2903 1511 globos
2950 1441 3215 1498 amittere
3243 1443 3271 1498 ?
3327 1444 3478 1500 Audi

1828 1539 1966 1596 ergo
1998 1525 2197 1596 potius
2239 1526 2431 1583 lucem
2464 1526 2724 1584 veritatis
2758 1526 3047 1584 dicentem
3083 1546 3096 1584 :
3160 1552 3189 1580 ‹‹
3226 1530 3334 1595 Qui
3390 1547 3479 1587 se-

1829 1613 2029 1684 quitur
2059 1631 2151 1671 me
2183 1632 2300 1672 non
2331 1616 2597 1673 ambulat
2624 1616 2683 1671 in
2741 1617 3020 1685 tenebris,
3082 1617 3185 1674 sed
3245 1619 3482 1677 habebit

1826 1699 2024 1757 lumen
2055 1702 2183 1759 vitae
2210 1704 2387 1776 (Joan.
2419 1707 2565 1775 νιιι).
2617 1726 2645 1755 ››
2679 1706 2742 1761 In
2800 1721 2916 1777 quo
2948 1708 3147 1762 autem
3206 1711 3363 1764 esset
3391 1725 3480 1765 se-

1826 1791 2081 1861 quenda,
2114 1790 2253 1848 alibi
2285 1793 2634 1865 praemonuit
2689 1792 2891 1850 dicens
2924 1811 2938 1851 :
3000 1814 3029 1846 «
3062 1793 3283 1852 Discite
3322 1815 3357 1854 a
3385 1814 3481 1855 me

1826 1879 1965 1950 quia
1995 1880 2153 1936 mitis
2181 1898 2318 1937 sum
2350 1886 2408 1938 et
2438 1881 2679 1938 humilis
2722 1883 2914 1950 corde,
2945 1885 3005 1939 et
3059 1883 3365 1943 invenietis
3394 1903 3482 1944 re-

1742 2007 1790 2071 Β
1825 1968 2022 2071 quiem
2045 1969 2366 2069 animabus
2394 1972 2602 2028 vestris
2632 1972 2838 2045 (Matth.
2870 1972 2972 2044 ιιι).
3007 1993 3036 2024 ››
3074 1973 3253 2043 Audi,
3287 1982 3480 2049 tumor

1821 2058 2127 2129 superbiae,
2161 2059 2298 2115 audi
2329 2060 2617 2116 dicentem
2649 2060 2842 2116 adhuc
2874 2059 3226 2118 humilitatis
3257 2064 3476 2138 magis-

1821 2148 2028 2202 trum:
2073 2148 2338 2205 «Omnis
2368 2150 2469 2221 qui
2527 2165 2589 2206 se
2644 2148 2862 2205 exultat
2914 2149 3362 2221 humiliabatur,
3417 2157 3478 2211 et

1821 2235 1921 2305 qui
1951 2252 2014 2292 se
2043 2236 2318 2293 humiliat
2348 2237 2697 2297 exaltabitur
2741 2239 2876 2311 (Luc
2901 2255 2998 2295 xiv
3025 2246 3077 2295 et
3102 2241 3286 2314 xvm).
3320 2264 3344 2295 ι
3406 2242 3476 2300 Et

1820 2320 1966 2378 illud
2003 2342 2015 2380 :
2052 2346 2079 2375 ‹‹
2114 2326 2302 2398 Super
2332 2342 2508 2399 quem
2540 2326 2854 2400 requiescit
2880 2326 3135 2399 Spiritus
3165 2346 3334 2387 meus
3382 2329 3469 2387 ni-

1820 2412 1868 2467 si
1901 2430 2079 2486 super
2110 2414 2417 2483 humilem,
2450 2419 2507 2471 et
2537 2416 2824 2487 quietum,
2858 2420 2914 2472 et
2943 2421 3293 2475 trementem
3352 2436 3471 2477 ser-

1819 2519 2024 2558 mones
2056 2520 2216 2559 meos
2245 2504 2273 2560 ?
2302 2526 2329 2554 »
2362 2505 2486 2575 (Isa.
2521 2505 2693 2578 LXVI.)
2722 2505 2876 2561 Audi
2907 2505 3048 2577 quid
3096 2507 3274 2564 etiam
3306 2509 3377 2566 de
3405 2509 3472 2566 il-

1816 2590 1872 2647 lo
1901 2592 1981 2646 ait
2007 2592 2345 2664 Apostolus,
2389 2592 2489 2663 qui
2518 2597 2575 2649 te
2605 2593 2677 2649 ad
2728 2594 3158 2650 haec-sectanda
3213 2595 3421 2653 invitat
3452 2615 3468 2668 ;

1817 2680 1898 2735 ait
1928 2681 2086 2736 enim
2119 2698 2131 2736 :
2167 2680 2273 2745 Qui
2304 2698 2438 2736 cum
2469 2681 2531 2737 in
2562 2683 2751 2738 forma
2787 2681 2890 2737 Dei
2922 2686 3097 2751 esset,
3140 2700 3255 2740 non
3312 2686 3466 2757 rapi-

1816 2787 1950 2824 nam
1985 2770 2304 2825 arbitratus
2332 2775 2419 2825 est
2448 2786 2578 2826 esse
2600 2785 2662 2825 se
2692 2768 2975 2841 aequalem
2989 2770 3125 2839 Deo,
3150 2771 3251 2827 sed
3282 2787 3467 2829 seme-

1813 2858 1852 2913 ti
1862 2875 2034 2930 psum
2062 2858 2378 2914 exinanivit
2406 2859 2655 2913 formam
2685 2857 2834 2915 servi
2864 2857 3178 2930 accipiens,
3211 2860 3271 2917 in
3301 2860 3466 2918 simi-

1814 2947 2121 3003 litudinem
2156 2947 2463 3003 hominum
2503 2948 2712 3015 factus,
2745 2951 2802 3003 et
2829 2946 3037 3004 habitu
3070 2947 3340 3006 inventus
3395 2956 3464 3007 ut

1814 3036 2010 3093 homo.
2037 3037 2378 3093 Humiliavit
2406 3037 2792 3110 semetipsum
2816 3037 3006 3094 factus
3035 3038 3317 3096 obediens
3366 3057 3462 3096 us-

1815 3143 1928 3198 que
1958 3128 2030 3182 ad
2064 3131 2332 3196 mortem,
2367 3131 2615 3183 mortem
2647 3130 2843 3183 autem
2870 3127 3061 3183 crucis
3095 3129 3268 3199 (Phil.
3312 3130 3399 3202 ιι).
3432 3151 3463 3181 ››

1810 3215 1867 3270 Si
1899 3216 2077 3288 igitur
2107 3221 2265 3272 tanta
2294 3216 2624 3272 humilitate
2654 3232 2717 3272 se
2757 3215 3034 3288 deprimit
3087 3216 3284 3274 divina
3337 3235 3462 3277 ma-

1805 3305 2009 3375 jestas,
2042 3304 2343 3378 superbire
2374 3304 2434 3359 in
2466 3305 2661 3376 aliquo
2706 3321 2821 3361 non
2852 3306 3024 3362 debet
3082 3304 3346 3363 humana
3374 3307 3461 3364 in-

75 3372 368 3465 tio,contra
396 3394 803 3453 innocentiam
836 3395 997 3450 fraus
1027 3397 1084 3449 et
1111 3393 1355 3462 furtum,
1375 3397 1576 3449 contra
1604 3410 1694 3450 ve-
1729 3372 1771 3439 C
1808 3394 2077 3449 ﬁrmitas.

74 3486 271 3543 ritalem
319 3486 563 3543 fallacia
614 3489 674 3540 et
732 3482 1125 3549 mendacium,
1182 3487 1384 3538 contra
1434 3483 1696 3538 ciborum

74 3576 464 3645 parsimoniam
495 3572 726 3630 ventris
756 3570 1065 3645 ingluvies,
1100 3575 1301 3627 contra
1333 3572 1697 3627 moderatum

76 3678 348 3721 maerorem
379 3665 590 3736 inepta
618 3661 841 3729 lzetitia,
874 3666 1079 3717 contra
1110 3659 1423 3717 discretam
1454 3660 1695 3716 tacitur-

75 3752 282 3809 nitatem
309 3750 781 3823 multiloquium,
825 3753 1026 3806 contra
1054 3750 1247 3806 carnis
1302 3749 1695 3821 integritatem

73 3839 411 3900 immunditia
442 3847 629 3913 atque
658 3838 911 3908 luxuria,
960 3843 1163 3895 contra
1219 3838 1411 3894 cordis
1469 3839 1698 3894 mundi-

72 3930 187 3987 tiam
217 3932 545 4006 spiritualis
576 3929 903 3997 fornicatin,
941 3932 1145 3984 contra
1182 3944 1439 3983 amorem
1492 3929 1693 4000 patriae

72 4019 286 4078 caelestis
309 4022 614 4095 appetitus
647 4017 841 4075 saeculi
875 4018 1200 4090 praesentis,
1231 4034 1550 4089 opponens,
1610 4036 1695 4074 se-

72 4111 478 4185 metimmergit
510 4128 524 4166 :
562 4109 706 4183 quid
739 4107 921 4177 aliud,
958 4124 1135 4179 quam
1168 4106 1422 4162 crudelis
1469 4108 1562 4179 pic
1616 4108 1695 4163 vi-

70 4200 293 4256 ventium
326 4198 665 4275 persecutio
693 4198 972 4253 adversus
1004 4195 1380 4268 conglobatus
1410 4198 1691 4252 virtutum

72 4288 197 4345 acies
223 4291 457 4347 desaevit
486 4289 515 4344 ‘I
548 4288 593 4344 Ο
626 4303 808 4358 quam
847 4286 1053 4353 durus,
1080 4302 1112 4340 o
1142 4302 1319 4356 quam
1340 4302 1577 4342 amarus
1607 4290 1696 4342 est

71 4379 322 4447 superbiae
355 4374 758 4452 congressus!
790 4392 918 4446 quas
949 4373 1187 4446 angelos
1218 4374 1290 4429 de
1319 4374 1460 4430 cmlo
1509 4376 1695 4448 proje-

71 4464 152 4533 cit,
180 4466 438 4525 homines
466 4469 540 4523 de
572 4463 849 4538 paradiso
879 4462 1205 4519 eliminavit
1236 4480 1249 4531 ;
1283 4464 1453 4536 cujus
1485 4465 1694 4521 exerci-

70 4554 164 4621 tus,
194 4564 357 4628 atque
387 4570 699 4614 armorum
730 4552 1037 4608 conﬂictus
1068 4552 1207 4609 vitia
1237 4559 1395 4621 sunt,
1419 4571 1549 4626 quae
1570 4555 1694 4610 bre-

70 4640 189 4698 viter
213 4630 636 4719 comprehensa
665 4642 992 4715 tetigimus.
1025 4642 1133 4696 Sed
1191 4640 1495 4698 videamus
1551 4660 1689 4716 que-

2290 3499 2482 3538 INANIS
2520 3497 2728 3537 GLORIA
2767 3496 2960 3537 DICIT:

1875 3574 1993 3645 Age
2024 3572 2244 3627 bonum
2274 3571 2432 3643 quod
2459 3569 2639 3639 vales,
2673 3570 2915 3627 ostende
2945 3570 3173 3628 cunctis
3231 3571 3453 3630 bonum

1807 3662 1961 3733 quod
1991 3661 2138 3733 agis,
2172 3666 2235 3716 ut
2265 3662 2455 3716 bonus
2484 3677 2518 3716 a
2545 3660 2774 3717 cunctis
2812 3659 3050 3730 dicaris,
3086 3664 3151 3718 ut
3209 3666 3452 3721 sanctus

1805 3755 1863 3807 et
1890 3749 2237 3805 venerabilis
2270 3750 2339 3805 ab
2371 3748 2647 3805 omnibus
2677 3748 3031 3822 pradiceris,
3068 3753 3134 3806 ut
3171 3750 3273 3808 Dei
3303 3751 3451 3808 elec-

1804 3844 1900 3894 tus
1933 3840 2216 3906 noscaris,
2254 3844 2317 3895 ut
2348 3855 2518 3895 nemo
2550 3842 2606 3894 te
2637 3842 3013 3907 comtemnat,
3048 3856 3218 3896 nemo
3242 3844 3297 3897 te
3326 3840 3455 3897 des-

1804 3928 2118 4001 piciat,Sed
2134 3928 2389 3984 universi
2408 3927 2671 3983 debitum
2684 3927 2790 3983 tibi
2802 3927 3084 3984 honorem
3100 3928 3451 4001 persolvant.

2218 4035 2398 4073 TIMOR
2436 4034 2643 4072 DOMINI
2683 4032 3012 4073 BESPONDET
3043 4032 3057 4073 ἓ

1873 4107 2009 4180 Cap.
2049 4108 2116 4162 II.
2152 4106 2211 4163 Si
2240 4106 2375 4162 boni
2407 4103 2628 4177 aliquid
2661 4105 2809 4177 agis,
2869 4121 2985 4161 non
3017 4121 3121 4178 pro
3181 4106 3456 4165 transito-

1802 4197 1929 4265 riis,
1963 4197 2063 4252 sed
2094 4213 2198 4268 pro
2226 4195 2457 4251 aeternis
2488 4193 2810 4251 honoribus
2840 4210 2965 4268 age.
3018 4194 3257 4253 Occulta
3295 4197 3455 4271 quod

1803 4285 1950 4358 agis,
1985 4290 2274 4357 quantum
2303 4284 2479 4340 vales.
2510 4283 2672 4348 Quod
2704 4283 2753 4341 si
2785 4300 2854 4340 ex
2885 4287 3004 4340 toto
3035 4300 3151 4341 non
3181 4285 3457 4356 vales,sit

1800 4374 1862 4429 in
1895 4374 2089 4429 animo
2122 4373 2455 4429 occultandi
2475 4372 2767 4440 voluntas,
2800 4377 2859 4428 et
2889 4389 3006 4429 non
3037 4373 3148 4429 erit
3174 4375 3245 4431 de
3266 4379 3456 4432 osten-

1803 4464 2023 4519 tatione
2055 4462 2174 4518 ulla
2203 4464 2505 4519 temeritas
2539 4479 2552 4517 :
2588 4477 2695 4517 nec
2736 4460 3003 4518 criminis
3028 4460 3139 4518 erit
3191 4462 3455 4536 aliquan-

1804 4554 1876 4608 do
1908 4553 2305 4620 manifestare,
2341 4552 2495 4622 quod
2528 4567 2761 4624 semper
2788 4551 2878 4606 vis
2904 4549 3158 4609 celatum
3213 4551 3452 4608 habere.

1802 4642 1896 4698 Sic
1929 4642 2184 4714 denique
2207 4642 2356 4696 duas
2387 4639 2794 4713 Redemptoris
2833 4639 3155 4697 sententias
3180 4638 3294 4696 sibi
3315 4654 3457 4711 quo.-

72 4732 417 4790 madmodum
450 4738 653 4790 castra
685 4730 813 4787 coeli
840 4734 898 4786 et
923 4730 1139 4786 inferni
1170 4730 1471 4799 dimicent,
1533 4750 1696 4791 arma
1726 4745 1771 4810 Ι)
1804 4731 1853 4788 si
1885 4731 2211 4788 contrarias
2242 4730 2533 4786 videberis
2563 4728 2938 4802 adimplesse,
2981 4728 3198 4801 quibus
3218 4727 3454 4785 dicitur:

71 4816 249 4878 Christi
277 4829 333 4881 et
363 4822 591 4880 diaboli
622 4819 870 4877 consilia
909 4820 1226 4876 decertant.

604 4926 887 4967 SUPEBBIA
926 4926 1074 4964 DICI'I‘
1107 4926 1120 4964 ἒ

18 5056 19 5063 η
127 4999 269 5058 Certe
298 5001 505 5057 multis
538 5001 660 5055 imo
693 4999 871 5054 etiam
899 5014 1043 5070 pene
1076 4998 1349 5053 omnibus
1383 4998 1695 5056 meliorest

71 5087 229 5157 verbo,
261 5091 528 5159 scientia,
567 5086 812 5155 divitiis;
853 5086 1198 5153 honoribus,
1232 5092 1289 5142 et
1318 5089 1543 5144 cunctis
1567 5107 1692 5162 quae

73 5174 141 5229 vel
164 5180 482 5236 carnalibus
514 5178 606 5234 vel
638 5174 1049 5249 spiritualibus
1094 5182 1415 5249 suppetunt
1471 5178 1691 5234 charis-

77 5266 313 5324 matibus.
345 5271 606 5326 Cunctos
622 5283 762 5339 ergo
793 5265 1283 5338 despice,cunctis
1314 5267 1692 5339 temetipsum

76 5356 395 5425 superiorem
426 5357 690 5413 attende.

407 5461 730 5503 HUMILITAS
769 5461 917 5499 VERA
957 5461 1286 5499 RESPONDLT
1319 5460 1332 5498 ζ

132 5533 247 5605 Cap.
272 5535 314 5590 Ι.
341 5556 368 5586 (ι
392 5532 692 5591 Memento
713 5532 852 5605 quia
871 5531 1062 5604 pulvis
1084 5536 1142 5588 et
1168 5532 1316 5590 cinis
1337 5550 1399 5590 es
1420 5534 1551 5604 (Gen
1583 5538 1688 5603 ιιι),

17 5612 25 5673 ἰ
77 5639 99 5666 α
114 5622 230 5690 quia
248 5626 489 5697 putredo
506 5629 567 5681 et
587 5621 803 5679 vermis
827 5638 891 5677 es
909 5622 1029 5691 (Job
1040 5622 1169 5693 xxv)
1193 5639 1206 5692 ;
1235 5646 1255 5671 ι»
1292 5624 1511 5695 quique
1532 5622 1693 5679 siali-

77 5710 191 5776 quid
212 5727 288 5779 es,
321 5714 433 5769 nisi
457 5717 628 5771 tanto
644 5717 702 5768 te
724 5710 1019 5767 humilies.
1055 5715 1272 5783 quanto
1322 5729 1574 5785 magnus
1606 5728 1688 5780 es,

76 5801 347 5869 perpendis
374 5801 621 5858 omnino
652 5800 809 5872 quod
840 5814 922 5855 es.
941 5799 1220 5872 Nunquid
1238 5800 1411 5857 altior
1430 5818 1493 5857 es
1514 5817 1690 5873 quam

79 5885 273 5954 primus
292 5890 537 5964 angelus
552 5889 582 5945 ?
599 5889 879 5962 Nunquid
893 5887 1322 5962 splendidiorin
1346 5895 1501 5948 terra
1513 5906 1691 5963 quam

1806 4844 1833 4871 ‹‹
1870 4819 2135 4877 Faciente
2168 4824 2224 4876 te
2284 4819 2740 4891 eleemosynam,
2786 4816 3008 4874 nesciat
3063 4817 3304 4875 sinistra
3358 4822 3462 4876 tua

1806 4909 1947 4982 quid
1981 4908 2157 4966 faciat
2182 4910 2419 4966 dextera
2460 4915 2559 4965 tua
2591 4925 2604 4964 :
2639 4908 2740 4964 sed
2771 4907 2851 4964 sit
2879 4905 3248 4981 eleemosyna
3276 4912 3379 4965 tua
3399 4907 3459 4966 in

1803 4998 2169 5065 abscondito,
2203 5003 2258 5055 et
2288 4998 2457 5054 Pater
2485 5002 2624 5055 tuus
2655 4996 2755 5069 qui
2782 4997 2939 5053 videt
2977 4997 3035 5053 in
3093 4997 3458 5071 abscondito,

1804 5088 2005 5143 reddet
2036 5086 2140 5143 tibi
2171 5086 2381 5157 (Matth.
2406 5088 2506 5157 v1).
2540 5110 2568 5135 »
2600 5087 2668 5142 Et
2699 5102 2712 5142 :
2745 5109 2772 5136 «
2805 5085 3057 5142 Videant
3108 5103 3287 5160 opera
3334 5102 3460 5143 ves-

1802 5182 1893 5233 tra
1920 5178 2095 5246 bona,
2137 5182 2194 5232 et
2224 5176 2553 5249 gloriﬁcent
2584 5176 2813 5231 Patrem
2844 5176 3236 5251 vestrum,qui
3259 5177 3320 5233 in
3350 5193 3458 5233 coe-

1802 5265 1876 5321 lis
1902 5270 1989 5322 est
2020 5271 2177 5335 (Luc.
2215 5268 2298 5336 ιι).
2336 5288 2362 5313 ››
2385 5266 2534 5321 Cave
2577 5282 2842 5337 prorsus,
2870 5283 2942 5321 ne
2974 5265 3034 5320 in
3090 5270 3147 5323 te
3174 5265 3278 5323 illa
3323 5282 3455 5322 sen-

1801 5355 1983 5409 tentia
2015 5354 2342 5421 conveniat,
2376 5371 2493 5427 qua
2524 5353 2845 5427 hypocritis
2876 5354 3093 5411 dicitur
3124 5371 3137 5410 :
3171 5377 3201 5406 «
3248 5351 3456 5410 Omnia

1801 5459 1976 5515 opera
2003 5461 2111 5499 sua
2143 5443 2384 5509 Iaeiunt,
2420 5448 2483 5499 ut
2533 5444 2940 5500 beatiﬁcentur
2978 5444 3050 5500 ab
3108 5440 3451 5498 hominibus

1801 5532 2008 5603 (Matth.
2040 5534 2225 5605 mu).
2258 5554 2283 5587 η
2322 5556 2349 5585 ‹‹
2381 5535 2566 5589 Amen
2598 5532 2727 5588 dico
2757 5533 2923 5588 vobis
2945 5531 3450 5602 receperuntmer—

1801 5623 2003 5677 cedem
2035 5639 2203 5678 suam
2237 5624 2387 5695 (Luc.
2422 5625 2498 5695 x).
2532 5644 2554 5672 ι
2590 5622 2842 5678 Attende
2863 5619 2969 5676 tibi
2991 5620 3051 5673 in
3073 5613 3299 5672 cunctis
3320 5629 3448 5685 quae

1801 5710 1947 5781 agis,
1975 5727 2045 5766 ne
2066 5710 2312 5767 elatione
2328 5710 2620 5782 pulsatus,
2643 5724 2777 5764 cum
2799 5706 2891 5762 his
2916 5704 3015 5775 qui
3037 5702 3107 5757 de
3128 5695 3440 5755 miraculo-

1800 5816 1929 5854 rum
1964 5800 2151 5871 signis
2183 5799 2587 5872 gloriabantur
2614 5796 2818 5853 audias
2852 5811 2865 5849 :
2909 5815 2936 5843 «
2969 5789 3246 5845 Videbam
3278 5784 3443 5839 Sata-

1805 5905 1942 5945 nam
1974 5888 2127 5945 sicut
2159 5889 2357 5962 fulgur
2384 5889 2455 5945 de
2482 5885 2625 5944 cmlo
2654 5883 2954 5940 cadentem
2982 5879 3130 5950 (Luc.
3160 5874 3235 5946 κ).
3272 5894 3299 5920 η
