3898 6344
434 473 553 538 563

706 628 1010 669 SlMULATIO
1050 633 1210 670 VERE
1250 633 1565 671 RELICIU‘JH
1609 634 1789 670 t).-.il‘3

509 700 652 766 Quia
684 702 824 758 nihil
851 704 984 759 boni
1015 704 1069 759 in
1103 707 1440 760 abscondito
1485 706 1646 770 fucis,
1674 722 1744 758 ne
1789 723 1819 760 τι
1849 705 2074 760 cunctis

439 791 703 860 cognitus
731 795 1032 848 detesteris
1071 811 1083 849 ς
1119 795 1267 866 tinge
1299 800 1352 848 te
1386 793 1521 846 "oris
1553 811 1678 849 esse
1710 793 1863 866 quod
1913 794 2074 849 intus

437 898 553 936 non
583 883 827 954 appetis.

847 989 1068 1027 RELIGIO
1106 991 1250 1030 VERA
1293 991 1617 1028 RESPHNDL‘T‘
1649 991 1660 1029 ἶ

509 1059 644 1132 Cap.
682 1062 774 1115 IIl.
831 1063 946 1115 lmo
976 1063 1160 1128 magis
1195 1069 1392 1117 sataee
1426 1081 1553 1110 esse
1613 1063 1765 1134 quod
1817 1080 1927 1118 non
1986 1080 2066 1117 es.

437 1147 581 1204 Nam
613 1151 916 1206 ostendere
947 1151 1284 1206 horninibus
1308 1153 1458 1222 quod
1492 1170 1603 1206 non
1632 1169 1713 1219 es,
1749 1151 1885 1223 quid
1914 1151 2070 1205 aliud

435 1253 610 1308 quam
635 1239 928 1293 damnatio
955 1245 1042 1295 est
1071 1241 1098 1294 ?
1125 1241 1346 1294 Memor
1376 1247 1498 1295 esto
1532 1241 1745 1312 itaque,
1795 1241 1946 1311 quod
1989 1241 2070 1294 di-

435 1326 586 1382 citur
617 1343 628 1381 :
665 1351 692 1377 ‹‹
722 1328 818 1380 Vra
849 1329 1032 1390 vobis,
1082 1329 1292 1383 Scribis
1348 1335 1398 1383 et
1433 1329 1704 1383 Pharisaei
1737 1329 2068 1400 hypocrita},

433 1415 535 1486 qui
568 1417 865 1470 mundatis
898 1417 1048 1486 quod
1073 1418 1285 1472 det‘oris
1316 1417 1616 1472 estcaliris
1637 1423 1693 1471 et
1719 1417 2066 1489 paropsidis,

435 1503 598 1557 intus
628 1509 818 1558 autem
856 1504 1007 1574 pleni
1041 1505 1178 1559 estis
1203 1505 1404 1576 rapina
1436 1512 1485 1558 et
1512 1506 1902 1560 immunditia.
1937 1507 2072 1560 Pha-

437 1589 600 1646 risaze
631 1608 797 1662 caece,
842 1594 1062 1647 munda
1094 1595 1272 1664 prius,
1307 1595 1456 1664 quod
1486 1594 1644 1647 intus
1675 1600 1762 1648 est
1789 1594 1986 1649 calicis
2017 1599 2070 1648 et

437 1680 788 1750 paropsidis,
824 1685 886 1734 ut
923 1682 1018 1734 fiat
1049 1686 1098 1734 et
1130 1682 1182 1734 id
1218 1683 1370 1753 quod
1403 1682 1612 1737 deforis
1645 1687 1732 1738 est
1782 1683 2066 1738 mundum

437 1767 645 1838 (Matth.
678 1770 856 1838 xxm).
896 1793 922 1818 ››
959 1772 1213 1841 Itemque
1241 1770 1405 1834 illud,
1433 1772 1584 1841 quod
1619 1771 1963 1826 inculcando
1987 1787 2071 1826 re-

438 1857 656 1929 petitur
697 1877 708 1913 :
749 1879 770 1904 α
803 1859 896 1911 Ver
927 1859 1110 1930 vobis,
1145 1861 1356 1915 Scribae
1389 1866 1444 1914 et
1491 1861 1782 1926 Pharisaei,
1823 1861 1962 1932 quia
1993 1861 2069 1913 si-

1499 480 1561 542 ς.
1614 481 1884 544 LEOle
1931 481 2008 544 lX
2049 480 2281 544 ΡΑΡᾸΞ
2324 483 2756 548 OPUSCULA.

3716 485 3807 546 564

2419 635 2882 674 CONGRATULATIO
2919 633 3194 675 FRATRUM
3233 631 3578 676 RBSPONDET
3608 633 3623 674 ἒ

2254 711 2384 762 ΟΜ).
2421 711 2486 762 V.
2519 709 2576 762 Si
2602 712 2838 764 czetcros
2866 707 3182 764 virtutibus
3212 705 3548 774 antecellis,
3568 707 3741 763 tutius
3763 709 3804 762 in

2183 795 2306 852 loco
2332 797 2532 852 intimo
2565 815 2739 870 quam
2773 797 2830 852 in
2881 813 3114 852 summo
3147 797 3540 870 temetipsum
3596 813 3804 852 conser-

2180 903 2301 940 vas.
2337 886 2577 957 Semper
2603 887 2760 941 enim
2794 887 2863 941 de
2893 885 3010 942 alto
3041 887 3206 959 pejor
3235 885 3301 940 ﬁt
3332 885 3533 942 ruina.
3569 885 3722 951 Quod
3771 885 3806 938 si

2181 973 2307 1036 tibi,
2346 980 2406 1028 ut
2457 975 2692 1041 asseris,
2725 975 2966 1046 quidam
3033 975 3391 1046 superiores,
3430 978 3542 1029 aut
3593 974 3809 1046 mquales

2181 1068 2338 1125 sunt,
2372 1064 2510 1135 quid
2546 1068 2600 1118 te
2632 1063 2807 1129 lzedit,
2841 1065 2979 1136 quid
3012 1068 3067 1119 te
3115 1068 3282 1118 nocet
3310 1062 3340 1118 ?
3369 1062 3529 1118 Cave
3582 1079 3810 1135 prorsus,

2181 1168 2254 1208 ne
2285 1153 2424 1207 dum
2457 1152 2648 1206 locum
2679 1152 3046 1208 celsitudinis
3076 1151 3325 1218 invides,
3355 1150 3536 1206 illum
3571 1151 3808 1214 imiteris,

2181 1241 2250 1296 de
2282 1258 2393 1312 quo
2425 1242 2708 1312 scriptum
2740 1245 2830 1297 est
2862 1258 2875 1296 :
2912 1261 2935 1289 α
2971 1239 3194 1296 Invidia
3222 1239 3446 1294 diaboli
3481 1255 3645 1294 mors
3665 1239 3810 1294 intra-

2179 1329 2259 1384 vit
2289 1331 2345 1384 in
2378 1331 2576 1384 orbem
2610 1335 2916 1385 terrarum.
2952 1329 3265 1385 Imitantur
3296 1331 3504 1384 autem
3538 1327 3808 1399 illum,qui

2179 1435 2244 1474 ex
2279 1423 2437 1490 parte
2467 1420 2594 1488 ejus
2626 1423 2762 1474 sunt
2791 1419 3056 1491 [.Sapient.
3091 1419 3174 1490 ιι).
3211 1439 3240 1466 ››

2799 1543 2985 1581 ODIUM
3025 1542 3174 1580 DICIT
3205 1541 3218 1578 ἶ

2249 1613 2432 1676 Absit,
2466 1618 2530 1668 ut
2561 1614 2726 1668 illum
2759 1614 2990 1685 diligas,
3025 1631 3202 1686 quem
3234 1612 3294 1668 in
3354 1613 3647 1669 omnibus
3699 1631 3810 1668 con~

2178 1703 2422 1756 trarium
2457 1703 2636 1758 babes
2668 1721 2681 1769 ;
2716 1705 2812 1775 qui
2846 1704 2949 1758 tibi
2985 1704 3247 1774 derogat,
3281 1701 3382 1774 qui
3420 1701 3536 1756 tibi
3571 1701 3811 1765 insultat,

2181 1791 2278 1862 qui
2313 1797 2367 1844 te
2400 1791 2631 1860 injuriis
2653 1796 2975 1864 exasperat,
3009 1792 3108 1864 qui
3139 1791 3244 1846 tibi
3279 1795 3528 1863 peccata
3578 1795 3680 1846 tua
3729 1793 3813 1846 im-

2180 1885 2470 1950 prOperat,
2505 1880 2603 1950 qui
2635 1886 2690 1934 te
2724 1881 2918 1945 dictis,
2944 1880 3242 1950 operibus,
3276 1870 3459 1949 atque
3521 1879 3813 1936 honoribus

437 1946 604 2048 miles:
635 1947 1405 2048 Pstisferulcrisdealljatis
1447 1967 1572 2020 (ιηεε
1613 1967 1671 2048 τι,
1705 1949 1844 2004 foris
1897 1966 2070 2048 apra-
2103 1984 2148 2048 Β
2179 1946 2380 2039 ῥιναέίτθ
2433 1946 2686 2024 festinat.
2721 1969 2840 2023 Nisi
2901 1946 3057 2023 enim
3088 1968 3195 2023 tibi
3255 1946 3574 2036 invideret,
3622 1985 3813 2042 nequa-

435 2039 562 2090 rcnt
591 2035 928 2090 horninibus
959 2037 1242 2107 speciosa,
1268 2037 1428 2092 intus
1454 2055 1584 2091 vero
1620 2037 1789 2108 plena
1818 2041 1957 2092 sunt
1985 2053 2072 2091 os-

435 2124 599 2179 sibus
631 2130 1080 2191 mortuorum,et
1111 2125 1268 2180 omni
1302 2125 1582 2197 spurcitia
1614 2127 1816 2196 (.lIutth.
1850 2126 2065 2195 xxm)»

432 2213 522 2268 Sic
550 2219 607 2268 et
635 2231 735 2267 vos
767 2231 797 2268 a
827 2215 964 2268 foris
997 2213 1233 2286 quidem
1266 2215 1478 2286 patetis
1510 2214 1844 2268 hominibus
1897 2213 2068 2284 justi,

435 2303 596 2356 intus
627 2307 820 2356 autem
854 2303 1004 2373 pleni
1038 2303 1180 2357 estis
1204 2303 1491 2374 hypocrisi
1527 2308 1581 2358 et
1619 2301 2073 2374 iniquitate.Nec

437 2407 552 2444 non
585 2393 641 2444 et
670 2389 837 2455 illud,
891 2392 1041 2461 quod
1073 2392 1144 2446 de
1190 2391 1408 2446 talibus
1466 2391 1747 2462 scriptum
1808 2391 2022 2462 legitur
2056 2407 2068 2446 :

437 2499 466 2527 ‹‹
495 2477 752 2532 Veniunt
781 2478 849 2532 ad
881 2495 982 2534 vos
1012 2479 1066 2533 in
1099 2480 1461 2534 vestimentis
1481 2480 1695 2538 ovium,
1723 2479 2071 2538 intrinsecus

436 2571 630 2623 autem
662 2571 801 2622 sunt
828 2567 948 2640 lupi
983 2585 1218 2639 rapaces
1251 2571 1472 2640 (Mai/Ii.
1508 2571 1625 2623 vui.
1663 2592 1689 2617 ii

929 2692 1324 2730 INOBEDIENTIA
1365 2693 1514 2728 IHCIT
1548 2693 1559 2730 ἓ

497 2761 636 2828 Quis
667 2767 748 2832 tu,
783 2767 848 2818 ut.
904 2763 1198 2834 pejoribus
1252 2765 1634 2834 obtemperes,
1685 2764 2066 2820 deterioribus

422 2852 768 2908 famulatum
803 2853 1076 2908 exhibeas
1105 2853 1134 2907 ?
1161 2855 1237 2907 Te
1272 2854 1662 2924 magis,quatn
1697 2851 1826 2906 illos
1854 2853 2058 2906 decue-

421 2945 514 2998 rat
545 2942 852 3013 imperare,
887 2943 981 3014 qui
1017 2941 1119 2997 tibi
1155 2960 1267 2996 non
1305 2947 1551 3014 possunt
1583 2942 1836 3013 ingenio,
1869 2941 1951 2996 vel
1978 2941 2060 2998 in-

421 3029 647 3086 dustria
668 3032 949 3102 comquari
981 3031 1008 3084 ?
1035 3031 1445 3103 Obtemperare
1478 3031 1654 3101 igitur
1708 3031 1893 3102 magis
1953 3031 2058 3086 Do-

421 3118 563 3174 mini
593 3119 835 3192 imperio
865 3125 921 3175 et
951 3137 1064 3194 non
1096 3119 1201 3176 tibi
1234 3121 1309 3175 sit
1339 3137 1476 3176 cura
1505 3121 1574 3176 de
1597 3120 1814 3192 aliquo.

771 3244 1068 3284 SUBJECTIO
1105 3245 1281 3283 BEATA
1322 3245 1646 3282 RL‘SPONDET
1676 3243 1689 3282 ἒ

2182 2073 2356 2128 quam
2385 2074 2447 2112 se
2478 2057 2581 2112 tibi
2616 2059 2694 2111 ita
2727 2058 3041 2128 praferret.

2553 2180 2696 2217 VERA
2737 2180 3013 2218 CIIARITAS
3054 2179 3387 2219 RESPONDE‘I‘
3422 2181 3437 2218 ἒ

2253 2269 2384 2324 CAP.
2419 2271 2510 2324 Vt.
2543 2269 2819 2341 Nunquid
2853 2271 3006 2342 quod
3041 2269 3304 2342 haec,que
3336 2269 3706 2338 narras,odio
3729 2270 3811 2326 ba-

2181 2359 2371 2414 benda
2394 2363 2533 2414 sunt
2558 2359 2613 2414 in
2636 2359 2891 2424 homine,
2925 2364 3234 2431 propterea
3265 2376 3382 2414 non
3438 2364 3534 2416 est
3584 2361 3810 2416 amanda

2181 2446 2277 2501 Dei
2302 2445 2494 2518 imago
2521 2448 2575 2501 in
2599 2447 2878 2502 homine?
2911 2447 3384 2516 SicutChristus,
3409 2448 3519 2520 qui
3565 2446 3622 2503 in
3663 2463 3807 2503 cruce

2181 2535 2694 2606 positusinimicos
2719 2554 2855 2592 suos
2877 2535 3098 2602 dilexit,
3149 2541 3284 2591 ante
3326 2536 3529 2594 crucis
3576 2541 3805 2593 tormen-

2176 2627 2303 2678 tum
2327 2625 2630 2680 admonuit
2653 2625 2850 2681 dicens
2873 2643 2932 2680 :«
2957 2625 3210 2698 Dilligite
3251 2625 3536 2683 inimicos
3585 2630 3806 2691 vestros,

2177 2714 2492 2770 bcziet‘acite
2519 2715 2610 2770 bis
2633 2715 2728 2786 qui
2755 2717 3006 2771 oderunt
3027 2733 3126 2771 vos
3149 2733 3161 2783 ;
3188 2719 3245 2770 et
3266 2718 3430 2771 orate
3488 2733 3595 2789 pro
3637 2732 3807 2788 perse-

2174 2805 2488 2873 quentibus
2513 2807 2567 2858 ct
2590 2803 3088 2860 calumniantibus
3111 2808 3308 2874 vos,ut
3328 2803 3464 2860 sitis
3485 2803 3592 2860 ﬁlii
3645 2804 3808 2861 Patris

2171 2892 2342 2946 vestri
2367 2893 2463 2964 qui
2493 2893 2547 2947 in
2572 2891 2728 2948 Ccelis
2753 2899 2840 2948 est
2862 2895 2990 2965 (Luc
3017 2897 3118 2962 vx).
3145 2916 3173 2943 ››
3197 2894 3292 2949 Sic
3316 2910 3424 2966 per
3446 2893 3800 2950 Salomonetu

2168 2985 2226 3035 et
2245 2979 2582 3052 Apostolum
2617 2981 2832 3036 dicitur
2857 2999 2870 3036 :
2897 3004 2923 3030 ‹‹
2947 2981 3004 3038 Si
3032 2981 3618 3039 esurieritinimicus
3665 2986 3813 3048 tuus,

2167 3069 2296 3124 ciba
2320 3069 2583 3134 illum;si
2609 3069 2752 3136 sitit,
2780 3073 2981 3142 potum
3007 3069 3083 3126 da
3108 3069 3190 3125 illi
3226 3072 3529 3142 (Renum)
3555 3089 3570 3141 ;
3598 3093 3627 3121 ii
3664 3093 3692 3121 ‹‹
3714 3070 3812 3126 hoc

2165 3157 2574 3225 enimfaciens,
2600 3158 2880 3214 carbones
2907 3157 3060 3230 ignis
3083 3175 3364 3232 congeras
3409 3176 3600 3232 super
3647 3163 3810 3232 caput

2161 3244 2289 3314 ejus
2313 3245 2588 3315 (Prorerb.
2614 3245 2765 3316 xxv).
2797 3268 2816 3292 ι
2843 3244 2944 3300 Cui
2971 3245 3274 3300 sententiae
3295 3245 3454 3302 idem
3499 3245 3806 3319 Apostolus

484 3334 618 3390 CAP.
657 3335 748 3391 IV.
779 3335 838 3390 Si
865 3335 1091 3390 Domini
1133 3335 1653 3406 optemperandum
1687 3342 1774 3390 est
1804 3335 2046 3406 imperio
2078 3347 2120 3412 ρ
2161 3347 2229 3386 ex
2250 3331 2480 3404 proprio
2503 3333 2825 3404 subjungit,
2848 3333 3078 3388 dicens:
3104 3356 3130 3382 ‹‹
3155 3332 3282 3388 Noli
3307 3333 3514 3390 vincia
3536 3333 3802 3402 malo,sed

410 3422 668 3478 humano
701 3423 870 3478 subdi
907 3441 1138 3478 necesse
1167 3429 1252 3478 cst
1286 3424 1644 3493 magisterio.
1706 3425 1832 3495 Ipse
1887 3424 2043 3478 enim

408 3511 587 3567 dicit:
623 3533 652 3563 ‹‹
683 3512 790 3575 Qui
823 3529 920 3566 vos
949 3514 1110 3566 audit
1142 3530 1233 3566 me
1268 3513 1450 3576 audit,
1485 3518 1541 3567 et
1598 3513 1694 3584 qui
1727 3530 1828 3568 vos
1880 3531 2039 3584 sper-

404 3599 492 3654 nit
521 3616 614 3654 me
645 3600 866 3671 spernit
895 3601 1043 3668 (Luc.
1084 3604 1248 3665 xvm)
1283 3618 1296 3666 ;
1337 3624 1362 3649 ii
1391 3601 1492 3664 lla,
1524 3601 1741 3671 inquis,
1775 3606 2035 3672 oportet:

400 3687 502 3742 sed
535 3686 583 3742 si
615 3687 748 3741 talis
775 3687 871 3758 qui
899 3688 1149 3758 imperat
1179 3694 1351 3748 esset.
1381 3706 1481 3758 per
1512 3707 1684 3759 quem
1719 3689 1870 3744 Deus
1928 3689 2036 3744 im-

398 3779 582 3846 perat.
612 3775 721 3830 Sed
754 3775 1066 3846 Apostolus
1097 3783 1295 3832 contra
1328 3794 1339 3832 :
1384 3801 1410 3825 ‹‹
1434 3779 1555 3832 Non
1587 3782 1691 3840 est,
1727 3779 2038 3850 inquit,po-

397 3868 578 3919 testas
601 3863 712 3920 nisi
744 3881 778 3920 a
806 3864 941 3920 Deo.
975 3865 1107 3928 Qua:
1141 3872 1334 3921 autem
1369 3873 1526 3931 sunt,
1561 3883 1594 3920 a
1634 3865 1746 3921 Deo
1773 3873 1913 3922 sunt
1943 3886 2034 3922 or-

399 3953 620 4008 dinata.
653 3953 853 4023 Itaque
885 3955 982 4024 qui
1017 3955 1233 4009 resistit
1259 3955 1550 4024 potestati,
1578 3954 1673 4008 Dei
1716 3955 2032 4011 ordinatio-

397 4039 458 4094 ni
489 4040 727 4096 resistit.
763 4042 932 4110 (Rom.
965 4045 1108 4112 xui).
1145 4065 1170 4092 ii
1203 4043 1411 4106 Quales
1442 4060 1568 4098 esse
1598 4043 1750 4096 enim
1785 4044 2036 4100 debeant

397 4127 458 4182 hi
482 4129 580 4200 qui
613 4129 918 4199 imperant,
954 4149 1067 4186 non
1108 4138 1197 4186 est
1227 4150 1260 4186 a
1289 4131 1540 4186 subditis
1578 4132 2030 4188 discutiendum.

395 4216 466 4271 Et
486 4215 720 4288 quidem
750 4219 954 4288 primis
986 4221 1248 4274 Ecclesia:
1283 4219 1615 4290 pastoribus
1648 4220 1926 4274 Dominus
1952 4221 2034 4276 tli-

396 4303 474 4360 cit
505 4321 518 4360 :
544 4328 571 4356 u
605 4306 798 4373 Scitis,
832 4312 984 4378 quod
1020 4325 1181 4378 reges
1211 4309 1470 4377 gentium
1529 4309 1906 4363 dominantur
1943 4326 2033 4364 eo-

394 4411 546 4463 rum,
579 4399 635 4450 ct
663 4397 760 4467 qui
794 4404 1138 4467 potestatem
1172 4404 1436 4452 exercent
1458 4399 1607 4451 inter
1634 4414 1754 4463 eos,
1788 4398 2028 4453 benefici

386 4488 686 4540 vocantur.
719 4483 834 4540 Vos
860 4489 1056 4540 autem
1089 4503 1203 4540 non
1236 4488 1317 4540 sic
1346 4488 1658 4554 (Lucxxu).
1697 4509 1717 4535 ι
1751 4487 1861 4540 Sed
1888 4511 1907 4535 ι
1929 4487 2027 4557 qui

383 4571 508 4628 vult
536 4574 724 4643 major
753 4590 881 4628 esse
903 4574 961 4627 in
992 4574 1176 4638 Vobis,
1205 4580 1312 4630 erit
1343 4576 1606 4630 omnium
1639 4592 1841 4630 servus
1864 4577 2029 4644 (Marc

382 4661 462 4734 ι).
499 4683 526 4711 ››
559 4662 652 4718 Sic
683 4667 740 4717 et
772 4683 800 4711 ‹‹
834 4663 1012 4716 Filius
1045 4663 1302 4718 hominis
1337 4682 1448 4718 non
1483 4664 1633 4718 venit
1679 4665 2024 4731 ministrari,

387 4751 490 4806 sed
523 4751 858 4806 ministrare
889 4753 1095 4821 tiilttli/t.
1129 4753 1240 4820 xx).
1269 4775 1295 4801 ii
1332 4753 1437 4806 Sed
1475 4759 1632 4819 tunc,
1693 4753 1848 4824 quod
1909 4770 2022 4806 nou

384 4852 588 4892 omnes
616 4835 758 4892 tales
790 4837 1016 4892 fumi-os
1045 4855 1173 4892 esse
1222 4839 1500 4907 prievidit,
1560 4840 1854 4907 subjector
1901 4857 2026 4892 om-

385 4923 550 4980 nium
583 4940 862 4995 personas
895 4925 949 4978 in
983 4927 1285 4996 discipulis
1319 4943 1625 4980 assumens
1656 4926 2024 4997 praemonuit,

386 5011 587 5067 dicens
621 5029 635 5066 ι
665 5033 692 5060 ‹‹
725 5014 910 5082 Super
940 5013 1272 5068 cathedram
1305 5014 1444 5068 Mosi
1481 5015 1754 5069 sederunt
1811 5016 2024 5071 Scriba:

389 5102 448 5154 et
478 5097 776 5152 Pharisaei.
817 5101 950 5162 Quae
984 5101 1140 5154 vobis
1171 5101 1374 5156 dicunt
1407 5103 1573 5156 facile
1607 5119 1619 5156 :
1655 5120 1780 5172 quae
1826 5107 2020 5158 autem

385 5183 627 5251 faciunt,
661 5184 837 5239 nolite
870 5187 1051 5242 facere
1085 5205 1096 5242 :
1135 5189 1441 5260 imponunt
1469 5190 1624 5244 enim
1655 5191 1712 5242 in
1748 5189 2024 5246 humeros

384 5273 692 5328 hominum
718 5289 893 5329 onera
923 5277 1191 5344 ιιι-ἀνίασι
1223 5278 1613 5346 iuiportuiiilia
1645 5294 1657 5330 :
1692 5277 1874 5342 eligito
1925 5295 2020 5330 au-

379 5366 498 5418 tem
525 5379 631 5418 suo
663 5361 869 5418 nolunt
897 5385 964 5418 ea
995 5385 1240 5419 moi-ere.
1274 5371 1486 5434 (.tlutln.
1522 5383 1700 5431 xxiii).
1745 5391 1768 5412 υ

971 5489 1187 5526 ῙΝνῐΟῐΑ
1227 5489 1376 5524 DlCl'l‘
1409 5487 1420 5524 ἒ

445 5577 506 5630 In
538 5591 652 5645 quo
683 5574 800 5637 illo,
834 5575 921 5630 vel
957 5576 1054 5630 illo
1089 5576 1280 5628 minor
1309 5593 1370 5629 es
1399 5576 1426 5628 ?
1457 5579 1568 5628 Cur
1597 5591 1732 5645 ergo
1774 5577 2014 5647 mqualis

369 5663 475 5729 eis,
512 5662 596 5717 vel
631 5665 897 5734 superior
928 5681 1038 5715 non
1075 5681 1134 5717 es
1165 5666 1192 5717 ‘2
1225 5665 1447 5727 Quanta
1506 5663 1678 5728 vales,
1732 5663 1842 5734 ipsi
1899 5683 2010 5721 non

372 5749 569 5805 valent
599 5750 778 5803 ?Non
821 5766 956 5817 ergo
991 5750 1092 5803 tibi
1155 5755 1254 5804 aut
1313 5751 1644 5824 superiores
1703 5769 1851 5820 esse,
1913 5763 2013 5810 aut

376 5835 550 5892 etiam
580 5835 830 5906 aequales
862 5853 988 5890 esse
1019 5837 1246 5892 debent.

2059 4711 2100 4775 D

2155 3417 2316 3474 vince
2344 3421 2399 3474 in
2419 3421 2570 3474 bono
2594 3421 3001 3492 malnniUtom.
3026 3424 3148 3494 xu).
3179 3445 3206 3472 ii
3235 3423 3358 3489 Quo
3377 3429 3590 3480 contra
3611 3425 3682 3479 de
3722 3423 3804 3478 his

2151 3509 2246 3580 qui
2276 3509 2482 3564 fratres
2505 3509 2697 3564 odisse
2720 3515 3060 3578 noscuntur,
3085 3528 3189 3583 per
3225 3511 3516 3568 Joannem
3557 3514 3792 3568 dicitur:

2154 3615 2180 3648 α
2201 3596 2305 3659 Qui
2329 3597 2452 3651 odit
2477 3598 2706 3652 fratrem
2735 3615 2906 3652 suum
2932 3597 3228 3654 homicida
3246 3601 3431 3656 est.Et
3453 3599 3628 3656 scitis
3648 3600 3790 3672 quod

2147 3685 2338 3739 omnis
2361 3685 2651 3741 homicida
2683 3703 2793 3741 non
2816 3687 2989 3743 habet
3010 3688 3069 3743 in
3093 3688 3411 3762 semetipso
3433 3689 3620 3746 vitam
3647 3694 3792 3744 aeter-

2147 3789 2281 3828 nam
2312 3779 2640 3829 manentem
2665 3775 2706 3845 (I
2735 3777 2889 3831 Joan.
2925 3778 3030 3848 ιιι).
3066 3799 3094 3828 ››
3143 3778 3213 3832 Et
3271 3795 3512 3834 rursum
3553 3795 3567 3832 :

2144 3862 2264 3916 odit
2286 3862 2520 3917 fratrem
2554 3881 2727 3918 suum
2763 3865 2820 3920 in
2851 3867 3110 3922 tenebris
3141 3867 3430 3936 ambulat,
3464 3871 3526 3924 et
3560 3868 3622 3923 in
3649 3871 3792 3923 tene-

2144 3950 2265 4005 bris
2282 3956 2370 4006 est
2393 3968 2578 4024 usque
2601 3953 2789 4008 adhuc
2824 3971 2837 4008 :
2870 3958 2926 4008 et
2956 3953 3142 4010 nescit
3173 3972 3289 4028 quo
3319 3961 3433 4023 eat,
3468 3956 3619 4029 quia
3647 3960 3793 4014 tene-

2143 4039 2256 4094 braz
2278 4046 2638 4096 c'rcaverunt.
2666 4042 2865 4098 oculos
2897 4043 3024 4113 ejus
3055 4045 3102 4114 (I
3137 4045 3296 4100 Joan.
3331 4050 3422 4114 ιι).
3459 4068 3488 4094 »ι

3638 3801 3659 3828 ι
3694 3776 3790 3842 Qui

2214 4130 2302 4190 At,
2335 4129 2550 4200 inquis,
2583 4131 2801 4185 sufﬁcit
2833 4131 2973 4186 mihi
3008 4133 3163 4203 quod
3195 4141 3465 4189 amantes
3514 4151 3612 4190 me
3677 4133 3794 4188 dili-

2141 4230 2232 4286 go.
2256 4216 2538 4272 Dominus
2570 4223 2772 4274 contra
2802 4219 2883 4272 ait
2915 4236 2928 4274 :
2966 4243 2994 4269 ‹‹
3027 4220 3083 4275 Si
3114 4220 3271 4275 enim
3287 4221 3545 4293 diligitis
3579 4239 3680 4279 eos
3699 4221 3790 4294 qui

2141 4320 2241 4358 vos
2271 4305 2525 4375 diligunt
2553 4322 2729 4377 quam
2763 4309 3086 4363 mercedem
3121 4309 3417 4365 habebitis
3443 4310 3476 4366 ?
3506 4311 3713 4368 Nonne
3740 4315 3790 4366 et

2138 4391 2436 4445 Publiceni
2472 4392 2577 4447 hoc
2604 4395 2870 4448 faciunt?
2897 4417 2924 4444 ››
2958 4397 3166 4468 (Matth.
3188 4415 3261 4465 v;
3322 4399 3451 4454 Luc.
3485 4403 3598 4471 Vi.)
3652 4399 3786 4464 Quid

2141 4483 2198 4534 tu
2227 4497 2461 4550 quoque
2492 4483 2559 4535 ad
2597 4483 2703 4536 hoc
2729 4483 2978 4552 obiicere
3011 4484 3167 4540 vales
3193 4485 3222 4540 ‘t‘
3249 4488 3438 4554 Certe,
3474 4511 3504 4538 ‹‹
3543 4490 3642 4561 qui
3676 4489 3790 4544 odit

2137 4568 2372 4624 fratrem
2406 4587 2603 4633 suum,
2652 4578 2847 4627 manet
2871 4574 2925 4626 in
2961 4579 3167 4638 morte,
3205 4580 3263 4629 et
3292 4575 3393 4647 qui
3454 4577 3676 4649 diligit,
3733 4579 3782 4630 in

2138 4657 2252 4712 Deo
2280 4667 2495 4724 manet,
2520 4665 2576 4712 et.
2591 4659 2742 4716 Deus
2772 4661 2828 4714 in
2855 4679 2922 4717 eo
2951 4663 3001 4730 (1
3027 4663 3186 4718 Joan.
3220 4681 3306 4732 in,
3340 4666 3442 4735 iv).
3464 4688 3494 4715 ii
3545 4666 3784 4722 Omnem

2136 4763 2272 4816 ergo
2295 4748 2740 4802 amaritudinem
2778 4749 2930 4804 tellis
2969 4767 3190 4820 evome,
3227 4757 3281 4807 et
3343 4769 3592 4826 quoquo
3623 4761 3785 4828 pacto

2137 4851 2158 4890 κ
2174 4833 2387 4889 alueris
2407 4836 2474 4890 ch
2486 4837 2711 4891 aritatis
2740 4837 3106 4894 dulcedinem
3139 4857 3330 4897 sume.
3353 4842 3446 4897 Nil
3481 4844 3643 4899 enim
3665 4861 3785 4898 sua-

2137 4923 2264 4978 vius
2289 4924 2406 4990 illa,
2433 4924 2516 4978 nil
2549 4931 2637 4980 est
2654 4927 2900 4984 beatius.
2962 4951 2991 4980 ‹‹
3041 4930 3216 4998 Deus,
3251 4931 3450 5002 inquit
3507 4932 3781 4998 Joannes,

2135 5012 2388 5067 charitas
2417 5019 2504 5068 est
2526 5015 2574 5084 (Ι
2598 5016 2754 5070 Joan.
2789 5019 2886 5082 ιν).
2924 5040 2950 5067 ii
2975 5017 3044 5072 Et
3075 5018 3346 5091 egregius
3399 5021 3781 5092 praedicator:

2134 5100 2442 5156 «Charitas
2463 5102 2563 5156 Dei
2609 5102 2826 5158 ditt‘usa
2869 5111 2960 5160 est
2986 5105 3046 5160 in
3081 5108 3359 5163 cordibus
3410 5111 3659 5180 nostris,
3684 5126 3780 5182 per

2131 5189 2412 5260 Spiritum
2437 5195 2707 5246 Sanctum
2750 5193 2850 5263 qui
2873 5193 3047 5249 datus
3095 5201 3185 5249 est
3207 5196 3379 5252 nobis
3428 5198 3611 5268 (Rom.
3651 5202 3725 5270 ν).
3755 5220 3780 5246 ››

2131 5277 2292 5331 Unde
2327 5280 2740 5334 ni-cimniei-ito
2801 5281 3055 5337 Charitas
3113 5284 3372 5339 fraterna
3433 5287 3782 5343 delictorum

2130 5370 2385 5421 facinora
2418 5383 2606 5438 legero
2635 5369 2865 5436 dicitur,
2899 5370 3052 5426 sicut
3080 5373 3370 5444 scciptum
3401 5382 3498 5430 est
3537 5391 3550 5432 :
3589 5397 3611 5426 ι
3647 5376 3778 5432 Uni-

2125 5470 2290 5510 versa
2319 5454 2530 5510 delicta
2546 5458 2734 5527 operit
2763 5457 3018 5514 charitas
3058 5460 3104 5530 (I
3122 5461 3271 5516 Petr.
3308 5463 3407 5534 ιν).
3445 5485 3476 5514 ii

2671 5579 2981 5620 DETRACTIO
3021 5582 3171 5621 DICIT
3201 5583 3216 5621 Ξ

2192 5667 2333 5728 Quis
2362 5671 2550 5738 potest
2579 5668 2890 5736 sustinere,
2925 5669 3057 5742 quis
3088 5671 3320 5728 silentio
3337 5677 3560 5747 tegere,
3596 5694 3778 5750 quan-

2120 5754 2297 5810 taille
2326 5755 2408 5808 vel
2445 5754 2541 5809 ille
2574 5772 2747 5828 prava
2777 5759 3112 5828 committit,
3157 5760 3271 5818 nisi
3304 5764 3408 5834 qui
3442 5764 3594 5822 forte
3649 5783 3778 5822 con-

2122 5842 2299 5899 sentit
2328 5844 2356 5897 ‘I
