3898 6346
172 505 288 569 565

333 656 600 698 ιιΒεειτΑε
627 658 817 709 δυϐτιε
844 658 1252 701 CORREC‘I‘IONIS
1283 658 1611 698 RESPONDFT
1642 657 1654 696 ἶ

237 730 372 787 CAP.
407 733 525 787 VII.
560 733 674 811 Nec
722 735 967 789 tacenda
1015 738 1155 789 sunt
1204 732 1361 787 mala
1410 729 1679 803 proximi,
1714 744 1819 785 nec

170 822 590 877 consentienda
606 841 618 878 :
635 823 735 878 sed
755 823 1039 878 cbaritate
1060 824 1310 876 fraterna
1332 822 1384 874 in
1410 823 1611 875 faciem
1638 818 1825 889 proxi-

174 926 309 964 mus
341 911 781 981 redarguendus
812 917 918 975 est,
942 928 1054 965 non
1089 919 1280 966 autem
1313 910 1361 966 ei
1387 909 1609 963 occulte
1639 908 1823 960 detra-

178 998 457 1055 hendum.
481 1002 641 1067 Quod
676 1002 720 1055 si
756 1002 1030 1067 objicitur
1064 1018 1074 1055 :
1112 1001 1323 1055 idcirco
1356 1002 1589 1053 fratrem
1626 1011 1822 1051 coram

167 1089 357 1145 oculis
403 1089 702 1165 increpare
734 1090 887 1153 nolo,
913 1108 983 1145 ne
1016 1095 1392 1160 exasperatus
1442 1089 1823 1144 correctione,

174 1196 288 1235 non
323 1180 604 1249 proficiat.
632 1181 731 1233 sed
779 1180 967 1249 magis
996 1198 1062 1234 ex
1093 1181 1446 1234 correctione
1478 1178 1820 1233 scandalum

170 1272 388 1331 sumat,
415 1267 666 1321 occurrit
688 1267 879 1322 divina
900 1270 1283 1339 Scriptura,et
1304 1285 1465 1322 versa
1494 1270 1610 1321 vice
1633 1269 1819 1339 magis

163 1357 510 1413 scandalum
537 1357 841 1411 denuntiat
866 1358 1065 1412 dicens
1092 1376 1138 1412 ε‹‹
1164 1358 1381 1412 Sedens
1405 1358 1681 1411 adversus
1707 1358 1817 1409 fra-

167 1449 321 1501 trem
369 1452 536 1500 tuum
586 1446 953 1510 detrahebas,
981 1452 1031 1499 et
1067 1447 1344 1500 adversus
1378 1445 1559 1499 lilium
1613 1445 1819 1498 matris

163 1539 277 1589 tua
313 1536 569 1605 ponebas
603 1535 943 1589 scandalum
978 1536 1148 1603 (Psal.
1185 1537 1355 1589 xvix‘.
1386 1559 1405 1585 ι
1445 1535 1630 1604 Magis
1662 1535 1815 1587 enim

163 1624 511 1678 scandalum
545 1625 726 1678 sumit
765 1624 863 1695 qui
913 1624 1023 1677 sibi
1073 1625 1469 1677 detrahentem
1524 1622 1815 1693 intelligit,

165 1728 344 1785 quam
388 1711 484 1783 qui
519 1713 925 1781 corripientem
977 1712 1248 1767 sustinet.
1283 1714 1347 1766 Et
1380 1711 1515 1783 quia
1547 1729 1817 1765 nonnun-

161 1819 342 1875 quam
365 1806 552 1855 errata
568 1801 1035 1871 delinquentium
1058 1802 1126 1855 ad
1150 1805 1377 1870 tempus
1398 1803 1814 1870 tegendasunt,

158 1896 225 1946 ut
256 1890 466 1961 aptinri
510 1894 771 1959 tempore
813 1890 1199 1956 corrigantur,
1229 1896 1532 1962 propterea
1571 1890 1816 1959 subjun-

968 508 1070 571 DE
1114 509 1547 573 CONFLICTU
1594 507 1984 573 VITIORUM
2031 507 2298 583 ATQUE
2342 506 2778 573 VIRTUTUM.

1848 643 1903 708 A
1932 653 2045 713 tur,
2072 670 2098 698 ‹‹
2128 647 2186 703 Si
2221 665 2332 703 non
2383 644 2793 719 compatimur,
2832 658 2937 699 nec
2980 636 3516 713 conregnabimus?
3539 658 3566 685 »ι

3445 503 3563 567 566

1932 738 2102 809 (Tim.
2136 739 2224 810 ιι.)
2254 741 2615 810 Quapropter
2642 733 2987 812 retundendi
3019 734 3156 788 sunt
3190 729 3293 785 iraa
3319 725 3570 793 stimuli,

1930 833 1987 884 et
2014 829 2141 899 ejus
2190 829 2500 884 metuenda
2541 826 2859 882 damnatio.
2891 823 2949 877 Si
2995 821 3234 894 quidem
3267 841 3296 869 ‹‹
3330 816 3432 891 qui
3460 815 3572 871 ira-

1930 925 2114 979 scitur
2143 924 2304 979 fratri
2337 905 2444 978 suo
2474 938 2607 977 reus
2638 921 2746 977 erit
2767 918 3024 991 judicio;
3057 915 3158 989 qui
3189 917 3383 971 autem
3415 912 3572 968 dixe-

1931 1016 2005 1069 rit
2039 1015 2193 1068 fratri
2229 1031 2332 1069 suo
2379 1013 2575 1078 racha,
2610 1029 2742 1068 reus
2774 1010 2883 1066 erit
2911 1006 3182 1075 consilio;
3220 1005 3319 1079 qui
3375 1008 3572 1060 autem

1932 1104 2159 1171 dixerit,
2192 1105 2366 1171 fatue,
2399 1121 2530 1157 reus
2561 1103 2669 1158 erit
2698 1100 2975 1173 gehennaa
3006 1097 3159 1171 ignis
3187 1095 3404 1169 (Matth.
3437 1094 3515 1165 v).
3542 1114 3570 1143 ››

1932 1192 2037 1248 Ubi
2073 1198 2264 1247 autem
2318 1193 2634 1247 remedium
2683 1191 2992 1255 invenitur,
3026 1190 3187 1260 patet
3215 1203 3284 1242 ex
3314 1201 3379 1240 eo
3412 1182 3570 1256 quod

1931 1282 2208 1337 subditur
2241 1299 2253 1336 :
2281 1304 2307 1329 ‹‹
2343 1281 2398 1335 Si
2440 1281 2610 1336 offers
2659 1296 2875 1334 munus
2929 1281 3097 1332 tuum
3151 1276 3224 1331 ad
3280 1272 3481 1336 altare,
3514 1274 3574 1326 et

1930 1372 2007 1426 ibi
2043 1371 2381 1426 recordatus
2427 1370 2605 1423 fueris
2655 1368 2792 1439 quia
2828 1368 3003 1422 frater
3049 1369 3191 1419 tuus
3234 1361 3412 1417 habet
3456 1359 3569 1414 ali-

1929 1462 2069 1532 quid
2122 1461 2428 1515 adversum
2461 1463 2537 1522 te,
2570 1457 2831 1529 relinque
2860 1455 2939 1511 ibi
2971 1469 3189 1510 munus
3233 1455 3401 1507 tuum
3433 1452 3568 1505 ante

1929 1550 2128 1617 altare,
2154 1553 2211 1605 et
2240 1549 2382 1604 vade
2414 1546 2771 1603 reconciliari
2805 1545 2968 1618 prius
3000 1541 3163 1599 fratri
3189 1545 3311 1606 tuo,
3343 1543 3399 1594 et
3426 1542 3569 1592 tunc

1920 1639 2164 1694 veniens
2197 1640 2403 1694 offeres
2435 1654 2653 1692 munus
2694 1640 2861 1692 tuum
2893 1633 3096 1706 (Matth.
3128 1631 3206 1702 v).
3237 1650 3264 1681 ι
3297 1631 3375 1684 Ac
3406 1626 3455 1683 si
3485 1626 3571 1681 di-

1927 1733 2191 1784 ceretur:
2227 1728 2339 1782 Nec
2370 1728 2426 1781 in
2470 1727 2642 1782 corde
2703 1725 2939 1781 tacitam
2997 1736 3230 1794 precem
3287 1715 3570 1783 eﬂ'undas,

1928 1817 2038 1872 nisi
2072 1817 2235 1889 prius
2269 1817 2554 1871 offensum
2586 1815 2915 1886 proximum
2945 1808 3358 1867 satisfaciendo
3388 1806 3457 1861 ad
3492 1804 3571 1859 le-

1931 1907 2129 1962 nitatis
2160 1905 2670 1961 mansuetudinem
2704 1903 3006 1974 perducas.
3043 1899 3259 1953 Munus
3287 1895 3442 1951 enim
3476 1910 3572 1950 no«

156 1982 320 2053 Situ”
348 1996 397 2033 τί(
427 1980 555 2033 Ηῖθθ
589 1979 769 2033 “Ci-“ll
795 1985 851 2032 et
881 1980 1055 2033 lami-
1085 2001 1110 2025 ”
1135 1980 1213 2032 Νθ
1246 1983 1440 2033 “"th
1470 1996 1535 2032 ex
1566 1979 1673 2033 hoc
1696 1979 1814 2032 (ᾖδ’
1844 2015 1890 2079 Β
1928 2001 2114 2052 slrum
2146 1999 2235 2051 est
2264 1994 2443 2050 oratio
2490 1997 2721 2057 nostra;
2755 1991 2935 2045 altare
2984 2005 3116 2043 vero
3166 1988 3432 2041 nostrum
3480 1985 3573 2038 est

155 2073 315 2124 creto
366 2067 599 2122 silentio
659 2069 1013 2122 detractnres
1067 2067 1173 2121 sibi
1235 2067 1675 2138 applaudereut,
1711 2068 1809 2138 qui

153 2159 299 2213 dum
333 2174 569 2227 semper
594 2157 816 2211 occulte
840 2158 1117 2226 derogare
1144 2157 1391 2223 malunt,
1416 2174 1715 2226 nunquam
1752 2157 1809 2210 in

153 2254 423 2317 apertam
458 2246 913 2317 increpationem
948 2246 1280 2317 prosiliunt,
1308 2246 1495 2300 adhuc
1529 2246 1815 2300 subinfer-

153 2342 255 2391 tur
280 2353 328 2389 τα
358 2335 718 2389 Existimasti
764 2335 961 2405 inique
995 2336 1147 2405 quod
1183 2352 1278 2388 ero
1312 2336 1391 2389 tui
1445 2335 1707 2389 similis.»
1736 2337 1811 2389 Ac

155 2426 201 2479 si
236 2426 576 2479 diceretur:
603 2424 874 2493 Iniquum
900 2430 984 2477 est
1009 2425 1261 2490 cogitare
1287 2430 1346 2479 ut
1373 2424 1502 2478 inde
1525 2424 1814 2478 detractor

163 2513 386 2570 similis
411 2530 755 2584 appaream:
783 2515 932 2565 unde
964 2516 1033 2567 ad
1070 2520 1295 2584 tempus
1331 2513 1808 2583 reticens,locum

156 2609 305 2673 apta:
339 2602 721 2657 correctionis
744 2607 1026 2672 exepecto.
1056 2603 1214 2656 Unde
1245 2607 1301 2655 et
1329 2602 1592 2673 protinus
1612 2601 1811 2655 subdi-

150 2697 252 2748 tur
277 2710 329 2747 ;‹‹
356 2694 635 2761 Arguam,
665 2695 739 2745 te.
765 2696 818 2744 et
852 2695 1102 2745 statuam
1134 2696 1332 2744 contra
1355 2690 1557 2745 faciem
1585 2696 1739 2743 tuam
1761 2707 1810 2753 ;ι›

148 2780 332 2836 veluti
390 2781 721 2834 diceretur:
759 2780 879 2834 Non
913 2781 969 2833 in
1022 2780 1267 2843 occulto,
1306 2784 1363 2833 ut
1412 2783 1513 2833 tua
1562 2795 1811 2832 consue—

150 2871 295 2926 tudo
358 2875 471 2935 est,
506 2871 603 2925 sed
666 2870 720 2923 in
782 2874 1100 2941 aperto,ut
1132 2887 1257 2924 nica.
1315 2875 1396 2922 est
1456 2868 1812 2923 consuetudo

146 2966 358 3031 aptum
400 2964 635 3030 tempus
668 2959 1014 3024 corripiendi
1063 2964 1404 3030 exspectans
1455 2963 1811 3029 peccatorem

144 3065 430 3121 arguam,
465 3049 676 3117 eteius
724 3048 932 3101 delicta
976 3054 1175 3102 contra
1226 3048 1427 3102 faciem
1487 3048 1645 3100 illius
1696 3050 1812 3098 sta-

142 3142 332 3194 tuam.
371 3143 467 3199 At,
499 3136 737 3207 iniquis.
775 3154 886 3190 non
923 3137 1074 3197 odio,
1110 3138 1206 3191 sed
1243 3154 1395 3198 amo,
1430 3154 1603 3207 quem
1640 3136 1715 3189 ita
1752 3134 1806 3186 in

138 3226 518 3281 absconditis
571 3226 900 3293 dijudicans
952 3226 1331 3294 reprehendo.
1385 3226 1452 3279 Et
1499 3242 1604 3295 ego
1639 3240 1651 3276 :
1689 3224 1812 3277 lmn

144 3317 341 3385 magis
380 3316 516 3369 hinc
555 3315 702 3371 odis.
734 3320 792 3367 et
844 3332 957 3368 non
1008 3314 1224 3383 diligis,
1271 3314 1423 3367 unde
1471 3313 1728 3367 detrahis
1761 3315 1815 3366 et

147 3420 263 3459 non
300 3403 573 3475 corripis.
600 3405 780 3465 Quam
817 3403 889 3456 sit
923 3407 1113 3455 autem
1161 3402 1499 3455 detestanda
1532 3402 1810 3456 detractio
1842 3378 1884 3444 (ἶ

147 3491 753 3564 proximi,plerisque
795 3492 850 3544 in
898 3491 1039 3545 locis
1072 3491 1302 3560 eloquia
1354 3491 1545 3544 divina
1597 3494 1811 3543 testan-

145 3585 264 3652 tur,
300 3582 464 3635 unde
495 3586 584 3634 est
616 3579 758 3633 illud
787 3596 797 3633 :
825 3604 850 3627 ‹‹
885 3580 1287 3633 Detrahentem
1319 3580 1599 3633 adversus
1634 3579 1815 3647 proxi.

148 3687 317 3726 mum
358 3685 539 3725 suum
587 3669 827 3733 occulte,
862 3668 1016 3721 hunc
1063 3669 1450 3738 persequebar
1482 3669 1651 3738 (Ρδίιέ.
1688 3668 1759 3737 c).
1788 3690 1813 3715 η

144 3759 212 3814 Et
243 3759 399 3814 illud
440 3776 451 3813 :
480 3781 506 3806 ‹‹
543 3758 648 3823 Qui
701 3758 956 3811 detrahit
1002 3757 1159 3811 fratri
1194 3756 1583 3809 era-ticabitur
1612 3758 1809 3826 (.Iaruh.

145 3849 249 3917 ιν).
280 3869 310 3897 ››
347 3848 474 3904 Nec
507 3863 619 3900 non
654 3853 712 3899 et
743 3846 885 3899 illud
921 3845 1163 3916 apostoli
1200 3844 1357 3899 Pauli
1396 3862 1407 3898 :
1439 3868 1457 3890 α
1494 3845 1693 3898 Videte
1726 3862 1817 3897 ne-

143 3936 288 3992 dum
326 3936 587 3991 invicem
643 3934 945 3997 mordetis,
980 3935 1051 3988 ab
1091 3933 1336 3988 invicem
1387 3933 1814 3989 consumamini

142 4026 368 4097 (Galat.
405 4026 486 4093 v).
514 4046 542 4072 ››

833 4132 927 4169 ll‘tA
968 4130 1117 4168 DlCl'l‘
1149 4131 1161 4168 Ζ

212 4208 358 4269 Quae
394 4219 541 4274 erga
571 4209 625 4257 te
656 4207 929 4275 aguntur,
954 4202 1359 4272 aequanimiter
1383 4203 1512 4255 ferri
1550 4220 1659 4255 non
1687 4219 1816 4272 pos-

144 4299 292 4348 sunt
329 4311 345 4349 :
380 4293 512 4347 hzec
562 4293 847 4363 patienter
894 4290 1155 4355 tolerare,
1192 4296 1496 4362 peccatum
1547 4296 1652 4346 est.
1686 4296 1818 4355 Quae

141 4384 250 4437 etsi
292 4399 420 4437 non
466 4381 555 4435 eis
582 4398 715 4435 eum
766 4397 980 4447 magna
1025 4380 1459 4450 exasperatione
1509 4380 1819 4440 resistitur,

146 4475 365 4527 contra
399 4477 464 4525 te
494 4470 769 4541 deinceps
802 4470 927 4523 sine
958 4486 1231 4524 mensura
1263 4468 1653 4524 cumulantur.

646 4576 943 4613 PATIENTIA
976 4576 1301 4613 RESPONDET
1337 4576 1349 4613 ζ

213 4650 363 4705 CAP.
395 4648 551 4702 Vlll.
577 4648 633 4703 Si
668 4648 862 4719 passio
898 4648 1303 4718 Redemptoris
1344 4648 1410 4701 ad
1448 4652 1697 4701 mentem
1734 4666 1820 4703 re-

142 4738 421 4801 ducitur,
461 4736 607 4791 nihil
640 4742 758 4791 tam
810 4737 1048 4800 durum,
1079 4737 1229 4807 quod
1267 4754 1379 4789 non
1416 4753 1579 4807 aequo
1628 4737 1821 4792 animo
1855 4743 1900 4806 Ῐ)
1931 4741 2104 4797 etiam
2155 4740 2366 4796 dicitur
2400 4758 2412 4796 :
2445 4768 2462 4788 α

146 4827 475 4882 toleretur.
502 4848 528 4874 ‹‹
554 4825 822 4882 Christus
846 4825 1024 4887 enim,
1048 4831 1108 4880 ut
1141 4826 1219 4878 ait
1256 4825 1480 4896 Petrus,
1506 4843 1717 4897 passus
1749 4834 1835 4881 est

142 4932 251 4987 pro
287 4916 500 4976 nobis,
530 4913 867 4986 relinquens
917 4915 1084 4969 nobis
1129 4914 1480 4984 exemplum,
1515 4919 1577 4969 ut
1616 4933 1821 4987 sequa-

148 5023 289 5061 mur
339 5004 618 5079 vestigia.
655 5005 783 5073 ejus
813 5005 860 5073 (1
886 5006 1031 5059 Petr.
1080 5005 1161 5071 Il).
1191 5026 1216 5051 ι)
1252 5004 1377 5075 Ipse
1427 5004 1579 5058 enim
1630 5005 1776 5059 dixit
1807 5038 1821 5076 ε

146 5118 173 5144 ‹‹
208 5096 271 5150 Si
308 5093 816 5166 patremfamilias
861 5093 1177 5147 Beelzebub
1208 5098 1575 5151 vocaverunt.
1609 5100 1827 5165 quanto

150 5184 354 5255 magis
420 5182 786 5236 domesticos
840 5182 1314 5252 ejus?»(MaHh.
1367 5182 1446 5245 Χ.)
1479 5182 1545 5235 Et
1600 5183 1714 5237 alio
1772 5186 1828 5238 in

148 5272 281 5327 loco
320 5289 375 5326 ;‹‹
406 5270 471 5324 Si
508 5286 602 5325 me
643 5272 929 5341 persecuti
981 5276 1138 5339 sunt,
1173 5276 1228 5324 et
1256 5287 1356 5325 vos
1408 5278 1836 5341 persequentur

150 5362 323 5431 (Jean
339 5403 350 5414 .
389 5360 514 5429 xv).
542 5381 567 5407 ››

227 5451 347 5506 Sed
384 5453 620 5520 quanta
665 5453 805 5502 sunt
836 5448 890 5501 in
926 5447 1355 5519 comparatione
1391 5447 1731 5518 passionum
1762 5451 1835 5504 il-

150 5538 465 5609 lius,quze
502 5535 794 5607 patimur?
818 5535 917 5592 Ille
953 5536 1107 5591 enim
1151 5535 1481 5607 cpprobria,
1514 5537 1834 5606 irrisiones,

155 5624 591 5685 contumelias.
627 5624 847 5695 alapas,
874 5630 1047 5697 sputa
1087 5624 1332 5696 ﬂagella,
1368 5625 1626 5695 spineam
1678 5644 1833 5680 coro-

155 5732 325 5779 nam,
357 5729 726 5783 crucemque
774 5714 1055 5768 sustinuit
1088 5730 1102 5767 :
1137 5718 1191 5767 et
1240 5730 1345 5766 nos
1398 5713 1591 5767 miseri
1628 5717 1696 5767 ad
1735 5733 1835 5769 nn-

154 5811 346 5861 stram
395 5802 811 5858 confusionem
865 5820 981 5857 uno
1033 5819 1295 5857 sermone
1358 5801 1689 5872 fatigamur,
1726 5822 1839 5859 uno

152 5893 337 5949 verbo
372 5889 720 5961 dejicimur.
754 5891 823 5947 Et
862 5891 1003 5963 quid
1035 5892 1262 5964 agimus
1295 5891 1363 5946 de
1394 5907 1478 5957 eo,
1506 5893 1663 5962 quod
1701 5893 1841 5949 dici-

1923 2102 2037 2141 cor.
2075 2084 2173 2139 Ille
2206 2088 2397 2139 autem
2430 2082 2525 2155 qui
2568 2082 2675 2137 hoc
2709 2081 2890 2135 facere
2921 2076 3172 2150 (quoties
3218 2074 3371 2130 inter
3415 2072 3569 2128 duos

1922 2174 2008 2229 ira
2038 2176 2210 2229 fuerit
2249 2172 2513 2239 excitata)
2565 2168 2876 2235 studuerit,
2908 2165 3269 2239 praemissam
3321 2163 3565 2218 damna-

1920 2263 2136 2319 tionem
2188 2277 2553 2333 nequaquam
2606 2257 2872 2313 incurrit.
2905 2256 3017 2312 Scd
3058 2256 3198 2310 sunt
3244 2249 3414 2307 multi
3463 2249 3565 2321 qui

1922 2351 2134 2423 petenti
2170 2350 2279 2404 sibi
2314 2349 2562 2417 veniam,
2595 2346 2805 2402 delicta
2848 2362 2963 2401 non
2999 2342 3325 2399 remittunt.
3357 2339 3568 2395 Contra

1922 2457 2069 2511 quos
2101 2438 2199 2494 illa
2231 2438 2461 2493 Domini
2494 2436 2788 2492 sententia
2816 2434 2989 2499 venit,
3023 2448 3137 2504 qua
3168 2430 3420 2486 dicitur:
3452 2448 3479 2479 ι
3507 2426 3565 2482 Si

1921 2546 2035 2583 non
2098 2527 2438 2583 remiscritis
2493 2524 2834 2581 hominibus
2891 2524 3127 2596 peccata
3182 2534 3408 2586 eorum,
3465 2531 3571 2571 nec

1921 2619 2092 2672 Pater
2120 2621 2307 2671 vester
2337 2614 2586 2671 cmlestis
2617 2613 2872 2670 remittet
2913 2610 3075 2667 vobis
3119 2612 3358 2681 peccata
3380 2608 3571 2662 vestra

1920 2706 2126 2775 (Matth.
2162 2706 2262 2775 v1).

1993 2794 2162 2849 Plura
2192 2798 2347 2859 sunt,
2382 2792 2599 2863 inquis,
2626 2808 2750 2863 qua
2784 2786 3115 2853 committit,
3140 2790 3198 2841 et
3229 2799 3322 2839 me
3352 2781 3566 2854 saapius

1921 2882 2177 2938 offendit.
2212 2883 2293 2937 Ad
2328 2882 2447 2936 haec
2481 2898 2593 2935 non
2626 2897 2751 2952 ego,
2776 2879 2876 2934 sed
2902 2875 3181 2933 Dominus
3210 2870 3560 2944 respondet:

1919 2972 2064 3027 Nam
2099 2989 2229 3026 cuin
2264 2972 2465 3025 Petrus
2494 2971 2561 3024 ad
2612 2986 2749 3024 eum
2797 2967 3014 3022 diceret
3044 2981 3057 3020 :
3083 2988 3111 3015 «
3145 2961 3380 3028 Quoties
3429 2975 3561 3032 pec-

1923 3060 2079 3115 cabit
2110 3060 2162 3113 in
2198 3076 2290 3113 me
2339 3060 2513 3113 frater
2551 3075 2739 3122 meus,
2780 3055 3070 3110 dimittam
3115 3052 3203 3108 illi
3253 3065 3439 3122 usque
3469 3064 3561 3104 se-

1923 3148 2109 3220 pties?
2136 3171 2160 3195 ››
2184 3147 2285 3202 Ille
2316 3148 2386 3201 ad
2419 3164 2550 3202 eum
2578 3165 2590 3202 :
2619 3169 2646 3195 «
2675 3146 2797 3201 Non
2829 3144 2957 3199 dico
2986 3141 3115 3210 tibi,
3141 3139 3352 3211 inquit,
3378 3152 3564 3208 usque

1923 3237 2158 3309 septies.
2180 3237 2274 3291 sed
2312 3252 2498 3307 usque
2528 3235 2860 3307 septuagies
2884 3232 3099 3304 septies
3114 3229 3320 3302 (Matth.
3342 3227 3563 3298 xvm).»

1923 3329 2105 3392 Quam
2139 3324 2308 3379 multi
2365 3328 2558 3380 autem
2607 3328 2747 3379 sunt
2774 3322 2872 3393 qui
2903 3337 3042 3376 suas
3098 3317 3346 3390 injurias
3400 3316 3567 3371 tarde

1925 3414 2202 3480 relaxant,
2244 3414 2345 3469 Dei
2393 3430 2525 3468 vero
2582 3412 2755 3467 citius
2801 3409 3105 3481 indulgent
3138 3424 3152 3464 :
3185 3408 3367 3478 ﬁtque
3413 3420 3566 3460 non—

1924 3518 2225 3572 nunquam
2247 3507 2323 3556 ut
2349 3501 2648 3557 occasione
2680 3499 2903 3555 Domini
2934 3496 3182 3568 injurias
3210 3492 3563 3561 vindicandi,

1924 3608 2061 3646 suas
2092 3591 2392 3645 vindicant
2434 3589 2582 3643 irati.
2616 3587 2763 3652 Quid
2813 3602 3042 3658 quoque
3090 3585 3161 3640 de
3207 3582 3324 3639 illis
3370 3582 3564 3638 dicen-

1925 3680 2066 3734 dum
2102 3684 2209 3744 est,
2241 3680 2338 3750 qui
2378 3679 2565 3733 furore
2606 3676 2882 3733 coacitatis
2923 3692 3110 3747 usque
3142 3673 3213 3729 ad
3240 3672 3415 3729 verba
3443 3686 3570 3743 pro-

1926 3771 2102 3823 ruunt
2136 3766 2589 3836 maledictionis,
2623 3766 2733 3823 nisi
2776 3766 2883 3822 hoc
2914 3765 3068 3837 quod
3100 3761 3413 3837 Apostolus
3443 3760 3525 3817 ait
3555 3775 3569 3814 :

1930 3879 1955 3905 ‹‹
2001 3856 2198 3927 Neque
2256 3855 2524 3911 maledici
2585 3872 2831 3927 regnum
2888 3854 2986 3910 Dei
3046 3849 3486 3925 possidebunt?
3543 3869 3566 3898 ι

1927 3944 1973 4016 (I
2000 3947 2122 4001 Cor.
2156 3945 2259 4011 v1.)
2290 3944 2447 4008 Quod
2505 3945 2758 4000 Jacobus
2815 3940 3214 4014 exaggerando
3274 3938 3573 3994 detestans

1929 4034 2011 4088 ait
2042 4050 2054 4085 :
2093 4056 2117 4082 ‹‹
2152 4034 2436 4105 Linguam
2470 4032 2669 4088 nullus
2712 4032 3018 4089 hominum
3069 4032 3258 4103 potest
3287 4028 3523 4084 domare
3558 4041 3571 4080 :

1930 4122 2252 4194 inquic'um
2304 4121 2548 4187 malum,
2593 4122 2830 4193 plenum
2878 4136 3099 4177 veneno
3146 4115 3463 4175 mortifero.
3508 4115 3574 4169 In

1930 4211 2055 4281 ipsa
2103 4209 2501 4264 benedicimus
2554 4210 2861 4265 Dominum
2894 4213 2950 4264 et
2978 4211 3225 4281 patrem,
3259 4209 3318 4262 et
3361 4204 3422 4260 in
3452 4203 3581 4276 ipsa

1933 4299 2337 4353 maledicimus
2393 4298 2683 4366 homines,
2717 4298 2815 4371 qui
2867 4294 3439 4369 adﬁsimilitudinem
3480 4290 3582 4348 Dei

1934 4387 2067 4441 facti
2103 4391 2257 4441 sunt.
2292 4388 2371 4441 Ex
2414 4386 2540 4458 ipso
2582 4404 2680 4443 ore
2732 4382 3343 4459 procediﬁbenedictio
3373 4384 3431 4437 et
3460 4396 3582 4435 ma—

1932 4471 2186 4531 ledictio.
2211 4475 2331 4531 Non
2367 4480 2590 4547 oportet
2611 4476 2816 4531 fratres
2850 4475 2962 4530 mei
2995 4474 3117 4528 haec
3146 4471 3401 4543 itagﬁeri.
3426 4470 3587 4525 Nun-

1932 4565 2074 4637 quid
2110 4566 2235 4620 fons
2268 4566 2337 4619 de
2375 4565 2573 4620 eodmn
2639 4564 2920 4620 foramine
2979 4565 3216 4618 emanat
3271 4557 3502 4616 dulcem
3534 4562 3592 4614 et

1933 4670 2193 4707 amaram
2258 4653 2566 4724 aquam?»
2601 4655 2733 4724 (Jac.
2770 4653 2880 4722 ιιι.)
2913 4652 3028 4707 Hac
3087 4651 3158 4705 de
3213 4664 3393 4705 causa
3449 4646 3591 4703 alibi

2514 4746 2662 4796 Mors
2710 4744 2765 4797 et
2794 4741 2910 4796 vita
2954 4737 3015 4795 in
3064 4738 3334 4795 manibus
3382 4735 3596 4810 linguae

1947 4832 2130 4901 (Prov.
2167 4832 2304 4901 XIX).
2336 4853 2361 4879 ››

2478 4937 2790 4975 PROTERVIA
2822 4935 2973 4973 DlCIT
3006 4935 3019 4974 ζ

2004 5008 2280 5080 Nunquid
2313 5008 2534 5077 stultis,
2592 5007 2861 5081 nunquid
2920 5007 3262 5080 insensatis,
3296 5027 3363 5067 ac
3415 5011 3605 5087 brutis

1940 5097 2299 5152 animalibus
2347 5097 2499 5152 lenia
2550 5100 2743 5165 verba,
2779 5100 2834 5153 ct
2874 5114 2990 5152 non
3043 5099 3233 5172 magis
3280 5102 3606 5172 asperrima

1942 5188 2031 5258 (ut
2064 5186 2279 5241 talibus
2313 5186 2475 5241 decet
2498 5187 2639 5240 dum
2673 5186 3044 5259 delinquunt)
3067 5188 3398 5259 objicienda
3428 5191 3605 5248 sunt?

2373 5292 2762 5331 MANSUETUDO
2794 5293 3123 5331 RESPONDET
3154 5294 3168 5333 ζ

2021 5370 2151 5418 Car.
2192 5364 2283 5418 l.‘~".
2312 5364 2430 5417 Non
2469 5369 2566 5419 tua
2614 5363 2671 5419 in
2724 5364 2815 5421 bis
2848 5364 3168 5437 persuasio,
3192 5366 3292 5421 sed
3340 5359 3603 5437 Apostoli

1948 5454 2249 5525 Sequenda
2280 5458 2358 5505 est
2397 5455 2726 5525 praccplio,
2753 5454 2944 5526 quidu
2971 5453 3076 5508 hac
3110 5453 3400 5508 sententia
3431 5455 3602 5511 dilec-

1951 5547 2080 5597 tum
2115 5541 2469 5613 discipulum
2504 5542 2796 5610 admomt,
2821 5541 3051 5596 dicens:
3077 5561 3104 5588 ‹‹
3145 5537 3448 5598 Seuiorem
3481 5561 3595 5600 non

1950 5629 2365 5703 iucrcpavcris,
2391 5633 2487 5685 sed
2517 5630 2753 5685 obsecra
2778 5634 2841 5683 ut
2861 5630 3095 5699 patrem,
3113 5626 3364 5694 juvenes
3400 5636 3471 5686 ut
3500 5632 3608 5687 fra-

1951 5724 2092 5787 tres,
2122 5737 2268 5773 anus
2294 5723 2352 5771 ut
2383 5714 2966 5788 matregjuvenculas
2997 5715 3056 5765 ut
3077 5726 3331 5779 sorores,
3355 5714 3422 5770 in
3446 5717 3605 5774 omni

1953 5808 2221 5862 castitate
2244 5807 2289 5877 (l
2310 5807 2441 5860 Tim.
2468 5822 2484 5858 ι
2508 5810 2561 5859 et
2586 5808 2657 5872 v).
2688 5828 2713 5851 ››
2738 5803 2801 5857 Et
2842 5815 3070 5857 rursum
3106 5814 3172 5852 τα
3203 5796 3487 5872 Servum,
3525 5807 3605 5859 in:

1957 5896 2111 5966 quit,
2135 5893 2368 5952 domino
2402 5910 2511 5949 non
2544 5894 2762 5964 oportet
2790 5889 3039 5960 litigare,
3062 5885 3165 5941 sed
3209 5898 3542 5949 mansuetu
