3898 6412
217 496 334 557 567
1283 491 1344 551 S.
1397 485 1670 548 LEONIS
1717 482 1796 543 IX
1842 475 2068 539 PAP/E
2111 476 2543 540 OPUSCULA.
3545 470 3700 534 568

221 641 352 683 esse
381 625 453 683 ad
477 641 716 682 omnes:
741 624 1031 681 doctorem
1063 623 1400 698 patientem,
1423 636 1556 677 cum
1579 614 1863 674 modestia
1888 609 1946 678 Α
1971 617 2298 686 temporum
2330 609 2604 685 proponis
2642 609 2864 684 spatia?
2911 607 3188 682 Nunquid
3228 607 3348 667 scis
3382 607 3452 698 si
3491 619 3699 698 cras-

223 715 633 788 corripientem
666 732 763 772 eos
794 714 894 786 qui
923 694 1256 770 resistunt.»
1281 713 1651 780 Rursumque
1675 723 1722 762 τα
1750 706 1858 760 Ar-
1967 703 2091 758 tina
2115 703 2208 758 die
2227 701 2420 758 vivas?
2453 703 2573 756 Imo
2605 700 2781 756 etiam
2801 698 2850 755 si
2872 699 2960 756 vel
2981 715 3162 754 unam
3184 699 3396 755 horam
3431 697 3518 788 in
3561 694 3702 750 hac

224 821 358 878 gue,
378 783 650 872 obsecra,
672 783 922 876 increpa,
954 803 1010 857 in
1033 803 1190 858 omni
1223 799 1501 872 patientia
1519 801 1576 854 et
1596 793 1862 851 doctrina
1968 791 2088 849 vita
2117 790 2332 848 facias?
2359 793 2443 846 An
2478 790 2622 846 forte
2666 791 2864 878 mente
2912 787 3146 878 excidit,
3171 788 3326 878 quod
3347 783 3703 878 Salvator

227 893 299 967 (II
329 894 470 950 Tim.
503 896 600 962 Iv).
630 915 650 943 ιι
687 893 843 957 Quod
876 891 1140 947 videlicet
1177 889 1398 946 malum
1429 885 1746 960 proterviae,
1770 883 1864 938 de-

226 981 414 1040 terius
445 981 636 1038 adhuc
667 980 914 1036 subditis
936 995 1113 1052 quam
1146 978 1398 1050 prtelatis
1431 980 1616 1032 nocet.
1641 973 1864 1046 Smpius

227 1071 386 1129 enim
415 1070 658 1141 contigit
687 1073 751 1124 ut
778 1068 982 1125 leniter
1027 1084 1094 1123 ac
1142 1084 1275 1122 cum
1327 1064 1625 1121 charitatis
1672 1061 1865 1118 dulce-

231 1160 365 1216 dine
418 1159 700 1232 prolatam
755 1157 1168 1214 correctionem
1228 1157 1524 1228 spernant,
1557 1157 1614 1209 et
1665 1155 1869 1208 contra

230 1248 580 1305 humilitatis
633 1247 826 1316 verba,
885 1245 1273 1318 despectionis
1331 1244 1601 1300 emittant
1645 1241 1865 1314 jacula.

231 1337 390 1394 Unde
421 1336 704 1408 scriptum
735 1339 824 1392 est
855 1353 867 1391 :
897 1358 925 1386 «
961 1335 1070 1402 Qui
1126 1333 1321 1407 arguit
1374 1332 1712 1400 derisorem,
1744 1330 1870 1402 ipse

231 1424 342 1482 sibi
373 1424 512 1481 facit
535 1425 872 1496 injuriam.»
899 1425 1021 1488 Quo
1063 1427 1264 1479 contra
1293 1423 1363 1477 de
1392 1421 1492 1477 illo
1522 1420 1619 1492 qui
1653 1436 1754 1492 per
1782 1419 1869 1474 in-

232 1513 626 1586 crepationem
659 1514 905 1586 proﬁcit,
929 1513 1141 1568 dicitur
1172 1529 1219 1566 ;‹‹
1253 1513 1444 1584 Argue
1473 1509 1793 1582 sapientem
1817 1512 1872 1563 et

234 1602 454 1660 amabit
481 1606 538 1660 te
570 1605 746 1670 (Prov.
783 1605 881 1674 Ix).
911 1623 936 1650 »

834 1708 1036 1748 TUMOB
1073 1707 1223 1746 DlCl'I‘
1251 1709 1263 1745 2

308 1783 541 1838 Testem
579 1780 761 1837 habes
802 1780 984 1836 Deum
1015 1779 1073 1834 in
1105 1778 1281 1846 caelis,
1318 1794 1432 1834 non
1481 1777 1588 1833 tibi
1617 1776 1694 1833 sit
1723 1790 1874 1831 cura)

237 1869 376 1942 quid
408 1870 478 1926 de
507 1874 564 1926 te
595 1869 966 1941 suspicentur
996 1866 1262 1923 homines
1291 1867 1347 1921 in
1381 1865 1571 1922 terris.

540 1973 778 2013 HUMILIS
809 1973 1162 2012 SATISFACTIO
1193 1971 1518 2011 BESPONDET
1548 1971 1560 2008 2

305 2046 440 2100 CAP.
473 2049 542 2100 X.
575 2045 699 2101 Non
731 2049 820 2102 est
848 2044 1043 2102 danda
1089 2043 1432 2100 detrahendi
1479 2042 1726 2108 occasio,
1762 2057 1876 2096 non

237 2135 584 2191 susurrandi
633 2133 912 2206 suspicio,
944 2135 1042 2190 sed
1077 2135 1127 2190 si
1160 2135 1375 2190 adsunt
1413 2151 1539 2206 quae
1589 2131 1884 2204 corrigan-

237 2227 356 2292 tur,
382 2223 830 2288 manifestanda,
859 2226 960 2278 aut
989 2226 1140 2278 certe
1173 2221 1221 2277 si
1252 2221 1484 2287 desunt,
1509 2217 1717 2274 humili
1750 2233 1887 2290 pro-

238 2312 548 2368 testatione
605 2311 872 2383 neganda
923 2327 934 2364 :
1000 2311 1136 2382 quia
1192 2313 1248 2365 et
1301 2308 1611 2381 Apostolus
1669 2309 1884 2372 monet,

241 2423 269 2451 ‹‹
303 2399 525 2459 nullam
557 2399 920 2455 occasionem
951 2399 1090 2454 dare
1118 2397 1347 2454 diabolo
1381 2395 1672 2452 maledicti
1705 2395 1892 2468 gratia

245 2489 296 2566 (Ι
321 2488 441 2542 Cor.
473 2490 616 2556 vm).
641 2509 666 2537 η
703 2488 863 2553 Quod
905 2487 1080 2542 etiam
1133 2485 1191 2540 in
1251 2485 1368 2541 illis
1425 2487 1748 2540 detestatus
1779 2487 1888 2551 est,

247 2575 346 2648 qui
378 2575 769 2631 Christianam
818 2575 992 2630 ﬁdem
1044 2578 1366 2640 censentes,
1400 2575 1457 2629 in
1493 2573 1664 2630 idolis
1695 2575 1765 2628 ad
1797 2589 1889 2628 co-

246 2665 602 2720 medendum
634 2663 1067 2732 rccumbebant,
1093 2668 1150 2718 et
1180 2679 1516 2736 quanquam
1547 2663 1740 2735 ipsum
1773 2663 1890 2716 ido-

247 2751 370 2810 lum
401 2770 504 2824 pro
535 2752 715 2807 nihilo
759 2753 1058 2820 ducentes,
1091 2751 1393 2808 immolata
1424 2752 1591 2823 quasi
1625 2751 1891 2806 innoxios

246 2843 406 2900 cibos
439 2845 763 2910 sumerent;
800 2841 1065 2898 infirmas
1099 2844 1290 2897 tamen
1323 2841 1566 2897 fratrum
1597 2839 1894 2896 conscien-

246 2932 360 2988 tias
388 2947 491 3004 per
534 2931 644 2986 hoc
694 2931 912 2986 factum
945 2931 1016 2986 ad
1047 2930 1330 2987 nefandos
1377 2929 1666 2986 idolorum
1719 2929 1890 2997 ritus,

245 3021 579 3078 trahebant.

811 3123 1088 3163 TRISTITIA
1127 3123 1278 3163 DICIT
1310 3125 1323 3164 2

320 3195 468 3262 Quid
521 3195 704 3252 habes
758 3197 912 3251 unde
939 3195 1217 3268 gaudeas,
1249 3211 1381 3252 cum
1429 3198 1592 3252 tanta
1638 3193 1791 3251 mala
1819 3195 1892 3250 de

251 3285 531 3360 proximis
561 3285 794 3356 portas?
824 3284 1116 3356 Perpende
1147 3301 1262 3356 quo
1301 3300 1544 3340 mmrore
1573 3301 1776 3341 omnes
1803 3284 1889 3340 in-

249 3373 450 3431 tuendi
477 3373 614 3442 sint,
640 3373 737 3444 qui
757 3371 816 3428 in
836 3376 996 3428 tanto
1018 3377 1220 3429 contra
1247 3377 1302 3429 te
1330 3373 1737 3430 amaritudinis
1757 3371 1888 3430 felle

249 3465 570 3520 versantur.

580 3567 871 3606 SPIRITALE
902 3565 1166 3606 GAUDIUM
1198 3567 1524 3606 RESPONDET
1555 3568 1568 3606 ζ

323 3641 454 3696 CAP.
478 3639 571 3694 XI.
596 3638 898 3696 Geminam
931 3655 1057 3694 esse
1087 3639 1386 3694 tristitiam
1421 3639 1571 3709 novi,
1596 3639 1713 3696 imo
1745 3641 1892 3696 duas

251 3744 380 3786 esse
434 3727 705 3784 tristitiae
757 3727 1127 3783 novizunam
1161 3727 1382 3784 scilicet
1437 3745 1563 3800 quis
1618 3728 1889 3798 salutem,

250 3817 494 3874 alteram
523 3833 656 3872 vero
687 3833 811 3887 quae
855 3815 1171 3888 perniciem
1203 3821 1476 3888 operatur
1506 3835 1519 3872 :
1554 3834 1732 3873 unam
1765 3835 1890 3890 qua:

249 3906 319 3964 ad
353 3904 753 3978 paenitentiam
784 3904 982 3971 trahit,
1012 3903 1253 3960 alteram
1285 3921 1410 3976 quae
1441 3906 1509 3960 ad
1543 3906 1893 3978 desperatio-

249 4013 382 4052 nem
415 3993 698 4068 perducit.
733 3994 819 4049 Tu
853 3993 1087 4065 quidem
1127 4010 1303 4050 unam
1337 4010 1405 4050 ex
1433 3993 1552 4050 illis
1583 4011 1886 4066 cognosce-

247 4085 352 4153 ris,
393 4084 492 4140 sed
544 4083 786 4140 omnino
843 4099 968 4154 quae
1028 4085 1268 4138 mortem
1317 4083 1593 4154 operaris.
1627 4084 1752 4139 Non
1805 4088 1894 4140 est

246 4173 426 4246 igitur
454 4171 515 4226 in
545 4170 638 4226 his
662 4171 1125 4227 contristandum
1150 4189 1275 4244 quae
1303 4172 1538 4238 suades,
1561 4173 1662 4228 sed
1693 4177 1893 4229 contra

247 4259 440 4333 magis
469 4259 844 4332 gaudendum
890 4259 948 4314 in
998 4259 1070 4314 iis
1118 4277 1244 4332 qua:
1291 4261 1540 4316 necdum
1589 4260 1890 4334 intelligis,

251 4349 392 4421 quia
420 4351 478 4404 et
508 4348 674 4404 dator
721 4348 917 4419 gaudii
956 4349 1229 4420 perennis
1271 4349 1452 4405 dixit:
1477 4373 1506 4400 ‹‹
1530 4353 1670 4405 Cum
1703 4366 1892 4422 perse-

249 4437 368 4496 cuti
396 4453 498 4493 vos
532 4436 750 4494 fuerint
778 4436 1066 4506 homines,
1087 4442 1144 4494 et
1189 4438 1439 4495 dixerint
1469 4455 1640 4496 omne
1669 4439 1890 4494 malum

249 4528 558 4586 adversum
587 4543 712 4594 vos,
746 4527 1114 4596 mentientes,
1149 4531 1384 4601 propter
1421 4545 1634 4584 nomen
1665 4544 1892 4597 meum,

245 4618 493 4691 gaudete
523 4621 581 4674 et
612 4615 898 4674 exsultate
929 4617 989 4672 in
1028 4616 1130 4672 illa
1157 4618 1270 4684 die,
1302 4633 1432 4673 ecce
1479 4617 1636 4674 enim
1669 4633 1889 4676 merces

241 4712 432 4764 vestra
459 4711 549 4764 est
577 4707 636 4762 in
667 4705 808 4762 ccelo
829 4707 1034 4779 (Matth.
1057 4707 1171 4777 v).»
1193 4707 1481 4762 Memento
1515 4723 1640 4780 quae
1671 4710 1884 4766 nostra:
1911 4711 1960 4778 D
1991 4695 2176 4780 fuco“

240 4795 538 4868 religionis
569 4794 836 4868 apostoli,
865 4817 892 4845 «
923 4794 1087 4850 ibant
1119 4795 1438 4866 gaudentes
1486 4812 1520 4850 a
1566 4802 1878 4868 conspectu

239 4883 488 4952 concilii,
513 4886 788 4956 quoniam
814 4883 973 4955 digni
994 4882 1179 4938 habiti
1203 4888 1343 4938 sunt
1363 4900 1466 4955 pro
1489 4885 1721 4941 nomine
1740 4885 1880 4942 Jesu

239 4971 652 5029 contumeliam
679 4971 852 5044 pati.»
877 4971 1086 5028 Nullus
1111 4987 1246 5043 ergo
1276 4972 1541 5030 maeroris
1568 4973 1732 5031 locus
1753 4991 1880 5034 esse

239 5060 428 5130 debet,
451 5059 552 5115 ubi
580 5063 743 5115 tanta
771 5058 971 5116 laetitia
999 5059 1278 5115 succedit.

639 5163 864 5202 TORPOR
890 5163 995 5202 νει.
1022 5163 1250 5202 IGNAVIA
1282 5164 1432 5204 DICIT
1465 5166 1477 5204 2

305 5237 362 5291 Si
390 5235 620 5291 lectioni
671 5234 1004 5291 continuato
1047 5236 1242 5292 studio
1291 5236 1536 5306 insistis,
1571 5239 1875 5298 oculorum

236 5325 540 5398 caliginem
573 5323 840 5380 incurris.
865 5324 922 5380 Si
968 5324 1365 5382 indesinenter
1403 5325 1690 5397 lacrymas
1737 5329 1875 5384 fun-

235 5416 346 5484 dis,
379 5413 538 5488 ipsos
567 5412 744 5468 etiam
777 5412 972 5471 oculos
994 5414 1234 5470 amittis.
1253 5411 1311 5466 Si
1337 5411 1638 5482 protelatis
1659 5416 1874 5488 vigiliis

233 5503 594 5578 psalmorum
625 5519 862 5559 censum
895 5501 1196 5576 persolvis,
1220 5499 1509 5556 insaniam
1540 5503 1747 5573 capitis
1779 5522 1872 5562 ac-

236 5593 440 5666 quiris.
471 5593 528 5648 Si
587 5592 920 5663 quotidiano
981 5591 1176 5646 labore
1209 5591 1262 5642 te
1305 5589 1561 5657 conﬁcis,
1596 5591 1666 5646 ad
1725 5609 1872 5666 opus

233 5679 496 5754 spiritale
523 5681 756 5752 quando
785 5684 840 5736 te
869 5679 1062 5752 surgis
1082 5678 1110 5731 ?

535 5786 796 5826 VlRTUTlS
826 5782 1172 5824 EXERCITIUM
1203 5779 1526 5824 RESPONDET
1555 5787 1566 5824 2

1970 881 2030 937 in
2061 878 2368 953 Evangelio
2400 878 2540 934 dicit
2572 895 2584 932 :
2615 901 2636 928 ει
2672 877 2940 950 Vigilate,
2972 876 3112 950 quia
3151 876 3395 933 nescitis
3461 874 3698 941 diem,

1971 986 2157 1042 neque
2211 969 2416 1024 horam
2466 967 2685 1038 (Matth.
2736 966 2888 1038 xxv).
2924 987 2952 1016 »
2984 967 3350 1038 Quapropter
3401 963 3704 1020 discute

1973 1058 2231 1132 corporis
2283 1057 2577 1124 inertiam,
2610 1071 2958 1128 semperque
2988 1059 3308 1122 memento,
3341 1053 3510 1127 quia
3579 1067 3699 1107 re-

1975 1164 2157 1222 gnum
2216 1147 2486 1202 celorum
2544 1161 2658 1202 non
2717 1143 2922 1217 tepidi,
2981 1159 3174 1216 neque
3230 1142 3478 1212 molles,
3553 1157 3698 1198 non

1975 1237 2227 1304 desides,
2268 1237 2368 1292 sed
2422 1233 2678 1302 violenti,
2708 1233 2946 1306 vimque
3002 1232 3286 1290 facientes
3341 1231 3703 1305 diripiunt

1978 1327 2182 1399 (Matth.
2215 1327 2300 1398 ιι).

2401 1420 2713 1486 ωεεοιυτᾸ
2739 1445 2977 1487 vacum
3007 1443 3160 1486 morr
3193 1445 3208 1485 :

2049 1539 2108 1595 Si
2139 1543 2314 1594 Deum
2348 1553 2475 1594 esse
2519 1537 2708 1593 credis
2737 1537 2980 1609 ubique,
3013 1552 3120 1592 cur
3156 1552 3345 1592 unum
3377 1534 3700 1609 singula-

1931 1695 1952 1703 -
1980 1629 2120 1684 riter
2143 1627 2358 1695 locum,
2383 1643 2496 1699 quo
2515 1629 2677 1682 tanta
2700 1629 3114 1700 perpetrantur
3130 1625 3419 1698 custodis,
3440 1629 3515 1683 et
3542 1641 3697 1682 non

1981 1717 2177 1790 potius
2208 1717 2278 1772 ad
2311 1715 2426 1772 alia
2453 1715 2692 1772 transis.

2054 1807 2189 1862 CAP.
2220 1806 2366 1862 XIII.
2388 1805 2446 1862 Si
2476 1805 2557 1861 ita
2585 1809 2674 1862 est
2701 1809 2768 1860 ut
2794 1805 3178 1877 asseris,quaa
3207 1804 3427 1878 ubique
3449 1805 3696 1862 Deum

1984 1911 2112 1952 esse
2169 1894 2386 1961 fateris,
2419 1910 2555 1967 ergo
2611 1911 2716 1950 nec
2772 1893 2884 1950 iste
2938 1892 3104 1950 locus
3135 1893 3498 1952 deserendus
3541 1899 3694 1963 est,

1904 1981 1953 2046 B
1984 2000 2158 2057 quem
2189 1983 2386 2056 iugere
2433 1983 2679 2056 appetis,
2713 1983 2854 2056 quia
2881 1987 2940 2039 et
2968 1983 3030 2038 in
3077 1982 3208 2056 ipso
3238 1983 3391 2041 Deus
3421 1987 3550 2042 est.
3593 1987 3699 2040 At

1993 2073 2234 2147 inquis:
2266 2073 2560 2129 Meliorem
2605 2072 2860 2144 inquiro,
2893 2070 3195 2128 meliorem
3243 2071 3495 2130 invenio.
3541 2073 3691 2130 Sed

1995 2179 2100 2236 ego
2146 2160 2801 2234 respondeozNunquid
2846 2159 3172 2232 meliorem,
3205 2163 3310 2217 aut
3354 2161 3543 2218 etiam
3585 2165 3692 2218 ta-

1995 2251 2110 2308 lem
2157 2251 2402 2319 invenis,
2437 2249 2670 2322 qualem
2719 2247 3046 2316 diabolum,
3078 2253 3138 2306 et
3165 2248 3468 2306 hominem
3520 2265 3686 2324 per-

1997 2340 2215 2397 didisse
2257 2338 2648 2412 cognoscis?«
2681 2339 2904 2395 Memor
2952 2343 3078 2395 esto
3126 2338 3326 2411 itaque
3357 2338 3499 2411 quia
3535 2341 3687 2413 pri—

1998 2447 2132 2486 mus
2162 2429 2403 2501 angelus
2441 2429 2510 2484 de
2542 2427 2684 2484 coelo
2732 2425 2950 2483 corruit
2975 2429 3102 2498 (Ira.
3133 2429 3280 2500 xw);
3318 2449 3347 2479 ››
3381 2449 3410 2480 ‹‹
3437 2432 3498 2484 et
3535 2429 3682 2500 pri-

1999 2535 2133 2576 mus
2162 2519 2336 2574 homo
2385 2519 2454 2573 de
2502 2516 2771 2590 paradiso
2817 2515 3095 2588 expulsus
3143 2519 3233 2573 est
3278 2517 3442 2586 (Gen.
3476 2521 3605 2587 nx);
3648 2540 3683 2570 ››

2001 2614 2058 2664 et
2089 2609 2159 2663 ad
2189 2623 2511 2664 aerumnam
2560 2607 2740 2679 hujus
2779 2604 2975 2662 saeculi
3031 2605 3316 2678 pervenit.
3377 2608 3682 2676 Attende,

2001 2697 2141 2769 quia
2172 2698 2277 2753 Lot
2331 2695 2600 2752 exercitio
2656 2694 2946 2750 malorum
3003 2695 3286 2767 probatus
3344 2695 3500 2752 inter
3555 2698 3680 2753 So-

2001 2785 2252 2842 domitas
2283 2789 2520 2841 sanctus
2553 2783 2696 2852 fuit;
2729 2806 2757 2833 ‹‹
2791 2783 2850 2839 in
2881 2787 3080 2840 monte
3107 2787 3305 2840 autem
3337 2785 3685 2842 securitate

1999 2879 2257 2948 torpens,
2317 2873 2638 2942 debriatus,
2691 2888 2826 2928 cum
2883 2871 3120 2929 ﬁliabus
3175 2873 3437 2945 peccavit
3493 2875 3676 2946 (Gen.

1999 2965 2138 3036 xxx).
2169 2985 2196 3015 »

2069 3051 2232 3118 Quod
2259 3051 2526 3108 videlicet
2542 3049 2868 3122 vagationis
2889 3047 3155 3106 studium
3178 3049 3374 3106 adhuc
3403 3051 3679 3109 alteram

1997 3141 2252 3215 speciem
2283 3139 2492 3206 reddit,
2510 3139 2650 3194 dum
2675 3137 2962 3210 quosdam
2987 3142 3044 3194 et
3070 3137 3132 3193 in
3157 3155 3276 3194 uno
3297 3139 3422 3196 loco
3453 3155 3678 3212 perse-

1996 3233 2262 3287 verantes
2283 3247 2316 3285 a
2346 3228 2708 3302 spiritalibus
2733 3226 3057 3292 retrahens,
3077 3226 3168 3283 vel
3193 3227 3442 3286 terrenis
3469 3246 3672 3304 nego-

1916 3340 1960 3410 α
1996 3320 2096 3376 tiis
2125 3319 2445 3391 implicare,
2477 3316 2562 3373 vel
2610 3317 2784 3410 rebus
2830 3315 3168 3372 utilissimis
3219 3317 3439 3391 satagit
3473 3335 3669 3376 occu-

2000 3425 2157 3481 pare,
2181 3413 2382 3464 contra
2411 3404 2672 3479 Apostoli
2711 3405 2866 3461 dicta
2902 3421 3106 3477 agens,
3139 3405 3241 3477 qui
3271 3405 3354 3462 ait
3385 3422 3434 3462 :«
3469 3407 3676 3464 Nemo

2001 3497 2261 3554 militans
2295 3497 2427 3564 Deo,
2460 3493 2725 3568 implicat
2763 3511 2826 3550 se
2867 3493 3116 3566 negotiis
3147 3493 3557 3562 secularibus,
3597 3500 3674 3553 ut

1999 3587 2050 3642 ei
2082 3584 2324 3658 placeat,
2356 3584 2448 3640 cui
2481 3599 2542 3640 se
2572 3581 2834 3656 probavit
2857 3581 2930 3655 (II
2948 3583 3082 3638 Tim.
3106 3581 3190 3655 ιι).
3218 3604 3247 3633 ››
3269 3583 3340 3639 Et
3367 3599 3621 3642 rursum
3653 3603 3670 3642 :

2001 3699 2027 3726 ‹‹
2062 3675 2198 3732 Sine
2255 3672 2687 3730 intermissione
2742 3674 2920 3740 orate,
2979 3670 3041 3726 in
3092 3670 3370 3730 omnibus
3425 3675 3670 3746 gratias

2000 3763 2152 3836 agite
2183 3764 2230 3835 (1
2253 3762 2535 3833 Thesa-v).
2565 3783 2593 3811 ››

2529 3883 2875 3924 DESPERATIO
2914 3883 3067 3923 DICIT
3097 3883 3110 3922 Ζ

2071 3967 2203 4030 Quae
2237 3970 2293 4022 et
2321 3968 2542 4038 quanta
2570 3964 2940 4034 commisisti,
2963 3981 3092 4036 quae
3135 3964 3333 4038 gravia
3377 3965 3665 4037 crimina,

2001 4073 2127 4128 quis
2157 4055 2536 4110 innumerosa
2554 4051 2784 4120 delicta,
2808 4056 2866 4108 et
2885 4069 3031 4124 pene
3059 4052 3119 4108 in
3151 4053 3365 4110 melius
3396 4056 3668 4114 necdum

1999 4144 2176 4200 vitam
2237 4141 2502 4210 mutasti,
2554 4142 2805 4197 necdum
2863 4141 3369 4199 conversationem
3427 4143 3670 4202 utiliter

2001 4231 2340 4289 correxisti?
2369 4231 2509 4287 Ecce
2534 4229 2712 4298 enim,
2741 4234 2808 4286 ut
2833 4229 3046 4296 cernis,
3078 4229 3237 4286 mala
3267 4245 3503 4304 semper
3523 4249 3669 4290 con-

2001 4321 2311 4378 suetudine
2340 4319 2633 4391 obligatus
2663 4319 2901 4375 teneris.
2920 4317 3160 4374 Conaris
3189 4335 3524 4393 exsurgere,
3551 4324 3663 4380 sed

1999 4415 2366 4484 peccatorum
2400 4409 2674 4464 oneribus
2716 4412 3132 4481 praegravatus,
3165 4407 3464 4465 relaberis.
3501 4409 3661 4474 Quid

1999 4515 2135 4573 ergo
2167 4499 2457 4572 agendum
2488 4501 2577 4552 est
2601 4497 2832 4568 quando
2862 4497 2932 4552 de
2963 4497 3272 4568 praeteritis
3302 4501 3459 4554 certa
3487 4499 3665 4556 dam-

1999 4589 2156 4645 natio
2209 4587 2499 4655 imminet,
2531 4587 2602 4642 de
2656 4585 3042 4658 presentibus
3095 4585 3258 4642 nulla
3312 4588 3659 4646 emendatio

2181 4677 2305 4744 rrit,
2338 4675 2452 4732 nisi
2483 4679 2548 4732 ut
2577 4691 2692 4730 non
2713 4677 2720 4682 '
2741 4673 3088 4730 amittantur
3124 4689 3320 4731 rerum
3351 4679 3656 4749 tempora-

1990 4767 2136 4822 lium
2165 4766 2511 4839 voluptates,
2535 4764 2676 4820 dum
2703 4762 2980 4835 consequi
3003 4767 3304 4836 nequeunt
3331 4763 3518 4820 futuri
3547 4782 3658 4822 sae-

1992 4855 2108 4912 culi
2137 4853 2552 4912 oblectationes
2573 4852 2602 4906 ‘I

2413 4977 2536 5016 SPEI
2572 4975 2800 5015 FIDUCIA
2829 4975 3162 5015 RESPONDET
3199 4976 3212 5016 2

2058 5059 2192 5116 CAP.
2217 5059 2358 5114 XIV.
2383 5057 2442 5113 Si
2474 5057 2544 5112 de
2572 5055 2918 5112 criminibus
2937 5059 2995 5112 et
3013 5055 3244 5113 delictis
3271 5057 3488 5130 agitur,
3513 5074 3657 5118 ecce

1987 5149 2164 5204 David
2197 5146 2480 5203 adulterio
2511 5144 2686 5200 simul
2717 5149 2774 5201 et
2801 5143 3119 5202 homicidio
3143 5161 3304 5213 reus,
3329 5147 3400 5202 de
3429 5145 3654 5205 inferni

1985 5239 2254 5294 faucibus
2284 5234 2514 5292 Domini
2534 5233 2934 5289 misericordia
2954 5233 3306 5290 describitur
3331 5234 3651 5294 liberatus.

1940 5328 2126 5382 .Eece
2171 5325 2472 5380 Manasses
2529 5321 2794 5379 omnium
2852 5325 3222 5394 peccatorum
3285 5323 3649 5382 nefandissi-

1936 5486 1939 5491 ι
1983 5411 2584 5486 mus,impurissimus
2611 5427 2678 5467 ac
2719 5410 3648 5483 sordidissimus,illecebrosissi-

1983 5521 2116 5561 mus
2158 5519 2409 5576 quoque,
2441 5505 2497 5557 et
2542 5499 3030 5557 sceleratissimus
3072 5517 3174 5573 per
3230 5501 3646 5574 pamitentiam

1981 5594 2050 5650 de
2084 5597 2268 5650 morte
2301 5592 2370 5646 ad
2405 5590 2578 5645 vitam
2631 5588 2823 5644 rediit.
2859 5589 3002 5645 Ecce
3050 5589 3233 5646 Maria
3262 5590 3640 5665 Magdalena,

1978 5681 2305 5744 innumeris
2337 5678 2735 5736 fornicationis
2765 5679 3040 5735 sordibus
3068 5677 3398 5752 inquinata,
3414 5681 3486 5736 ad
3515 5681 3643 5740 fon-

1978 5771 2095 5830 tein
2124 5769 2354 5844 pietatis
2400 5769 2571 5826 anxia
2599 5784 2862 5840 currens,
2885 5767 3234 5842 Dominique
3267 5769 3519 5843 vestigia
3546 5769 3638 5830 la-

305 5860 439 5916 CAP.
461 5856 576 5915 X11.
600 5857 746 5922 Quid
775 5857 880 5915 tibi
915 5858 985 5916 ad
1015 5857 1136 5916 haec
1170 5856 1510 5927 perferenda
1546 5863 1664 5918 tam
1694 5859 1868 5934 longa
1977 5859 2191 5936 crymis
2221 5860 2439 5934 rigans,
2465 5857 2690 5934 capillis
2721 5857 3047 5934 detergens,
3071 5857 3566 5935 deosculansquc,
3581 5868 3643 5922 et
