3898 6466
100 587 210 648 569

889 587 994 647 DE
1037 585 1470 649 CONFLICTU
1514 585 1897 648 VITIOIKUM
1943 584 2207 658 ATQUE
2250 585 2685 652 VIBTUTUM.

3363 588 3480 650 570

100 721 376 791 lambens,
435 723 853 794 unguentoque
909 733 1241 792 perungens
1300 718 1459 774 ablui
1490 718 1721 775 meruit.
1756 719 1810 786 Α
1840 717 2101 790 piditatis
2132 719 2440 790 industria,
2474 724 2696 794 quanto
2727 719 2916 795 magis
2967 719 3344 794 periculosior
3396 724 3486 777 est

100 818 230 868 Ecce
258 813 462 868 Petrus
489 810 815 882 negationis
846 827 964 865 suae
995 809 1242 864 vinculis
1263 810 1727 875 astrictus,ama-

100 901 343 957 rissimis
385 900 660 971 lacrymis
690 897 1050 954 inﬁdelitatis
1083 899 1266 954 nodos
1305 899 1553 954 resolvit.
1589 900 1728 953 Ecce

102 990 366 1047 seditioni
397 994 456 1044 et
485 989 752 1044 ell‘usioni
788 989 1031 1042 fratrum
1065 988 1370 1059 sanguinis
1426 988 1574 1044 latro
1633 989 1730 1043 ob-

97 1079 321 1146 noxius,
356 1078 531 1133 unius
562 1077 714 1134 horae
748 1082 1063 1143 momento,
1097 1093 1330 1148 unaque
1348 1077 1730 1132 confessionis

97 1185 250 1234 voce,
283 1169 354 1223 de
380 1184 552 1222 cruce
584 1168 652 1220 ad
689 1167 1027 1238 paradisum
1059 1166 1310 1221 transiit.
1346 1171 1486 1221 Ecce
1518 1167 1731 1222 Saulus

101 1257 409 1314 Ecclesiam
444 1273 821 1328 persequens,
858 1255 1072 1310 multos
1104 1273 1207 1327 pro
1250 1256 1485 1311 nomine
1515 1256 1729 1310 Christi

100 1347 386 1420 perimens
417 1351 492 1413 et,
518 1346 676 1399 utita
701 1344 1295 1416 dixerim,martyrum
1320 1361 1522 1400 cruore
1545 1349 1732 1399 totum

101 1453 164 1493 se
193 1436 474 1503 inliciens,
505 1433 818 1506 Apostolus
850 1435 1059 1503 factus,
1094 1434 1152 1489 in
1182 1452 1284 1490 vas
1314 1434 1614 1490 electionis
1645 1438 1735 1489 est

102 1529 384 1582 mutatus.

173 1615 277 1670 Ubi
308 1629 444 1686 ergo
476 1617 555 1669 lot
584 1617 862 1683 tantaque
902 1614 1225 1684 procedunt
1279 1612 1559 1685 exempla,
1619 1629 1734 1667 non

100 1707 243 1762 dent
270 1703 462 1759 locum
496 1702 882 1774 desperationi
911 1701 1065 1757 mala
1092 1701 1542 1773 colloquia,cum
1562 1702 1735 1757 etiam

99 1793 382 1865 scriptum
408 1791 522 1847 sit:
559 1814 585 1840 «
622 1792 681 1846 In
715 1807 1061 1862 quocunque
1107 1795 1373 1863 peccator
1428 1807 1739 1846 conversus

100 1881 472 1954 ingemuerit,
506 1879 702 1936 salvus
732 1881 840 1936 erit
872 1881 1082 1950 (Ezech.
1118 1881 1304 1951 xvm).
1334 1903 1360 1927 ››
1383 1881 1738 1935 Etrursum:

103 1971 309 2028 «Nolo
367 1975 618 2026 mortem
679 1970 867 2041 impii,
927 1969 1068 2024 dicit
1152 1969 1438 2025 Dominus
1527 1969 1738 2039 (Ezech.

100 2061 322 2132 xxxm).
361 2082 387 2108 ››

180 2155 256 2206 De
280 2149 718 2205 conversatione
749 2165 879 2202 vero
910 2149 965 2202 in
992 2149 1201 2204 melius
1226 2164 1598 2220 nequaquam
1615 2165 1742 2202 mu-

100 2244 249 2306 tata,
280 2239 421 2310 quid
453 2238 606 2293 aliud
643 2239 1044 2309 respondeam,
1106 2238 1218 2292 nisi
1279 2242 1362 2306 ut,
1421 2238 1573 2308 quod
1620 2237 1742 2292 heri

102 2329 358 2403 quisque
390 2346 503 2383 non
536 2328 673 2398 egit,
703 2331 837 2397 agat
884 2326 1054 2381 hodie
1110 2327 1251 2381 dum
1310 2326 1499 2381 adhuc
1557 2326 1746 2381 vivere

101 2419 276 2476 licet?
301 2419 416 2474 Nec
448 2417 674 2472 dilferat
703 2420 772 2472 de
805 2417 896 2471 die
923 2416 980 2470 in
1013 2417 1187 2481 diem,
1241 2433 1588 2487 semperque
1645 2433 1747 2486 pro

102 2509 335 2566 viribus
365 2508 617 2578 desuper
647 2507 920 2577 acceptis,
957 2523 1154 2576 praevae
1187 2505 1597 2560 consuetudini
1655 2522 1748 2560 re-

102 2600 348 2664 sistens,
384 2597 541 2651 dicat
567 2613 736 2650 mane
767 2601 824 2651 et
852 2612 1124 2667 vespere:
1159 2618 1186 2645 ‹‹
1221 2596 1362 2650 Ecce
1395 2612 1550 2650 nunc
1582 2595 1749 2667 cmpi,

101 2689 232 2744 hmo
255 2690 345 2743 est
376 2685 709 2741 immutatio
741 2686 987 2740 dexterae
1018 2685 1235 2739 Excelsi
1270 2686 1439 2755 (Psal.
1475 2685 1685 2753 Lxxw).
1722 2705 1749 2732 ››

680 2791 976 2829 CUPIDITAS
1017 2791 1191 2828 DlClT:

183 2869 348 2923 Certe
379 2865 507 2920 sine
565 2864 737 2935 culpa
793 2867 889 2918 est
947 2864 1102 2934 quod
1163 2863 1428 2934 quaedam
1484 2863 1754 2918 habenda

105 2953 504 3027 concupiscis,
537 2953 676 3025 quia
722 2970 834 3007 non
895 2952 1271 3023 multiplicari
1331 2953 1578 3024 appetis,
1653 2953 1751 3007 sed

101 3061 286 3120 agere
310 3043 696 3117 pertimescis,
730 3045 787 3097 et
817 3043 969 3113 quod
1007 3042 1157 3097 male
1188 3041 1338 3097 alius
1370 3042 1595 3110 retinet,
1632 3041 1756 3113 ipse

100 3134 325 3192 melius
348 3133 650 3206 expendis.

433 3239 623 3278 MUNDI
663 3236 1032 3276 CONTEMPTUS
1072 3236 1439 3275 RESPONDEI‘.’

179 3314 312 3369 CAP.
344 3312 462 3367 XV.
501 3314 615 3366 Ista
645 3328 748 3366 nec
781 3311 936 3382 apud
969 3309 1275 3365 saeculares
1307 3310 1573 3366 homines
1631 3309 1758 3366 sine

96 3401 370 3476 periculo
400 3400 486 3456 vel
518 3401 835 3462 offensione
883 3402 1290 3472 procurentur,
1352 3399 1490 3470 quia
1540 3403 1758 3470 quanto

1835 807 1954 864 illis
1985 809 2084 880 qui
2116 809 2320 866 habitu
2340 819 2394 866 et
2418 811 2995 882 conversationejam
3026 809 3333 866 saeculares
3359 826 3485 865 esse

1835 898 2156 967 desierunt,
2189 901 2287 972 qui
2307 904 2494 966 totum
2519 902 2673 972 quod
2696 901 2919 967 vivunt,
2954 901 3202 956 Domino
3227 917 3356 956 esse
3386 900 3480 955 de-

1836 988 2159 1042 voverunt?
2189 990 2276 1043 Ad
2310 1005 2456 1060 quos
2488 989 2817 1061 specialiter
2847 989 3255 1062 Redemptoris
3286 993 3484 1045 trans-

1838 1081 1979 1131 eunt
2007 1078 2199 1144 verba,
2233 1077 2444 1149 quibus
2467 1079 2684 1133 destrui
2709 1078 2896 1150 possit
2929 1079 3169 1135 morbus
3226 1078 3480 1134 avaritia:

1841 1187 1869 1214 «
1902 1164 2104 1232 Nolite,
2139 1166 2348 1238 inquit,
2383 1167 2616 1223 solliciti
2647 1184 2774 1224 esse
2802 1167 2941 1240 quid
2963 1167 3350 1240 manducetis,
3384 1172 3485 1223 aut

1841 1253 1982 1324 quid
2015 1254 2251 1325 bibatis,
2283 1259 2383 1310 aut
2411 1273 2525 1326 quo
2555 1256 2917 1328 operiamini.
2951 1257 3078 1312 Haec
3104 1257 3259 1312 enim
3285 1257 3485 1312 omnia

1843 1346 2046 1413 gentes
2077 1343 2400 1414 inquirunt.
2428 1346 2672 1410 Quaerite
2703 1351 2897 1400 autem
2929 1345 3183 1418 primum
3234 1362 3482 1418 regnum

1845 1432 1942 1486 Dei
1976 1433 2342 1503 etjustitiam
2367 1434 2578 1504 ejus,et
2597 1435 2718 1489 hmo
2741 1436 2939 1490 omnia
2959 1435 3307 1506 adjiciantur
3321 1435 3484 1490 vobis

1847 1522 2054 1592 (Matth.
2088 1523 2185 1593 v1).
2226 1545 2253 1571 »
2286 1523 2329 1578 Ο
2359 1540 2534 1595 quam
2566 1524 2755 1588 beata,
2781 1525 2823 1580 Ο
2853 1541 3025 1596 quam
3053 1542 3275 1593 secura,
3309 1542 3487 1596 quam

1847 1611 2252 1683 amplectenda
2266 1612 2794 1669 sententia.Nullus
2809 1614 2964 1670 enim
2991 1614 3044 1668 in
3071 1615 3176 1670 hac
3188 1615 3394 1670 vitaita
3410 1632 3492 1671 se-

1848 1717 2024 1756 curus
2050 1705 2156 1769 est,
2187 1706 2252 1757 ut
2282 1701 2378 1758 ille
2410 1704 2510 1774 qui
2535 1703 2679 1758 nihil
2705 1707 2915 1776 praeter
2944 1703 3241 1760 Christum
3274 1704 3493 1777 appetit

1849 1791 2392 1862 possidere.Cuncta
2405 1809 2817 1865 namque,quaa
2834 1797 2971 1849 sunt
2989 1794 3336 1860 necessaria,
3355 1795 3493 1850 sub-

1849 1878 1958 1933 hac
1988 1880 2300 1952 sponsione
2324 1882 2604 1953 probatur
2621 1881 3012 1951 habere,sicut
3040 1882 3257 1939 Paulus
3279 1883 3496 1940 ditissi-

1853 1985 2236 2040 mus,paupcr
2267 1969 2492 2025 dicebat
2523 1988 2574 2026 τα
2607 1972 2912 2044 Tanquam
2945 1971 3092 2026 nihil
3126 1972 3495 2040 habentes,et

1772 2095 1821 2160 Β
1853 2057 2050 2114 omnia
2080 2059 2444 2130 possidentes
2473 2061 2550 2130 (II
2580 2061 2698 2116 Cor.
2732 2061 2830 2132 v1).
2868 2060 3107 2117 nOmnia
3127 2061 3328 2134 utique
3375 2079 3492 2118 non

1856 2147 2172 2218 superﬂua,
2207 2149 2308 2203 sed
2332 2152 2559 2204 tantum
2590 2150 2938 2214 necessaria,
2965 2151 3086 2222 ipso
3108 2151 3494 2208 confirmante

1855 2252 1920 2290 ac
1942 2236 2168 2292 dicente
2192 2254 2204 2292 :
2243 2261 2263 2285 α
2301 2238 2590 2294 Habentes
2620 2239 2832 2294 victum
2850 2243 2907 2294 et
2926 2240 3219 2308 vestitum,
3243 2239 3335 2296 his
3357 2257 3494 2296 con-

1855 2325 1999 2379 tenti
2030 2342 2237 2382 sumus
2269 2327 2316 2397 (I
2344 2328 2474 2382 Tim.
2509 2328 2608 2397 γι).
2648 2350 2669 2377 ι
2705 2329 2817 2383 Sed
2879 2327 3025 2383 forte
3081 2327 3255 2384 dicis:
3303 2329 3434 2384 Ideo
3466 2347 3501 2385 a

1858 2416 2078 2471 sanctis
2108 2415 2511 2488 religiosisque
2543 2416 2682 2472 viris
2710 2416 2881 2489 plura
2910 2417 3182 2473 habenda
3212 2422 3372 2487 sunt,
3432 2422 3498 2474 ut

1861 2504 2071 2558 melius
2133 2505 2202 2559 ab
2257 2506 2402 2577 ipsis
2457 2523 2694 2578 quama
2752 2505 3133 2578 popularibus
3193 2512 3505 2581 erogantur

1861 2593 2074 2648 Christi
2108 2595 2484 2666 pauperibus.
2519 2597 2588 2650 Et
2617 2612 2720 2667 ego
2751 2597 3072 2662 consentio,
3104 2596 3204 2653 sed
3226 2595 3505 2668 praelatis,

1863 2700 1976 2738 non
2009 2687 2202 2738 autem
2236 2685 2538 2755 subjectis,
2572 2702 2719 2757 quos
2751 2685 3004 2742 maxime
3035 2685 3178 2741 illud
3237 2686 3504 2743 mulieris

1862 2771 2001 2826 Loth
2022 2771 2352 2843 exemplum
2382 2773 2652 2839 deterret,
2687 2791 2833 2846 quae,
2869 2775 3008 2829 dum
3042 2779 3173 2846 post
3201 2780 3431 2848 tergum
3469 2794 3502 2831 a

1863 2861 2130 2915 Sodomis
2160 2861 2357 2916 exiens
2389 2863 2730 2932 respexit,in
2764 2867 3019 2918 statuam
3052 2863 3192 2919 salis
3224 2880 3504 2921 conversa

1863 2949 2136 3020 spiritum
2167 2949 2381 3005 elllavit
2411 2951 2562 3022 (Gen.
2596 2953 2733 3022 xxx).
2766 2952 2928 3007 Unde
2958 2956 3013 3008 et
3068 2952 3332 3010 Christus
3382 2953 3496 3010 tale

1865 3038 2006 3109 quid
2031 3041 2474 3110 praecavendum
2505 3041 3040 3110 denuntiat,dicens
3066 3058 3079 3098 :
3112 3064 3138 3093 «
3163 3042 3344 3098 Nemo
3366 3043 3507 3098 mit-

1864 3131 1995 3182 tens
2025 3145 2268 3184 manum
2302 3147 2468 3184 suam
2495 3129 2564 3184 ad
2600 3134 2878 3199 aratrum,
2915 3135 2969 3187 et
2991 3131 3308 3204 respiciens
3332 3136 3508 3201 retro,

1867 3221 2038 3288 aptus
2069 3221 2158 3273 est
2189 3235 2364 3290 regno
2396 3219 2496 3274 Dei
2531 3221 2680 3291 (Luc.
2716 3221 2813 3291 ιχ).
2849 3243 2878 3270 ››
2906 3240 2907 3243 η
2936 3221 3082 3277 Hinc
3132 3221 3336 3278 Petrus
3389 3223 3508 3278 ait:

1867 3329 1894 3355 ‹‹
1931 3305 2138 3362 Melius
2169 3312 2292 3364 erat
2325 3307 2443 3364 illis
2475 3326 2589 3364 non
2651 3326 2996 3382 cognoscere
3055 3310 3208 3366 viam
3259 3311 3508 3382 justitiaa

1870 3411 2046 3466 quam
2079 3400 2210 3468 post
2239 3397 2631 3468 cognitionem
2666 3403 2982 3454 retrorsum
3015 3399 3268 3454 converti
3300 3399 3372 3455 ab
3419 3416 3507 3468 eo,

99 3467 367 3564 quisque
398 3489 654 3561 amplius
684 3467 901 3544 habere
915 3489 1169 3559 coeperit,
1202 3467 1638 3560 tanto—amplius
1659 3489 1756 3544 ha-
1788 3467 1830 3533 Ο
1871 3485 2024 3555 quod
2059 3467 2336 3541 traditum
2358 3490 2447 3541 est
2469 3485 2586 3542 illis
2616 3491 2816 3542 sancto
2841 3487 3114 3543 mandato
3145 3488 3193 3559 (Ι
3220 3492 3335 3544 Pet.
3369 3488 3451 3560 ιι).
3478 3511 3505 3539 ››

99 3583 252 3636 bere
309 3577 706 3649 concupiscit:
772 3579 951 3650 ﬁtque
1013 3580 1076 3631 ut
1132 3577 1371 3631 modum
1430 3577 1489 3632 in
1547 3595 1760 3633 concu-

99 3668 397 3742 piscendo
429 3684 543 3723 non
575 3667 805 3732 habeat,
840 3667 979 3721 dum
1013 3665 1295 3720 inumeris
1326 3666 1504 3736 hujus
1563 3666 1758 3722 szeculi

100 3757 276 3815 curis
308 3756 598 3813 deservire
628 3755 882 3811 festinat.
917 3755 988 3809 Ut
1020 3754 1174 3809 enim
1235 3755 1534 3826 Scriptura
1583 3755 1755 3811 dicit:

97 3873 132 3898 α
172 3851 403 3902 Avarus
435 3845 697 3919 pecuniis
726 3862 839 3901 non
869 3844 1143 3916 impletur
1199 3845 1392 3915 (Eccle.
1421 3845 1500 3914 v.)
1536 3868 1563 3892 »
1625 3845 1758 3908 Quae

94 3937 398 3994 nimirum
426 3953 604 4007 quam
637 3935 713 3990 sit
743 3935 1104 4000 detestanda,
1139 3933 1353 3988 Paulus
1386 3934 1624 4002 indicat,
1670 3935 1758 3989 di-

93 4042 294 4083 cens:
329 4049 356 4076 «
392 4026 460 4080 Et
514 4023 780 4095 avaritia,
839 4041 966 4094 quas
1014 4027 1102 4077 est
1158 4021 1446 4078 idolorum
1507 4023 1758 4079 servitus

91 4115 330 4189 (Ephes.
366 4117 446 4186 v).
491 4135 517 4161 »
560 4115 693 4177 Quae
726 4113 879 4184 quod
914 4113 979 4166 ﬁt
1011 4112 1202 4178 noxia,
1255 4110 1409 4166 idem
1467 4129 1758 4184 exponens

89 4205 221 4262 ait:
250 4226 279 4254 «
315 4205 422 4270 Qui
454 4203 654 4259 volunt
685 4201 892 4257 divites
924 4201 1049 4256 fieri
1077 4200 1346 4255 incidunt
1405 4200 1460 4255 in
1486 4203 1758 4258 tentatio-

85 4311 268 4361 nem,
299 4298 358 4349 et
386 4292 445 4348 in
478 4291 753 4364 laqueum
784 4290 1024 4357 diaboli,
1049 4294 1104 4344 et
1131 4289 1422 4345 desideria
1453 4290 1641 4346 multa
1703 4297 1758 4347 et

81 4384 333 4451 nociva,
395 4399 522 4454 quae
582 4384 857 4453 mergunt
912 4378 1180 4435 homines
1240 4379 1298 4433 in
1339 4379 1641 4435 interitum
1699 4386 1755 4436 et

1870 3572 2175 3646 Continget
2195 3575 2352 3629 enim
2384 3574 2467 3630 eis
2499 3574 2640 3630 illud
2669 3576 2785 3632 veri
2810 3575 3097 3632 Proverbii
3132 3592 3144 3630 :
3173 3599 3200 3626 «
3225 3576 3397 3633 Canis
3420 3594 3507 3633 re-

1869 3679 2070 3717 versus
2100 3666 2187 3718 est
2218 3663 2289 3718 ad
2323 3681 2496 3719 suum
2529 3665 2834 3734 vomitum,
2869 3669 2924 3720 et
2955 3664 3507 3722 suslotainvoluta-

1869 3750 1973 3805 bro
2005 3750 2111 3805 luti
2143 3753 2324 3822 (Prov.
2355 3754 2490 3823 xw).
2529 3775 2556 3801 ››
2588 3753 2694 3818 Qui
2728 3753 3009 3810 nimirum
3040 3753 3296 3811 avaritia:
3354 3773 3509 3811 mor-

1872 3839 1983 3894 bus
2015 3857 2316 3912 nunquam
2345 3841 2557 3897 melius
2587 3843 2997 3915 compescitur,
3030 3843 3145 3899 nisi
3197 3860 3328 3899 cum
3386 3845 3511 3901 dies

1872 3929 2078 3984 mortis
2108 3929 2234 3986 sine
2257 3930 2543 3987 oblivione
2575 3933 2888 4000 mediatur,
2946 3949 3081 3988 cum
3143 3932 3333 4004 qualis
3380 3936 3512 4005 post

1869 4018 2163 4074 modicum
2195 4019 2254 4075 in
2287 4020 2556 4092 sepulcro
2590 4023 2825 4077 futurus
2857 4021 2933 4076 sit
2955 4021 3151 4089 homo,
3176 4023 3508 4078 considera-

1867 4111 1979 4162 tur.
2002 4108 2117 4163 Hoc
2148 4113 2300 4164 certe
2327 4110 2506 4166 ﬁxum
2539 4111 2883 4166 manebatin
2907 4109 3086 4166 illlius
3103 4110 3386 4167 memoria
3407 4111 3508 4184 qui

1868 4196 2356 4254 dicebat:«Homo
2384 4199 2646 4270 putredo,
2676 4203 2732 4254 et
2777 4199 2934 4255 filius
2985 4199 3241 4256 hominis
3288 4201 3504 4257 vermis

1870 4287 2012 4357 (Job.
2047 4291 2227 4354 xxm).
2265 4310 2292 4336 »
2315 4287 2632 4343 Hocabillo
2659 4306 2771 4344 non
2789 4273 3236 4361 recesserat,qui
3258 4290 3507 4348 dicebat:

1872 4399 1898 4425 ‹‹
1929 4377 1987 4430 in
2013 4377 2286 4432 omnibus
2317 4377 2592 4449 operibus
2624 4378 2749 4434 tuis
2811 4395 3137 4434 memorare
3185 4379 3510 4437 novissima

75 4471 499 4549 perditionem
531 4472 686 4542 (Tim.
712 4471 812 4538 γι).
848 4490 875 4518 ››
908 4469 1038 4533 Qua
1062 4484 1239 4539 quam
1271 4468 1347 4522 sit
1391 4469 1752 4537 detestanda,

75 4562 352 4636 quidam
385 4559 621 4632 sapiens
653 4557 978 4624 denuntiat,
1009 4574 1139 4612 cum
1172 4557 1348 4611 dicit:
1391 4580 1411 4605 ι(
1445 4560 1633 4614 Avaro
1665 4559 1756 4612 ni-

71 4652 182 4710 hil
247 4654 342 4706 est
395 4648 700 4705 scelestius
751 4647 943 4719 (Eccle.
1003 4647 1082 4717 x).
1117 4668 1144 4694 »
1204 4647 1389 4710 Quam
1475 4647 1550 4702 sit
1634 4647 1754 4702 hinc

72 4745 327 4798 iterum
394 4737 583 4805 noxia,
639 4737 893 4793 Jacobus
951 4736 1158 4808 aperit,
1231 4735 1464 4791 dicens:
1501 4759 1529 4785 ‹‹
1589 4737 1756 4809 Agite
1870 4734 2074 4788 matris
2115 4751 2276 4802 meae,
2311 4735 2507 4790 nudus
2539 4739 2797 4792 revertar
2827 4736 2963 4791 illuc
2995 4737 3136 4808 (Job.
3193 4737 3256 4807 1).
3291 4759 3319 4786 ››
3350 4738 3505 4793 Audi

69 4846 286 4898 nunc,
318 4827 550 4892 divites,
591 4826 833 4899 plorate,
866 4823 1160 4880 ululantes
1199 4823 1259 4879 in
1318 4823 1572 4880 miseriis
1631 4843 1758 4897 qua:
1789 4842 1835 4906 Ι)
1871 4823 2047 4895 quid:
2086 4845 2112 4876 (ι
2143 4823 2299 4878 Nihil
2329 4823 2642 4881 intulimus
2668 4825 2726 4880 in
2753 4825 2909 4882 hunc
2925 4826 3241 4882 mundum:
3277 4827 3376 4883 sed
3403 4843 3507 4883 nec

70 4917 429 4977 advenient
448 4915 632 4972 vobis.
668 4913 882 4970 Divitiae
940 4917 1140 4969 vestrae
1204 4913 1538 4984 putrefactas
1596 4921 1753 4971 sunt.
1867 4914 2092 4969 auferre
2124 4914 2262 4985 quid
2297 4917 2683 4987 possumus(1
2707 4918 2837 4972 Tim.
2870 4916 2968 4987 v1).
3005 4937 3032 4964 ››

62 5006 473 5063 Vestimenta
526 5021 561 5060 a
618 5003 792 5059 tineis
852 5004 1109 5058 comesta
1164 5006 1324 5057 sunt.
1409 5004 1636 5059 Aurum
1695 5009 1751 5060 et
2417 5021 2740 5061 OBDURATIO
2783 5022 2968 5063 morr:

61 5099 419 5170 argentum
449 5097 709 5150 vestrum
739 5092 1103 5164 mruginavit,
1135 5095 1191 5146 et
1211 5107 1404 5163 mrugo
1432 5109 1633 5148 eorum
1691 5094 1752 5150 in
1935 5092 1995 5147 Si
2026 5108 2112 5160 ea,
2145 5108 2271 5164 quae
2303 5093 2590 5166 possides,
2622 5096 2928 5167 egentibus
2957 5095 3355 5166 tribuis,unde
3376 5096 3513 5156 sub-

53 5184 512 5244 testimonium
563 5183 672 5239 erit
716 5181 903 5249 vobis,
956 5185 1013 5236 et
1093 5180 1467 5236 manducavit
1547 5198 1751 5240 carnes
1857 5181 2046 5252 jectos
2077 5181 2297 5253 absque
2329 5186 2578 5254 pecunta
2609 5184 2847 5239 nutris?

51 5280 330 5332 vestras
361 5273 514 5330 sicut
545 5272 696 5345 ignis
728 5272 861 5343 (Jac.
895 5270 970 5343 v).
1003 5291 1030 5320 »
1067 5270 1177 5325 Sed
1236 5287 1342 5325 nec
1399 5271 1753 5343 Redemptor
2282 5289 2680 5329 Missalconnu
2723 5290 3087 5331 nsspoanm‘:

56 5370 306 5424 noster
329 5362 620 5436 praeterire
644 5360 830 5416 voluit
887 5359 1226 5432 cupiditatis
1277 5358 1520 5426 malum,
1573 5377 1749 5432 quam
1935 5361 2067 5416 CAP.
2088 5362 2233 5416 XVI.
2269 5361 2327 5416 Si
2352 5362 2600 5434 apostoli
2629 5364 2870 5418 modum
2919 5363 2979 5419 in
3037 5364 3146 5420 hac
3206 5369 3368 5438 parte
3424 5368 3507 5419 te-

50 5453 345 5513 noxium
379 5455 553 5508 esset.
583 5450 676 5506 Ait
707 5450 893 5506 enim:
931 5474 956 5498 ‹‹
982 5448 1248 5515 Difficile,
1312 5447 1412 5519 qui
1471 5451 1751 5521 pecunias
1862 5450 2083 5517 nueris,
2117 5455 2363 5523 utraque
2396 5452 2672 5524 perficere
2701 5452 2945 5510 valebis.
2979 5453 3124 5509 Hinc
3153 5454 3310 5510 enim
3350 5453 3501 5508 idem

44 5544 346 5610 habent,
378 5557 626 5614 regnum
659 5539 934 5595 coelorum
967 5539 1270 5594 intrabunt
1300 5540 1448 5610 (Luc.
1501 5539 1684 5609 xvm).
1723 5561 1748 5588 ››
1858 5538 1986 5611 ipse
2012 5539 2084 5594 ad
2117 5539 2449 5597 Corinthios
2481 5541 2565 5598 ait
2595 5542 2668 5614 (II
2698 5541 2822 5597 Cor.
2854 5545 3018 5611 vni):
3056 5566 3084 5592 ‹‹
3118 5542 3177 5598 Si
3233 5541 3496 5596 voluntas

41 5638 154 5693 Et
194 5648 475 5688 rursum:
504 5655 531 5680 «
566 5629 816 5686 Facilius
848 5632 938 5685 est
991 5627 1280 5684 camelum
1332 5644 1432 5699 per
1488 5627 1747 5684 foramen
1859 5632 2131 5700 prompta
2162 5632 2270 5700 est,
2305 5645 2372 5684 ex
2401 5628 2511 5684 hoc
2543 5631 2696 5702 quod
2730 5631 2925 5699 habet,
2958 5634 3193 5700 accepta
3223 5632 3331 5695 est,
3377 5643 3492 5682 non

36 5739 242 5783 acus
273 5719 547 5788 transire,
581 5735 758 5790 quam
789 5717 1258 5774 divitemintrare
1282 5717 1340 5772 in
1363 5733 1606 5789 regnum
1635 5734 1744 5772 coc-

32 5819 294 5873 lorum
317 5809 592 5882 (Ibidem).
621 5831 647 5858 η

152 5901 228 5956 Si
260 5900 448 5972 igitur
477 5897 854 5956 saecularibus
883 5895 1023 5954 viris
1054 5894 1136 5952 ita
1165 5897 1252 5950 est
1283 5893 1606 5966 periculosa
1646 5912 1745 5951 cu-

1871 4470 1973 4520 tua
1999 4472 2054 4521 et
2083 4466 2143 4521 in
2166 4471 2446 4522 aeternum
2481 4485 2592 4523 non
2623 4468 2894 4540 peccabis
2926 4469 3110 4539 (Ecclz'.
3143 4469 3264 4541 vn).
3294 4492 3320 4518 ››
3359 4470 3507 4536 Quid

1869 4557 2028 4624 tunc,
2059 4573 2216 4628 rogo,
2265 4556 2405 4627 quid
2457 4561 2592 4612 tunc
2644 4557 2851 4612 divitiae
2911 4563 3257 4614 conservatae
3299 4559 3506 4630 prode-

1871 4643 2047 4700 runt?
2066 4645 2217 4699 Audi
2244 4645 2414 4716 quid:
2450 4668 2476 4694 ‹‹
2520 4646 2723 4702 Nudus
2745 4662 3044 4718 regressus
3069 4663 3199 4702 sum
3218 4647 3290 4702 de
3310 4651 3508 4704 ventre

1856 5718 2186 5772 secundum
2221 5719 2372 5788 quod
2410 5735 2522 5772 non
2554 5719 2749 5776 habet.
2781 5720 2903 5774 Non
2927 5718 3082 5773 enim
3115 5721 3176 5772 ut
3234 5715 3366 5771 aliis
3418 5716 3495 5770 sit

1855 5805 2148 5875 remissio,
2182 5806 2348 5862 nobis
2380 5811 2573 5862 autem
2603 5806 2898 5863 tribulatio
2931 5825 2943 5874 ;
2968 5806 3068 5862 sed
3093 5821 3161 5860 ex
3182 5803 3490 5876 aqualitate

1856 5897 1916 5951 in
1952 5894 2224 5967 praesenti
2251 5899 2508 5965 tempore
2529 5899 2719 5952 vestra
2741 5893 3096 5952 abundantia
3116 5891 3348 5949 illorum
3371 5891 3490 5947 ino-
