3898 6360
446 499 561 566 871

1513 507 1581 574 8.
1625 505 1902 573 LEONIS
1941 501 2025 570 1X
2061 497 2292 568 PAPJE
2331 502 2765 570 OPUSCULA.
3727 499 3816 562 572

445 639 606 714 piam
635 637 922 714 suppleat,
955 645 1020 700 ut
1072 647 1131 700 et
1170 641 1402 700 illorum
1450 640 1813 701 abundantia
1864 643 2072 698 vestras
2105 635 2163 706 Α
2189 637 2438 695 tiflcioso
2467 637 2881 713 ingenic,sicut
2899 635 3261 709 fallacia,sed
3285 634 3557 712 simplici
3584 636 3814 710 negatio-

444 727 652 802 inopie
681 731 744 786 fit
781 730 1276 802 supplementum,
1310 735 1374 788 ut
1418 731 1520 790 fiat.
1567 731 1870 804 aequalitas
1929 730 2080 786 sicut

446 817 728 890 scriptum
759 824 876 874 est:
906 821 1323 886 «Quimultum
1345 821 1568 884 habuit.
1601 839 1715 877 non
1738 819 2074 884 abundavit,

446 913 503 963 et
522 907 621 980 qui
645 909 1081 972 modicum,non
1096 911 1598 981 minoravit(Ea:od.
1619 907 2078 980 xv1)»Hincqui-

445 997 578 1052 dam
602 998 802 1069 justus
832 997 1048 1068 prolem
1083 999 1351 1054 dilectam
1385 1001 1676 1066 admonet,
1709 999 1938 1053 dicens:
1963 1019 1991 1046 «
2017 997 2076 1051 Si

445 1085 696 1140 multum
727 1085 827 1140 tibi
861 1087 1052 1147 fuerit.
1077 1089 1443 1142 abundanter
1473 1089 1698 1152 tribue;
1733 1086 1824 1140 sin
1881 1090 2075 1141 autem

443 1173 740 1244 exiguum,
771 1179 826 1229 et
857 1174 965 1229 hoc
988 1175 1181 1246 ipsum
1213 1175 1514 1246 impertire
1545 1175 1685 1233 (Tob.
1721 1176 1818 1244 ιν).
1855 1196 1882 1223 ››
1934 1174 2077 1228 Ηίηο

442 1278 674 1333 quoque
706 1261 1012 1318 incarnata
1037 1263 1262 1319 Veritas
1292 1264 1429 1318 dicit
1455 1281 1467 1318 :
1506 1286 1534 1313 α
1562 1263 1776 1318 Verum
1800 1262 1952 1332 quod
1977 1279 2076 1317 su-

442 1353 650 1421 perest,
683 1351 817 1404 date
847 1349 1296 1424 eleemosynam,
1329 1357 1385 1406 et
1423 1368 1552 1407 ecce
1600 1351 1798 1407 omnia
1853 1351 2075 1405 munda

441 1442 580 1492 sunt
606 1437 770 1492 vobis
799 1440 948 1509 (Luc.
981 1441 1082 1509 χι).
1115 1461 1143 1488 ››
1178 1440 1320 1494 Audi
1356 1457 1585 1510 quoque
1613 1441 1762 1510 quod
1789 1439 2073 1510 scriptum

441 1529 568 1580 est:
605 1547 632 1574 »
661 1525 959 1580 Judicium
993 1527 1116 1582 sine
1138 1527 1533 1584 misericordia
1564 1529 1662 1582 fiet
1690 1529 1743 1582 ei
1801 1527 1898 1598 qui
1959 1545 2070 1582 non

444 1612 642 1668 fecerit
664 1614 1119 1670 misericordiam
1145 1618 1416 1687 (1116.11).»
1433 1618 1555 1680 Quo
1576 1621 1775 1671 contra
1795 1615 2074 1686 propheta

442 1701 717 1758 admonet
747 1701 946 1758 dicens
969 1721 982 1758 :
1004 1726 1032 1754 «
1058 1704 1277 1769 Frange
1297 1705 1576 1760 esurienti
1599 1722 1802 1776 panem
1821 1709 2075 1768 tuum,et

441 1805 654 1863 egenos
682 1807 974 1862 vagosque
1001 1791 1178 1847 induc
1219 1793 1273 1848 in
1305 1794 1544 1848 domum
1573 1797 1756 1848 tuam.
1790 1792 1932 1846 Cum
1990 1791 2073 1846 vi-

441 1878 595 1934 deris
625 1881 870 1946 nudum,
903 1881 1058 1950 operi
1092 1887 1313 1942 eum.et
1341 1899 1573 1937 carnem
1633 1886 1793 1936 tuam
1845 1896 1918 1934 ne
1973 1881 2071 1934 de-

437 1968 1068 2068 spexeris.(lsa.Lvm).»
1093 1971 1378 2025 Memento
1409 1971 1550 2042 quid
1579 1973 1896 2042 purpurato
1910 1967 2072 2022 diviti
2106 2002 2152 2068 B

436 2056 762 2129 contigerit,
797 2057 893 2128 qui
931 2075 1044 2112 non
1079 2058 1207 2114 ideo
1237 2059 1550 2114 damnatus
1581 2059 1850 2129 estquod
1885 2057 2075 2111 aliena

434 2143 656 2210 tulerit,
685 2147 786 2202 sed
813 2147 970 2216 quod
989 2147 1179 2217 egenti
1199 2147 1438 2219 pauperi
1462 2165 1566 2202 sua
1589 2165 1704 2202 non
1726 2144 2078 2214 tribuerit,et

433 2233 494 2290 in
525 2235 754 2290 inferno
777 2235 1025 2307 positus,
1053 2237 1122 2290 ad
1156 2238 1404 2308 petenda
1424 2237 1665 2290 minime
1689 2233 2072 2306 pervenit,qui

434 2321 532 2378 hic
557 2339 733 2393 parva
759 2324 989 2392 negavit
1011 2325 1162 2393 (Luc.
1195 2326 1333 2394 xvr).
1366 2325 1512 2390 Quid
1572 2325 1746 2380 etiam
1806 2323 1877 2378 ad
1931 2321 2071 2378 sini-

436 2413 622 2466 stram
646 2411 1045 2484 positisjudex
1075 2413 1201 2467 cceli
1232 2413 1494 2468 dicturus
1525 2413 1619 2478 sit,
1645 2412 1914 2467 attende:
1940 2433 1968 2460 (ί
1997 2413 2074 2466 Ite

435 2497 498 2554 in
527 2498 723 2570 ignem
755 2504 1056 2565 aeternum,
1089 2502 1186 2572 qui
1223 2507 1458 2572 paratus
1489 2507 1577 2557 est
1605 2500 1834 2556 diabolo
1865 2503 1922 2554 et
1971 2516 2072 2554 an-

435 2587 580 2660 gelis
608 2588 756 2658 ejus.
789 2588 1012 2642 Esurivi
1044 2589 1220 2644 enim.
1255 2595 1312 2645 et
1343 2607 1456 2644 non
1475 2589 1720 2645 dedistis
1741 2587 1882 2643 mihi
1907 2604 2072 2642 man-

436 2675 672 2741 ducare,
705 2681 762 2732 et
785 2681 1008 2740 caetera.
1041 2693 1170 2748 quae
1228 2677 1306 2732 ibi
1365 2678 1572 2750 (Matth.
1628 2678 1788 2748 xvm)
1841 2675 2070 2732 terribi-

431 2762 567 2820 liter
598 2769 1042 2821 enumerantur.

507 2855 746 2909 Furtum
775 2857 833 2909 et
861 2853 1382 2927 fraus,quanquam
1405 2856 1622 2926 gradus
1643 2851 2072 2910 habeantlocu-

430 2940 632 3006 tionis,
677 2958 861 2997 unum
895 2947 984 2997 est
1010 2946 1204 2998 tamen
1237 2945 1390 3014 quod
1423 2944 1644 2998 dicunt.

1018 3048 1258 3086 FURTUM
1298 3049 1446 3087 DICIT
1471 3050 1482 3087 ε

505 3116 566 3172 Si
597 3116 786 3172 aliena
815 3134 929 3173 non
961 3119 1116 3174 tollis
1147 3135 1216 3174 ex
1239 3121 1470 3192 prOprio
1495 3119 1581 3176 vel
1607 3120 1767 3175 dives
1794 3117 1882 3173 vel
1905 3119 2068 3173 suffi-

443 3205 606 3261 ciens
634 3221 762 3262 esse
791 3223 905 3262 non
935 3207 1110 3262 vales.

1051 3315 1231 3354 FRAUS
1270 3313 1420 3352 DIClT
1443 3313 1456 3350 ἶ

499 3382 557 3437 Si
591 3386 799 3438 cuncta
829 3399 956 3455 quea
985 3385 1087 3440 tibi
1121 3385 1394 3458 prmlatus
1425 3385 1712 3440 servanda
1743 3381 2058 3446 commisit,
2093 3371 2140 3435 C

427 3469 654 3526 illibata
682 3473 1014 3542 consignas,
1049 3478 1105 3528 et
1123 3491 1194 3530 ne
1215 3475 1273 3529 in
1295 3475 1588 3530 modicum
1610 3474 1746 3545 quid
1766 3487 2064 3528 reservan-

431 3559 570 3614 dum
603 3561 924 3628 existimas,
953 3563 1108 3618 unde
1136 3563 1222 3618 vel
1263 3562 1515 3634 propriis
1543 3553 1898 3618 utilitatibus
1927 3577 2064 3616 con-

433 3645 598 3710 sulis,
617 3648 702 3702 vel
733 3649 938 3704 amicis
967 3655 1022 3705 et
1051 3650 1554 3706 commilitonibus
1575 3649 1768 3722 places
1789 3651 1818 3704 ‘7

680 3751 1012 3794 INNOCEVTIA
1051 3755 1122 3794 AD
1161 3755 1420 3802 UTRAQUE
1461 3755 1814 3794 RESPONDE’I‘I

499 3824 634 3879 CAP.
658 3823 824 3880 XVII.
861 3825 1066 3880 Melius
1097 3833 1186 3882 est
1207 3844 1517 3899 pauperem
1537 3831 1593 3882 et
1611 3825 2064 3882 insul‘tlcientem

427 3911 848 3984 esse.nullique
869 3931 938 3969 ex
959 3915 1092 3970 dato
1113 3915 1360 3988 placere.
1381 3932 1559 3986 quam
1581 3915 1838 3987 aliquem
1859 3915 2066 3971 laedere

429 3999 584 4055 furto
612 4001 699 4054 vel
734 4003 954 4060 fraude.
987 4004 1090 4069 Qui
1123 4004 1277 4060 enim
1303 4003 1492 4060 aliena
1513 4003 1774 4074 quolibet
1795 4005 2068 4059 modoin-

421 4087 582 4159 juste
611 4090 888 4160 praeripit,
911 4091 1038 4162 ipse
1053 4093 1163 4147 sibi
1189 4093 1348 4162 regni
1385 4091 1637 4147 cmlestis
1659 4093 1886 4147 aditum
1909 4091 2067 4147 clau-

429 4174 532 4230 dit.
557 4176 716 4232 Unde
736 4184 790 4232 et
811 4181 1152 4248 praedicator
1167 4179 1435 4253 egregius
1453 4180 1748 4250 quondam
1770 4180 2067 4252 redarguit

429 4263 667 4321 dicens:
701 4289 728 4316 ‹‹
760 4267 1011 4324 Omnino
1041 4269 1306 4324 dilictum
1339 4272 1430 4323 est
1460 4269 1519 4323 in
1551 4269 1736 4330 vobis.
1770 4269 1923 4338 quod
1965 4269 2064 4340 ju-

429 4353 578 4408 dicia
608 4353 834 4409 habetis
865 4355 1018 4412 inter
1046 4373 1165 4412 vos.
1197 4359 1384 4420 Quare
1415 4372 1519 4411 nos
1550 4357 1738 4428 magis
1787 4356 2061 4425 injuriam

427 4442 735 4514 accipitis?
759 4444 948 4507 Quare
979 4461 1092 4498 non
1127 4444 1316 4515 magis
1348 4444 1612 4499 fraudem
1649 4444 1848 4514 patimi
1870 4445 1898 4499 ‘I
1953 4445 2063 4499 Sed

426 4529 705 4602 injuriam
737 4532 1009 4597 lacitis,et
1033 4532 1380 4599 l‘raudatisU
1409 4533 1612 4602 Carm)
1641 4550 1654 4598 ;
1689 4553 1718 4582 »
1742 4537 1798 4586 et
1821 4533 1927 4588 hoc
1949 4536 2063 4588 l‘ra-

427 4619 653 4676 tribus:
691 4641 720 4670 «
755 4627 839 4674 An
871 4621 1106 4676 nescitis
1139 4621 1275 4692 quia
1305 4620 1491 4692 iniqui
1524 4636 1769 4689 regnum
1803 4620 1900 4675 Dei
1949 4638 2063 4675 non

426 4707 810 4796 possidebunt
831 4713 854 4766 Ρ
875 4732 902 4759 ››
927 4710 1114 4780 (ιὺίά.)
1137 4715 1323 4780 Atque
1345 4708 1496 4764 inter
1515 4715 1718 4764 caetera
1739 4710 2061 4778 subjunxit:
2097 4731 2144 4796 ο

427 4816 456 4844 ‹‹
487 4795 684 4867 Neque
715 4797 894 4864 fures,
926 4813 1114 4868 neque
1130 4813 1388 4867 rapaces,
1404 4813 1648 4869 regnum
1677 4797 1774 4852 Dei
1799 4797 2062 4868 posside-

427 4881 578 4938 bunt
605 4883 809 4955 (Ibid.).
843 4907 872 4935 ››

500 4969 752 5026 Fallacia
779 4977 950 5043 atque
979 4973 1370 5040 mendacium,
1403 4977 1460 5029 et
1484 4973 1610 5044 ipsa
1631 4990 1815 5028 unum
1838 4974 2060 5030 dicunt.

429 5056 680 5113 Fallacia
692 5059 756 5113 ﬁt
776 5059 1030 5131 ingenio,
1053 5062 1420 5117 mendacium
1444 5079 1573 5118 vero
1592 5062 1843 5134 simplici
1869 5065 2060 5119 verbo.

887 5166 1153 5205 FALLACIA
1181 5167 1377 5206 IGITUR
1414 5167 1595 5206 DICI'I‘:

498 5234 572 5291 Ut
594 5251 663 5290 ex
684 5235 884 5293 multis
900 5255 1080 5294 unum
1097 5241 1620 5312 proferamus,cum
1635 5239 1694 5292 in
1714 5254 1828 5294 non
1849 5240 2060 5306 dando,

425 5323 681 5396 aliquem
715 5324 956 5382 illudere
989 5328 1219 5398 quaeris.
1254 5327 1398 5389 Quid
1446 5327 1500 5379 in
1564 5326 1812 5396 petendo
1869 5343 2062 5383 moras

427 5414 680 5470 inuectis
702 5415 730 5469 ‘l
760 5415 881 5471 Non
911 5418 1096 5472 habeo
1127 5417 1283 5486 quod
1307 5415 1562 5467 tribuere
1611 5414 1851 5483 possim.
1907 5417 2064 5472 Gelat

425 5503 630 5573 utique
658 5503 716 5558 in
746 5506 916 5562 corde
945 5522 1072 5576 quae
1096 5503 1288 5558 habet.
1319 5500 1406 5554 vel
1437 5501 1592 5570 quod
1614 5500 1722 5555 sibi
1745 5508 2060 5572 conservet,

423 5589 509 5644 vel
540 5594 691 5660 quod
725 5593 847 5659 alii,
880 5593 930 5647 si
961 5591 1231 5646 voluntas
1261 5589 1433 5655 inest,
1457 5589 1700 5644 tribuat.

871 5693 1207 5735 MENDACIUM
1247 5692 1564 5732 SURJUNGIT
1586 5692 1600 5732 ἒ

499 5763 746 5820 Omnino
768 5768 922 5836 quod
949 5765 1208 5837 postulas
1229 5780 1342 5820 non
1365 5765 1568 5835 habeo,
1589 5765 1810 5822 scilicet
1832 5783 1947 5824 non
1971 5783 2062 5824 ar-

2191 728 2283 785 nis
2309 729 2482 784 verbo
2509 733 2736 802 oportet
2763 728 3029 802 decipere
3056 743 3454 808 quamquam.

2477 835 2707 874 VERI’I‘AB
2746 835 2819 874 AD
2857 834 3126 880 UTBAOUE
3163 830 3546 873 RESPONDEP:
3672 887 3678 892 _

2259 909 2386 962 Car.
2421 907 2616 963 XVIII.
2668 907 2980 978 Nunquam
3015 910 3166 962 Deus
3214 905 3337 961 falli
3395 907 3619 976 potest.
3656 902 3752 958 Sed
3779 908 3819 958 te

2185 996 2401 1066 potius,
2432 1011 2610 1067 quam
2635 995 2818 1050 Deum
2843 994 3015 1058 fallis,
3040 994 3179 1066 quia
3199 993 3475 1064 quolibet
3493 993 3674 1048 modo
3694 1007 3822 1046 men-

2185 1083 2386 1148 tiatur,
2412 1106 2439 1133 «
2462 1099 2560 1138 eos
2575 1083 2728 1154 quod
2752 1081 3565 1149 mentitur,occiditanimam
3583 1079 3819 1150 (Sap.t).‘»

2187 1194 2215 1221 ‹‹
2248 1175 2305 1226 et
2334 1171 2534 1226 oribus
2563 1171 2945 1226 mendacibus
2976 1187 3111 1242 pars
3141 1169 3379 1225 illorum
3407 1167 3528 1224 erit
3558 1167 3620 1222 in
3640 1173 3818 1238 stagno

2183 1259 2338 1332 ignis
2369 1259 2625 1316 ardentis
2650 1259 2933 1332 sulphure
2951 1259 3134 1330 (Apoc.
3162 1260 3304 1318 xxi).
3349 1279 3380 1306 η

2597 1365 2838 1407 νεΝτῐῑιε
2869 1364 3170 1404 INGLUVIES
3210 1363 3398 1402 DICIT:

2255 1439 2336 1492 Ad
2368 1455 2532 1493 esum
2569 1443 2716 1493 Deus
2739 1436 2936 1493 omnia
2965 1436 3189 1490 munda
3237 1434 3516 1490 condidit
3549 1451 3564 1488 :
3627 1436 3686 1487 et
3737 1432 3821 1504 qui

2184 1526 2432 1582 saturari
2463 1527 2592 1580 cibo
2623 1525 2864 1597 respuit,
2919 1523 3059 1597 quid
3121 1523 3304 1586 aliud,
3367 1537 3560 1595 quam
3612 1520 3820 1576 muneri

2187 1631 2462 1670 concesso
2492 1614 2857 1670 contradicit.

2475 1719 2724 1758 CIBOBUM
2763 1717 3118 1757 PARCIMONIL
3157 1716 3530 1756 BESPONDETI

2254 1792 2386 1847 CAP.
2418 1793 2560 1847 XIX.
2594 1795 2787 1846 Unum
2816 1791 3028 1846 horum
3059 1804 3188 1862 qua
3213 1789 3364 1846 dicis
3392 1803 3605 1845 verum
3627 1791 3734 1844 est.
3757 1787 3823 1842 Ne

2183 1879 2338 1938 enim
2371 1881 2546 1935 homo
2577 1880 2729 1935 fame
2759 1884 3104 1945 moreretur,
3137 1878 3340 1934 omnia
3367 1877 3532 1934 Deus
3555 1877 3632 1932 ad
3666 1891 3819 1934 esum

2185 1969 2406 2024 munda
2434 1969 2667 2025 creavit.
2701 1969 2811 2024 Sed
2844 1985 2915 2024 ne
2935 1968 3279 2023 comedendi
3304 1981 3656 2022 mensuram
3674 1981 3822 2021 exce-

2182 2059 2362 2122 deret,
2399 2057 2812 2113 abstinentiam
2834 2056 3161 2128 imperavit.
3199 2061 3394 2126 Atque
3425 2055 3588 2110 inter
3633 2056 3823 2109 caetera

2185 2163 2293 2203 sua
2324 2146 2503 2212 mala,
2534 2147 2840 2202 saturitate
2864 2145 3116 2201 maxime
3136 2143 3309 2216 panis
3349 2142 3530 2214 periit
3558 2142 3817 2206 Sodoma,

2182 2235 2428 2290 Domino
2451 2233 2884 2306 attestante,qui
2912 2234 2985 2289 de
3003 2233 3331 2290 Jerusalem
3356 2248 3464 2304 per
3489 2231 3815 2304 prophetam

2182 2323 2700 2396 loquitur,dicens:
2728 2346 2755 2372 ‹‹
2772 2323 2904 2378 Hec
2927 2321 3336 2392 fuitiniquitas
3357 2321 3586 2376 sororis
3605 2326 3711 2375 tuae
3727 2320 3816 2374 So-

2181 2413 2365 2467 domze
2397 2412 2675 2468 saturitas
2705 2411 2940 2484 panis.»
2970 2413 3338 2486 Quapropter
3367 2409 3530 2466 sicut
3555 2424 3705 2480 aeger
3752 2407 3813 2462 ad

2181 2501 2554 2565 medicinam,
2581 2501 2664 2556 sic
2694 2501 2765 2556 ad
2796 2500 3116 2557 sumendas
3146 2499 3328 2570 dapes
3359 2499 3542 2554 debet
3583 2497 3815 2570 quisque

2179 2591 2847 2661 accedere,nequaquam
2870 2588 3095 2644 scilicet
3108 2586 3476 2660 voluptatem
3498 2586 3562 2642 in
3585 2584 3699 2640 illis
3720 2599 3806 2655 ap-

2183 2684 2406 2750 petens,
2431 2678 2529 2733 sed
2563 2677 2894 2734 necessitati
2925 2693 3296 2732 succurrens.
3330 2673 3481 2731 Hinc
3531 2675 3817 2729 incarnata

2177 2767 2408 2824 Veritas
2421 2783 2523 2839 per
2537 2765 2915 2839 Evangelium
2933 2767 3015 2822 ait
3032 2764 3496 2828 :«Attendite,ne
3517 2766 3817 2834 graventur

2177 2857 2352 2911 corda
2371 2860 2562 2911 vestra
2581 2855 2638 2910 in
2660 2852 2899 2924 crapula
2919 2859 2978 2910 et
2997 2853 3301 2923 ehrietate(
3310 2853 3440 2907 Luc.
3473 2855 3619 2919 xxx).
3650 2871 3678 2899 »
3703 2850 3814 2912 Quo

2177 2949 2378 3000 contra
2397 2945 2468 2998 de
2488 2942 2803 2999 insatiabili
2820 2943 3158 2998 Judaaorum
3178 2941 3504 2996 voracitate
3515 2937 3816 3011 Apostolus

2177 3032 2352 3088 dicit:
2391 3054 2419 3083 «
2451 3031 2616 3088 Multi
2635 3030 2958 3098 ambulant,
2983 3045 3131 3102 quos
3152 3045 3306 3100 saepe
3327 3027 3607 3084 dicebam
3623 3025 3811 3090 vobis;

2175 3139 2331 3177 nunc
2363 3124 2557 3176 autem
2588 3125 2645 3176 et
2673 3121 2818 3176 ﬂens
2848 3120 2976 3174 dico
3009 3118 3282 3174 inimicos
3335 3115 3535 3172 crucis
3591 3113 3814 3177 Christi,

2175 3226 2422 3282 quorum
2441 3210 2592 3265 Deus
2613 3212 2814 3264 venter
2831 3210 3003 3274 est,et
3021 3205 3208 3279 gloria
3228 3207 3289 3261 in
3306 3205 3608 3276 pudendis
3627 3218 3816 3260 eorum

2178 3299 2272 3370 qui
2297 3302 2527 3353 terrena
2559 3297 2798 3368 sapiunt
2816 3295 3046 3367 (th'lip.
3070 3297 3178 3364 ιιι).
3207 3315 3236 3344 ››
3264 3295 3332 3348 Et
3352 3308 3622 3348 rursum:
3649 3291 3816 3344 «Esca

2175 3387 2380 3454 ventri,
2409 3389 2468 3441 et
2494 3389 2692 3441 venter
2718 3385 2890 3441 escis.
2923 3385 3078 3440 Deus
3097 3387 3296 3438 autem
3319 3385 3377 3437 et
3401 3381 3568 3437 hunc
3589 3385 3649 3438 et
3677 3379 3815 3434 hanc

2173 3475 2434 3530 destruet
2461 3475 2508 3544 (ι
2537 3476 2655 3530 Cor.
2687 3474 2784 3542 v1).
2820 3495 2849 3522 ››
2879 3472 2980 3529 llle
3004 3477 3201 3529 autem
3229 3470 3568 3527 hocvitium
3585 3472 3817 3541 superat

2172 3563 2468 3635 plenc.qui
2498 3563 2554 3616 in
2572 3561 2875 3618 sumendis
2895 3559 3146 3632 dapibus
3168 3575 3285 3614 non
3313 3557 3512 3614 solum
3540 3556 3816 3630 parcimo-

2173 3653 2329 3708 niam
2361 3655 2537 3719 tenet,
2571 3655 2636 3705 ut
2663 3649 2887 3706 scilicet
2909 3648 3283 3705 refectionem
3295 3661 3538 3718 semper
3557 3644 3814 3702 esuriens

2172 3739 2436 3811 imperet,
2463 3755 2664 3794 verum
2696 3738 2896 3809 etiam,
2927 3736 3318 3794 accuratiores
3349 3733 3536 3790 simul
3589 3743 3647 3790 et
3675 3747 3807 3789 sua-

2172 3827 2359 3884 viores
2391 3827 2615 3900 epulas,
2637 3831 2875 3898 excepta
2891 3825 3150 3899 corporis
3169 3824 3518 3880 infirmitate
3545 3825 3608 3877 et
3626 3818 3816 3892 1108ρί-

2173 3921 2300 3973 tum
2334 3915 2721 3988 susceptione,
2754 3915 3096 3972 contemnit.

2643 4021 2843 4060 INEPTA
2881 4021 3114 4060 LEPITIA
3152 4018 3305 4058 DICIT
3338 4017 3351 4056 ξ

2247 4093 2460 4166 thuid
2485 4091 2666 4148 animi
2689 4093 2970 4165 gaudium
2993 4093 3154 4147 intus
3175 4089 3490 4146 abscondis
3501 4088 3820 4162 ?Egredere

2174 4183 2234 4237 in
2265 4181 2563 4253 publicum
2595 4181 2796 4236 laetus:
2832 4180 2931 4235 Dic
2961 4179 3101 4236 foris
3131 4179 3379 4250 aliquid,
3413 4178 3578 4234 unde
3617 4175 3700 4232 vel
3741 4183 3816 4229 tu.

2171 4269 2258 4326 vel
2291 4269 2537 4342 proximi
2565 4268 2651 4324 tui
2679 4269 2926 4324 rideant.
2957 4271 3067 4324 Fac
3094 4285 3194 4324 eos
3225 4267 3390 4323 laetos
3420 4269 3528 4322 tua
3549 4263 3781 4334 laetitia.

2501 4374 2842 4414 MODERATUS
2871 4373 3098 4412 Μωηοη
3134 4369 3491 4412 ΒΕΒΡΟΝΒΕΤΞ

2244 4447 2378 4502 Car.
2411 4446 2524 4500 XX.
2557 4445 2717 4502 Unde
2744 4445 2850 4500 tibi
2875 4445 3027 4501 inest
3053 4450 3216 4500 tanta
3245 4441 3498 4500 laetitia?
3531 4439 3809 4513 Nunquid

2165 4535 2292 4607 jam
2325 4533 2621 4590 diabolum
2650 4533 2888 4589 vicisti?
2909 4533 3208 4604 Numquid
3227 4535 3352 4602 jam
3375 4529 3599 4587 interni
3621 4544 3817 4602 pcenas

2173 4622 2448 4680 evasisti?
2469 4622 2880 4693 Nunquidjam
2903 4622 2974 4677 de
2995 4620 3171 4678 exilio
3191 4620 3268 4676 ad
3296 4619 3550 4692 patriam
3574 4615 3818 4675 venisti?

2175 4711 2442 4782 nunquid
2453 4711 2580 4782 jam
2601 4710 2673 4766 de
2691 4715 2793 4766 tua
2813 4709 3092 4768 electione
3111 4709 3490 4766 securitatem
3511 4705 3820 4778 accepisti?

2172 4805 2258 4854 An
2293 4799 2438 4854 forte
2469 4798 2529 4852 in
2560 4796 2910 4854 oblivionem
2938 4801 3098 4853 venit
3127 4797 3284 4868 quod
3315 4794 3608 4851 Dominus
3638 4792 3809 4848 dicit:

2171 4912 2201 4939 «
2230 4887 2486 4944 Mundus
2515 4885 2792 4958 gaudebit
2818 4902 2920 4942 vos
2950 4890 3149 4942 autem
3182 4883 3659 4942 constristabimi
3685 4879 3815 4936 :sed

2169 4977 2412 5032 tristitia
2441 4979 2633 5030 vestra
2657 4978 2916 5030 vertetur
2945 4975 3005 5030 in
3052 4975 3334 5047 gaudium
3353 4974 3384 5028 ‘I
3407 4993 3436 5022 «
3459 4973 3650 5044 (Joan.
3683 4968 3815 5036 xvr.)

2174 5071 2258 5122 An
2285 5065 2431 5120 forte
2461 5079 2492 5117 a
2522 5062 2801 5118 memoria
2833 5063 3083 5119 excessit
3107 5063 3263 5134 quod
3287 5062 3444 5117 idem
3467 5058 3617 5115 alibi
3635 5056 3774 5114 dicit
3801 5072 3814 5109 :

2173 5176 2202 5205 «
2237 5154 2326 5208 νω
2354 5153 2519 5208 vobis
2548 5151 2650 5222 qui
2680 5167 2838 5207 nunc
2862 5151 3088 5217 ridetis,
3103 5150 3244 5223 quia
3261 5147 3572 5222 plorabitis
3589 5153 3648 5202 et
3662 5144 3819 5201 ﬂebi-

2175 5241 2294 5298 tis?
2325 5262 2353 5290 »
2385 5241 2536 5311 (Luc.
2562 5239 2667 5310 v1.)
2702 5239 2983 5310 Quodque
3013 5255 3116 5312 per
3147 5237 3526 5294 Salomonem
3571 5233 3816 5290 dicitur:

2173 5355 2200 5381 ‹‹
2237 5331 2411 5386 Risus
2433 5326 2631 5382 dolore
2664 5327 3028 5395 miscebitur,
3059 5333 3116 5384 et
3135 5333 3398 5383 extrema
3416 5322 3820 5398 gaudiiluctus

2171 5421 2419 5489 occupat
2448 5418 2632 5489 (Pro-iv.
2665 5415 2800 5488 xw).
2836 5437 2864 5464 ››
2899 5417 2964 5470 Et
2991 5431 3024 5471 e
3053 5422 3277 5481 contra,
3303 5430 3410 5487 per
3439 5409 3816 5483 Evangelium

2168 5505 2382 5563 dicitur
2413 5521 2424 5559 :
2462 5525 2490 5553 ‹‹
2518 5503 2670 5560 Beati
2697 5504 2796 5575 qui
2828 5502 3061 5577 lugent,
3093 5503 3377 5576 quoniam
3405 5501 3525 5572 ipsi
3559 5495 3816 5554 consola-

2109 5608 2118 5616 '
2170 5597 2391 5651 buntur
2419 5591 2630 5663 (Matth.
2664 5595 2740 5660 v).
2777 5614 2804 5641 »
2856 5592 3234 5664 Rursumque
3283 5607 3386 5662 per
3443 5588 3815 5646 Salomonem

2171 5682 2386 5739 dicitur
2416 5698 2429 5736 :
2459 5700 2480 5731 α
2515 5679 2710 5735 Nescit
2728 5679 2902 5736 homo
2919 5685 3112 5736 utrum
3137 5677 3436 5736 amorevel
3449 5677 3587 5734 odio
3609 5675 3816 5747 dignus

2169 5771 2276 5842 sit;
2311 5769 2412 5827 sed
2471 5766 2668 5824 omnia
2721 5767 2780 5824 in
2837 5769 3102 5824 futurum
3153 5771 3536 5826 reservantur
3592 5764 3810 5820 incerta
