3898 6356
273 454 389 524 375

1335 459 1400 525 8.
1446 458 1722 524 LEONIS
1767 457 1847 521 IX
1892 454 2124 520 PAPE
2167 455 2597 523 OPUSCULA.

3594 457 3729 522 576

271 591 596 653 adversitas
642 593 861 665 turbat,
895 591 1058 654 nulla
1104 591 1422 653 necessitas
1479 595 1772 669 angustat,
1803 591 1904 650 sed
1935 591 1988 660 Α
2018 607 2159 649 num
2191 594 2464 663 tumeret,
2496 588 2806 652 stimulum
2836 591 3033 654 carnis
3063 591 3382 669 accepitM
3407 592 3547 653 Cor.
3577 590 3722 668 xu).

269 683 546 758 perennis
577 683 777 742 laetitia
807 687 1028 759 regnat.

340 774 453 830 Sed
487 773 701 846 quaeris
729 773 868 846 quid
900 774 975 830 sit
1005 774 1105 840 ibi,
1139 773 1250 830 nisi
1281 775 1442 830 tanta
1471 775 1527 829 et
1554 772 1688 828 talis
1728 772 1908 828 beati-

268 863 413 920 tudo
441 863 728 936 persistat.
762 862 941 918 Aliter
964 863 1074 918 dici
1107 879 1220 918 non
1254 861 1588 936 potest,nisi
1623 861 1908 934 quidquid

269 951 406 1008 boni
437 957 546 1018 est,
578 951 656 1008 ibi
689 956 859 1019 est,et
887 950 1164 1024 quidquid
1200 951 1336 1007 mali
1365 955 1472 1017 est,
1504 967 1804 1022 nunquam
1828 950 1907 1005 ibi

269 1041 567 1106 est.Quod,
600 1039 815 1111 inquis,
842 1040 1057 1094 bonum
1091 1041 1214 1096 est?
1247 1041 1390 1106 Quid
1427 1057 1518 1095 me
1548 1040 1912 1111 interrogas?

265 1130 312 1185 A
333 1129 611 1202 propheta
631 1135 688 1184 et
709 1128 968 1200 apostolo
986 1129 1303 1184 diffinitum
1327 1130 1487 1184 cst?«
1503 1129 1904 1200 Quod,inquit,

266 1217 468 1274 oculus
499 1233 611 1272 non
643 1217 809 1284 vidit,
843 1233 948 1272 nec
979 1217 1138 1273 auris
1171 1217 1414 1283 audivit,
1450 1233 1555 1272 nec
1585 1218 1642 1272 in
1675 1234 1773 1272 cor
1804 1217 1907 1272 ho-

265 1305 442 1362 minis
469 1305 874 1373 ascenderunt,
910 1323 1035 1378 quze
1081 1305 1425 1378 prmparavit
1469 1310 1620 1361 Deus
1667 1305 1761 1361 his
1808 1305 1908 1376 qui

261 1394 514 1467 diligunt
544 1411 678 1450 eum
712 1396 863 1460 (Isai.
915 1411 1065 1462 wa,
1097 1400 1152 1450 et
1207 1396 1232 1449 Ι
1279 1394 1397 1449 Cor.
1451 1397 1531 1461 ιι).
1569 1416 1596 1443 ››
1627 1395 1708 1448 Ad
1762 1394 1908 1449 hanc

263 1483 594 1539 felicitatem
628 1482 830 1538 multis
862 1482 1057 1538 saeculi
1091 1482 1306 1537 divitiis
1337 1483 1697 1554 constipatus
1729 1481 1903 1538 David

261 1571 733 1636 anhelabat,cum
767 1571 994 1626 dicebat
1025 1570 1228 1636 :«Quid
1263 1570 1402 1625 mihi
1438 1575 1616 1626 restat
1644 1570 1701 1625 in
1739 1571 1904 1638 ccclo,

261 1665 321 1717 et
351 1677 385 1717 a
413 1664 468 1716 te
501 1659 642 1733 quid
672 1659 824 1716 volui
857 1677 1032 1732 super
1060 1663 1272 1716 terram
1301 1660 1470 1731 (Psal.
1505 1661 1729 1731 πωπω.»
1752 1659 1901 1715 Mul-

260 1749 339 1807 tis
368 1747 650 1821 regalium
685 1749 1076 1805 conviviorum
1106 1749 1354 1821 dapibus
1402 1749 1711 1806 abundans
1751 1749 1902 1804 dice-

261 1839 362 1895 bat
409 1856 487 1895 τί(
521 1837 805 1905 Satiabor,
847 1838 988 1892 dum
1049 1837 1522 1893 manifestabitur
1571 1837 1755 1909 gloria
1805 1841 1906 1892 tua

260 1927 432 1999 (Psal.
463 1928 608 1998 xvx);
644 1949 672 1977 »
704 1931 762 1981 et
810 1943 1044 1982 rursum
1083 1943 1094 1981 :
1141 1949 1169 1976 «
1203 1925 1394 1982 Sitivit
1439 1927 1636 1981 anima
1669 1943 1799 1982 mea
1831 1926 1901 1981 ad

256 2015 568 2072 Dominum
597 2015 1074 2079 vivum.Quando
1101 2013 1330 2070 veniam
1362 2019 1420 2070 et
1445 2015 1736 2088 apparebo
1767 2018 1900 2071 ante

257 2104 459 2160 faciem
489 2102 588 2160 Dei
620 2103 788 2174 (Psal.
823 2103 965 2173 xu);
1003 2119 1400 2175 urursumque
1433 2119 1482 2157 :«
1515 2103 1898 2168 Quiaiucola-

255 2196 352 2250 tus
379 2207 547 2250 meus
576 2191 956 2264 prolongatus
987 2195 1074 2248 est
1103 2192 1650 2264 (Psal.cx1x).»llinc
1675 2196 1730 2248 et
1751 2193 1898 2248 Pau-

255 2281 350 2337 lus
383 2297 396 2336 :
425 2303 453 2332 ‹‹
487 2280 668 2352 Cupio
717 2279 957 2336 dissolvi
987 2285 1045 2336 et
1073 2297 1202 2336 esse
1230 2297 1362 2336 cum
1405 2280 1633 2336 Christo
1665 2281 1896 2353 (Philip.

259 2369 322 2442 ι).
352 2391 380 2420 ››
417 2368 598 2424 Multo
627 2372 826 2424 autem
859 2367 1091 2424 melius.

328 2457 431 2514 His
450 2457 532 2513 ita
547 2457 1176 2529 decursis,quanquam
1201 2457 1385 2513 multa
1408 2457 1896 2531 praetermiserim,

255 2550 474 2616 tamen,
509 2550 573 2601 ut
621 2546 763 2601 mihi
810 2547 1060 2612 videtur,
1094 2546 1282 2602 hostis
1328 2549 1509 2604 nostri
1563 2547 1900 2603 fornicantis

257 2640 448 2692 castra
486 2635 826 2704 monstravi,
859 2635 1071 2708 quibus
1121 2637 1211 2708 pie
1256 2637 1511 2693 viventes
1566 2637 1622 2692 in
1673 2636 1899 2692 Christo

255 2723 393 2782 Jesu
427 2741 542 2780 non
572 2723 790 2780 desinit
819 2725 1163 2797 impugnare
1197 2741 1208 2780 :
1244 2726 1344 2782 sed
1395 2742 1498 2782 nec
1537 2725 1630 2780 his
1662 2729 1898 2780 conten-

255 2817 349 2870 tus
380 2813 450 2870 ad
481 2812 596 2870 alia
625 2813 981 2868 convertitur
1007 2815 1516 2886 argumenta,dum
1543 2814 1896 2887 quibusdam

256 2903 316 2958 in
345 2903 571 2960 somnis
617 2903 831 2974 sacpius
859 2919 993 2958 vera
1022 2905 1394 2976 praenuntiat,
1427 2908 1489 2960 ut
1514 2920 1611 2960 eos
1639 2903 1900 2976 quando-

256 3007 369 3064 que
399 2991 471 3047 ad
501 2991 816 3047 falsitatem
849 2990 1166 3062 pertrabat,
1199 2991 1337 3065 dum
1379 2993 1736 3048 dormientes
1767 2996 1899 3046 ante

255 3079 482 3146 horam,
523 3078 610 3136 vel
660 3081 892 3150 tempus
940 3079 1271 3147 exsuscitat,
1307 3084 1372 3136 ut
1416 3097 1514 3136 eos
1563 3079 1897 3152 vigiliarum

253 3172 514 3242 tempore
566 3183 772 3224 somno
818 3167 1163 3240 pravissimo
1213 3169 1518 3242 deprimat,
1551 3185 1683 3224 cum
1743 3167 1895 3241 psal-

257 3257 446 3315 lentes
477 3261 651 3330 atque
681 3260 912 3312 orantes
945 3255 1151 3325 sibilis,
1188 3256 1558 3325 stridoribus,
1591 3257 1898 3314 latratibus

2018 681 2101 736 Sit
2130 679 2324 753 itaque
2355 681 2564 738 horum
2597 681 2918 756 quodlibet,
2951 686 3053 741 ant
3081 687 3238 742 certe
3288 683 3342 741 si
3395 701 3529 740 non
3585 683 3726 742 fue-

2017 769 2386 842 rit,nunquid
2412 773 2606 827 tamen
2637 775 2988 840 extremum,
3019 773 3067 831 si
3095 773 3417 846 positurus
3439 790 3729 838 sum,ve—

2019 875 2145 914 rum
2181 876 2293 914 non
2321 859 2474 915 erit?
2502 859 2718 916 Verum
2749 865 2838 918 est
2867 862 3132 934 omnino,
3165 879 3374 919 verum
3409 867 3512 920 est
3546 865 3727 935 quod

2017 948 2286 1014 dico,non
2321 964 2449 1004 esse
2479 948 2861 1006 colluvionem
2884 949 3046 1008 illam
3071 951 3450 1010 extrinsecus
3483 953 3726 1008 animae

2018 1037 2326 1105 noxiam,si
2359 1039 2486 1111 ipsa
2517 1054 2745 1096 servare
2776 1040 3069 1096 studuerit
3098 1041 3263 1099 intus
3294 1041 3509 1098 cordis
3534 1058 3729 1098 mun-

2016 1126 2240 1182 ditiam.

2087 1217 2310 1271 Interea
2339 1215 2491 1271 sicut
2517 1219 2581 1272 tu
2613 1216 2739 1288 ipse
2768 1215 3027 1274 indicare
3047 1219 3486 1290 curasti,audio
3514 1237 3722 1292 quos-

2015 1304 2149 1359 dam
2183 1305 2332 1375 apud
2367 1321 2474 1360 nos
2501 1305 2714 1372 dicere,
2747 1321 2863 1361 non
2895 1323 3068 1378 posse
3098 1305 3361 1380 aliquem
3395 1307 3462 1364 in
3494 1310 3714 1382 patria

2016 1409 2136 1449 suae
2167 1392 2436 1448 navitatis
2485 1393 2804 1466 perfectum
2855 1411 3004 1463 esse,
3055 1393 3200 1450 illud
3252 1395 3313 1452 in
3365 1413 3721 1470 argumen-

2013 1484 2140 1536 tum
2168 1483 2718 1554 assumeutes,quod
2754 1482 3038 1538 Dominus
3069 1483 3216 1539 dixit
3249 1501 3298 1540 :u
3327 1485 3524 1542 Nemo
3559 1503 3721 1559 pro-

2014 1568 2190 1640 pheta
2215 1572 2488 1641 acceptus
2525 1573 2614 1625 est
2660 1569 2719 1626 in
2770 1569 2961 1642 patria
2991 1588 3100 1627 sua
3131 1573 3284 1643 (Luc.
3321 1573 3424 1644 ιν).
3463 1596 3494 1624 ››
3530 1574 3720 1638 Quos

2012 1658 2268 1730 primum
2300 1661 2524 1730 oportet
2556 1658 2778 1715 ratione
2809 1659 3074 1715 veritatis
3108 1660 3316 1731 refelli,
3351 1665 3411 1718 et
3461 1663 3557 1720 sic
3593 1665 3716 1720 de-

2011 1764 2174 1802 mum
2207 1747 2457 1820 qualiter
2485 1747 2866 1822 intelligenda
2885 1748 2964 1806 sit
2993 1749 3220 1823 prolata
3254 1752 3561 1810 sententia
3597 1755 3719 1810 de-

2013 1836 2348 1892 monstrari.

2079 1923 2337 1980 Audiant
2387 1924 2570 1998 igitur
2613 1923 2902 1998 patienter
2946 1925 3048 1998 qui
3096 1927 3220 1984 haec
3250 1927 3472 1997 dicunt,
3505 1930 3709 2003 quia,

2009 2014 2150 2070 dum
2184 2030 2422 2069 sensum
2455 2030 2632 2070 sacra:
2664 2014 2975 2088 Scriptum
3007 2016 3331 2088 prudenter
3360 2035 3479 2075 non
3523 2035 3706 2076 con-

2009 2103 2439 2175 siderant,penc
2469 2119 2672 2159 omnes
2701 2107 2937 2160 sanctos
2966 2109 3391 2176 contemnunt;
3427 2107 3480 2164 si
3510 2108 3702 2166 enim

2017 2192 2098 2246 ita
2126 2195 2233 2261 est,
2286 2195 2350 2246 ut
2399 2194 2715 2248 asserunt:
2747 2207 2884 2264 ergo
2928 2198 3219 2267 quotquot
3264 2212 3335 2252 ex
3383 2196 3698 2255 Romanis

2009 2280 2267 2337 conversi
2287 2280 2439 2352 apud
2459 2281 2752 2337 Romanos
2772 2281 3022 2353 degunt;
3055 2287 3347 2356 quotquot
3366 2301 3438 2341 ex
3459 2285 3699 2344 Graecis

2009 2369 2162 2442 apud
2193 2370 2417 2424 Grazcos
2441 2386 2454 2436 ;
2479 2373 2765 2442 quotquot
2791 2387 2862 2427 ex
2889 2369 3052 2428 Italis
3077 2373 3232 2446 apud
3259 2373 3440 2432 Italos
3461 2392 3476 2445 ;
3500 2381 3696 2448 quot-

2009 2462 2148 2530 quot
2173 2475 2240 2512 ex
2261 2456 2440 2513 Gallis
2455 2459 2608 2530 apud
2632 2457 3148 2533 Gallos;quotquot
3166 2479 3236 2518 ex
3258 2462 3494 2522 Hiberis
3516 2467 3696 2538 apud

2007 2547 2278 2615 Hiberos;
2311 2550 2598 2620 quotquot
2625 2563 2694 2603 ex
2736 2547 3046 2606 Germanis
3093 2552 3251 2624 apud
3297 2552 3682 2624 Germanos;

2008 2641 2294 2709 quotquot
2309 2652 2377 2692 ex
2397 2635 2760 2708 Aquitanicis
2779 2638 2933 2709 apud
2955 2637 3338 2711 Aquitanicos
3354 2647 3694 2716 quotquot

2007 2743 2073 2782 ex
2095 2724 2448 2781 Britannicis
2469 2726 2623 2798 apud
2645 2725 3012 2784 Britannicos
3034 2746 3047 2795 ;
3065 2733 3355 2802 quotquot
3375 2748 3446 2787 ex
3465 2733 3689 2806 Anglis

2006 2815 2160 2886 apud
2206 2813 2476 2885 Anglicos
2524 2813 2793 2887 religiose
2841 2815 3062 2883 vivunt,
3095 2816 3425 2892 imperfecti
3471 2829 3682 2880 erunt.

2007 2904 2146 2959 Ecce
2177 2901 2392 2958 Paulus
2423 2907 2480 2959 et
2507 2902 2794 2959 Antonius
2817 2921 2885 2960 ex
2904 2905 3172 2964 Thebaeis
3204 2909 3361 2981 apud
3384 2909 3688 2970 Tbebasos

2006 2991 2244 3066 perfecti
2273 2995 2428 3048 sunt.
2461 2992 2604 3049 Ecce
2634 2991 2910 3066 Hylarion
2937 3011 3006 3050 ex
3029 2995 3356 3055 Palaestinis
3377 3001 3540 3072 apud
3563 3001 3684 3058 Pa-

2006 3080 2262 3138 lsastinos
2291 3081 2578 3153 perfectus
2607 3086 2715 3138 est.
2745 3083 2884 3139 Ecce
2919 3083 3252 3143 Macharius
3282 3103 3352 3142 ex
3380 3087 3687 3163 Egyptiis

2005 3171 2161 3244 apud
2190 3169 2485 3242 [Egyptios
2517 3170 2806 3243 perfectus
2827 3175 2935 3228 est.
2959 3173 3103 3230 Ecce
3123 3173 3478 3235 Oxirincbus
3526 3178 3683 3234 civi-

2004 3263 2094 3316 tas
2125 3274 2193 3314 ex
2221 3259 2472 3330 propriis
2502 3258 2837 3317 civitatibus
2879 3264 3004 3318 tota
3045 3265 3302 3336 perfecta
3352 3269 3467 3322 est.
3499 3267 3678 3338 Ecce,

257 3347 524 3414 diversis,
543 3351 600 3402 et
619 3345 933 3402 inconditis
955 3347 1212 3414 vocibus,
1230 3347 1375 3404 actis
1404 3347 1576 3403 etiam
1606 3346 1900 3420 lapidibus
1932 3331 1975 3401 C
2013 3353 2078 3405 ut
2106 3349 2178 3404 ad
2208 3347 2424 3404 vicinos
2456 3351 2686 3404 nostros
2714 3331 3346 3420 veniamus,i’rotasius
3374 3357 3436 3411 et
3455 3331 3683 3414 Gerva;

253 3435 341 3492 vel
381 3435 735 3492 stercoribus
765 3435 1086 3508 perturbat,
1118 3440 1182 3492 ut
1230 3453 1328 3492 eos
1376 3453 1610 3509 quoquo
1659 3440 1826 3510 pacto
1866 3454 1900 3492 a

255 3523 502 3598 spiritali
532 3541 704 3598 opere
733 3523 1055 3590 retrahens,
1088 3524 1292 3581 inanes
1323 3525 1556 3581 efﬁciat.

324 3617 408 3668 Tu
457 3617 654 3670 autem
708 3611 882 3668 homo
941 3612 1065 3678 Dei,
1104 3612 1372 3685 vigilanti
1421 3614 1613 3670 studio
1667 3613 1898 3670 attende

257 3719 384 3774 quae
414 3702 565 3768 dico,
597 3705 654 3757 et
681 3701 825 3756 mihi
857 3701 1048 3757 adhuc
1091 3702 1280 3773 magis
1320 3703 1609 3773 stupenda
1638 3703 1897 3758 narranti

257 3791 431 3846 ﬁdem
461 3788 730 3862 praebeto.
765 3789 1081 3860 Cujusdam
1131 3789 1412 3845 relatione
1442 3807 1630 3864 nuper
1659 3791 1898 3864 cognovi

259 3879 411 3952 quod
441 3878 591 3935 dico.
623 3878 725 3934 Vir
773 3877 1011 3950 quidam
1061 3877 1366 3952 religiosus
1395 3884 1568 3952 atque
1605 3880 1665 3936 in
1694 3897 1896 3937 mona-

256 3968 399 4026 stico
430 3968 630 4026 habitu
665 3967 1036 4038 constitutus,
1071 3972 1268 4025 nostro
1313 3985 1470 4024 nunc
1519 3974 1780 4042 tempore
1802 3987 1900 4026 an-

253 4057 403 4131 tiqui
429 4057 614 4114 hostis
643 4061 732 4114 est
760 4056 1026 4113 inaudita
1053 4059 1372 4114 tentatione
1402 4055 1690 4130 pulsatus,
1723 4059 1804 4116 ita
1833 4064 1900 4116 ut

253 4145 410 4203 idem
438 4161 687 4219 magnus
709 4145 954 4218 spiritus
973 4146 1453 4203 vestimentorum
1483 4147 1614 4220 ejus
1643 4147 1898 4220 particu-

253 4233 342 4290 las
371 4238 532 4291 extra
559 4233 724 4289 illum
759 4233 932 4289 etiam
964 4233 1386 4307 incompositae
1439 4235 1746 4292 immunda
1783 4235 1897 4292 col-

253 4322 487 4380 luvione
516 4322 778 4379 crebrius
811 4323 1068 4380 ﬁnderet.
1103 4326 1237 4390 Quae
1267 4324 1324 4380 in
1359 4328 1586 4380 tantum
1615 4330 1738 4382 erat
1768 4325 1900 4382 hor-

255 4414 454 4481 renda,
489 4411 668 4470 fetida
696 4417 751 4470 et
781 4412 970 4484 noxia,
1004 4417 1068 4469 ut
1096 4429 1232 4487 pars
1260 4414 1510 4470 vestium
1551 4432 1728 4488 quam
1771 4415 1900 4472 teti-

253 4504 452 4577 gisset,
485 4502 652 4570 nulli,
684 4502 959 4574 deinceps
1005 4507 1159 4560 esset
1205 4502 1338 4560 usui
1369 4507 1522 4576 apta,
1565 4521 1902 4577 quanquam

259 4593 471 4650 fuisset
517 4590 736 4650 abluta.
771 4593 851 4648 De
900 4608 1014 4664 quo
1056 4609 1188 4648 cum
1241 4592 1632 4665 interrogatus
1663 4594 1906 4650 fuissem

2007 3437 2132 3494 eius
2162 3436 2220 3493 in
2251 3435 2488 3510 propria
2515 3436 2623 3493 hac
2649 3436 3070 3497 Mediolanensi
3108 3441 3359 3511 civitate,
3391 3445 3679 3517 propria-

2006 3543 2118 3598 que
2149 3527 2321 3582 domo
2353 3529 2676 3594 manentes,
2707 3543 2774 3584 ac
2818 3544 2921 3600 per
2967 3528 3166 3586 decem
3218 3547 3405 3589 annos
3453 3549 3675 3592 mona-

2007 3615 2250 3672 chorum
2283 3614 2457 3671 vitam
2487 3620 2840 3684 exercentes,
2873 3615 2956 3674 ita
3001 3619 3242 3690 perfecti
3282 3619 3548 3692 fuerunt,
3603 3627 3682 3680 ut

2007 3709 2290 3778 martyres
2319 3704 2540 3760 ﬁerent.
2572 3706 2658 3760 An
2686 3705 2832 3762 forte
2863 3710 3064 3763 nostra
3083 3707 3211 3765 sola
3239 3708 3545 3782 provincia
3574 3729 3683 3769 ex-

2007 3799 2098 3850 tra
2126 3793 2278 3850 hanc
2309 3792 2570 3865 regulam
2601 3794 2711 3850 erit
2738 3799 2998 3868 excepta,
3031 3802 3096 3853 ut
3127 3814 3244 3854 non
3276 3799 3350 3855 de
3379 3801 3677 3874 prepriis,

2007 3885 2106 3940 sed
2141 3885 2371 3939 tantum
2402 3882 2473 3937 de
2499 3883 2711 3940 exteris
2739 3883 2952 3940 habeat
2981 3886 3348 3943 monachos?

2077 3971 2471 4045 Satagendum
2505 3971 2693 4044 magis
2723 3977 2811 4030 est
2841 3977 2930 4040 ut,
2961 3973 3063 4030 ubi
3094 3976 3228 4048 quis
3267 3976 3465 4047 fuerit,
3491 3977 3683 4050 juxta

2009 4062 2393 4136 perfectorum
2424 4059 2688 4134 regulam
2717 4060 3016 4130 vivat,non
3048 4067 3506 4136 parentum,non
3539 4085 3686 4140 pro-

2008 4150 2384 4224 pinquorum,
2419 4165 2534 4205 non
2565 4149 2832 4205 afﬁnium
2866 4149 3158 4209 illecebris
3189 4170 3224 4210 a
3247 4153 3342 4210 via
3361 4155 3682 4227 perfectio-

2009 4239 2102 4295 nis
2139 4237 2407 4295 declinet.
2441 4238 2534 4294 Sie
2578 4243 2731 4295 certe
2761 4239 2932 4312 juxta
2959 4239 3280 4300 Salvatoris
3309 4245 3680 4306 sententiam

2010 4327 2460 4402 (Luc.x1v),patri
2490 4328 3442 4404 matrique,fratribus,sororibus,
3465 4337 3674 4392 uxori-

2010 4415 2852 4490 bus,filiis,domibus,agris,et
2870 4419 3097 4477 cunctis
3117 4436 3244 4493 quae
3265 4421 3552 4494 possidet,
3587 4442 3680 4482 re-

2012 4507 2284 4563 nuntiare
2313 4504 2546 4562 valebit.
2582 4507 2696 4562 Hoc
2727 4510 2921 4563 autem
2952 4507 3105 4576 dico,
3134 4527 3250 4566 non
3282 4527 3399 4584 quo
3429 4529 3674 4571 succes-

2012 4595 2302 4668 sores,qui
2318 4595 2389 4652 de
2401 4610 2578 4667 regno
2590 4595 2662 4653 ad
2675 4597 3022 4668 regnum,de
3042 4598 3280 4671 publico
3302 4600 3374 4657 ad
3397 4617 3676 4661 eremum

253 4698 364 4738 cur
387 4682 756 4773 omnipotens
786 4681 942 4773 Deus
964 4680 1138 4738 talem
1170 4686 1401 4773 versuto
1427 4681 1680 4773 serpenti
1713 4688 1903 4756 potes-
1935 4705 1982 4773 D
2012 4687 2344 4773 transeunt,
2376 4700 2612 4740 summa
2629 4682 2803 4741 laude
2831 4701 2950 4742 non
2977 4686 3224 4758 ducam;
3257 4690 3360 4746 sed
3387 4706 3504 4762 quo
3533 4691 3678 4750 illos

253 4775 433 4828 tatem
458 4771 518 4828 in
549 4788 682 4828 eum
714 4771 956 4840 dederit,
991 4769 1266 4844 respondi
1305 4775 1371 4827 ut
1414 4772 1606 4829 cordis
1638 4773 1764 4845 ejus
1795 4773 1921 4840 im-,

255 4861 611 4918 munditiam
664 4859 804 4916 toris
854 4861 1185 4916 ostenderet
1236 4877 1249 4916 :
1303 4861 1456 4932 quod
1501 4879 1801 4935 nunquam
1842 4862 1902 4918 in

256 4947 525 5006 exteriori
574 4946 779 5002 habitu
829 4945 1082 5017 fecisset,
1120 4948 1230 5004 nisi
1281 4949 1614 5006 interiorem
1667 4950 1902 5009 omnino

259 5035 620 5107 corrupisset
648 5039 750 5091 aut
777 5035 1119 5092 infidelitate
1149 5041 1204 5092 et
1229 5037 1723 5112 blasphemia,aut
1753 5045 1904 5098 certe

256 5123 420 5181 inani
452 5127 509 5179 et
536 5140 684 5180 vana
711 5123 914 5198 gloria.
949 5125 1153 5182 Sanies
1183 5128 1396 5202 quippe
1443 5130 1603 5186 intus
1641 5129 1702 5186 in
1733 5131 1904 5188 corde

257 5214 415 5271 foras
447 5228 551 5286 per
575 5211 922 5269 vestimenta
950 5214 1285 5282 fluit.Quem
1315 5217 1453 5288 quia
1481 5218 1654 5288 longe
1676 5218 1903 5289 positus

259 5320 366 5377 ego
397 5302 637 5375 quidem
668 5318 783 5358 non
815 5301 954 5369 vidi,
989 5303 1089 5360 sed
1123 5307 1319 5360 tamen
1354 5306 1440 5376 (ut
1481 5305 1751 5374 arbitror)
1780 5306 1902 5364 haec

258 5393 319 5449 in
352 5391 452 5448 illo
482 5408 612 5448 vere
641 5391 896 5464 prmvidi.
933 5391 1092 5458 Quod
1127 5389 1176 5444 si
1208 5406 1322 5445 non
1369 5397 1458 5446 est
1504 5394 1602 5459 ita,
1638 5395 1902 5466 nunquid

258 5487 457 5540 tamen
506 5483 722 5538 factum
781 5484 1023 5552 putatur
1067 5477 1198 5534 sine
1255 5481 1468 5536 causa?
1498 5481 1596 5536 Est
1637 5486 1908 5552 prmterea

261 5575 586 5644 gestum,ut
614 5571 671 5626 in
704 5587 770 5626 eo
805 5565 1155 5622 munditiam
1189 5565 1379 5623 cordis
1409 5567 1639 5624 foeditas
1659 5567 1758 5624 illa
1787 5587 1905 5626 ser-

259 5662 520 5723 varet,ne
549 5658 698 5715 hanc
730 5653 980 5714 callidus
1008 5647 1200 5706 hostis
1231 5649 1424 5711 inanis
1449 5655 1647 5727 gloria:
1679 5658 1910 5716 macula

261 5746 696 5816 fwdaret,sicuti
725 5739 1047 5806 Paulus,ne
1078 5738 1155 5794 de
1181 5743 1581 5814 magnitudine
1613 5744 1905 5806 revelatio-

2014 4774 2212 4842 etiam,
2247 4772 2346 4846 qui
2377 4773 2568 4847 magis
2597 4773 2903 4832 affectibus
2935 4776 3188 4848 patriam
3205 4777 3466 4852 fugiunt,
3488 4797 3676 4854 quam

2013 4859 2538 4937 gressibus,felices
2558 4865 2732 4934 atque
2762 4863 3049 4935 perfectos
3071 4867 3676 4928 ostendam.0bsecro

2011 4951 2208 5025 itaque
2237 4950 2496 5024 illos,qui
2525 4950 2636 5008 hoc
2665 4952 2821 5024 apud
2853 4968 2960 5011 nos
2989 4953 3114 5011 fieri
3145 4972 3320 5028 posse
3348 4957 3670 5033 denegant,

2013 5046 2078 5098 ut
2103 5040 2368 5115 vigilanti
2401 5040 2594 5098 studio
2623 5041 3013 5113 considerent,
3045 5060 3150 5100 cur
3197 5062 3313 5102 non
3359 5047 3510 5104 dixit
3557 5054 3670 5106 Do-

2013 5130 2248 5187 minus:
2273 5131 2454 5188 Nemo
2485 5129 2767 5204 propheta
2793 5133 3085 5203 perfectus
3115 5137 3205 5191 est
3234 5134 3294 5190 in
3345 5137 3540 5208 patria
3559 5155 3675 5196 sua

2013 5221 2164 5293 (Luc.
2197 5218 2295 5292 ιν),
2324 5219 2426 5276 sed
2456 5218 2536 5276 ibi
2567 5218 2708 5293 quid
2740 5217 2899 5276 aliud
2927 5219 3381 5296 intelligendum
3413 5232 3524 5295 est,
3550 5229 3672 5285 nisi

2011 5309 2151 5382 quia
2166 5313 2470 5381 acceptum
2490 5306 2632 5363 dixit
2649 5323 3023 5382 nequaquam
3041 5316 3370 5384 receptum?
3380 5315 3673 5389 Quodque

2012 5399 2083 5454 de
2111 5396 2413 5471 prophetis
2443 5395 2701 5468 antiquis
2730 5401 2788 5453 et
2815 5398 3006 5472 seipso
3050 5399 3298 5475 intelligi
3327 5402 3533 5476 voluit,
3565 5407 3674 5478 qui

2013 5486 2168 5558 apud
2197 5483 2528 5542 incredulos
2563 5483 2796 5544 Judaaos
2826 5503 2943 5544 non
2997 5489 3234 5546 fuerunt
3285 5493 3530 5564 accepti,
3565 5495 3672 5552 sed

2015 5574 2203 5648 magis
2232 5575 2433 5647 spreti,
2467 5574 2763 5647 Stephano
2794 5577 2867 5636 ad
2897 5593 2996 5635 eos
3027 5578 3253 5636 dicente
3284 5597 3299 5637 :
3331 5581 3519 5647 Quem
3541 5601 3674 5657 pro-

2014 5663 2322 5736 phetarum
2354 5679 2468 5720 non
2495 5666 2632 5719 sunt
2660 5667 2948 5736 persecuti
2980 5673 3176 5741 patres
3198 5669 3508 5744 vestri,qui
3527 5689 3675 5746 prae-

2017 5751 2370 5810 nuntiabant
2395 5753 2464 5810 de
2483 5753 2732 5810 adventu
2751 5753 2927 5826 Justi,
2952 5757 3123 5828 cujus
3151 5773 3253 5814 vos
3282 5774 3443 5816 nunc
3474 5760 3670 5820 homi-
