3898 6438
112 458 221 518 577

1293 452 1576 516 ORATIO
1625 461 1664 515 A
1680 457 1726 516 D
1772 459 1815 515 A
1834 450 2333 515 DELBICIlTUM.

3386 454 3502 517 578

117 588 251 644 cidae
283 591 337 643 et
368 588 695 660 proditores
726 588 970 645 fuistis?
996 588 1134 653 Quis
1167 592 1363 645 autem
1412 605 1525 643 non
1567 588 1760 643 videat
1791 603 1843 667 Α
1876 586 1961 641 ria
1991 590 2307 641 sectatores
2339 602 2475 642 suos
2508 586 2837 659 perducunt
2870 586 2941 642 ad
2976 586 3100 641 coeli
3131 587 3361 660 palatia.

117 680 344 750 quantae
377 678 745 749 temeritatis,
779 682 1127 751 quantzeque
1158 678 1235 733 sit
1286 677 1757 750 praesumptionis

116 767 369 839 aliquem
403 767 515 823 sibi
549 768 840 840 propheta:
876 786 1086 823 nomen
1121 783 1418 823 assumere
1440 767 1467 819 ί]

183 856 267 912 Tu
288 856 468 928 igitur
484 872 618 912 cum
635 857 936 914 charitatis
948 858 1250 913 affectione
1268 855 1411 912 tales
1435 856 1529 910 red
1540 870 1717 927 argue
1741 873 1753 923 ;

117 950 171 1002 et
192 945 362 1017 juxta
390 945 655 1018 regulam
688 945 924 1003 Patrum
958 945 1147 1001 vivere
1179 961 1409 1017 semper
1434 945 1758 1011 stude,ma-

117 1034 268 1090 xime
300 1038 495 1090 autem
529 1035 713 1090 sancti
746 1034 1098 1091 confessoris
1144 1031 1456 1090 Benedicti.
1506 1032 1631 1087 Non
1661 1031 1758 1086 de-

117 1124 295 1180 clines
322 1124 394 1181 ab
425 1140 493 1179 ea
525 1140 776 1197 quoque,
809 1141 914 1180 nec
946 1123 1029 1179 illi
1061 1122 1245 1180 addas
1295 1120 1622 1194 quidpiam,
1656 1136 1759 1175 nec

118 1212 367 1271 minuas.
403 1215 617 1270 Totum
648 1214 805 1270 enim
838 1212 994 1286 quod
1027 1212 1267 1284 sufﬁcit,
1299 1210 1492 1277 habet,
1518 1215 1574 1267 et
1622 1227 1760 1265 nus-

118 1320 291 1376 quam
348 1303 547 1360 minus
602 1303 793 1360 habet.
848 1302 1027 1374 Cujus
1101 1302 1277 1359 verba
1355 1304 1528 1373 atque
1586 1300 1762 1371 impe-

1941 676 2103 742 Ecce,
2140 677 2317 731 frater
2341 674 2871 744 charissime,inter
2893 680 3127 733 caeteras
3160 693 3318 733 meas
3348 693 3513 733 occu-
3558 710 3562 714 ο

1874 765 2133 836 pationes
2164 764 2321 819 hunc
2352 762 2455 819 tibi
2488 781 2819 821 sermonem
2853 766 3152 823 nocturnis
3184 765 3516 835 horis,licet

1869 852 2093 909 inculta
2124 856 2444 924 venustate,
2479 853 2689 908 dictavi
2722 858 2900 926 atque
2945 855 3290 928 conscripsi.
3334 857 3516 922 Quem

1870 942 2007 1014 quia
2031 941 2404 1014 epistolarem
2434 943 2671 998 modum
2704 944 2958 1000 transire
2984 944 3518 1017 cognovi,libellum

1872 1029 2064 1102 potius
2093 1031 2171 1085 De
2193 1030 2469 1086 conﬂictu
2490 1031 2765 1088 vitiorum
2792 1037 2968 1104 atque
2989 1035 3273 1090 virtutum
3298 1050 3522 1091 nuncu-

1870 1135 2005 1190 pare
2038 1118 2240 1186 malui,
2272 1118 2333 1173 in
2366 1136 2479 1192 quo
2503 1120 2550 1176 si
2583 1121 2987 1179 cediﬁcationis
3017 1121 3239 1197 aliquid
3270 1122 3517 1197 reperis,

1870 1206 2026 1263 hunc
2056 1207 2368 1280 legendum
2400 1212 2454 1263 et
2484 1208 2612 1265 aliis
2642 1211 2871 1268 tradere
2902 1211 3096 1270 debes.

2454 1474 2687 1487 .—‘——-m

972 1478 3518 1513 mw

1030 1633 1643 1739 SANGTI
1726 1631 2342 1735 ιιιοΝιε
2433 1632 2623 1734 IX

1431 1831 1730 1894 ROMANI
1791 1831 2220 1892 PONTIFICIS

713 2008 1175 2124 ORATIO
1252 2008 1419 2122 AD
1499 2006 2312 2122 ADELBERTUM
2389 2005 2925 2121 COMITEM

1154 2217 1243 2279 De
1272 2216 1639 2279 restitutione
1668 2215 2015 2277 monasterii
2037 2213 2501 2294 Ilzrsaugiensis.

1613 2378 1815 2459 (Anno
1849 2378 2047 2459 1049).

832 2541 1021 2614 (Apud
1054 2539 1389 2611 Baronium,
1436 2539 1638 2596 Annal.
1682 2542 1824 2596 tom.
1856 2539 1949 2610 XI,
1984 2554 2116 2612 pag.
2150 2540 2188 2594 11

1984 2554 2116 2612 pag.
2150 2540 2273 2607 184,
2308 2540 2379 2596 ad
2412 2556 2548 2596 ann.
2583 2541 2765 2614 1049.)

1499 2866 2160 2954 MONITUM.

194 3046 757 3125 Argumtdiaserroris
783 3044 1100 3125 t'rithemius
1128 3060 1249 3125 cum
1280 3044 1341 3098 in
1372 3043 1636 3125 Chronico
1666 3044 2070 3125 Hirsaugicnsis
2098 3045 2423 3125 monasterii
2460 3061 2566 3125 non
2621 3045 2717 3101 hoc
2744 3063 2909 3125 anno
2948 3047 3116 3125 θοῇς),
3138 3124 3141 3125 ν
3165 3050 3255 3107 sed
3286 3057 3534 3125 sequenti

123 3116 291 3196 ponit
309 3120 485 3196 sancti
514 3120 709 3196 Leonis
741 3116 1030 3196 intuentum
1168 3116 1516 3196 Germaniam
1543 3124 1594 3171 et
1627 3116 1973 3196 celebra-tum
2002 3116 2068 3169 ab
2098 3132 2157 3171 eo
2188 3117 2485 3196 concilium
2511 3117 3039 3196 Moguntinnm:_Qui
3066 3124 3235 3196 etiam
3254 3116 3374 3196 quis
3402 3134 3534 3182 tunc

128 3188 191 3247 de
220 3191 465 3264 ejusdem
494 3190 815 3264 monasterii
845 3189 1186 3245 restitutione
1218 3189 1638 3244 intercesserunt
1672 3189 1817 3243 inter
1844 3189 2023 3258 ipsum
2045 3188 2357 3259 pontificem
2385 3193 2435 3245 et
2481 3191 2596 3261 ejus
2624 3192 2827 3248 sororis
2866 3191 3048 3261 ﬁtzum
3077 3188 3419 3254 Attelbértum
3445 3215 3533 3255 co-

129 3261 345 3339 mitem,
378 3264 457 3320 ste
484 3261 757 3318 describit.

202 3436 367 3490 Anno
395 3429 682 3488 Dominici
714 3428 1043 3485 Nativitatis
1077 3428 1212 3483 1050
1239 3427 1423 3499 [1049]
1464 3426 1780 3483 indictione
1812 3429 1860 3494 B
1894 3427 2356 3492 debat.Quadam
2379 3429 2472 3485 die
2488 3429 2746 3501 pontifex
2767 3433 3139 3492 recreationis
3156 3436 3334 3493 animi
3353 3455 3533 3497 causa

130 3522 308 3579 tertia
336 3520 662 3595 [secunda],
694 3523 933 3575 sanctus
968 3519 1076 3573 Leo
1108 3534 1257 3590 papa
1288 3534 1478 3572 nonus
1508 3517 1580 3573 ad
1623 3532 1781 3571 com-

138 3612 444 3686 ponendas
492 3626 584 3666 res
640 3613 698 3665 et
749 3612 965 3664 statum
1021 3606 1430 3675 Ecclesiarum,
1464 3622 1784 3678 pacemque

139 3702 347 3759 Galliis
365 3699 932 3769 reddendam,ftoma
954 3712 1366 3768 cgressuscum
1389 3693 1783 3751 cardinalibus

138 3790 351 3847 multis
380 3788 540 3845 venit
563 3787 623 3842 in
639 3786 1032 3843 Germaniam.
1054 3785 1187 3840 Erat
1216 3801 1281 3840 eo
1295 3788 1550 3856 tempore
1581 3799 1776 3839 comes

132 3880 489 3937 Adelbertus
509 3878 580 3934 de
593 3876 787 3932 Calwe
818 3873 1153 3931 monasterii
1166 3873 1600 3947 Hirsaugicnsis
1615 3873 1784 3928 advo-

132 3975 325 4038 catus,
360 3969 462 4025 sed
518 3966 894 4023 desolationis
957 3969 1259 4038 patronus,
1296 3963 1397 4035 qui
1442 3980 1556 4019 non
1588 3962 1779 4019 solum

131 4060 447 4116 restituere
480 4055 831 4128 contempsit
862 4070 964 4127 per
1000 4070 1242 4126 proavos
1263 4054 1320 4109 S.
1347 4053 1572 4108 Aurelio
1603 4052 1783 4124 impie

129 4148 354 4217 ablata,
389 4162 591 4202 verum
624 4162 683 4201 se
711 4146 872 4215 justo
904 4144 1102 4200 omnia
1131 4143 1425 4217 possidere
1443 4142 1611 4199 titulo
1637 4142 1782 4198 arbi-

127 4233 506 4304 tratus,nihil
530 4233 727 4289 minus
751 4248 928 4304 quam
960 4231 1029 4287 de
1053 4230 1414 4303 reparatione
1446 4230 1784 4285 monasterii

125 4327 449 4398 cogitabat.
480 4321 734 4395 Contigit
764 4320 943 4393 igitur
968 4337 1121 4376 anno
1150 4322 1493 4393 prmnolato,
1543 4318 1641 4390 qui
1675 4319 1784 4375 fuit

122 4412 516 4472 desolationis
549 4409 888 4467 monasterii
916 4413 1155 4465 octavus
1188 4412 1243 4464 et
1273 4408 1781 4481 quadragesimus,

124 4521 317 4577 supra
376 4500 759 4559 millesimum
820 4515 951 4554 vero
1003 4498 1252 4565 Domini,
1312 4498 1464 4554 sicut
1502 4496 1778 4565 diximus,

122 4589 853 4667 quinquagesimus,quod
887 4588 1158 4644 idemLeo
1181 4586 1594 4643 sanctissimus
1606 4603 1778 4659 papa,

122 4682 335 4739 comiti
372 4680 610 4754 praefato
663 4676 952 4750 sanguine
974 4677 1238 4748 junctus,
1272 4677 1457 4732 Roma
1486 4692 1779 4748 egressus,

120 4770 420 4844 Italiaque
450 4767 803 4825 transmissa
832 4783 936 4838 per
965 4767 1111 4821 ﬁnes
1141 4765 1426 4821 Sueorum
1456 4765 1568 4821 iter
1605 4781 1778 4820 suum

118 4877 336 4917 versus
371 4857 735 4931 Moguntiam
767 4854 1061 4927 dirigeret.
1095 4854 1257 4921 Quod
1280 4871 1413 4910 cum
1438 4853 1778 4910 Adelbertus

119 4966 329 5007 comes
347 4948 627 5021 praefatus
648 4944 1301 5013 rescisset,avunculum
1320 4943 1585 5000 videlicet
1605 4961 1777 5000 suum

117 5043 345 5097 sanctae
380 5039 654 5094 Romanaa
686 5039 743 5091 et
770 5033 1117 5090 universalis
1145 5033 1416 5089 Ecclesiae
1442 5033 1777 5106 pontiﬁcem

117 5146 261 5187 suae
297 5126 693 5187 transiturum
727 5140 829 5197 per
854 5128 1059 5191 terras,
1093 5122 1323 5180 obviam
1355 5122 1439 5178 illi
1459 5140 1780 5195 properans

114 5216 483 5275 humillimis
505 5230 640 5271 eum
664 5212 935 5285 precibus
964 5209 1174 5267 devicit
1193 5212 1485 5281 quatenus
1508 5209 1567 5264 in
1589 5209 1783 5283 hospi-

113 5306 274 5363 tium
310 5303 549 5377 nepotis
579 5303 797 5358 intrare
828 5317 943 5357 non
974 5298 1495 5373 despiceret.Papa,
1526 5301 1654 5354 tum
1686 5299 1781 5355 de-

112 5396 362 5453 votione
383 5390 710 5458 invitantis,
734 5393 862 5446 tum
886 5386 1192 5463 sanguinis
1214 5387 1433 5445 ratione
1454 5392 1775 5461 permotus,

111 5486 342 5557 petenti
369 5481 646 5547 assensit,
669 5478 977 5536 castellum
1000 5478 1231 5536 comitis
1252 5476 1509 5545 intravit,
1534 5477 1632 5550 qui
1652 5494 1780 5550 per-

108 5572 469 5633 humaniter
498 5573 796 5643 exceptus,
830 5569 1106 5626 doctrinae
1136 5566 1411 5625 salutaris
1441 5568 1775 5634 verbum,ut

111 5664 209 5723 sui
241 5661 438 5722 moris
466 5664 614 5732 erat,
642 5657 967 5729 seminans,
1000 5660 1225 5716 mentes
1245 5656 1503 5715 hostium
1534 5671 1771 5713 suorum

112 5756 186 5816 ad
219 5767 498 5815 amorem
519 5748 770 5810 caelestis
788 5746 993 5822 patria
1016 5748 1237 5824 erigere
1261 5744 1632 5824 summopere
1649 5748 1768 5807 stu-

1893 3515 2164 3571 comitem
2198 3517 2399 3573 dextra
2429 3517 2785 3591 complexus,
2820 3521 2890 3577 de
2920 3523 3155 3581 castello
3180 3542 3295 3583 non
3330 3529 3530 3601 procul

1892 3606 1963 3661 ad
1997 3606 2165 3661 vicini
2199 3606 2414 3663 montis
2446 3606 2721 3665 verticem
2751 3609 2947 3679 exivit,
2981 3614 3052 3669 ad
3082 3631 3255 3686 quem
3278 3615 3430 3674 inter
3455 3618 3536 3676 lo-

1892 3695 2190 3766 quendum
2216 3712 2229 3751 :

1964 3806 1991 3833 ‹‹
2026 3786 2208 3850 Quam
2242 3785 2667 3859 aptus,inquit,
2700 3804 2731 3844 o
2761 3788 3050 3859 ﬁli,locus
3082 3793 3225 3850 mihi
3245 3795 3537 3855 videretur

1898 3897 1918 3922 α
1956 3874 2255 3930 montibus
2286 3875 2713 3948 circumseptus
2748 3878 3026 3951 undique,
3061 3899 3233 3953 quem
3266 3889 3324 3941 et
3351 3904 3532 3959 aqua-

1893 3985 1921 4013 «
1955 3979 2085 4017 rum
2114 3963 2281 4035 copia
2312 3963 2536 4032 utilem,
2597 3965 2850 4022 solitudo
2908 3970 3097 4025 reddit
3152 3972 3438 4044 quietum,
3472 3975 3532 4032 in

1896 4074 1922 4101 ‹‹
1957 4069 2069 4123 quo
2100 4068 2399 4108 servorum
2422 4052 2521 4109 Dei
2548 4056 2967 4112 monasterium
2991 4061 3252 4116 construi
3302 4064 3531 4134 debeat,

1893 4165 1918 4191 ‹‹
1955 4140 2053 4211 qui
2084 4140 2337 4196 Creatori
2360 4145 2564 4197 nostro
2586 4141 2788 4198 laudes
2810 4146 3121 4205 continuas
3143 4152 3537 4222 persolventes

1894 4252 1920 4279 (ί
1954 4246 2057 4301 pro
2090 4228 2275 4284 salute
2303 4229 2620 4286 multorum
2655 4233 2918 4290 devotius
2949 4245 3273 4297 exorarent.

1962 4319 2059 4373 Cui
2094 4335 2323 4374 comes:
2359 4341 2385 4367 ››
2445 4320 2564 4387 Est,
2598 4320 2809 4393 inquit,
2872 4324 3209 4384 beatissime
3238 4330 3428 4400 Pater,
3476 4331 3535 4387 in

1896 4432 1916 4459 ιι
1951 4408 2141 4464 vicino
2172 4407 2413 4463 ecclesia
2431 4409 2501 4464 ab
2520 4412 2995 4469 antecessoribus
3014 4415 3159 4472 meis
3179 4417 3238 4471 in
3252 4417 3535 4476 honorem

1891 4521 1917 4547 «
1953 4498 2263 4569 cujusdam
2316 4498 2501 4553 sancti
2559 4498 2801 4569 Aurelii,
2851 4502 3021 4572 cujus
3051 4508 3107 4559 et
3136 4521 3346 4578 corpus
3377 4507 3436 4562 in
3467 4524 3535 4564 ea

1894 4611 1921 4638 ((
1952 4587 2136 4643 fertur
2166 4586 2485 4659 sepultum,
2519 4587 2655 4643 olim
2688 4590 2761 4644 ad
2793 4591 3212 4649 monachorum
3233 4594 3532 4653 habitacu-

1890 4701 1917 4728 ‹‹
1952 4676 2076 4732 lum
2107 4693 2241 4732 cum
2302 4675 2542 4749 reliquis
2585 4677 2990 4736 mansionibus
3021 4684 3365 4742 necessariis
3395 4702 3531 4743 con-

1896 4787 1916 4813 α
1953 4763 2260 4831 structa,in
2293 4764 2791 4835 quacumdudum
2810 4765 3079 4823 monachi
3104 4785 3532 4841 perannosnon

1891 4875 1919 4903 ‹‹
1954 4853 2337 4926 paucosomni
2346 4852 2565 4925 potenti
2580 4853 2693 4910 Deo
2710 4855 2977 4928 religiose
2993 4859 3390 4936 servivissent,
3405 4880 3536 4937 pos-

1889 4966 1916 4993 ‹‹
1953 4946 2255 5013 tremoque
2285 4958 2317 4996 a
2349 4942 2601 5016 regulari
2632 4944 2942 5017 disciplina
2972 4947 3180 5006 misere
3214 4954 3531 5027 torpentes,

1890 5055 1916 5081 ‹‹
1952 5049 2085 5087 cum
2118 5031 2296 5087 nullis
2326 5032 2826 5090 admonitionibus
2883 5038 3173 5109 majorum
3205 5043 3537 5115 acquiesce-

1890 5145 1917 5173 «
1953 5126 2099 5186 rent,
2133 5138 2167 5176 a
2198 5122 2667 5193 progenitoribus
2699 5125 2846 5181 meis
2878 5130 3158 5200 tanquam
3190 5133 3533 5190 scandalum

1893 5234 1921 5263 (ι
1952 5211 2136 5284 plebis
2168 5210 2303 5266 inde
2334 5210 2579 5284 projecti
2610 5218 2772 5270 sunt.
2809 5237 2837 5265 ››

1959 5300 2061 5356 His
2091 5298 2526 5357 sacratissimus
2559 5303 2821 5374 pontifex
2850 5306 3068 5364 auditis
3089 5308 3159 5365 ad
3184 5308 3379 5367 locum
3401 5328 3527 5384 per-

1888 5388 2168 5446 sonaliter
2197 5389 2461 5460 accessit,
2513 5390 2694 5448 libros
2744 5392 2845 5465 qui
2896 5403 3305 5454 remanserunt
3332 5397 3523 5465 volvit,

1886 5478 2131 5550 cupiens
2188 5478 2443 5535 historia:
2502 5496 2850 5552 cognoscere
2904 5488 3223 5543 veritatem.
3280 5487 3413 5540 Erat
3442 5486 3523 5542 ibi

1883 5566 2129 5625 clericus
2158 5567 2311 5625 inter
2340 5572 2575 5627 caeteros
2596 5587 2773 5629 senex
2793 5575 3029 5631 nomine
3050 5572 3523 5647 Bertholdus,qui

1883 5656 2020 5712 olim
2053 5656 2114 5711 in
2147 5656 2269 5714 loco
2297 5658 2518 5715 viderat
2547 5662 2865 5719 monachos
2896 5663 3013 5720 Deo
3058 5660 3434 5720 famulantes.
3466 5664 3522 5723 Is

1880 5745 2141 5822 pontiﬁci
2170 5763 2294 5806 rem
2325 5764 2561 5808 omnem
2591 5749 2744 5809 sicut
2772 5754 2934 5828 gesta
2964 5752 3147 5811 fuerat
3172 5749 3429 5827 aperuit,
3461 5757 3520 5814 et
