3910 6356
347 402 465 460 579
1407 377 1471 438 S.
1516 372 1800 436 LEONIS
1842 372 1922 431 lX
1963 369 2192 432 ΡΑΡΑΕ
2234 366 2661 431 OPUSCULA.
3659 355 3768 419 580

347 527 640 605 quomodo
673 536 812 578 avus
869 513 1067 572 comiti
1122 509 1407 568 Adelberti
1466 506 1788 562 coenobium
1818 502 1987 559 bonis
2014 503 2066 570 Α
2098 526 2125 552 ‹‹
2160 500 2377 574 potenti
2432 500 2548 557 Deo
2596 502 2653 554 et
2680 514 2858 553 sacras
2905 492 3245 552 monasticae
3300 489 3590 563 religioni
3634 487 3764 545 olim

1169 600 1181 605 _
1226 601 1236 605 -
1648 596 1658 605 .
1692 596 1701 605 .
2381 590 2411 605 -.
2494 590 2525 605 -ι
2653 592 2664 605 ι
2721 587 2763 605 ’γ
2802 586 2901 605 ηει-
2956 586 3204 605 jr-_n__..
3271 580 3496 605 ...ηιι;-
3541 595 3764 605 -..ιιι-...ι

346 580 659 692 spoliasset
687 608 985 670 omnibus,
1016 600 1391 673 expulsisque
1438 596 1738 652 monachis
1768 609 1985 666 paucos
2093 614 2119 640 ‹‹
2153 590 2620 662 progenitoribus
2649 587 2767 642 tuis
2800 586 2909 640 rite
2949 586 3236 649 dicatum,
3271 580 3498 637 multis
3540 595 3768 652 quoque

1083 691 1087 692 ,
2279 679 2289 689 ι
2418 682 2456 692 -κ
2501 683 2509 692 .
2616 676 2656 692 n
2700 675 2711 686 ι
2751 676 2775 692 n
2914 674 2952 692 I,
2995 671 3408 692 3,-L_L:L-L___
3479 685 3653 692 _---...
3685 666 3760 692 ιιιζ

345 666 413 765 iri
433 706 627 762 locum
658 697 898 755 clericos
928 691 1237 765 posuisset.
2098 704 2118 729 ι
2155 679 2325 734 annis
2355 694 2387 732 a
2416 682 2584 732 Petro
2615 675 2715 731 Dei
2747 674 2965 729 famulo
2995 671 3438 734 inhabitatum,
3475 685 3657 740 quem
3685 666 3765 721 tui

416 793 641 861 Quibus
693 782 942 858 cognitis
989 783 1230 836 sanctus
1286 773 1496 848 praesul
1544 771 1847 844 ingemuit,
1883 768 1984 824 sed
2093 791 2121 818 ‹‹
2158 769 2407 836 majores
2438 782 2579 821 avus
2610 764 2972 836 genitorque,
2996 764 3262 833 pessima
3287 762 3352 814 et
3375 755 3614 812 crudeli
3638 771 3764 812 ava-

346 844 555 941 mihi;
568 844 662 935 sui
692 844 951 931 dolorem
982 844 1715 941 prudenterdissimulans,
1744 858 1985 913 ubinam
2094 878 2121 905 «
2156 855 2291 910 ritia
2319 853 2498 922 ducti,
2535 852 2762 908 abbatis
2792 848 3274 922 possessionibus
3305 852 3371 902 et
3399 845 3583 901 bonis
3613 844 3766 899 deso-

345 933 557 1044 «gigas
579 933 703 1023 divi
731 933 1357 1018 habereturAureliiab
1378 951 1579 1007 eodem
1599 949 1805 1005 clerico
1839 963 1988 1018 quae-
2100 967 2121 994 ι
2154 942 2339 998 latum
2376 944 2665 997 fecerunt:
2699 946 2756 994 et
2783 939 2939 1011 quod
2970 938 3131 992 omni
3161 936 3398 991 scelere
3424 933 3765 989 sceleratius

344 1021 496 1118 sivit.
530 1053 636 1120 Qui
667 1067 799 1108 cum
823 1049 1040 1103 diceret
1060 1060 1120 1099 se
1146 1060 1181 1097 a
1200 1040 1520 1111 majoribus
1541 1037 1667 1092 suis
1695 1033 1988 1090 audivisse
2095 1054 2122 1081 ‹‹
2156 1036 2265 1097 est,
2287 1029 2589 1085 monachis
2604 1027 2883 1100 expulsis,
2899 1026 3194 1083 officinam
3212 1028 3579 1079 sanctarum
3595 1021 3766 1076 virtu-

344 1163 542 1206 sacras
571 1138 866 1199 S.Aurelii
895 1132 1171 1206 reliquias
1189 1136 1447 1202 tempore
1469 1121 1987 1198 quoNorthmanni
2095 1143 2122 1168 ‹‹
2158 1125 2304 1186 tum,
2337 1117 2684 1173 introductis
2713 1115 3186 1171 dissolutissima:
3210 1113 3347 1167 vita:
3371 1109 3764 1166 saecularibus

340 1234 714 1293 vastaverunt
743 1225 992 1282 Galliam
1019 1238 1121 1293 per
1153 1218 1472 1291 quemdam
1504 1215 1775 1270 abbatem
1806 1211 1986 1280 hujus
2094 1231 2121 1257 ‹‹
2156 1207 2401 1278 clericis,
2435 1207 2494 1261 in
2524 1206 2790 1261 omnium
2813 1202 3156 1274 speluncam
3181 1203 3483 1256 vitiorum
3508 1215 3767 1254 commu-

343 1325 454 1383 loci
484 1322 594 1378 sub
627 1326 841 1373 terram
876 1312 1055 1367 l'uisse
1086 1306 1481 1370 absconditas,
1541 1306 1598 1357 et
1637 1316 1823 1371 usque
1851 1313 1984 1352 eum
2094 1319 2121 1346 ‹‹
2156 1301 2372 1350 tarunt.
2424 1297 2508 1350 'I‘u
2562 1308 2814 1365 quoque,
2866 1292 3062 1362 pravis
3114 1292 3425 1359 majorum
3472 1288 3765 1342 inhaerens

340 1416 401 1470 in
433 1413 589 1468 diem
624 1404 952 1474 incognitas
991 1396 1267 1453 omnibus
1302 1390 1712 1464 permansisse,
1746 1390 1986 1442 sanctus
2094 1408 2121 1435 ‹‹
2156 1385 2439 1455 vestigiis,
2472 1382 2642 1438 sicuti
2668 1382 2907 1452 probato
2930 1397 3140 1435 sumus
3166 1378 3369 1434 edocti
3392 1377 3760 1442 testimonio,

341 1518 512 1574 papa,
550 1494 751 1553 accitis
798 1486 1098 1562 cperariis,
1155 1488 1370 1537 terram
1401 1480 1461 1534 in
1518 1475 1763 1532 diversis
1801 1474 1985 1529 eccle-
2096 1496 2122 1524 «
2158 1490 2273 1527 non
2306 1472 2494 1527 solum
2528 1489 2595 1526 ea
2625 1488 2752 1541 qua:
2784 1469 2865 1523 illi
2899 1468 3204 1537 sacrilegio
3237 1466 3463 1538 polluti
3497 1482 3535 1520 a
3573 1480 3763 1519 servo-

1056 1573 1060 1574 ,
1297 1568 1308 1574 -
1708 1564 1721 1574 ι
1908 1561 1946 1574 ςο
2336 1561 2372 1574 ιη
2420 1560 2430 1570 ο
2630 1558 2683 1574 ι’
2760 1559 2770 1569 ι
2827 1559 2836 1568 ο
2898 1555 2959 1574 γιδ
3009 1558 3045 1574 κ·
3130 1573 3140 1574 κ
3195 1554 3579 1574 ᾲικ-ιξκ1--μμμι
3641 1553 3758 1574 -Σ-Α

342 1553 448 1646 sia;
490 1584 633 1642 locis
683 1583 876 1637 fodere
924 1573 1114 1646 cmpit,
1169 1574 1226 1626 et
1269 1568 1615 1624 thesaurum
1672 1561 1983 1619 abscondi-
2095 1584 2121 1610 α
2158 1578 2287 1615 rum
2333 1560 2433 1615 Dei
2465 1558 2724 1615 coenobio
2758 1555 3149 1627 injustissime
3189 1554 3603 1622 abstulerunt,
3638 1553 3762 1607 sine

521 1673 830 1744 diligenter
878 1641 1211 1734 inquirere;
1264 1658 1365 1714 sed
1406 1660 1787 1727 posteaquam
1818 1667 1985 1707 casso
2096 1672 2123 1699 «
2160 1651 2254 1703 Dei
2282 1649 2489 1702 timore
2520 1647 2805 1717 possides,
2837 1646 2938 1700 sed
2970 1649 3084 1698 tuae
3115 1642 3341 1698 salutis
3376 1641 3624 1713 penitus
3654 1642 3762 1695 im-

342 1729 541 1822 labiore
583 1729 684 1816 diu
728 1729 1093 1812 laboras-sent
1138 1748 1414 1813 artifices,
1461 1749 1518 1799 ct
1560 1742 1706 1799 nihil
1750 1740 1983 1813 penitus
2095 1762 2121 1786 ‹‹
2159 1755 2400 1805 memor,
2454 1743 2640 1790 totum
2687 1734 2843 1805 quod
2892 1733 2977 1787 illi
3026 1734 3322 1802 parcendo
3372 1729 3763 1801 reliquissent

343 1852 716 1926 reperissent,
748 1842 1046 1915 εωρυτυηι
1074 1852 1278 1893 omnes
1309 1834 1410 1906 qui
1444 1832 1688 1887 aderant
1717 1830 1787 1884 de
1826 1829 1981 1883 inve-
2013 1869 2060 1933 Β
2095 1850 2121 1875 ‹‹
2159 1826 2466 1891 intactum,
2518 1824 2803 1894 rapuisti:
2857 1822 3162 1891 Deumque
3206 1826 3265 1874 et
3316 1819 3381 1875 S.
3424 1818 3761 1884 Aurelium,

1021 1931 1028 1933 _
1083 1928 1096 1933 -
2155 1913 2261 1933 24-x
2347 1913 2489 1933 _:___x
2554 1928 2802 1933 _-___M____
2855 1910 3052 1933 ..-ι-ε..
3099 1910 3418 1933 ---;-.-..,..Α..
3470 1905 3758 1933 :__:s.....l-

343 1905 498 1926 --τη
547 1905 556 1906 κ
702 1905 713 1914 ,
841 1905 855 1915 ,
1337 1905 1340 1906 ν

342 1942 558 1999 niendo
589 1952 825 2007 corpore
851 1931 1031 1987 sancti
1065 1928 1392 1997 desperare.
2013 1905 2060 1933 “
2092 1938 2118 1964 κ
2153 1913 2270 1968 imo
2340 1913 2492 1967 cives
2538 1928 2805 1982 supernas
2854 1910 3054 1980 patriae
3099 1910 3421 1964 universos
3470 1905 3759 1962 irritando

414 2032 580 2087 Tunc
619 2029 817 2081 sancto
868 2022 927 2074 in
973 1996 1336 2072 orationibus
1365 2009 1639 2082 pontiﬁce
1669 2010 1978 2080 prostrato,
2093 2001 2252 2056 «tibi
2306 2000 2669 2056 adversarios
2725 1998 2936 2054 fecisti.
3004 1998 3204 2068 Neque
3246 1996 3437 2052 enim
3509 2009 3755 2067 parvum

343 2122 590 2193 ipsoque
621 2112 957 2169 coliortante
988 2104 1241 2161 artiﬁces
1272 2118 1342 2155 ne
1372 2102 1701 2169 desperent,
1734 2111 1888 2150 unus
1913 2110 1983 2149 ex
2091 2115 2117 2140 «ι
2154 2097 2455 2162 peccatum
2499 2087 2913 2143 aestimandum
2979 2092 3073 2141 est
3121 2086 3285 2157 quod
3338 2085 3403 2139 in
3468 2091 3656 2139 Deum
3702 2085 3756 2138 et

1247 2191 1256 2193 _
1420 2187 1453 2193 -_
1670 2185 1679 2193 .
2304 2183 2311 2193 .
2588 2191 2598 2193 Α
2656 2175 2962 2193 ,φηηιη-
3025 2190 3146 2193 μ
3194 2173 3347 2193 μη,
3388 2172 3746 2193 ε-----ιε-..

342 2172 463 2277 liis,
494 2172 717 2261 caeteris
748 2201 806 2253 in
839 2202 960 2253 arte
982 2210 1089 2250 sua
1106 2191 1294 2262 magis
1316 2187 1558 2261 peritus,
1582 2185 1685 2256 qui
1711 2200 1896 2256 nuper
1914 2199 1983 2238 ex
2094 2198 2123 2228 ‹‹
2154 2183 2389 2233 sanctos
2419 2177 2546 2245 ejus
2577 2175 2984 2239 committitur,
3018 2190 3154 2228 cum
3187 2173 3352 2245 apud
3387 2173 3557 2245 ipsos
3577 2172 3753 2227 etiam

344 2295 605 2353 dominio
655 2290 1005 2344 Venetorum
1051 2296 1185 2336 cum
1242 2277 1379 2355 filiis
1427 2275 1762 2339 adveniens,
1794 2270 1983 2326 multa
2090 2289 2118 2316 «
2153 2265 2422 2320 homines
2452 2266 2673 2334 injusta
2700 2279 2898 2317 rerum
2921 2262 3264 2332 alienijuris
3288 2261 3609 2333 usurpatio
3640 2274 3753 2316 sce-

344 2386 483 2442 huic
512 2384 637 2439 loco
659 2378 784 2436 suis
804 2372 1104 2430 laboribus
1126 2352 1414 2439 impendit
1433 2365 1604 2430 bona,
1629 2360 1985 2416 industriose
2092 2354 2248 2410 «lus
2313 2353 2728 2425 gravissimum
2780 2352 3097 2421 judicetnr.
3148 2351 3301 2406 Ecce
3349 2356 3417 2406 tu
3470 2366 3592 2405 una
3618 2364 3748 2404 cum

342 2471 692 2548 perquirens
723 2463 959 2537 singula
985 2460 1130 2526 loca,
1163 2456 1399 2512 tandem
1447 2468 1515 2507 ex
1546 2449 1983 2523 repercussione
2092 2467 2118 2493 «
2154 2442 2624 2515 progenitoribus
2648 2441 2764 2496 tuis
2797 2456 3030 2511 pactum
3066 2439 3320 2505 violasti,
3368 2439 3748 2511 primumque

343 2527 688 2619 inalleorum
719 2548 1099 2626 deprehendit
1135 2550 1348 2600 terram
1399 2542 1610 2598 subtus
1659 2555 1788 2595 esse
1819 2553 1984 2593 cava-
2097 2556 2126 2583 ‹‹
2155 2537 2391 2587 tuorum
2416 2530 2748 2601 corrupisti,
2774 2532 2891 2583 imo
2912 2527 3257 2582 anniniiasti
3279 2536 3564 2583 sanctum
3581 2531 3749 2581 testa-

343 2657 464 2708 tam
488 2668 502 2717 ;
537 2648 608 2703 ad
641 2645 810 2714 cujus
841 2637 1150 2696 consilium
1178 2633 1239 2688 in
1261 2631 1461 2687 eodem
1486 2628 1609 2684 loco
1632 2627 1825 2683 fodere
1852 2625 1986 2680 arti-
2093 2644 2120 2671 ‹‹
2157 2625 2443 2681 mentum,
2477 2624 2533 2673 et
2559 2635 2686 2689 qua:
2715 2616 2801 2672 illi
2830 2617 3216 2687 omnipotenti
3247 2617 3372 2673 Deo
3396 2614 3656 2688 simplici
3685 2628 3750 2668 ac

343 2742 481 2795 lices
508 2738 847 2807 coeperunt:
884 2726 984 2799 qui
1022 2725 1258 2780 tandem
1292 2737 1406 2775 non
1437 2718 1564 2774 sine
1594 2731 1809 2788 magna
1838 2714 1986 2768 difﬁ-
2098 2734 2125 2761 ‹‹
2157 2713 2361 2764 sancta
2389 2709 2690 2763 devotione
2720 2722 2822 2778 pro
2853 2706 3188 2760 animarum
3212 2704 3482 2761 remedio
3513 2717 3752 2759 suarum

343 2829 556 2886 cultate
588 2792 769 2879 humo
802 2821 1043 2881 remota,
1077 2825 1369 2867 cameram
1410 2807 1849 2863 subterraneam
1890 2803 1984 2856 in-
2097 2822 2123 2847 ‹‹
2161 2797 2518 2859 obtulerunt,
2553 2803 2613 2849 tu
2647 2795 2831 2849 Deum
2862 2798 2919 2849 et
2947 2797 3182 2848 sanctos
3212 2793 3371 2864 ejus,
3407 2792 3595 2865 impia
3625 2806 3752 2846 cru-

340 2917 626 2974 venerunt
656 2907 899 2982 pulchre
930 2903 1073 2960 satis
1104 2902 1437 2964 formatam,
1458 2895 1519 2950 in
1544 2910 1661 2966 qua
1681 2891 1989 2962 sarcopha-
2098 2907 2125 2934 ιι
2163 2883 2399 2939 delitate
2420 2892 2477 2937 et
2493 2882 2711 2938 crudeli
2738 2881 2979 2936 avaritia
2994 2897 3347 2946 succensus,
3372 2881 3629 2953 spoliare
3645 2894 3753 2934 non

348 3021 460 3079 sua
488 2966 763 3074 apparuit
792 2994 1154 3050 extrinsecus
1182 2986 1497 3042 admodum
1525 2986 1724 3037 ornate
1745 2980 1989 3050 disposi-
2096 2996 2125 3024 ‹‹
2160 2972 2436 3041 timuisti,
2464 2973 2653 3027 factus
2676 2971 2952 3026 inimicus
2970 2973 3028 3027 et
3050 2971 3431 3027 adversarius
3448 2987 3567 3027 non
3592 2966 3757 3024 modo

1058 3078 1061 3079 ν
1142 3076 1151 3079 -
1712 3073 1720 3079 .
2156 3062 2253 3079 π.
2300 3065 2336 3079 κ.
2931 3060 3026 3079 μ,
3070 3064 3115 3079 ,ι
3446 3058 3555 3079 ,με
3594 3071 3726 3079 _-__

350 3058 472 3151 tus.
508 3058 690 3154 (idem
722 3099 857 3139 cum
883 3076 1295 3136 sanctissimus
1316 3088 1468 3144 papa
1485 3070 1749 3133 vidisset,
1774 3082 1987 3138 magno
2096 3084 2124 3112 ‹‹
2156 3062 2253 3117 Dei
2289 3065 2345 3116 et
2375 3065 2713 3116 sanctorum
2748 3061 2895 3131 ejus,
2927 3060 3030 3115 sed
3062 3064 3121 3114 et
3148 3060 3393 3117 tibimet
3444 3058 3558 3132 ipsi
3587 3071 3756 3131 gene-

346 3147 603 3254 repletus
637 3171 850 3248 gaudio
884 3165 1155 3241 praecepit
1202 3168 1267 3217 ut
1313 3174 1516 3254 omnes
1566 3158 1635 3212 ad
1667 3157 1987 3254 orationem
2023 3230 2061 3254 Π
2101 3175 2128 3203 ‹‹
2162 3153 2326 3250 rique
2354 3157 2454 3205 tuo
2487 3150 2674 3249 hostis
2705 3148 3058 3216 declaratus,
3092 3152 3149 3204 et
3178 3149 3443 3206 crudelis
3489 3147 3753 3210 antistes,

344 3230 538 3343 geiiua
567 3264 885 3324 ﬂecterent,
920 3261 976 3312 et
1004 3255 1185 3310 Deum
1219 3267 1322 3323 pro
1370 3245 1719 3303 confessoris
1768 3243 1858 3299 sui
1889 3244 1990 3298 de-
2021 3230 2063 3295 C
2103 3263 2130 3290 «
2164 3240 2352 3309 ipsam
2394 3239 2772 3311 propaginem
2817 3254 2888 3294 ex
2934 3243 3036 3293 tuo
3086 3238 3315 3295 semine
3354 3235 3751 3312 generandam

346 3321 596 3415 :iderata
618 3349 951 3408 inventione
973 3341 1390 3399 collaudarent.
1414 3335 1682 3392 Oratione
1703 3331 1991 3403 completa
2100 3354 2123 3378 ιι
2163 3328 2507 3402 gravissimo
2539 3326 2755 3383 scelere
2783 3326 3104 3395 innodasti,
3137 3344 3265 3398 quae
3288 3324 3563 3400 quandiu
3585 3321 3755 3380 sacri-

347 3451 590 3504 sanctus
648 3442 760 3496 Leo
794 3433 1037 3510 propius
1077 3429 1382 3494 accedens,
1429 3424 1613 3497 jussit
1647 3422 1869 3495 aperire
1898 3437 1988 3476 se-
2101 3442 2128 3467 ‹‹
2162 3417 2292 3490 lega
2320 3417 2653 3472 haereditate
2682 3415 2862 3472 etiam
2892 3416 3160 3472 nesciens
3193 3415 3507 3488 polluitur,
3549 3416 3652 3470 aut
3696 3410 3753 3464 in

349 3536 657 3609 pulcrum:
688 3543 804 3599 quo
835 3522 1084 3588 recluso,
1109 3515 1498 3574 suavissimus
1520 3513 1661 3567 odor
1681 3510 1987 3577 exhalavit,
2103 3530 2130 3557 ‹‹
2164 3506 2367 3578 paucis
2398 3505 2872 3577 generationibus
2922 3505 3199 3561 deﬁciens
3240 3501 3753 3566 exterminabitur,

350 3593 451 3695 qui
482 3634 686 3676 omnes
719 3614 820 3686 qui
851 3612 1095 3667 aderant
1116 3606 1265 3661 mira
1287 3602 1568 3659 suavitate
1589 3600 1680 3655 sui
1706 3599 1985 3654 reficeret.
2101 3619 2127 3646 ‹‹
2164 3596 2331 3651 autin
2349 3595 2456 3650 hac
2470 3593 2590 3650 vita
2601 3593 3191 3664 miserabilisevadet,
3209 3594 3448 3650 aeternis
3462 3596 3594 3666 post
3607 3604 3757 3645 mor-

350 3679 700 3766 l‘nvenerunt
727 3702 925 3773 itaque
974 3692 1333 3752 sanctissimi
1392 3688 1746 3746 confessoris
1776 3684 1991 3741 Christi
2103 3709 2128 3735 α
2167 3691 2280 3741 tem
2314 3682 2618 3756 suppliciis
2648 3700 2751 3754 pro
2781 3682 3085 3739 demeritis
3114 3684 3459 3739 crucianda.
3496 3679 3625 3737 Tibi
3654 3692 3754 3732 au-

348 3796 566 3855 Aurelii
597 3789 995 3850 sacratissima
1033 3800 1166 3839 ossa
1196 3780 1422 3836 cericiis
1452 3776 1712 3832 involuta
1757 3777 1992 3847 pannis,
2105 3802 2128 3823 ‹‹
2166 3783 2279 3829 teni
2316 3791 2440 3845 qua:
2466 3790 2600 3844 spes
2629 3778 2853 3827 aeterna:
2885 3772 3177 3828 felicitatis
3199 3770 3623 3844 consequenda
3656 3781 3755 3838 po-

351 3888 594 3962 pulcbre
616 3884 674 3938 in
697 3884 943 3937 formam
967 3872 1226 3945 corporis
1249 3869 1443 3924 debito
1464 3866 1745 3923 collocata
1767 3862 1990 3928 ordine,
2105 3888 2132 3915 ‹‹
2170 3863 2310 3919 terit
2335 3878 2484 3928 esse,
2536 3878 2568 3917 o
2596 3862 2677 3915 fili
2725 3859 2827 3928 mi,
2878 3877 3013 3916 cum
3065 3879 3169 3934 per
3216 3866 3342 3918 tam
3377 3859 3754 3916 manifestum

351 3949 408 4034 et
438 3978 507 4032 ad
540 3975 714 4046 caput
737 3971 865 4041 ejus
896 3962 1155 4021 tabulam
1187 3977 1257 4015 ex
1286 3957 1526 4031 plumbo
1555 3954 1669 4009 ista
1699 3952 1996 4008 continen-
2106 3976 2133 4002 ‹‹
2169 3949 2358 4007 scelus
2400 3956 2458 4005 et
2500 3949 2874 4021 sacrilegium
2907 3955 3090 4005 Deum
3122 3950 3592 4022 omnipotentem
3624 3956 3755 3998 cum

350 4072 499 4122 tam:
2108 4066 2136 4092 ‹‹
2168 4038 2443 4095 omnibus
2472 4037 2691 4094 sanctis
2722 4038 2847 4093 suis
2879 4038 3191 4094 inimicum
3222 4038 3330 4094 tibi
3361 4036 3593 4099 feceris,
3623 4032 3756 4086 hos-

744 4160 971 4202 conpus
1000 4158 1050 4197 s.
1083 4153 1317 4194 AURELII
1346 4150 1603 4190 EPISCOPI
2110 4152 2138 4180 ‹‹
2170 4136 2405 4199 temque
2434 4132 2491 4183 et
2516 4126 2923 4183 adversarium
2943 4127 2971 4182 ?
3002 4126 3404 4198 periculosum
3431 4131 3523 4182 est
3540 4121 3645 4177 tibi
3669 4132 3760 4190 pe-

589 4252 856 4293 TEMPORE
892 4245 1186 4288 annonem
1226 4241 1391 4280 REGIS
1430 4238 1752 4278 nsposnum
2112 4243 2140 4271 «
2173 4218 2449 4289 nitusque
2479 4215 2832 4282 damnabile,
2876 4218 3044 4272 crede
3093 4217 3286 4284 nobis,
3330 4218 3516 4273 Deum
3547 4209 3757 4266 habere

880 4332 1220 4376 nsnnsmoo
1257 4330 1472 4369 sanare
2112 4332 2139 4358 ‹‹
2175 4307 2555 4373 contrarium,
2590 4305 2713 4377 qui,
2745 4305 2855 4361 etsi
2888 4306 3178 4376 patienter
3208 4306 3460 4377 injurias
3501 4300 3760 4356 videatur

702 4429 914 4471 OCTAVO
956 4421 1244 4464 KALENDAS
1283 4418 1658 4457 ssp‘rmems.
2115 4419 2142 4448 «
2170 4397 2317 4452 terre
2347 4412 2486 4451 suas
2510 4394 2571 4449 in
2601 4393 2711 4449 hoc
2742 4393 3239 4465 tempore,vindex
3268 4410 3405 4450 cum
3436 4392 3515 4448 sit
3535 4390 3759 4461 justus—

354 4517 496 4568 Cuni
527 4511 768 4565 sanctus
797 4518 950 4576 papa
979 4498 1136 4553 hunc
1183 4490 1423 4549 titulum
1473 4507 1663 4544 coram
1723 4487 1997 4543 omnibus
2117 4512 2137 4537 ι
2173 4503 2286 4559 que
2308 4486 2509 4556 judex,
2539 4482 2771 4538 aeternis
2793 4482 2946 4537 hanc
2985 4482 3331 4554 patientiam
3353 4484 3487 4555 post
3516 4478 3757 4533 mortem

352 4600 616 4674 legisset,
668 4570 983 4667 inge—iuuit,
1022 4586 1264 4640 dicens:
1315 4603 1342 4629 «
1390 4579 1485 4674 _V_a:
1534 4580 1648 4633 illis
1677 4579 1774 4649 qui
1804 4577 1996 4631 locum
2033 4602 2078 4666 D
2114 4599 2142 4626 ‹‹
2182 4573 2509 4646 suppliciis,
2544 4589 2658 4627 non
2690 4572 2946 4636 dubites,
2977 4570 3315 4628 vindicabit.

358 4659 500 4746 tanti
526 4683 791 4760 priesulis
812 4677 1238 4737 sanctificatum
1263 4669 1485 4725 meritis
1505 4674 1563 4722 et
1581 4667 1887 4738 praesentia
1911 4667 2004 4721 de-
2034 4659 2070 4666 ⁷
2185 4686 2213 4713 α
2246 4665 2362 4719 Nos
2391 4679 2544 4728 vero,
2578 4661 2795 4732 quibus
2826 4676 2967 4715 cura
3014 4659 3226 4715 salutis
3257 4667 3372 4716 tua;
3406 4661 3757 4720 tuorumque

358 4779 643 4842 solarunt,
675 4779 733 4829 et
761 4771 962 4828 clauso
994 4761 1377 4834 sarcophago,
1412 4773 1483 4812 ne
1514 4754 1775 4826 reliquis:
1816 4754 2004 4808 sancti
2113 4777 2141 4803 (ι
2176 4758 2283 4819 est,
2318 4770 2432 4807 non
2466 4751 2638 4805 modo
2669 4750 2894 4804 ratione
2924 4748 3236 4820 pastoralis
3284 4745 3585 4807 culminis,
3617 4751 3753 4810 qua»

357 4866 563 4938 quovis
580 4864 752 4917 modo
766 4854 1428 4915 subtraherentur,cum
1455 4844 1578 4900 suis
1601 4845 1670 4898 ad
1692 4842 2003 4898 castellum
2114 4866 2141 4892 «
2175 4842 2309 4898 licet
2339 4837 2640 4908 immeriti,
2692 4838 2867 4893 saluti
2916 4838 3179 4892 omnium
3231 4834 3442 4893 sumus
3471 4831 3753 4888 debitores

366 4918 389 4938 Ἰ
493 4918 497 4919 ,
550 4918 555 4919 ,

356 4951 591 5009 comitis
607 4954 696 5003 est
711 4959 998 5001 reversus.
1021 4962 1048 4987 ››
1072 4939 1307 4993 Postera
1322 4936 1434 4999 dic,
1453 4950 1585 4988 cum
1604 4940 1843 4987 sanctus
1857 4947 2007 5002 papa
2113 4956 2139 4981 ‹‹
2175 4948 2244 4986 ex
2273 4928 2483 4995 officio,
2514 4945 2715 4983 verum
2746 4930 2920 4981 etiam
2952 4944 3022 4981 ex
3051 4926 3360 4999 sanguinis
3390 4918 3749 4995 cogitatione.

360 5044 472 5098 Leo
498 5045 732 5107 tempus
762 5031 1003 5086 vidisset
1035 5025 1341 5081 intentioni
1374 5041 1490 5078 suae
1523 5023 1879 5092 complenda:
1902 5038 2006 5091 op-
2115 5046 2142 5069 ‹‹
2177 5037 2294 5091 qua
2345 5019 2514 5073 nobis
2563 5033 2759 5072 sorore
2808 5021 2981 5069 natus
3030 5014 3236 5070 intime
3285 5014 3652 5085 conjunctus,
3697 5005 3751 5053 te

360 5098 705 5202 portunuin,
737 5118 955 5175 vocatis
986 5114 1199 5168 comite
1230 5129 1377 5183 saepe
1411 5112 1561 5167 dicto
1607 5110 1904 5165 Adelteitu

2205 5125 2425 5179 uosqus
2440 5107 2625 5179 perire
2639 5098 2755 5159 non
2772 5104 3136 5176 patiemurin
3150 5112 3456 5167 aeternum,
3474 5099 3749 5171 quantum

2348 5196 2398 5202 -.
2539 5201 2543 5202 ,
2612 5195 2653 5202 -.
2722 5195 2732 5202 .
2923 5198 2931 5202 .
3016 5192 3047 5202 ..
3101 5199 3108 5202 .
3347 5195 3356 5202 .
3447 5196 3455 5202 .
3547 5185 3613 5202 .-_
3660 5174 3749 5202 τιΑέ

360 5174 705 5202 ι’ν·’“·’·“’“--’
788 5174 791 5175 ⁷
1310 5174 1327 5183 ⁵
2329 5174 2347 5179 '
2440 5174 2456 5179 '
2774 5174 2787 5176 '

358 5214 655 5273 W'iltrude
689 5222 863 5266 uxore
894 5206 1042 5274 ejus,
1077 5201 1452 5255 devotissima
1485 5201 1719 5266 femina,
1765 5199 1823 5253 in
1856 5215 2000 5270 praa-
2114 5222 2141 5249 «
2175 5199 2235 5253 in
2270 5196 2437 5253 nobis
2465 5201 2577 5250 est.
2612 5195 2773 5249 Unde
2803 5192 3153 5248 auctoritate
3199 5185 3615 5265 omnipotentis
3656 5174 3752 5233 Dei

360 5306 548 5366 sentis
574 5312 816 5359 suorum
845 5289 1255 5354 cardinaltum,
1286 5288 1509 5343 caeteris
1555 5286 1827 5355 exclusis,
1860 5286 2005 5341 dixit
2113 5313 2142 5340 ι(
2176 5293 2233 5345 et
2291 5289 2595 5343 beatorum
2645 5282 3047 5355 apostolorum
3106 5282 3236 5353 ejus
3279 5263 3433 5337 Petri
3482 5282 3538 5333 et
3576 5263 3752 5328 Pauli,

360 5401 433 5457 ad
466 5401 733 5468 nepotem
766 5403 779 5441 :
1113 5464 1149 5468 η
1274 5462 1287 5468 Δ
2115 5401 2144 5430 ‹‹
2178 5392 2428 5449 quorum
2459 5373 2719 5447 gerimus
2744 5371 2898 5428 vices
2929 5372 2988 5426 in
3031 5373 3228 5439 terris,
3269 5376 3326 5427 te
3374 5374 3675 5425 monemus
3701 5354 3755 5407 et

466 5448 601 5468 "cf,
2200 5448 2214 5449 ,

434 5510 461 5538 ‹‹
498 5486 781 5541 Hesterno
808 5470 1066 5526 vidimus
1096 5464 1209 5530 die,
1242 5462 1414 5519 chare
1433 5480 1633 5535 nepos,
1654 5479 1850 5519 sacras
1872 5481 2006 5519 con-
2118 5491 2146 5519 ‹‹
2176 5464 2554 5538 requirimus,
2588 5466 2763 5534 atque
2793 5460 2906 5516 sub
2936 5466 3161 5515 aeternae
3181 5452 3572 5516 damnationis
3594 5448 3754 5502 inter-

362 5600 389 5627 ι(
430 5534 917 5631 tesserisChristi
948 5552 1222 5625 reliquias
1254 5550 1472 5609 honore
1493 5534 1684 5609 debito
1707 5552 2007 5625 spoliatas,
2117 5579 2146 5608 ι(
2180 5534 2523 5625 minatiane,
2563 5566 2782 5626 perque
2844 5549 3178 5606 districtum
3229 5549 3332 5606 Dei
3373 5539 3655 5621 judicium
3700 5534 3751 5586 te

368 5686 396 5718 ιι
426 5663 737 5737 ipsumque
768 5654 965 5711 locum
996 5658 1100 5717 pro
1130 5656 1326 5701 amore
1346 5642 1594 5705 cmlestis
1614 5644 1811 5721 patriae
1829 5643 2012 5704 omni-
2119 5670 2147 5701 «
2180 5647 2579 5706 contestamur
2619 5657 2686 5700 ac
2737 5640 2848 5701 sub
2902 5637 3274 5699 anathemate
3306 5633 3563 5697 districta
3608 5635 3745 5702 prm-
