3898 6452
289 392 398 459 191

1195 390 1261 451 S.
1308 390 1709 453 BRUNONIS
1755 389 2375 453 HEllBlPOLENSlS
2421 388 2804 453 EPISCOPI.

3603 391 3723 454 192

286 524 438 585 ratio
462 521 930 595 Judazorum,qui
962 524 1194 579 terrena
1224 522 1545 596 sapiunt,et
1571 523 1714 579 dum
1743 528 1940 580 trans-
1969 527 2023 591 Α
2054 524 2629 598 proximenturzquae
2654 541 2770 581 non
2794 525 3063 598 poterant
3079 521 3275 579 videre
3295 519 3718 597 longinquum.

285 616 548 672 ferentur
577 616 828 680 montes,
864 611 921 668 id
954 615 1064 679 est,
1097 611 1345 685 apostoli
1374 611 1591 670 relictis
1622 612 1943 670 incredulis

284 702 527 762 Judaeis.
561 702 627 758 In
657 719 756 757 cor
786 699 986 766 maris,
1014 699 1123 757 hoc
1144 702 1323 757 estad
1346 701 1782 775 praedicandum
1809 719 1945 775 gen-

287 793 451 849 tibus
498 789 858 847 transierint.
892 793 931 844 C
961 791 1030 847 Et
1077 789 1532 863 inspiciendum,
1562 791 1718 863 quod
1767 792 1941 847 aridae

287 886 456 938 terra;
488 878 734 953 perﬁdia
762 878 1305 952 Judzeorum,aquis
1334 896 1468 934 vero
1501 879 1663 936 falsis
1696 880 1943 936 creduli-

286 974 468 1027 tatem
500 967 765 1042 gentium
799 969 1194 1041 comparavit:
1222 973 1285 1024 ut
1308 967 1407 1024 illa
1427 970 1601 1025 corda
1627 968 1686 1024 in
1720 969 1941 1025 malum

286 1046 516 1126 durata,
546 1058 669 1114 haec
691 1074 824 1113 vero
856 1057 1184 1131 evangelico
1216 1056 1336 1115 sale
1367 1057 1601 1114 condita
1631 1074 1940 1132 cognosce-

287 1165 402 1205 P68.

285 1239 322 1294 3
396 1238 707 1294 Sonuerunt
734 1240 787 1291 et
816 1237 1053 1293 turbate
1080 1244 1206 1291 sunt
1236 1251 1398 1309 aqua?
1426 1251 1614 1292 eorum
1638 1254 1655 1289 :

393 1326 721 1384 Conturbati
747 1330 878 1383 sunt
905 1333 1113 1382 mon-tes
1144 1327 1201 1381 in
1231 1324 1559 1398 fortitudine
1586 1326 1724 1398 ejus.

398 1417 740 1489 Diapsalma.
1622 1481 1632 1490 ἱ

356 1510 396 1561 C
426 1506 507 1563 De
527 1507 780 1564 adventu
807 1504 1034 1559 Domini
1060 1521 1300 1561 sonasse
1322 1503 1461 1560 dicit
1483 1503 1777 1577 apostolos
1801 1521 1942 1576 pras-

287 1595 608 1653 dicationes
630 1611 913 1667 suas,quo
936 1598 1197 1667 tempore
1215 1594 1477 1649 turbatas
1495 1592 1938 1665 asserit,aquas,

286 1685 346 1743 id
378 1689 487 1754 est,
520 1684 865 1741 innumeras
915 1688 1137 1757 gentes,
1171 1700 1298 1756 quae
1338 1684 1407 1739 de
1438 1682 1539 1739 tali
1573 1683 1807 1739 fuerunt
1836 1699 1939 1738 an-

287 1772 653 1831 nuntiatione
681 1777 740 1829 et
759 1771 1177 1829 miraculorum
1196 1772 1582 1828 admiratione
1599 1772 1937 1845 perterritas.

287 1862 629 1920 Conturbati
661 1865 804 1919 sunt
832 1866 1082 1927 montes,
1114 1861 1170 1917 id
1222 1865 1314 1917 est
1361 1860 1557 1918 szeculi
1601 1864 1937 1933 potestates,

288 1953 526 2028 quando
556 1956 758 2008 contra
785 1950 1126 2025 religionem
1159 1950 1444 2024 Dei,leges
1489 1948 1802 2023 sacrilegas
1833 1967 1941 2023 pa-

287 2041 426 2116 gani
475 2041 822 2098 inferebant.
857 2041 921 2098 In
966 2040 1310 2097 fortitudine
1360 2041 1511 2113 ejus,
1545 2038 1765 2097 scilicet
1810 2038 1939 2095 soni

289 2122 1149 2206 apostolorumzapostolorum
1202 2129 1359 2187 enim
1417 2129 1773 2204 grandisona
1803 2146 1945 2202 pra:-

287 2220 580 2278 dicatione
608 2224 769 2277 totus
802 2220 1061 2276 mundus
1093 2219 1419 2288 intremuit,
1445 2228 1502 2276 et
1533 2220 1605 2276 ad
1624 2218 1853 2275 Domini
1878 2236 1941 2276 se

286 2310 691 2367 crudelitatem
721 2309 1027 2382 limpidato
1057 2314 1260 2382 postea
1288 2310 1459 2366 corde
1486 2307 1793 2365 revocavit.

285 2401 318 2456 4
392 2401 663 2456 Fluminis
683 2401 912 2472 impetus
941 2399 1185 2470 Laetiﬁcat
1213 2400 1491 2455 civitatem
1520 2400 1617 2454 Dei
1643 2417 1661 2452 :

396 2490 769 2561 Sanetiﬁcavit
803 2489 1216 2545 tabernaculum
1242 2504 1403 2543 suum
1435 2488 1765 2543 Altissimus.

354 2583 394 2635 C
422 2580 537 2635 Iste
567 2577 725 2635 enim
759 2576 971 2633 ﬂuvius
1000 2575 1269 2633 Christus
1298 2579 1470 2642 est,ct
1499 2575 1800 2633 benedixit
1830 2575 1937 2631 flu-

284 2668 464 2725 minis
494 2667 771 2740 impetus,
796 2666 938 2738 quia
967 2664 1114 2720 nihil
1146 2664 1429 2738 palustre,
1461 2664 1609 2720 nihil
1638 2681 1939 2721 morosum

285 2773 496 2813 cursus
534 2756 664 2827 ejus
712 2754 985 2823 sustinet,
1020 2771 1154 2810 cum
1204 2771 1265 2810 se
1313 2752 1573 2826 potentia
1617 2753 1939 2811 divinitatis

289 2847 420 2919 ejus
446 2843 1218 2900 infuderiLTabernaculum
1239 2841 1526 2899 Altissimi
1554 2846 1642 2899 est
1661 2842 1936 2910 Ecclesia,

294 2936 415 2994 sive
442 2933 688 2992 humani
721 2933 981 3006 corporis
1009 2932 1264 3008 gloriosa
1296 2932 1608 3006 susceptio.

286 3027 324 3082 5
399 3029 538 3082 Deus
566 3024 623 3080 in
654 3024 832 3080 medio
859 3024 979 3097 ejus
1006 3039 1112 3080 non
1143 3023 1565 3079 commovebitur
1593 3041 1611 3079 :

390 3114 683 3187 Adjuvabit
712 3130 833 3171 eam
854 3120 991 3172 Deus
1018 3130 1182 3170 mane
1208 3112 1473 3182 diluculo.

354 3209 395 3261 Ο
424 3205 577 3261 Deus
601 3204 659 3260 in
690 3204 881 3260 medio
912 3204 1062 3276 ejus,
1094 3203 1151 3260 id
1184 3207 1274 3260 est
1304 3201 1593 3271 Ecclesiae,
1627 3219 1744 3259 non
1776 3219 1933 3259 com-

2052 613 2099 669 H
2130 613 2317 687 Opera
2347 613 2599 682 Domini,
2633 612 2692 669 id
2722 618 2832 679 est,
2865 612 3114 669 virtutes
3144 611 3269 669 Dei.
3303 616 3343 667 0
3371 611 3718 686 Prodigium

2052 703 2274 759 dictum
2298 706 2488 771 est,co
2514 703 2667 777 quod
2698 719 2869 776 porro
2901 701 3246 769 ὀίεαι.ουοᾱ
3283 702 3504 758 factum
3536 707 3631 758 est
3654 702 3716 759 in

2051 792 2363 849 Nativitate
2394 793 2648 861 Domini,
2683 792 2918 866 quando
2964 792 3129 866 virgo
3177 791 3422 864 peperit,
3455 796 3513 847 et
3543 791 3721 849 stella

2051 881 2242 955 magis
2274 882 2568 955 apparuit.
2602 882 2886 938 Auferens
2917 880 3090 949 bella,
3126 880 3181 936 id
3207 884 3317 948 est,
3341 879 3482 953 quia
3509 880 3570 935 in
3602 881 3718 937 Na-

2050 969 2272 1027 tivitate
2330 970 2564 1027 Domini
2597 988 2610 1027 :
2641 974 2921 1043 regnante
2977 971 3244 1043 Augusto
3277 985 3293 1025 :
3334 972 3492 1025 totus
3550 970 3716 1026 orbis

2049 1058 2265 1133 legitur
2322 1077 2449 1116 esse
2503 1064 2770 1132 pacatus.
2804 1059 2849 1115 Η
2883 1058 3095 1115 Omnia
3142 1057 3296 1115 bella
3345 1058 3405 1114 in
3454 1059 3713 1116 adventu

2049 1148 2281 1204 Domini
2320 1149 2612 1222 quievisse
2647 1165 2659 1197 τ
2694 1147 3015 1204 multorum
3063 1150 3263 1204 narrat
3310 1145 3573 1214 historia,
3603 1146 3713 1205 Vel

2052 1254 2280 1311 pugnas
2304 1236 2583 1294 vitiorum
2616 1238 2833 1310 accipe.

2050 1330 2081 1381 9
2154 1328 2353 1383 Arcum
2381 1334 2621 1384 conteret
2647 1334 2697 1383 et
2726 1327 3032 1399 confringet
3058 1342 3217 1382 arma
3245 1344 3266 1381 .-

2156 1417 2222 1473 Et
2245 1425 2398 1473 scuta
2426 1416 2704 1473 comburet
2732 1417 2869 1489 igni.

2120 1506 2167 1562 Η
2196 1507 2410 1562 Arcum
2442 1509 2720 1575 conteret,
2756 1506 2814 1562 id
2846 1509 2956 1577 est,
2980 1504 3239 1562 occultas
3273 1504 3517 1562 insidias
3540 1505 3711 1578 spiri-

2049 1599 2217 1651 tuum
2251 1594 2563 1651 malorum.
2597 1594 2931 1669 Gonfringet
2961 1611 3147 1663 arma,
3168 1595 3224 1651 id
3258 1598 3369 1666 est,
3391 1599 3709 1668 praesentes

2049 1701 2300 1759 pugnas.
2324 1686 2395 1740 Et
2426 1688 2662 1741 scutum
2693 1685 3001 1741 comburet
3030 1684 3173 1757 igni,
3192 1683 3250 1740 id
3274 1688 3711 1752 est,consumet

2050 1774 2183 1847 igne
2234 1772 2507 1847 spiritali,
2559 1773 2902 1847 phantasias
2945 1771 3242 1830 diabolicae
3291 1773 3703 1846 excusationis,

2048 1862 2407 1921 defensionis
2437 1867 2829 1935 peccatorum,
2862 1861 2949 1918 vel
3001 1861 3397 1936 protectionis.
3430 1863 3470 1919 C
3498 1860 3605 1918 Vel
3633 1864 3707 1921 de

2047 1952 2232 2009 armis
2259 1951 2547 2025 gentium,
2580 1952 2797 2025 quibus
2836 1951 3013 2008 fidem
3064 1951 3491 2026 impugnabant
3537 1956 3594 2008 et
3642 1969 3704 2009 se

2048 2042 2441 2098 defendebant
2472 2058 2485 2097 :
2518 2041 2863 2114 accipe,hzec
2894 2041 3050 2097 enim
3090 2040 3291 2097 omnia
3336 2040 3705 2114 confringen-

2053 2134 2154 2187 tur
2182 2130 2324 2186 dum
2354 2129 2597 2187 veritate
2626 2129 2962 2186 vincuntur.

2052 2221 2119 2276 10
2197 2222 2385 2277 Vaeate
2409 2228 2461 2276 et
2490 2219 2661 2277 videte
2690 2224 2952 2292 quoniam
2981 2235 3078 2289 ego
3105 2236 3228 2275 sum
3258 2223 3402 2277 Deus
3429 2238 3449 2274 :

2190 2310 2487 2367 Επαιωὸον
2518 2311 2578 2365 in
2606 2310 2863 2380 gentibus
2891 2317 2942 2365 et
2969 2308 3253 2365 exaltabor
3282 2310 3341 2364 in
3368 2317 3535 2366 terra.

2119 2402 2159 2455 C
2188 2399 2353 2456 Hunc
2382 2397 2737 2455 versiculum
2762 2397 3088 2471 loquuntur
3116 2396 3221 2454 lilii
3243 2401 3382 2454 Core
3409 2414 3479 2453 ex
3508 2414 3706 2470 perso-

2048 2507 2125 2547 na
2155 2488 2408 2545 Domini.
2445 2488 2646 2545 Merito
2677 2486 2792 2544 illis
2823 2485 3271 2556 dieitur,vacate
3295 2505 3309 2543 :
3333 2487 3433 2559 qui
3456 2488 3702 2544 munda-

2048 2580 2144 2636 nis
2174 2577 2548 2636 illusionibus
2579 2577 2979 2646 armabantur,
3003 2580 3061 2633 et
3089 2575 3321 2633 diabolo
3352 2575 3703 2635 serviebant.

2049 2668 2332 2736 Quoniam
2370 2685 2476 2741 ego
2506 2683 2637 2723 sum
2673 2672 2846 2732 Deus,
2880 2683 2996 2722 non
3028 2664 3129 2721 ille
3158 2665 3259 2737 qui
3286 2682 3387 2721 vos
3417 2664 3583 2738 prius
3615 2683 3706 2722 ar-

2049 2757 2250 2813 mabat
2280 2757 2351 2812 ad
2385 2755 2632 2822 malum,
2666 2755 2767 2811 sed
2800 2754 2902 2828 qui
2933 2753 3233 2812 exaltahor
3264 2754 3321 2810 in
3353 2755 3632 2828 gentibus
3652 2759 3709 2811 et

2049 2844 2127 2903 in‘
2161 2851 2334 2914 terra,
2365 2844 2423 2901 id
2471 2849 2580 2912 est,
2614 2844 2674 2900 in
2723 2848 2894 2918 gente
2938 2844 3162 2912 Judma,
3198 2843 3477 2917 quoniam
3537 2849 3703 2901 terra:

2048 2952 2231 3009 supra
2264 2952 2278 2990 :
2310 2935 2545 2992 Judaaos
2572 2934 2951 3008 comparavit.

2049 3025 2108 3083 11
2196 3024 2458 3081 Dominus
2485 3024 2757 3080 virtutum
2780 3023 3063 3079 nobiscum
3097 3039 3110 3078 :

2189 3114 2474 3186 Susceptor
2496 3120 2676 3170 noster
2698 3113 2839 3168 Deus
2865 3114 3056 3170 Jacob.
3109 3104 3198 3183 δὲ
3217 3111 3537 3185 Diapsalma
3571 3120 3588 3180 ζ

2119 3205 2159 3258 C
2188 3201 2389 3258 Talem
2422 3200 2717 3275 siquidem
2738 3200 3162 3274 professionem
3185 3201 3314 3259 ideo
3339 3202 3597 3259 secundo
3620 3218 3706 3259 re-

284 3294 631 3353 movebitur.
663 3275 1021 3351 Commoveri
1052 3293 1211 3349 enim
1245 3310 1360 3349 non
1390 3297 1585 3366 potest
1635 3291 1889 3349 Ecclesia
1919 3308 1932 3348 :
1966 3275 2009 3343 C
2046 3294 2257 3366 petunt
2287 3289 2392 3347 lilii
2422 3294 2581 3359 Core,
2598 3293 2663 3346 ut
2692 3307 2794 3363 per
2822 3307 2952 3347 eam
2984 3290 3154 3347 nobis
3179 3290 3543 3347 declararent
3560 3290 3703 3348 libe-

280 3401 408 3458 quas
437 3384 495 3440 in
530 3382 891 3442 solidissima
920 3388 1102 3456 petra,
1117 3383 1226 3440 hoc
1256 3387 1346 3440 est
1366 3382 1425 3439 in
1447 3382 1675 3439 Christo
1700 3398 1713 3437 :
1741 3381 1934 3438 nosci-

277 3477 376 3531 tur
404 3490 533 3531 esse
564 3474 825 3531 fundata.
859 3472 1173 3544 Adjuvabit
1202 3471 1366 3541 dixit,
1392 3471 1616 3528 scilicet
1644 3471 1703 3527 in
1735 3470 1932 3527 saeculi

280 3562 628 3619 adversitate
667 3561 1051 3618 laborantem.
1084 3562 1130 3617 H
1165 3560 1463 3629 Diluculo,‘
1489 3561 1547 3617 id
1596 3564 1704 3628 est,
1738 3560 1933 3633 inspe-

281 3651 471 3708 ctione
502 3654 704 3708 sancta
750 3667 929 3722 quam
980 3650 1298 3707 merebitur
1344 3667 1444 3706 cor
1489 3651 1799 3707 mundum.
1829 3649 1933 3705 Vel

280 3757 476 3809 mane,
507 3740 567 3795 id
598 3743 708 3805 est,
731 3738 870 3794 boni
900 3739 1094 3812 operis
1124 3738 1494 3812 principio,et
1514 3739 1624 3796 hoc
1646 3737 1932 3807 diluculo,

278 3828 339 3885 id
363 3830 474 3895 est,
506 3826 936 3884 illuminatione
965 3827 1219 3901 Spiritus
1247 3828 1454 3885 sancti.

276 3918 313 3973 6
388 3918 730 3975 Conturbatte
755 3925 883 3974 sunt
911 3922 1095 3988 gentes
1123 3922 1175 3974 et
1217 3918 1488 3974 inclinata
1532 3926 1663 3975 sunt
1708 3935 1882 3989 regna
1912 3936 1931 3971 :

384 4006 548 4064 Dedit
576 4022 755 4063 vocem
778 4024 952 4075 suam,
983 4016 1127 4065 mota
1154 4015 1231 4064 est
1260 4016 1425 4064 terra.

348 4084 395 4153 Η
426 4095 793 4154 Conturbatse
825 4102 964 4155 sunt
1003 4101 1229 4171 gentes,
1262 4097 1487 4154 scilicet
1532 4095 1809 4152 vitiorum
1864 4111 1931 4151 ac

276 4185 611 4243 criminum.
644 4188 684 4241 Ο
713 4185 995 4244 Inclinata
1023 4189 1164 4244 sunt
1185 4203 1386 4261 regna,
1402 4186 1460 4242 id
1492 4183 1933 4255 est,humiliata

275 4279 414 4332 sunt
443 4276 514 4333 ad
548 4275 934 4353 adorandum.
967 4276 1137 4334 Dedit
1176 4292 1378 4332 vocem
1412 4292 1425 4331 :
1459 4292 1564 4348 per
1610 4291 1672 4331 se
1721 4270 1928 4348 praedi-

275 4365 461 4422 cando
493 4368 550 4422 et
579 4381 683 4438 per
711 4365 1105 4439 apostolos,ad
1128 4382 1305 4439 quam
1328 4381 1568 4422 necesse
1592 4364 1704 4420 fuit
1722 4367 1932 4420 treme-

274 4453 399 4511 ﬁeri
430 4458 801 4527 peccatores:
834 4455 936 4529 qui
961 4454 1176 4512 terreni
1203 4459 1645 4528 nuncupantur.
1668 4451 1771 4508 Vel
1795 4469 1931 4526 gen-

274 4547 361 4600 tes
415 4542 721 4601 idolatras:
756 4545 1115 4602 couturbatze
1172 4549 1358 4601 sunt;
1412 4543 1472 4599 in
1532 4541 1727 4599 subito
1785 4557 1929 4598 sono

273 4632 707 4704 praedicationis
735 4633 1044 4708 incognitae
1077 4632 1401 4705 religionis.

270 4723 307 4774 7
377 4722 642 4779 Dominus
670 4724 936 4781 virtutum
964 4724 1249 4780 nobiseum
1279 4740 1300 4779 :

375 4813 664 4886 Susceptor
691 4821 889 4883 noster,
922 4814 1064 4870 Deus
1091 4810 1275 4877 Iacob,
1308 4809 1651 4881 Diapsalma.

340 4903 381 4955 Ο
410 4901 692 4959 Dominus
714 4899 1232 4972 virtutum,utique
1262 4898 1357 4955 cui
1388 4896 1634 4953 virtutes
1664 4895 1930 4954 eaalestes

270 4989 1190 5064 serviunt.Nobiscum,quoniam
1227 4990 1535 5060 assumpta
1559 5003 1731 5042 carne
1760 4986 1929 5043 habi-

268 5079 412 5135 tavit
440 5080 499 5136 in
530 5085 722 5138 terris.
755 5082 1109 5153 Susceptor:
1137 5076 1371 5149 quando
1400 5090 1637 5132 carnem
1669 5093 1773 5149 pro
1806 5076 1931 5132 infi-

269 5167 489 5227 delium
520 5170 708 5229 salute
739 5166 1178 5242 suscepit.Dicit
1203 5182 1337 5222 vero
1368 5167 1585 5232 noster,
1621 5181 1735 5221 non
1769 5165 1926 5225 enim

268 5258 422 5316 Deus
452 5260 639 5318 solius
668 5259 870 5326 Jacob,
904 5256 1008 5314 sed
1040 5254 1308 5311 omnium
1340 5253 1441 5327 qui
1473 5251 1654 5309 simili
1683 5254 1797 5312 fide
1826 5254 1925 5311 de-

266 5347 382 5404 voti
416 5353 576 5405 sunt.

267 5437 301 5491 8
377 5438 564 5494 Venite
590 5444 643 5493 et
672 5434 849 5509 videte
878 5448 1040 5506 opera
1069 5432 1291 5487 Domini
1309 5446 1435 5504 qua?
1461 5434 1646 5505 posuit
1665 5432 1927 5505 prodigia

445 5540 610 5595 super
639 5532 843 5579 terram
873 5540 891 5578 :
1153 5591 1159 5596 _

375 5614 641 5684 Auferens
674 5612 819 5687 bella
848 5626 1017 5683 usque
1041 5610 1111 5666 ad
1137 5610 1303 5681 linem
1332 5615 1518 5669 terra.

343 5702 384 5752 G
410 5697 615 5755 Venite
645 5715 780 5757 cum
805 5699 970 5771 dicit,
1000 5698 1270 5758 hortatur
1290 5717 1413 5773 eas,
1435 5704 1501 5759 ut
1529 5700 1644 5758 ﬁde
1675 5702 1922 5758 Domino

1962 4651 2009 4716 D

2043 3380 2329 3438 rationem
2352 3378 2673 3452 praestitam
2696 3378 3062 3436 fuisse.Deus
3079 3379 3259 3436 Jacob
3282 3379 3411 3436 ideo
3430 3380 3702 3453 frequen-

2042 3473 2133 3526 ter
2160 3467 2496 3542 apponitur,
2527 3473 2593 3525 ut
2620 3467 2863 3525 victoria
2881 3467 3193 3525 Christiani
3220 3468 3420 3542 populi
3437 3468 3697 3526 declare-

2041 3558 2264 3632 tur,qui
2299 3558 2435 3615 licet
2464 3558 2541 3615 sit
2568 3561 2829 3631 tempore
2860 3557 3181 3631 posterior:
3209 3559 3464 3631 primum
3493 3562 3695 3616 tamen

2043 3647 2328 3722 populum
2362 3646 2517 3705 fideli
2548 3647 2852 3703 devotione
2882 3647 3266 3704 transcendit.

2534 3753 2740 3793 ΟὶῙΑΤΙΟ
2778 3753 2849 3792 EX
2887 3754 3045 3794 PSAL.
3077 3752 3204 3793 XLV.

2114 3827 2495 3901 Perspicuum
2527 3826 2587 3882 in
2619 3825 2953 3882 imminenti
2983 3824 3362 3883 tribulatione
3404 3825 3698 3901 refugium

2042 3916 2377 3974 misericors
2403 3920 2575 3985 Deus,
2606 3915 2910 3973 sanctifica
2936 3915 3159 3989 impetu
3188 3915 3383 3972 aeterni
3432 3916 3699 3974 fluminis

2040 4006 2441 4063 habitaculum
2468 4004 2661 4063 cordis
2694 4004 2879 4062 nostri
2911 4020 2926 4061 :
2961 4009 3027 4061 ut
3054 4009 3109 4062 te
3138 4005 3255 4062 Deo
3285 4003 3568 4062 virtutum
3600 4024 3704 4064 no-

2040 4094 2268 4152 hiscum
2315 4096 2612 4169 operante,
2644 4098 2877 4152 terrena
2922 4093 3125 4167 praelia
3170 4093 3563 4152 confutemus.
3593 4095 3704 4154 Per

2040 4184 2356 4241 Dominum
2388 4187 2677 4252 nostrum,
2711 4187 2821 4240 etc.

2594 4289 2920 4349 PSALMUS
2957 4290 3146 4347 XLVI.

2483 4379 2880 4419 ARGUMENTUM
2920 4380 3060 4419 PSAL
3096 4379 3245 4419 XLVI.

2109 4456 2150 4509 Ο
2178 4456 2303 4509 Vox
2332 4451 2597 4509 Ecclesiae
2628 4451 2815 4509 Deum
2836 4450 3697 4527 laudantis,Ascensionemque

2039 4543 2168 4614 ejus
2194 4540 2590 4616 praedicantis.

2285 4631 2401 4687 TT.
2433 4632 2496 4687 In
2524 4631 2693 4703 ﬁnem
2711 4647 2814 4705 pro
2841 4632 2978 4704 ﬁliis
3018 4630 3152 4689 Core
3176 4631 3443 4705 psalmus.

2110 4723 2150 4776 C
2180 4720 2529 4793 Loquuntur
2556 4720 2703 4777 etin
2755 4719 2867 4776 hoc
2910 4719 3141 4793 psalmo
3189 4720 3296 4776 ﬁlii
3352 4723 3512 4786 Core,
3544 4736 3694 4792 quos

2036 4808 2246 4866 vexillo
2277 4808 2468 4866 crucis
2497 4812 2686 4867 mater
2713 4809 2910 4883 signat
2938 4809 3214 4867 Ecclesia.
3238 4813 3698 4866 Commonentur

2038 4900 2237 4972 itaque
2267 4898 2458 4973 primo
2479 4903 2778 4972 gentes,ut
2799 4898 3046 4956 Domino
3067 4897 3274 4958 laudes
3297 4898 3548 4956 debeant
3568 4916 3697 4972 per-

2038 5005 2269 5056 sonare,
2301 4988 2559 5044 secundo
2589 4988 2822 5046 Domini
2852 4988 3130 5046 Ascensio
3160 4992 3218 5045 et
3265 5004 3513 5062 regnum
3563 4988 3696 5061 ejus

2038 5077 2149 5134 sub
2180 5076 2461 5134 brevitate
2492 5077 2868 5134 describitur.

2038 5167 2064 5222 1
2145 5168 2339 5224 Omnes
2368 5170 2553 5239 gentes
2580 5166 2828 5239 plaudite
2854 5168 3108 5224 manibus
3141 5184 3154 5222 :

2140 5257 2386 5315 Jubilate
2414 5255 2518 5314 Deo
2549 5257 2609 5312 in
2636 5272 2760 5313 voce
2786 5257 3191 5323 exsultationis,

2106 5349 2146 5400 C
2173 5344 2468 5401 Plaudunt
2495 5361 2629 5402 vero
2677 5345 2953 5402 manibus
2988 5362 3001 5401 :
3036 5345 3137 5418 qui
3191 5344 3557 5418 elemosynas
3608 5343 3691 5400 fa-

2034 5433 2215 5503 ciunt,
2249 5434 2481 5507 aegrotis
2511 5434 2791 5492 serviunt.
2822 5434 3084 5492 Jubilare
3114 5451 3247 5492 vero
3296 5434 3552 5510 gaudere
3578 5437 3691 5502 est,

2033 5524 2135 5597 qui
2161 5540 2354 5581 sermo
2382 5522 2577 5580 dictus
2607 5527 2698 5581 est
2727 5541 2761 5580 a
2779 5524 3129 5598 juvando,id
3162 5528 3273 5593 est,
3298 5522 3639 5581 delectando
3674 5538 3687 5579 :

2033 5614 2269 5688 quando
2286 5613 2753 5687 magnitudinem
2773 5615 2975 5687 gaudii
2993 5631 3108 5672 non
3127 5613 3454 5672 articulatis
3475 5630 3695 5670 sermo-

2033 5702 2228 5774 nibus,
2262 5703 2364 5762 sed
2397 5702 2641 5762 confusa
2669 5720 2806 5762 voce
2854 5704 3229 5779 proferimus.
3258 5703 3383 5762 Vox
3433 5702 3691 5761 exsulta-
