3910 6352
44 372 146 432 581

1361 368 1675 436 NOTITIA
1728 370 2151 436 BRUNoNIs.

3342 382 3460 441 582

51 526 70 555 ι
104 504 382 576 cipicntes
430 502 541 559 tibi
590 504 967 570 mandamus,
1023 510 1313 577 quatenus
1359 506 1699 576 praedictum
1736 511 1785 574 Α
1815 527 1843 553 α
1880 504 2278 579 dignationem
2328 503 2752 576 omnipotentis
2812 504 2936 568 Dei.
3006 512 3462 582 sanctorumque

48 614 75 643 α
101 592 315 661 locum,
347 591 585 648 clericis
616 592 898 665 expulsis,
931 608 1079 665 quos
1106 594 1451 650 auctoritate
1470 599 1699 666 aposto-

47 705 73 731 ‹‹
102 680 213 736 lica
233 680 399 736 omni
444 680 735 737 beneﬁcio
783 684 840 736 et
887 682 1208 737 residentis
1250 682 1307 736 in
1357 683 1560 738 eadem
1592 681 1702 737 hac

44 791 69 818 ‹‹
95 769 236 824 hora
261 769 650 825 decernimus
679 770 957 842 privatos,
994 770 1055 825 in
1108 770 1427 842 pristinum
1478 774 1699 826 statum

42 882 68 909 «
92 858 368 915 reducere
399 874 603 925 cures,
640 858 1079 930 monachosque
1108 863 1166 913 et
1196 859 1465 915 abbatem
1499 875 1703 915 secun-

45 971 64 996 ιι
95 948 231 1002 dum
246 945 525 1018 regulam
541 946 660 1003 divi
672 945 863 1001 Patris
875 946 1591 1018 Benedicti,quemadmod
1600 961 1701 1003 um

46 1057 71 1091 ι
99 1053 131 1092 a
175 1034 478 1108 principio
543 1034 625 1090 ibi
694 1034 878 1091 fuisse
922 1038 1349 1099 memorantur,
1400 1035 1697 1101 instituas,

47 1148 71 1175 ς(
101 1126 297 1196 eisque
327 1122 548 1204 omnia
577 1127 636 1179 et
669 1122 901 1195 singula
946 1140 1050 1196 per
1094 1128 1228 1181 tuos
1279 1125 1700 1197 progenitores,

42 1236 68 1261 (ι
97 1218 262 1285 teque
303 1211 393 1266 vel
460 1212 614 1267 alios
663 1226 1068 1284 quoscumque
1116 1211 1311 1268 ablata
1359 1214 1489 1268 sine
1538 1225 1704 1266 mora

44 1325 68 1351 ‹‹
98 1301 393 1369 restituas,
434 1304 506 1356 et
536 1301 587 1355 si
621 1301 763 1372 quid
795 1300 1052 1373 amplius
1086 1300 1158 1356 ad
1191 1300 1314 1356 haec
1345 1299 1703 1373 perﬁcienda

46 1390 405 1462 «requiritur
469 1388 890 1457 necessarium,
935 1389 1007 1445 de
1048 1392 1154 1444 tua
1197 1389 1529 1445 substantia
1560 1389 1701 1443 ﬁde-

45 1502 69 1530 ‹‹
96 1479 222 1535 liter
248 1482 306 1534 et
335 1478 485 1533 sine
518 1476 641 1533 ulla
672 1477 1133 1534 contradictione
1168 1494 1273 1550 pro
1316 1481 1541 1533 aeterna;
1571 1477 1700 1532 vita;

46 1590 69 1617 «
96 1584 285 1624 amore
304 1566 595 1640 legaliter
621 1565 954 1639 impendas.
987 1566 1115 1621 Haec
1143 1567 1222 1622 iui
1273 1572 1491 1639 quanto
1531 1566 1703 1622 citius

45 1682 67 1705 α
98 1657 461 1729 perﬁcienda.
493 1673 614 1711 una
660 1671 796 1711 cum
845 1656 1093 1728 conjuge
1140 1663 1244 1711 tua
1294 1657 1462 1712 nobis
1491 1656 1706 1712 dilecta

44 1769 68 1796 «
97 1745 694 1817 censummandaque
736 1745 1084 1801 auctoritate
1134 1745 1553 1816 omnipotentis
1584 1744 1703 1810 Dei,

48 1859 73 1885 ι(
100 1836 156 1891 in
175 1835 599 1892 remissionem
625 1840 866 1890 tuorum
890 1837 1261 1906 peccatorum
1283 1834 1434 1889 serio
1454 1832 1707 1907 injungi-

51 1947 75 1974 ‹‹
104 1940 249 1980 mus.
283 1926 423 1991 Quae
457 1924 507 1980 si
544 1923 730 1995 (quod
772 1921 947 1993 absit)
980 1921 1303 1995 neglexeris
1338 1925 1705 1978 nostrorum-

58 2034 81 2063 «
107 2030 213 2086 que
232 2012 665 2070 mandatorum
697 2015 1069 2084 contemptor
1094 2011 1366 2067 inventus
1388 2010 1592 2078 fueris,
1616 2011 1729 2066 in-'

1815 615 1844 644 ‹‹
1876 594 2028 648 Petri
2060 598 2116 648 ct
2145 593 2303 649 Pauli
2336 593 2760 665 apostolorum,
2784 598 2838 651 et
2859 596 3120 651 omnium
3147 595 3462 654 electorum

1810 705 1839 733 ‹‹
1873 682 2084 738 Christi
2109 682 2338 738 noveris
2363 683 2691 742 incursum.
2714 687 2886 756 teque
2927 685 3036 757 sub
3073 685 3466 742 anathematis

1811 793 1840 819 ‹‹
1872 771 2104 825 vinculo
2136 770 2479 825 auctoritate
2514 771 2834 842 apostolica
2856 773 3261 840 constrictum,
3287 773 3468 830 divini

1810 881 1839 909 «
1873 858 2158 914 examinis
2182 859 2408 928 judicio
2430 861 2548 915 fore
2570 861 2945 925 obonosium,
2977 862 3345 933 gravissimis
3367 877 3467 934 ge-

1811 970 1839 997 ‹‹
1876 948 2081 1003 bennae
2110 948 2421 1005 tormentis
2453 965 2584 1004 cum
2619 950 2822 1022 impiis
2871 950 2997 1005 sine
3046 953 3162 1007 ﬁne
3214 951 3465 1024 punien-

1812 1059 1840 1088 ‹‹
1877 1037 2041 1091 dum.
2078 1057 2106 1086 η

1881 1125 1996 1180 Hac
2026 1125 2319 1196 pontiﬁcis
2373 1126 2632 1180 oratione
2683 1131 3099 1198 compunctus,
3147 1129 3220 1184 ad
3265 1144 3462 1204 genua

1810 1214 1939 1283 ejus
1989 1230 2184 1269 comes
2232 1214 2499 1285 procidit,
2535 1231 2715 1286 seque
2747 1232 3016 1287 peccasse
3047 1218 3301 1289 graviter
3329 1235 3467 1275 cum

1809 1302 2085 1376 lacrymis
2116 1301 2345 1374 publice
2384 1304 2709 1370 confessus,
2755 1305 2955 1360 omnia
3004 1321 3131 1378 qua:
3155 1306 3466 1378 juberetur

1813 1391 2099 1447 facturum
2133 1408 2236 1463 pro
2276 1392 2500 1447 viribus
2546 1392 2855 1464 promittit,
2905 1394 3135 1450 veniam
3188 1396 3465 1452 commis-

1812 1497 2012 1536 sorum
2061 1479 2606 1553 absolutionemque
2642 1480 2945 1553 postulans
2978 1499 3012 1538 a
3058 1483 3334 1555 pontiﬁce
3362 1501 3467 1541 au-

1815 1569 1952 1624 divit
1982 1586 1994 1623 :

1887 1680 1913 1707 ‹‹
1949 1658 2006 1712 Si
2039 1658 2348 1728 perfeceris
2388 1674 2474 1725 ea,
2528 1675 2655 1729 qum
2704 1658 3184 1731 praecipientibus
3214 1660 3384 1717 nobis
3413 1663 3474 1717 te
3550 1720 3553 1727 λ

1817 1770 1844 1797 ‹‹
1881 1746 2172 1801 facturum
2198 1747 2511 1818 promittis,
2546 1747 2776 1802 veniam
2810 1747 2916 1803 tibi
2949 1765 3066 1804 non
3115 1747 3311 1805 solum
3333 1764 3472 1805 con-

1820 1856 1848 1883 ‹‹
1881 1835 2198 1890 missorum
2249 1851 2384 1889 cum
2453 1836 2821 1891 absolutione
2883 1836 3320 1910 impendamus,
3369 1837 3475 1894 ed

1824 1942 1845 1970 α
1879 1923 2055 1979 etiam
2108 1924 2346 1995 praemia
2404 1923 2695 1979 felicitatis
2746 1929 2972 1980 aeterne
3022 1926 3376 1984 multimoda
3410 1925 3475 1982 in

1818 2035 1845 2063 (ι
1881 2014 2022 2068 ccelo
2054 2012 2161 2068 tibi
2191 2014 2449 2085 reposita
2486 2016 2974 2086 rcpromittimus.
3010 2037 3040 2066 »

1203 2309 1679 2397 NOTI’I‘IA‘
1730 2304 2322 2398 ΒῬιυΝΟΝΙδ

790 2486 1111 2544 EPISCOPI
1149 2485 1573 2554 TULLENSIS,
1612 2485 2053 2543 POSTMODUM
2094 2488 2350 2545 LEONIS
2391 2488 2464 2544 IX
2503 2490 2723 2557 PAPA‘],

1190 2630 1281 2692 De
1309 2630 1737 2693 instauratione
1763 2629 2018 2692 caenobii
2044 2630 2117 2690 S.
2152 2632 2324 2712 Apri.

1422 2781 1623 2861 (Circa
1651 2800 1886 2843 annum
1926 2781 2132 2861 1030.)

698 2934 890 3005 (Apud
922 2931 1143 2988 Mabill.
1176 2916 1251 2987 De
1280 2948 1339 2987 re
1360 2932 1735 3005 diplomata.
1770 2931 1873 2986 lib.
1907 2949 1985 2993 v1.
2018 2947 2151 3003 pag.
2184 2932 2310 2996 602,
2340 2947 2407 2987 ex
2437 2932 2851 3003 autographo.)

116 3170 169 3224 In
201 3168 443 3225 nomine
491 3172 726 3222 sanctae
774 3171 831 3221 et
877 3165 1192 3221 individua
1240 3164 1568 3230 Trinitatis,
1596 3169 1707 3219 Pa-
1740 3165 1781 3231 C
1818 3164 2040 3234 pinare.
2074 3162 2238 3218 Unde
2285 3162 2531 3236 contigit
2562 3169 2628 3219 ut
2673 3164 2874 3236 plures
2905 3182 3108 3221 eorum
3149 3177 3476 3238 quaerentes

58 3258 169 3335 tris,
196 3264 251 3314 et
278 3258 415 3326 ﬁlii,
448 3262 509 3312 et
543 3255 815 3328 Spiritus
865 3254 1074 3319 sancti,
1121 3268 1229 3327 ego
1276 3257 1490 3319 Bruno,
1523 3252 1712 3325 gratia

60 3347 145 3402 Dei
174 3347 548 3403 Leuchoruni
588 3342 829 3416 praesul,
875 3341 1026 3399 clero
1072 3347 1127 3397 et
1178 3342 1390 3414 populo
1417 3342 1709 3413 praesenti,

62 3440 216 3507 atque
242 3436 541 3492 universis
577 3434 763 3504 hujus
784 3432 1037 3489 ecclesia:
1060 3430 1218 3499 ﬁliis,
1242 3434 1358 3486 tam
1381 3431 1711 3486 viventibus
1750 3442 1753 3445 ‘

64 3539 219 3594 quam
249 3528 307 3581 et
327 3521 735 3581 successuris.

120 3614 304 3670 Scitur
319 3632 352 3670 a
370 3613 661 3687 pluribus
674 3609 925 3682 qua‘i‘er
938 3613 1200 3682 tempore
1217 3609 1416 3664 domni
1438 3606 1660 3663 Berlold
1673 3607 1685 3661 i
1698 3651 1711 3676 ,

66 3698 220 3773 hujus
249 3703 413 3761 sedis
447 3698 781 3775 pontiﬁcis.
819 3715 918 3770 per
949 3699 1231 3753 domuum
1263 3698 1530 3753 abbatem
1568 3694 1712 3749 Wil-

64 3787 301 3859 lelmum,
335 3791 546 3848 locum
582 3787 778 3841 Sancti
817 3787 953 3859 Apri
984 3786 1144 3843 omni
1169 3785 1446 3859 religione
1469 3786 1715 3841 destitu-

64 3882 168 3935 tum
198 3881 352 3939 Deus
381 3881 526 3936 visit
542 3882 766 3941 averet,
800 3893 973 3949 quem
1004 3876 1100 3930 vix
1141 3874 1390 3931 evictum
1443 3874 1715 3947 precibus

64 3967 194 4025 idem
223 3968 442 4042 praesul
480 3966 807 4023 Bertoldus
839 3963 1080 4019 adduxit
1107 3963 1508 4036 aBurgundiaa
1539 3962 1714 4035 parti-

67 4054 175 4121 bus,
204 4061 372 4132 eique
413 4057 655 4113 ibidem
708 4052 1054 4127 regulariter
1107 4052 1365 4124 praefecit
1411 4051 1711 4106 fratribus.

64 4147 150 4200 Sed
181 4148 316 4219 quia
362 4147 492 4204 vita
549 4143 903 4211 monastica,
954 4142 1098 4197 dum
1157 4141 1436 4209 nescitur,
1487 4140 1718 4195 videtur

66 4237 205 4303 quasi
235 4236 586 4293 contraria:
621 4248 759 4287 cum
790 4231 914 4287 vice
947 4235 1193 4300 mutata,
1226 4229 1493 4286 viderent
1523 4233 1580 4284 et
1609 4246 1718 4285 au-

65 4322 229 4381 dirent
255 4328 326 4383 de
376 4325 604 4383 ordine
652 4320 1075 4377 monachorum
1109 4319 1411 4380 inusitata.
1443 4322 1499 4374 et
1530 4318 1713 4374 inter-

66 4411 325 4471 diceretur
354 4415 719 4488 quibusque
757 4410 1002 4466 curiosis
1028 4410 1278 4465 fratrum
1324 4407 1713 4473 familiaritas,

1822 3252 2159 3307 societatem
2192 3251 2677 3324 adipiscerentur,
2701 3253 2965 3326 plerique
2988 3271 3121 3309 vero
3145 3254 3320 3309 etiam
3349 3271 3474 3310 mo-

1823 3340 1992 3396 nachi
2026 3340 2435 3395 efﬁcerentur:
2465 3341 2668 3412 sicque
2692 3345 2988 3397 crescente
3012 3341 3274 3396 ﬁdelium
3298 3343 3474 3395 devo-

1821 3429 1980 3485 tione
2009 3429 2182 3501 ccepit
2213 3429 2526 3500 smpefatus
2576 3429 2865 3485 sublevari
2914 3430 3077 3485 locus
3127 3429 3474 3486 donantium

1821 3517 2110 3591 largitate.
2144 3517 2290 3572 Nam
2325 3517 2595 3588 quisquis
2628 3517 2684 3571 in
2712 3519 3050 3573 societatem
3080 3518 3323 3572 fratrum
3348 3533 3476 3574 sese

1824 3606 2121 3675 offerebat,
2138 3604 2501 3679 largiebatur
2517 3609 2879 3677 spontaneus
2895 3606 3252 3674 transitoria,
3268 3610 3475 3679 utpar-

1823 3694 2161 3766 ticipatione
2187 3699 2298 3749 Deo
2322 3694 2701 3750 servientium
2730 3699 3475 3766 merereturpermansura.

1824 3787 2190 3855 Quapropter
2218 3783 2289 3838 de
2319 3782 2589 3854 expensis
2608 3799 2810 3838 eorum
2837 3783 3096 3856 aggressi
3130 3789 3269 3839 sunt
3291 3785 3477 3839 facere

1826 3871 2166 3928 memoriale
2233 3876 2535 3939 aeternum,
2592 3876 2657 3925 ut
2714 3870 2925 3927 talium
2988 3872 3362 3944 eleemosyna
3414 3872 3473 3927 in

1825 3965 2136 4033 conspectu
2172 3959 2432 4015 ﬁdelium
2467 3960 2843 4031 praesentium
2876 3965 2931 4015 et
2978 3961 3305 4023 futurorum
3336 3977 3472 4016 con-

1824 4051 2047 4122 spicua,
2082 4056 2139 4105 et
2168 4049 2224 4103 in
2259 4048 2368 4104 hoc
2392 4049 2598 4105 saeculo
2623 4049 2698 4104 sit
2721 4049 2778 4103 in
2805 4050 3228 4105 benedictionis
3253 4066 3475 4105 memo-

1823 4137 1967 4193 riale
1997 4141 2128 4193 ante
2158 4137 2341 4193 Deum
2371 4137 2429 4192 in
2455 4136 2928 4193 remuneratione
2950 4143 3250 4210 perpetua.
3276 4140 3478 4211 Itaque

1823 4227 2018 4282 Sancti
2050 4226 2182 4297 Apri
2219 4225 2527 4296 antiquum
2562 4227 2986 4282 monasterium
3010 4232 3296 4284 vetustate
3325 4227 3479 4301 laps-

1824 4316 2150 4383 abundum,
2185 4313 2363 4369 semel
2399 4319 2455 4369 et
2497 4314 2588 4370 bis
2644 4314 2783 4370 olim
2831 4316 2965 4388 igne
3014 4323 3474 4389 concrematum,

1825 4404 1896 4459 ab
1945 4404 2091 4477 ipsis
2142 4403 2543 4458 fundamentis
2595 4407 2993 4459 renovandum
3046 4405 3481 4461 constituerunt

68 4517 176 4571 qua
194 4506 415 4576 passim
442 4503 623 4577 prius
647 4498 874 4555 cunctis
895 4497 1226 4555 communis
1250 4501 1307 4552 et
1328 4495 1513 4552 facilis
1536 4495 1715 4551 exsti-
1751 4530 1796 4595 Β
1828 4493 2052 4565 erigere
2087 4493 2146 4547 in
2178 4491 2563 4549 domicilium.
2598 4493 2667 4547 Et
2710 4498 2775 4548 ut
2805 4495 3026 4550 sciatur
3057 4495 3272 4565 quibus
3302 4494 3476 4550 bene-

70 4593 230 4661 terst;
260 4593 355 4649 bis
377 4598 437 4649 et
476 4590 623 4648 aliis
647 4587 1052 4644 occasionibus
1073 4586 1246 4658 coepit
1262 4584 1400 4640 oriri
1427 4584 1719 4656 querimo-

74 4679 151 4734 nia
175 4688 374 4739 contra
404 4683 639 4745 locum,
693 4680 751 4731 et
799 4694 932 4732 cum
980 4674 1379 4732 diﬂ'amatione
1421 4673 1713 4744 vitupera-

71 4766 223 4825 tionis
259 4770 650 4834 scandalum,
705 4770 769 4820 ut
816 4765 1058 4837 quidam
1114 4763 1348 4836 sapiens
1378 4763 1495 4817 ait:
1527 4762 1718 4818 Omnis

72 4856 225 4914 subita
242 4862 480 4916 mutatio
498 4872 701 4914 rerum
719 4870 831 4909 non
848 4856 912 4925 ﬁt
929 4856 1050 4909 sine
1065 4852 1299 4925 quodam
1313 4853 1485 4921 ﬂuctu
1499 4853 1715 4907 animo-

72 4959 193 5002 rum.
224 4948 387 5005 Unde
420 4950 655 5004 factum
690 4949 778 4999 est
808 4948 873 4997 ut
895 4943 1102 4998 vicinis
1123 4940 1632 4997 murmurantibus
1662 4944 1719 4994 et

0 5061 9 5077 ν
75 5031 524 5105 detrahentibus,
562 5030 1121 5104 blasphemantibus
1171 5034 1225 5085 et
1275 5030 1712 5095 accusantibus,

77 5115 215 5177 locus
241 5124 675 5179 adversitatem
707 5119 806 5173 diu
837 5118 1176 5186 sustineret,
1208 5133 1385 5189 quam
1416 5133 1450 5171 a
1472 5116 1717 5187 quibus~

79 5204 187 5265 dam
207 5213 503 5269 excitabat
525 5226 651 5266 non
676 5212 797 5264 tam
818 5206 1045 5263 malitia
1064 5223 1244 5280 quam
1258 5204 1455 5262 minus
1468 5220 1717 5277 peccans

78 5290 397 5364 ignorantia.
433 5296 704 5355 Reddita
722 5299 917 5350 autem
949 5311 1091 5367 pace
1125 5335 1138 5349 .
1186 5337 1199 5349 .
1243 5336 1256 5349 .
1303 5338 1315 5350 .
1356 5333 1372 5350 .
1422 5336 1434 5349 .
1479 5335 1492 5348 .
1534 5332 1550 5349 .
1580 5293 1717 5349 sede

0 5376 1 5381 “
77 5383 337 5445 residente
381 5385 699 5461 pontiﬁce,
741 5387 1040 5456 cmperunt
1087 5382 1186 5456 qui
1237 5381 1377 5437 olim
1428 5381 1719 5438 adversati

78 5468 323 5533 fuerant.
370 5521 384 5534 .
433 5521 447 5533 .
499 5521 513 5533 .
562 5518 579 5531 .
629 5515 645 5529 .
694 5514 708 5528 .
754 5513 768 5527 .
799 5472 1206 5546 resipiscentes
1237 5488 1359 5528 rem
1390 5470 1709 5544 inquirere,

77 5561 124 5615 et
149 5562 213 5619 ab
238 5582 304 5624 ea
331 5583 522 5642 quam
551 5560 930 5622 crediderant
956 5562 974 5618 i
1008 5605 1022 5619 .
1068 5602 1081 5617 .
1129 5605 1142 5618 .
1176 5560 1428 5630 veniam,
1457 5559 1720 5618 venerari

0 5626 19 5705 ἲ
76 5653 123 5706 et
148 5626 396 5732 diligere,
433 5661 493 5716 et
525 5651 678 5717 boni
701 5651 894 5711 odoris
913 5651 1131 5711 famam
1153 5626 1542 5727 undecunque
1579 5666 1718 5727 pro-

1833 4582 2151 4637 factoribus
2183 4581 2561 4650 construitur,
2595 4599 2796 4637 eorum
2837 4581 3120 4639 vocabulo
3174 4583 3393 4656 pariter
3421 4586 3480 4640 et

1824 4687 2112 4743 expensas
2147 4671 2494 4726 nominatim
2536 4672 2738 4727 subter
2768 4672 3213 4741 assignaverunt
3240 4673 3475 4745 ,suique

1826 4760 1980 4827 piam
2011 4761 2469 4815 recordationem
2502 4760 2722 4833 jugiter
2750 4762 3052 4817 devotione
3095 4761 3476 4818 recolendam

1826 4850 2076 4921 posteris
2100 4849 2486 4922 reliquerunt.
2514 4850 2728 4905 Exinde
2752 4850 3157 4924 supplicamus
3178 4852 3357 4924 hujus
3374 4869 3480 4908 no-

1827 4944 1956 4993 stra;
1988 4938 2145 4993 sedis
2170 4955 2542 4994 successores
2566 4939 2862 4997 antistites
2884 4959 2977 5007 ne,
2994 4942 3166 5013 juxta
3185 4940 3483 5013 magnitu-

1828 5028 2020 5082 dinem
2056 5031 2367 5084 structura}
2404 5029 2705 5084 facultates
2738 5029 2846 5084 loci
2900 5032 3283 5098 zrstimantes,
3318 5029 3486 5085 obliti

1826 5115 2213 5188 paternitatis,
2249 5115 2380 5172 duri
2415 5115 2557 5171 ﬁant
2596 5134 2991 5188 oppressores.
3025 5120 3094 5174 Et
3125 5122 3188 5175 ut
3218 5119 3486 5176 noverint

1827 5222 2005 5278 quam
2028 5205 2190 5277 justa
2223 5208 2300 5261 sit
2332 5203 2453 5259 ilth
2484 5210 2686 5260 nostra
2729 5208 3079 5281 deprecatio,
3130 5208 3322 5282 legere
3351 5208 3479 5280 dig-

1827 5292 2316 5350 nenturchartam
2336 5293 2761 5364 quamGauzlin
2774 5314 2839 5351 us
2855 5297 3164 5370 episcopus
3180 5313 3310 5352 cum
3329 5311 3485 5366 rega-

1826 5382 1866 5436 li
1897 5385 2189 5455 prazcepto
2216 5383 2354 5439 fecit
2386 5386 2445 5439 et
2474 5383 2728 5439 ﬁrmavit
2758 5402 2908 5458 sepe
2932 5387 3083 5441 dicto
3114 5385 3261 5449 loco,
3285 5383 3340 5436 in
3362 5396 3480 5454 quo

1829 5475 1961 5528 ante
2016 5471 2423 5546 episcopatum
2475 5478 2736 5529 nostram
2786 5475 3116 5532 societatem
3169 5469 3477 5525 collocavi:

1826 5560 1888 5616 in
1919 5560 2259 5634 episcopatu
2295 5566 2493 5618 autem
2542 5563 2792 5636 positus,
2838 5564 3012 5619 rebus
3054 5558 3267 5631 quibus
3314 5553 3479 5626 potui

1831 5649 2110 5727 ampliavi
2140 5655 2198 5709 et
2246 5651 2531 5710 continua
2563 5652 2747 5713 nostri
2770 5648 3050 5711 memoria
3070 5650 3133 5702 ut
3154 5657 3255 5719 per
3274 5639 3476 5715 si08u‘
