3898 6352
398 336 514 394 583

1465 339 1528 396 S.
1575 337 1852 398 LEONIS
1896 337 1976 398 IX
2021 335 2248 398 PAPJE
2287 339 2720 414 OPUSCULA.

3705 344 3802 404 584

399 472 486 528 las
519 471 632 527 diei
665 471 837 526 horas
867 468 1150 524 habeatur
1180 467 1281 534 ibi,
1312 485 1344 522 a
1390 469 1634 524 fratrum
1664 468 1816 524 ﬁdiei
1867 471 2032 524 devo-
2062 483 2116 548 Α
2221 471 2480 528 Domnus
2513 473 2692 530 abbas
2721 473 3042 546 Sigit‘redus
3075 491 3112 530 Ι.

397 565 552 620 tione
585 563 862 618 omnibus
893 559 1098 614 diebus
1127 557 1254 612 vitae
1287 574 1424 613 mea:
1469 557 1714 613 obtinui.

471 655 598 708 Haec
631 654 768 706 sunt
789 648 1035 704 nomina:
1058 647 1614 718 eleemosynatorum
1637 663 1767 701 cum
1788 646 2030 701 eleemo-

397 743 545 798 sinis
576 741 719 796 suis.

467 829 730 885 Domnus
759 826 1074 898 imperator
1104 823 1480 880 Chaonradus
1509 823 1690 880 libras
1719 841 1788 878 xv
1818 829 1874 878 et
1904 823 2028 878 auri

397 917 601 973 uncias
633 935 706 972 1v.

469 1009 690 1062 Domna
719 1001 1054 1074 imperatrix
1083 1001 1262 1056 libras
1294 1018 1354 1054 ιιι
1389 1005 1444 1055 et
1466 1000 1611 1055 duas
1645 999 1848 1056 uncias
1879 999 2023 1056 auri.

465 1096 724 1150 Domnus
755 1092 1062 1163 episcopus
1101 1088 1398 1145 Mettensis
1433 1107 1492 1144 ιι.

462 1186 662 1236 Comes
696 1179 1010 1236 Leitt'ridus
1041 1195 1097 1234 v1
1139 1183 1195 1232 et
1223 1177 1422 1232 semis.

459 1269 746 1327 Comtissa
776 1268 1056 1324 Alberada
1087 1285 1105 1321 ι
1146 1271 1202 1322 et
1231 1266 1514 1322 cortinam
1547 1266 1827 1338 optimam
1859 1265 2025 1321 cubi-

385 1365 579 1417 torum
611 1377 782 1424 Lxxn,
814 1361 871 1412 et
897 1373 1139 1411 annona:
1171 1355 1327 1411 mod.
1375 1373 1528 1411 cccc.

457 1447 696 1504 Ductrix
721 1445 1021 1502 Mathildis
1047 1443 1150 1499 lib.
1187 1461 1362 1500 unam
1394 1449 1449 1499 et
1480 1444 1676 1500 semis.

459 1535 764 1593 Heinricus
796 1536 1126 1589 Advocatus
1160 1551 1213 1588 ν.

457 1625 659 1682 Filista
690 1625 902 1695 conjux
924 1623 1050 1693 ejus
1087 1641 1137 1676 v.

455 1716 621 1787 Hugo
652 1713 722 1769 de
752 1711 1037 1767 Brisciaco
1073 1729 1155 1766 III.

453 1803 753 1860 \Vidricus
783 1801 1032 1857 Grossus
1063 1818 1116 1854 v.

455 1891 757 1948 Heinricus
789 1891 857 1945 de
887 1891 1002 1945 Fau
1033 1907 1085 1942 ν.

450 1980 754 2037 Heinricus
789 1980 858 2035 de
887 1979 1163 2035 Tussiaco
1195 1995 1245 2032 v.

447 2069 820 2140 Hildeburgis
851 2069 920 2122 de
951 2069 1124 2122 Barro
1155 2085 1205 2124 ν.

447 2159 570 2215 Oda
599 2159 670 2214 de
699 2159 914 2213 domno
947 2156 1194 2212 Martino
1226 2154 1430 2210 uncias
1471 2155 1596 2210 auri
1647 2171 1702 2212 1v
1733 2157 1788 2208 et
1817 2154 2014 2210 semis.

447 2247 807 2304 Mainfredus
838 2245 939 2301 lib.
969 2263 1024 2301 ν.

447 2337 654 2392 Emma
681 2353 759 2391 v1.

447 2424 800 2480 Walderada
827 2441 882 2478 v.

447 2512 784 2570 Mainherus
815 2513 886 2566 de
917 2510 1130 2566 Calmis
1159 2529 1212 2569 v.

447 2603 790 2659 Lambertus
820 2601 1134 2657 canonicus
1167 2618 1220 2655 v.

448 2691 792 2762 Ingobertus
823 2708 875 2745 v.

443 2781 707 2837 Domnus
739 2779 921 2834 abbas
951 2777 1276 2834 Richardus
1309 2796 1345 2835 Ι.

443 2870 706 2926 Domnus
738 2869 919 2924 abbas
950 2868 1267 2924 Norbertus
1298 2882 1336 2923 ι.

2213 559 2474 616 Domnus
2507 561 2687 618 abbas
2717 563 2911 634 Poppo
2945 581 3018 618 ιν.

2215 653 2470 703 Domnus
2504 649 2682 704 abbas
2713 649 2946 706 Erlinus
2987 667 3168 708 unam
3212 655 3274 706 et
3305 651 3532 708 semis.

2210 736 2473 792 Domnus
2503 739 2684 792 abbas
2715 739 3032 795 Herbertus
3063 758 3128 796 II.

2209 823 2469 880 Domnus
2501 825 2820 882 Azechinus
2851 844 3032 884 unam
3063 831 3120 884 et
3150 827 3333 885 semis
3362 833 3430 885 et
3461 845 3504 883 ν
3535 827 3710 884 solid.

2207 913 2553 986 Eleemosyze
2617 932 3052 972 conversorum.
3128 917 3404 974 Domnus
3491 917 3798 976 Herbertus

2137 1001 2508 1073 primicerius
2537 1020 2592 1058 v.
2627 1003 2891 1060 Domnus
2925 1005 3240 1061 Herbertus
3287 1005 3542 1062 archid.
3588 1024 3724 1062 xvui
3751 1012 3800 1062 et

2136 1106 2380 1161 cappam
2415 1108 2788 1163 purpuream.
2823 1098 3084 1150 Domnus
3107 1094 3429 1151 Gozelinus
3453 1112 3516 1150 ν.
3543 1099 3796 1152 Domnus

2135 1177 2434 1234 Girbertus
2465 1197 2563 1235 x11.
2597 1180 2859 1238 Domnus
2887 1181 3162 1238 Albertus
3191 1201 3266 1238 v1.
3303 1172 3594 1240 Domrius
3625 1183 3796 1241 Theo-

2134 1267 2363 1322 dericus
2407 1285 2504 1322 vn.
2559 1268 2822 1326 Domnus
2870 1271 3196 1328 Goist‘ridus
3247 1289 3438 1328 unam
3491 1277 3558 1328 et
3607 1273 3794 1330 semis.

2134 1354 2394 1410 Domnus
2443 1356 2799 1413 Ilarwardus
2837 1377 2854 1412 ι
2901 1363 2960 1414 et
3007 1359 3224 1432 pallam
3273 1377 3486 1416 unam.
3539 1361 3796 1418 Domnus

2135 1444 2332 1499 Tendo
2367 1445 2564 1500 vineas
2594 1446 2666 1500 ad
2697 1464 2734 1501 χ
2762 1464 2912 1504 carr.
2963 1447 3102 1504 vini.
3156 1448 3366 1504 Comes
3423 1449 3606 1506 Oddo
3637 1467 3674 1506 x
3701 1450 3792 1506 lib.

2202 1533 2313 1587 Nec
2335 1532 2546 1589 minori
2569 1535 2892 1606 gratiarum
2911 1536 3138 1593 actione
3157 1538 3510 1610 suscipiunt
3531 1539 3694 1610 quod
3717 1539 3794 1594 eis

2133 1621 2282 1676 cives
2327 1625 2384 1677 et
2431 1623 2752 1679 suburbani
2801 1625 2984 1681 nostri
3035 1625 3093 1680 in
3139 1641 3462 1698 carropera.
3507 1625 3792 1695 fecerunt,

2131 1725 2264 1763 cum
2297 1727 2436 1766 saxa
2459 1710 2718 1784 ingentia
2747 1715 2802 1767 et
2831 1711 3056 1786 lapides
3089 1713 3338 1770 muralis
3367 1714 3616 1772 ordinis
3660 1715 3794 1772 totis

2131 1797 2375 1867 viribus,
2397 1805 2714 1871 spontaneo
2737 1800 2870 1858 nisu
2893 1805 2950 1857 et
2989 1807 3264 1876 prompta
3307 1804 3628 1862 voluntate
3665 1821 3792 1862 con-

2127 1892 2424 1956 vexerunt,
2459 1889 2776 1960 ruinasque
2805 1894 3066 1946 veterum
3099 1908 3410 1948 murorum
3439 1893 3636 1950 totius
3671 1909 3788 1950 mo-

2125 1977 2362 2032 nasterii
2386 1977 2656 2033 manibus
2679 1979 3129 2048 mundaverunt,
3155 1981 3488 2038 cervicibus
3511 1987 3782 2054 asporta-

2127 2070 2352 2134 verunt,
2393 2067 2625 2136 quando
2675 2067 2924 2124 necdum
2970 2069 3286 2140 attigerant
3337 2071 3780 2140 incensionum,

2127 2154 2624 2225 deprzedationum
2645 2160 2700 2212 et
2715 2156 2961 2213 vastatio
2971 2173 3110 2213 num
3133 2158 3340 2215 infelix
3357 2159 3778 2216 infortunium.

2129 2245 2198 2297 Et
2229 2243 2367 2314 quia
2397 2243 2744 2300 nominatim
2775 2262 2873 2302 eos
2903 2263 3020 2302 non
3062 2247 3220 2320 capit
3267 2265 3537 2321 praesens
3565 2249 3777 2318 charta,

2127 2332 2317 2403 capiat
2349 2331 2476 2388 illos
2503 2333 2751 2389 caalestis
2783 2334 2946 2406 regni
2978 2335 3112 2391 aula
3141 2353 3248 2408 pro
3279 2353 3349 2393 ea
3379 2355 3568 2410 quam
3601 2338 3778 2395 aediﬁ-

2122 2425 2400 2476 caverunt
2437 2423 2551 2478 Deo
2591 2427 2648 2478 et
2677 2428 2878 2479 sancto
2927 2426 3078 2496 Apro
3119 2426 3178 2481 in
3209 2426 3322 2482 hac
3371 2427 3616 2486 mortali
3647 2428 3772 2484 vita.

2191 2515 2474 2566 Praeterea
2489 2511 2582 2566 hic
2595 2513 2968 2569 annumerari
2985 2515 3120 2586 dign
3131 2532 3230 2571 um
3249 2520 3342 2572 est
3367 2517 3506 2574 illos
3530 2533 3773 2590 quorum

2123 2599 2232 2654 fuit
2262 2599 2446 2656 multo
2479 2601 2667 2672 major
2697 2601 3096 2658 benevolentia
3118 2621 3297 2676 quam
3331 2607 3632 2678 potuisset
3653 2620 3772 2663 esse

2121 2687 2405 2760 largiendi
2437 2689 2708 2756 facultas,
2741 2691 2840 2762 qui
2869 2691 3089 2748 solidos
3121 2693 3409 2766 quinque,
3445 2701 3550 2753 aut
3579 2697 3770 2752 decem

2123 2781 2224 2832 aut
2251 2777 2608 2848 quindecim,
2643 2783 2743 2835 aut
2769 2795 3046 2838 nummos
3068 2781 3384 2840 duodecim
3415 2786 3506 2842 vel
3529 2801 3652 2854 sex,
3676 2787 3770 2841 aut

2123 2866 2255 2937 plus
2287 2867 2553 2924 minusve
2579 2867 2971 2926 contulerunt.

371 3049 3768 3078 Ἥ

1303 3197 1906 3299 εΔΝατι
1973 3195 2576 3300 LEONIS
2648 3200 2832 3300 IX

1721 3391 2404 3483 DIPLOMATA.

1151 3589 1340 3644 DATA
1377 3589 1526 3645 CUM
1565 3587 1805 3644 ADHUC
1843 3588 2220 3644 EPISCOPUS
2261 3590 2646 3648 TULLENSIS
2682 3591 2989 3648 AGERET.

1855 3748 2277 3759 ———-—-

1183 3849 1204 3900 Ι

443 3942 644 4008 Brimo,
677 3939 956 4010 cpiscopus
992 3937 1253 3990 Tullensis
1283 3935 1519 4010 ahpbatiw
1549 3937 1732 3992 Sancti
1774 3939 1906 4008 Apri

843 4007 1206 4080 possessiones
1227 4007 1532 4076 conﬁrmat.

1006 4097 1194 4168 (Anno
1223 4097 1405 4167 1034.)

369 4187 534 4258 [Dom
563 4185 800 4250 Calmet,
827 4187 1069 4241 Histoire
1097 4185 1162 4239 de
1189 4186 1480 4252 Lorainne,
1509 4185 1774 4240 Preuves.
1805 4187 2008 4258 1,413.]

440 4295 500 4348 In
522 4291 756 4348 nomine
770 4296 979 4347 sancta:
993 4297 1048 4346 et
1067 4290 1244 4346 indivi
1259 4291 1384 4346 duis
1401 4291 1723 4360 Trinitatis,
1741 4294 2006 4348 omnium

367 4401 492 4455 quae
515 4381 850 4437 subsistunt
870 4379 1124 4436 zeternali
1139 4384 1223 4434 ter
1239 4379 1530 4435 creatricis
1549 4385 1722 4452 atque
1747 4383 2007 4437 modera-

367 4472 545 4538 tricis,
579 4471 794 4538 Bruno,
824 4473 1036 4526 sanctae
1087 4467 1380 4524 'l‘ullensis
1429 4469 1712 4538 Ecclesiw,
1763 4469 2005 4526 humilis

365 4559 602 4633 prtesul.

435 4649 650 4706 Divinas
682 4647 1083 4720 dispositionis
1105 4646 1292 4719 gratia
1317 4646 1508 4719 agitur
1526 4648 2006 4720 quodescumque

365 4739 600 4795 animus
633 4737 1094 4808 uniuscujusque
1123 4736 1195 4790 ad
1237 4736 1458 4791 bonum
1487 4735 1632 4792 velle
1663 4737 2003 4809 inspiratur.

366 4829 616 4884 maxime
647 4826 742 4882 ille
772 4827 871 4896 qui
903 4825 1032 4897 plus
1063 4823 1285 4880 caeteris
1319 4825 1377 4880 in
1399 4825 1508 4881 hoc
1531 4827 1751 4882 mundo
1783 4826 2004 4898 aliquid

367 4916 578 4970 habere
605 4914 880 4980 cernitur,
912 4931 1046 4969 cum
1078 4912 1344 4985 invigilat
1373 4917 1436 4970 ut
1467 4915 1535 4970 de
1557 4915 1731 4971 rebus
1763 4919 2004 4971 terrente

365 5001 780 5058 dominationis
811 5001 912 5056 Dei
939 5000 1248 5056 clementia
1277 5001 1390 5057 sibi
1420 5003 1800 5075 propitietur;
1835 5004 2005 5060 nobis

369 5095 564 5146 tamen
595 5089 928 5161 pastoribus
957 5089 1221 5145 Ecclesia:
1256 5091 1351 5162 pia
1373 5091 1704 5148 sollicitudo
1727 5092 2006 5149 indicitur

367 5183 434 5235 ut
463 5195 602 5252 grex
635 5177 970 5234 Dominicus
1005 5179 1063 5234 in
1093 5195 1162 5235 ea
1191 5180 1546 5237 constitutus
1586 5185 1784 5236 nostra
1813 5181 2001 5253 provi-

365 5269 562 5325 dentia
581 5271 870 5340 pascatur,
895 5271 946 5324 et
971 5267 1206 5340 gemina
1223 5267 1350 5322 vitae
1371 5267 1702 5324 substantia
1724 5270 1832 5324 sub
1853 5273 1999 5324 tem-

365 5357 549 5430 porali
581 5357 1083 5414 administratione
1117 5355 1408 5412 fulciatur.
1451 5355 1670 5412 Idcirco
1716 5357 2002 5414 universis

366 5443 627 5502 Ecclesiae
661 5449 893 5517 nostrae,
923 5445 1018 5501 cui
1047 5443 1162 5499 Deo
1194 5445 1430 5497 auctore
1459 5443 1862 5514 praesidemus,
1883 5450 2003 5502 tam

371 5534 755 5604 praesentibus
785 5533 1060 5592 ﬁdelibus
1107 5545 1286 5599 quam
1330 5529 1504 5585 etiam
1555 5535 1684 5602 post
1721 5531 1890 5606 longe
1918 5553 2006 5593 se-

409 5621 704 5690 uentibus,
737 5627 893 5680 certa
923 5619 1148 5678 ratione
1179 5615 1556 5675 manifestum
1587 5635 1714 5678 esse
1741 5622 2010 5686 volumus

2039 3851 2078 3914 (ζ
2121 3849 2268 3918 quam
2299 3849 2368 3902 ad
2393 3847 2582 3903 locum
2608 3849 2800 3904 Sancti
2817 3849 2954 3922 Apri
2979 3851 3352 3910 devenientes
3377 3859 3436 3911 et
3455 3853 3760 3914 victualem

2119 3937 2538 3992 monachorum
2571 3937 3138 3996 administrationem
3181 3942 3273 4014 pie
3303 3945 3760 4010 considerantes,

2119 4027 2287 4082 nobis
2321 4026 2376 4082 in
2409 4026 2588 4081 futuri
2618 4027 2980 4084 districtione
3002 4030 3216 4100 judicii
3249 4049 3364 4088 non
3389 4035 3622 4090 modice
3644 4049 3764 4106 pro-

2117 4117 2378 4171 futurum
2408 4132 2535 4170 esse
2565 4116 2858 4172 credimus
2889 4118 2938 4173 si
2971 4135 3040 4174 ea
3069 4137 3198 4191 quae
3229 4122 3300 4176 ad
3333 4121 3626 4180 alimenta
3653 4123 3756 4178 fra-

2117 4209 2272 4260 trum
2303 4205 2420 4260 illic
2455 4207 2566 4260 Deo
2589 4205 2964 4262 servientium
2979 4209 3274 4279 pertinent
3293 4227 3682 4283 augeremus;
3703 4212 3759 4265 ut

2116 4311 2219 4365 per
2247 4293 2356 4348 hoc
2382 4302 2433 4349 et
2467 4293 2804 4350 memoriale
2853 4300 3120 4352 nostrum
3166 4298 3226 4353 in
3275 4315 3342 4354 eo
3379 4299 3508 4356 loco
3549 4299 3757 4357 certius

2117 4383 2478 4448 consisteret,
2513 4385 2569 4437 et
2597 4398 2896 4438 servorum
2931 4385 3028 4440 Dei
3059 4401 3163 4457 pro
3215 4387 3528 4460 adeptione
3559 4387 3759 4446 salutis

2116 4475 2322 4527 nostra
2355 4471 2537 4526 oratio
2569 4471 2983 4543 perpetualiter
3005 4491 3118 4529 non
3142 4481 3422 4532 cessaret.
3447 4477 3562 4550 Huj
3573 4477 3752 4534 usita-

2114 4576 2226 4632 que
2259 4559 2340 4614 rei
2372 4559 2558 4632 gratia
2585 4561 2762 4630 ducti,
2797 4577 2862 4617 ac
2895 4565 3136 4634 paterno
3179 4564 3504 4624 sollicitudi
3535 4583 3614 4624 ne
3641 4570 3762 4639 peti

2115 4649 2278 4714 moti,
2297 4647 2502 4704 altaria
2515 4649 2890 4706 ecclesiarum
2909 4667 3056 4722 quas
3078 4651 3378 4710 modernis
3397 4656 3756 4728 temporibus

2113 4738 2186 4793 ab
2219 4737 2490 4809 ingenuis
2517 4737 2880 4806 hominibus,
2913 4756 3016 4796 seu
3067 4758 3102 4796 a
3145 4743 3512 4813 quibuslibet
3553 4743 3750 4802 vicinis

2115 4826 2338 4882 noviter
2365 4826 2682 4898 acquisitas
2703 4827 3003 4898 possidere
3024 4830 3319 4900 videntur,
3345 4833 3600 4890 consilio
3619 4834 3753 4890 ﬁde-

2113 4914 2260 4970 lium
2279 4919 2612 4971 nostrorum
2626 4931 2728 4988 per
2741 4917 3018 4988 synodale
3029 4920 3332 4976 decretum
3345 4922 3748 4980 eisdonatione

2113 5005 2284 5060 ﬁrma
2311 5004 2737 5061 concessimus:
2794 5021 2862 5062 ea
2909 5006 3132 5064 scilicet
3177 5009 3504 5068 stabilitate
3551 5017 3612 5070 et
3637 5013 3748 5082 lege

2113 5111 2229 5166 qua
2259 5099 2466 5151 caetera
2489 5093 2696 5150 altaria
2715 5095 2893 5151 totius
2913 5097 3160 5154 abbatis:
3181 5103 3498 5157 tenuerant
3518 5103 3594 5159 ab
3619 5099 3748 5160 anti-

2113 5199 2227 5255 quo
2249 5187 2528 5256 tempore,
2551 5183 2610 5238 id
2629 5187 2718 5240 est
2743 5187 2828 5254 ut,
2847 5183 3262 5245 decedentibus
3281 5189 3524 5248 vicariis
3543 5191 3744 5265 quibus

2109 5274 2516 5330 tantummodo
2529 5289 2728 5330 curam
2741 5272 3072 5332 animarum
3087 5293 3190 5349 per
3199 5293 3404 5336 eorum
3416 5280 3746 5339 electionem

2112 5362 2556 5428 committimus,
2589 5361 2702 5435 ipsi
2734 5364 2935 5420 eadem
2967 5364 3175 5424 altaria
3213 5367 3506 5427 redimere
3537 5385 3742 5444 nequa-

2115 5467 2292 5522 quam
2321 5449 2766 5523 compellantur,
2797 5453 2898 5508 sed
2921 5453 3294 5513 solummodo
3315 5455 3606 5518 electione
3633 5473 3742 5522 sua,

2117 5543 2180 5594 ut
2209 5539 2432 5597 dictum
2453 5543 2561 5607 est,
2593 5540 2902 5599 sueciduos
2919 5542 3169 5602 vicarios
3189 5545 3528 5616 exhibeant,
3571 5549 3668 5622 qui
3685 5546 3746 5601 de

2119 5644 2296 5686 manu
2327 5631 2526 5690 nostra
2549 5645 2751 5690 curam
2783 5630 3116 5692 animarum
3159 5636 3514 5710 suscipiant.
3547 5635 3746 5698 Alteris
