3898 6358
134 402 265 515 ses

855 451 1308 518 DlPLOMATA
1354 456 1564 515 DATA
1614 456 1822 515 ANTE
1866 454 2329 517 SUSCEPTUM
2378 457 2564 520 ROM.
2612 458 2837 521 PONT.

3420 406 3535 524 sse

133 602 286 644 vero
316 603 444 659 quas
478 587 593 646 illis
624 588 1039 658 concessimus,
1073 589 1192 644 haec
1224 592 1381 658 sunt,
1404 588 1690 653 videlicet,
1716 587 1791 642 al-
1820 589 1873 654 Α
1904 604 1971 642 ex
1993 604 2151 643 more
2182 590 2481 659 pastorali,
2516 592 2699 648 nostri
2731 591 3065 665 parochiam
3096 592 3372 665 pontiticii
3414 610 3542 666 per-

134 681 273 734 tare
296 678 550 734 ecclesia!
574 678 633 733 in
656 678 795 735 villa
814 697 939 750 qua:
962 679 1175 734 dicitur
1193 676 1569 732 Vallis-Curia
1594 675 1794 735 :altare

131 766 402 823 ecclesiae
435 768 494 824 in
523 765 659 823 villa
683 785 810 840 quae
844 768 1057 823 dicitur
1075 767 1129 822 S.
1175 767 1448 822 Germani
1488 764 1790 833 Arcbadis;

132 854 329 929 altare
376 855 629 911 ecclesia)
678 856 737 911 in
793 855 1149 928 Soponaria;
1206 854 1390 910 altare
1432 853 1685 909 ecclesia:
1733 854 1793 909 in

130 941 631 999 Mollensis-Villa
652 943 851 1013 ;altare
882 943 1136 1000 ecclesim
1160 942 1220 998 in
1244 942 1795 1013 Claregio.Habeant

133 1029 323 1101 etiam
355 1031 662 1088 dimidiam
698 1031 1001 1089 ecclesiam
1033 1031 1092 1086 in
1116 1029 1790 1101 Tantonis-Villa,quam

132 1118 234 1189 vix:
250 1119 638 1187 recordabilis
671 1121 962 1177 memoriae
997 1120 1345 1185 Rainardus,
1383 1137 1451 1173 ex
1493 1118 1702 1174 comite
1733 1118 1790 1174 in

136 1188 426 1280 praedicto
460 1209 811 1264 monasterio
844 1209 1168 1265 monachus
1212 1209 1414 1274 factus,
1465 1225 1598 1262 cum
1630 1207 1787 1261 omni

135 1295 504 1371 patrimonio
552 1299 706 1369 quod
758 1298 975 1353 ibidem
1028 1296 1385 1368 possederat,
1430 1296 1500 1349 ad
1529 1295 1790 1351 cmlestes

132 1384 454 1440 thesauros
482 1384 883 1452 transtulerat,
917 1386 1056 1440 dum
1093 1389 1350 1441 maneret
1379 1383 1437 1438 in
1466 1384 1617 1449 vita;
1654 1400 1788 1438 nam

133 1472 331 1527 altera
361 1471 607 1527 dimidia
637 1491 770 1546 pars
794 1474 862 1527 de
886 1474 1193 1545 przebenda
1216 1476 1459 1526 fratrum
1483 1471 1787 1526 canonico-

138 1577 279 1616 rum
311 1560 493 1633 hujus
524 1561 679 1617 sedis
710 1566 851 1617 erat.
888 1562 953 1616 Et
983 1562 1120 1633 quia
1170 1560 1350 1616 altare
1403 1578 1517 1615 non
1568 1564 1790 1631 poterat

136 1648 327 1704 dividi
353 1648 479 1722 lege
510 1649 1233 1723 supradicta,tradidimus
1265 1654 1577 1719 utrumque
1610 1649 1786 1702 dona-

135 1738 303 1793 tione
351 1739 673 1803 communi,
724 1743 1015 1810 quatenus
1058 1738 1128 1793 de
1176 1736 1284 1792 hac
1335 1737 1543 1808 pietate
1584 1737 1789 1791 fratres

133 1825 587 1899 praesentialiter
618 1826 674 1882 in
704 1827 1045 1883 memoriam
1062 1827 1367 1896 reducant,
1384 1830 1667 1897 quantum
1687 1841 1789 1896 pro

135 1916 300 1971 bona
321 1914 618 1971 voluntate
643 1916 1027 1987 omnipotenti
1050 1916 1163 1971 Deo
1189 1932 1290 1987 pro
1320 1914 1486 1969 nobis
1509 1914 1789 1969 instanter

135 2003 480 2077 supplicare
511 2003 1052 2059 debeant.Petimus
1071 2004 1321 2076 denique
1343 2008 1399 2058 et
1420 2004 1789 2058 obsecrantes

134 2092 530 2165 deprecamur
558 2109 961 2149 successorum
991 2096 1323 2148 nostrorum
1357 2096 1657 2163 paternam
1689 2090 1786 2144 be-

137 2179 625 2248 nevolentiam,ut
646 2182 765 2236 haec
789 2186 1002 2237 nostrae
1026 2181 1316 2253 largitatis
1365 2179 1578 2235 oblatio
1621 2179 1788 2234 firma

135 2270 429 2326 habeatur
458 2274 512 2325 et
544 2274 686 2335 rata,
722 2270 894 2325 sicuti
927 2276 983 2324 et
1013 2269 1123 2341 ipsi
1157 2286 1390 2341 quoque
1421 2287 1529 2325 sua
1558 2269 1787 2323 decreta

136 2356 519 2414 cnnstituturi
534 2362 673 2413 sunt
685 2375 913 2414 servare
928 2358 1513 2430 perenniterillibata;
1538 2358 1785 2413 scientes

138 2446 348 2521 procul
380 2446 559 2503 dubio
594 2464 653 2502 se
685 2448 766 2502 ita
792 2464 893 2519 pro
923 2447 1074 2503 bona
1103 2447 1397 2502 voluntate
1419 2462 1788 2501 remuneran-

136 2535 451 2607 dos,sicuti
474 2553 577 2608 pro
602 2536 928 2592 temeritate
946 2553 1145 2591 eorum
1171 2552 1297 2607 qua:
1322 2552 1424 2608 pro
1455 2536 1785 2590 animarum

135 2625 402 2681 remedio
434 2624 751 2681 constituta
782 2624 1020 2691 sunt,ab
1052 2628 1287 2680 auctore
1321 2622 1520 2679 mundi
1553 2623 1786 2695 gravius

138 2712 489 2788 puniendos.
522 2712 595 2768 Ut
625 2716 821 2769 autem
853 2713 973 2769 haec
1007 2718 1215 2768 nostra:
1265 2712 1599 2768 traditionis
1645 2728 1785 2767 con-

136 2802 329 2859 cessio
353 2801 412 2857 in
436 2801 649 2857 futuris
670 2801 1035 2874 temporibus
1050 2801 1643 2856 ﬁrmiorbabeaturac
1657 2816 1783 2871 per-

138 2888 654 2964 petualiterillaesa
677 2895 1075 2957 conservetur,
1110 2907 1286 2945 manu
1337 2890 1601 2944 omnium
1646 2888 1783 2942 fide-

134 2979 283 3035 lium
313 2983 643 3035 nostrorum
667 2995 791 3034 eam
816 2978 1172 3034 corroborari
1195 2978 1525 3044 fecimus,et
1548 2976 1791 3031 auctori-

133 3068 273 3124 tatis
308 3072 517 3123 nostrze
548 3067 955 3139 gratiadurare
989 3084 1091 3140 per
1114 3067 1489 3123 succedentia
1520 3070 1785 3138 tempora

135 3142 533 3213 decernimus.

205 3247 330 3319 Ego
375 3246 570 3302 Bruno
616 3244 895 3318 indignus
967 3245 1275 3317 episcopus
1330 3261 1506 3301 manu
1554 3232 1786 3316 propria

139 3333 488 3407 subscripsi.

188 3418 445 3495 'Signum
474 3423 711 3479 Gibuini
735 3422 1071 3495 primicerii.

206 3514 445 3582 Signum
474 3512 738 3568 Dudonis
769 3510 1147 3568 Virdunensis
1182 3509 1494 3582 primicerii

205 3602 441 3673 Signum
469 3600 719 3657 Ulderici
755 3600 976 3656 archid.

209 3692 445 3763 Signum
470 3688 735 3763 Ebydrici
770 3687 969 3746 archid

205 3780 441 3850 Signum
469 3777 609 3834 item
641 3776 890 3833 Udelrici
920 3775 1140 3831 archid.

209 3867 447 3939 Signum
478 3865 763 3921 Lamberti
798 3864 1016 3920 archid.

204 3958 444 4027 Signum
473 3953 761 4010 Benzelini
793 3952 1012 4009 archid.

202 4046 438 4117 Signum
470 4042 752 4099 Geberoni
784 4042 1007 4098 archid.

203 4133 440 4205 Signum
470 4130 763 4187 Lanzelini
797 4129 1026 4186 archid.

211 4222 363 4278 Data
390 4238 509 4277 xvu
540 4218 998 4286 Kal.Julii,anuo
1031 4220 1104 4275 ab
1134 4217 1532 4273 incarnatione
1554 4214 1788 4272 Domini

141 4308 305 4377 1034,
335 4309 654 4366 indictione
686 4326 749 4379 xl,
778 4325 931 4364 anno
962 4326 1093 4364 vero
1123 4307 1321 4363 domni
1353 4305 1601 4363 Conradi
1641 4304 1791 4377 regis

141 4398 438 4470 x,imperii
473 4398 1098 4469 nono,pontif.quoque
1132 4395 1336 4451 domni
1358 4394 1647 4451 Brunonis
1666 4410 1788 4461 VIII,

144 4488 362 4544 comite
394 4486 686 4543 Rainardo
709 4485 963 4557 juniore.

168 4630 177 4637 .
212 4577 334 4649 Ego
390 4574 729 4632 Harduinus
786 4575 1058 4631 sacerdos
1101 4579 1155 4630 et
1187 4592 1344 4630 mon.
1369 4576 1544 4645 jussu
1571 4571 1792 4629 domini

149 4664 385 4721 abbatis
410 4664 630 4720 Vidrici
659 4664 868 4735 scripsi

212 4756 355 4810 Acta
382 4752 550 4810 'l‘ullo
576 4753 636 4808 in
658 4751 917 4826 plenaria
939 4753 1179 4825 synodo.

942 4849 990 4914 ΙῙ

153 4949 337 5004 Bruno
373 4947 638 5003 Tullensis
669 4948 921 5002 Ecclesiae
962 4949 1245 5018 episcopus
1293 4951 1570 5004 consecrat
1615 4951 1796 5003 orato-

611 5020 760 5074 rium
787 5020 1129 5075 Bertiniacav
1155 5021 1346 5075 curtis.

770 5107 964 5177 (Anno
995 5107 1178 5178 4036.)

153 5193 413 5265 [Perard,
462 5196 687 5267 Recueit
726 5194 790 5250 de
832 5194 1069 5251 diversas
1116 5198 1291 5267 piece:
1338 5202 1554 5267 sentam
1581 5198 1613 5249 ὰ
1645 5195 1795 5250 l’his-

492 5268 629 5322 toire
657 5266 722 5321 de
755 5266 1268 5339 Bourgogne,pag.
1307 5266 1451 5335 185.]

224 5373 286 5441 In
338 5373 573 5430 nomine
630 5372 728 5428 Dei
776 5372 1218 5445 omnipotentis,
1265 5372 1499 5427 nomine
1528 5370 1796 5442 triplicis,

162 5460 403 5520 numine
433 5459 945 5535 simplicismnuno
964 5459 1208 5516 humilis
1230 5460 1547 5515 Leucorum
1574 5459 1797 5531 episco-

161 5562 292 5621 pus,
325 5548 427 5605 Dei
458 5550 632 5617 dono,
658 5548 715 5605 id
744 5550 899 5622 quod
932 5554 1039 5605 est.

190 5636 462 5719 (Noverit
513 5636 806 5713 industria
862 5636 1129 5719 ﬁdelium
1158 5635 1415 5719 Christi,
1464 5638 1584 5711 tam
1616 5634 1794 5713 futuri

154 5713 436 5802 temporis
465 5742 642 5800 quam
674 5713 1163 5800 praesentiaqued
1191 5713 1313 5783 vice
1344 5723 1598 5799 quadam
1631 5723 1792 5796 dum,

480 5852 743 5920 Panos.
791 5851 1054 5921 CXLIII.

1903 676 2359 745 ambularemus,
2394 680 2636 751 contigit
2668 698 2773 737 nos
2808 682 2963 753 apud
2996 681 3385 737 Bertiniacam
3431 680 3543 736 cel-

1903 764 2019 819 lam
2051 765 2330 837 hospitari
2365 786 2499 824 cum
2531 770 2824 826 ﬁdelibus.
2862 772 3061 842 Itaque
3092 786 3157 827 oo
3198 770 3307 826 loci
3360 769 3545 825 domi-

1904 870 2014 907 nus
2044 854 2224 910 abbas
2256 856 2637 924 Divionensis,
2673 858 3025 915 Halinardus
3058 859 3292 915 nomine
3331 858 3542 927 dictus,

1902 942 2070 1012 cujus
2102 943 2247 999 cella
2278 944 2378 1000 illa
2410 945 3043 1020 in'tererat,pariterque
3064 948 3320 1004 domnus
3341 947 3541 1019 abbas,

1899 1029 2210 1086 Vuidricus
2239 1038 2453 1102 noster,
2495 1035 2563 1090 de
2611 1036 2870 1091 coenobio
2916 1038 3105 1092 sancti
3156 1037 3318 1109 Apri,
3367 1036 3542 1092 ambo

1900 1121 2330 1176 conversatione
2357 1122 2697 1195 laudabiles,
2730 1142 3046 1181 convenere
3084 1125 3274 1197 gratia
3323 1124 3533 1181 nostri.

1904 1206 2075 1261 Porro
2107 1208 2267 1263 locus
2300 1209 2392 1264 ille
2422 1212 2565 1266 satis
2590 1211 2881 1282 eleganter
2902 1213 3001 1267 Dei
3028 1214 3261 1269 servitio
3307 1214 3540 1271 exstite-

1903 1300 1992 1349 rat
2006 1302 2376 1352 constructus
2392 1304 2445 1353 et
2466 1300 2846 1356 dedicationis
2860 1302 3261 1358 benedictione
3273 1304 3536 1359 nondum

1904 1385 2189 1449 munitus,
2222 1391 2298 1452 et,
2331 1388 2483 1457 quod
2517 1389 2684 1443 nobis
2709 1390 3327 1462 gratius,diseiplinate
3357 1408 3391 1446 a
3415 1408 3536 1447 mo-

1903 1472 2107 1527 nachis
2136 1474 2420 1546 religiosis
2442 1476 2821 1531 incolebatur.
2840 1478 3019 1548 Igitur
3048 1479 3267 1550 praefati
3299 1479 3536 1535 abbates

1902 1560 2194 1631 petierunt
2253 1562 2396 1617 illud
2460 1581 2563 1619 nos
2618 1566 2883 1620 dedicare
2942 1566 3280 1635 oratorium,
3340 1570 3542 1638 utpote

1900 1649 2198 1704 ecclesiam
2236 1657 2443 1705 nostra:
2491 1653 2759 1709 dioecesis
2808 1658 2864 1708 et
2919 1654 3236 1725 regiminis.
3287 1657 3543 1721 Quorum

1900 1738 2209 1793 annuendo
2238 1740 2392 1810 preci
2424 1740 2786 1812 explevimus
2818 1743 2971 1815 quod
2996 1744 3180 1798 nostri
3202 1747 3328 1799 erat
3347 1742 3542 1801 officii.

1900 1824 2191 1882 Ordinatis
2242 1845 2369 1883 vero
2426 1829 2495 1883 de
2526 1830 2741 1901 quibus
2797 1830 3321 1904 interpellabamur
3367 1832 3544 1888 rebus

1822 1953 1868 2016 Β
1903 1915 2196 1978 omnibus,
2227 1916 2498 1971 consultu
2532 1917 2795 1973 fidelium
2824 1919 3168 1974 commorati
3214 1936 3423 1976 sumus
3474 1923 3542 1976 ut

1899 2007 2164 2059 sanctum
2197 2004 2411 2059 Christi
2442 2011 2754 2078 martyrem
2782 2006 3307 2079 Benignum,cujus
3328 2007 3536 2064 honori

1898 2091 2059 2146 illum
2093 2092 2451 2149 sacravimus
2481 2094 2692 2163 locum,
2726 2095 2927 2166 quavis
2962 2096 3274 2152 donatione
3304 2100 3533 2153 susten-

1896 2184 2153 2237 taremus
2184 2186 2470 2253 quatenus
2501 2199 2603 2254 per
2622 2183 2731 2239 hoc
2754 2185 3114 2240 stabiliretur
3141 2184 3287 2240 inibi
3308 2200 3531 2240 memo-

1897 2268 2037 2324 riale
2085 2272 2288 2338 nostri,
2340 2277 2392 2326 et
2441 2272 2553 2325 vivi
2609 2277 2664 2327 et
2710 2273 2988 2329 defuncti.
3037 2274 3146 2330 Diu
3176 2290 3313 2345 ergo
3354 2288 3533 2345 super

1895 2355 1987 2412 his
2020 2358 2438 2414 meditantibus
2468 2376 2573 2415 nec
2604 2360 2677 2415 ad
2727 2378 2938 2417 manus
2971 2362 3127 2433 quod
3166 2362 3293 2417 dari
3340 2364 3537 2433 posset

1896 2445 2117 2501 celebre
2148 2446 2498 2503 habentibus
2528 2452 2871 2521 suggestum
2917 2455 3006 2505 est
3054 2448 3265 2506 altaria
3293 2450 3364 2506 de
3393 2450 3537 2507 dua-

1895 2534 2007 2588 bus
2036 2533 2318 2601 ecclesiis,
2352 2552 2476 2607 quce
2498 2542 2665 2592 erant
2686 2539 2871 2594 sancti
2895 2538 3190 2606 illius,sub
3221 2541 3421 2596 nostra
3459 2536 3540 2593 di-

1897 2622 2052 2677 tione
2084 2624 2333 2694 pendere
2365 2624 2605 2698 darique
2636 2627 2913 2698 possibile
2953 2631 3152 2683 nostro
3202 2625 3542 2683 consisteret

1896 2710 2062 2765 velle.

1966 2799 2076 2854 Sed
2106 2800 2244 2871 quia
2274 2818 2364 2855 res
2396 2802 2733 2873 perspicuas
2765 2819 2914 2875 smpe
2945 2804 3227 2875 contingit
3280 2804 3535 2875 quadam

1896 2888 2209 2943 dubietatis
2246 2889 2491 2961 caligine
2522 2890 2814 2963 impediri,
2845 2893 3190 2948 verebamur
3234 2909 3307 2948 ne
3353 2891 3532 2960 illata,

1897 2976 2092 3031 subita
2124 2983 2178 3030 et
2206 2977 2533 3033 indiscussa
2564 2979 2799 3035 donatio
2831 2980 3197 3037 contraheret
3224 2979 3285 3036 in
3341 2984 3533 3053 poste-

1896 3083 2026 3120 rum
2060 3065 2279 3137 aliquid
2312 3066 2530 3121 sinistri
2555 3070 2614 3122 et
2633 3084 2704 3122 ne
2731 3068 2893 3124 fieret
2914 3070 3266 3142 quandoque
3290 3070 3538 3125 semina-

1895 3154 2049 3209 rium
2082 3154 2338 3210 scandali
2370 3157 2491 3223 ;sed
2516 3156 2795 3228 quoniam
2818 3156 2962 3230 legis
2988 3158 3259 3230 praesidio
3281 3160 3338 3214 et
3356 3157 3534 3229 aequi-

1896 3244 2034 3298 tatis
2083 3242 2246 3298 lance
2302 3242 2360 3298 id
2392 3244 2577 3299 facere
2600 3245 2978 3312 conabamur,
3012 3247 3249 3302 statutis
3278 3245 3531 3301 induciis

1813 3316 1856 3381 C
1900 3330 2241 3387 distulimus
2271 3332 2424 3403 quod
2460 3334 2656 3387 sedem
2686 3338 2945 3389 nostram
2972 3338 3384 3406 repeteremus.
3417 3334 3531 3390 De-

1893 3420 2071 3491 nique
2098 3421 2493 3491 postmodum,
2528 3438 2644 3476 una
2672 3421 2920 3490 dierum,
2956 3422 3256 3478 convocari
3286 3421 3534 3479 fecimus

1894 3508 2074 3563 nostri
2103 3508 2239 3563 cleri
2272 3508 2602 3575 concilium,
2636 3510 2807 3580 cujus
2836 3510 2895 3564 in
2945 3510 3207 3565 medium
3258 3510 3536 3567 recitatur

1897 3597 2095 3669 petitio
2124 3597 2401 3653 abbatum
2425 3598 3137 3670 praadictorumﬂelatum
3161 3603 3249 3657 est
3268 3598 3538 3663 omnium

1896 3684 1996 3756 qui
2055 3686 2295 3741 aderant
2350 3686 2593 3742 concilio
2650 3686 2709 3743 id
2767 3704 2870 3743 nec
2920 3689 3119 3761 perfici
3150 3705 3256 3745 nec
3288 3687 3539 3745 stabiliri

1895 3791 2065 3847 posse
2089 3774 2309 3846 absque
2331 3776 2697 3831 testamentis
2714 3776 2989 3849 utrinque
3004 3793 3138 3833 cum
3152 3776 3537 3850 chirographo

1898 3864 2133 3919 notatis.
2167 3862 2385 3919 Horum
2414 3863 2668 3930 1aude,et
2693 3864 2968 3937 petitione
2992 3870 3048 3921 et
3077 3866 3296 3921 arctius
3317 3864 3539 3923 ceteris

1898 3953 2111 4007 domno
2144 3952 2349 4008 abbate
2379 3952 2651 4008 Vuidrico
2684 3954 3373 4023 insistente,donavimus
3406 3970 3537 4010 san-

1899 4046 1991 4096 cto
2024 4040 2273 4113 Benigno
2298 4042 2415 4096 duo
2445 4037 2671 4106 altaria,
2701 4041 2965 4097 videlicet
2995 4042 3066 4097 de
3108 4041 3293 4098 Solvis
3342 4044 3540 4098 monte

1900 4134 1957 4185 et
1987 4129 2232 4185 Volferei
2252 4134 2504 4195 curte,eo
2531 4129 2773 4185 rationis
2794 4133 2992 4186 tenore
3010 4131 3273 4202 quandiu
3294 4130 3439 4187 inibi
3459 4146 3545 4188 re-

1900 4217 2183 4291 gulariter
2232 4216 2624 4274 celebraretur
2668 4220 2810 4274 ordo
2856 4219 2982 4274 vitae
3031 4219 3407 4289 monasticae;
3451 4219 3549 4281 sin.

1900 4323 2090 4373 secus,
2125 4307 2424 4379 quoniam,
2458 4306 2603 4378 prob
2629 4306 2832 4363 dolor!
2868 4312 3134 4381 potentes
3163 4308 3360 4365 saeculi
3398 4307 3546 4364 tales

1902 4413 2017 4450 non
2031 4395 2381 4467 suntquales
2412 4400 2545 4450 ante
2567 4395 2749 4450 habiti
2778 4397 2992 4463 sunt,si
3016 4398 3211 4453 forsan
3233 4399 3543 4469 episcopus

1902 4484 2283 4556 Singonensis
2316 4501 2416 4555 per
2445 4483 2783 4555 cupiditatis
2812 4483 3000 4540 zelum
3026 4486 3232 4542 usibus
3252 4486 3375 4541 suis
3396 4484 3543 4540 illud

1902 4572 2161 4644 rapuerit
2191 4572 2631 4639 monasterium,
2666 4572 2804 4638 sive,
2849 4571 3035 4643 pulsis
3082 4572 3288 4628 exinde
3335 4587 3546 4628 mona-

1821 4682 1868 4745 D
1902 4661 2028 4717 cbis
2061 4660 2742 4733 regularibus,pomposa
2771 4660 3126 4716 saecularitas
3148 4661 3303 4718 idem
3336 4662 3542 4718 subin-

1892 4749 2126 4821 troierit
2169 4750 2520 4815 emnobium,
2570 4750 2691 4805 haec
2723 4748 2948 4817 altaria,
2983 4748 3067 4804 illi
3099 4749 3367 4806 Ecclesiae
3404 4766 3542 4807 con-

1903 4856 2070 4895 cessa
2117 4839 2242 4894 sine
2288 4838 2407 4893 ulla
2457 4839 2870 4906 controversia,
2901 4840 3123 4910 absque
3148 4840 3553 4913 apostrOphali

1902 4928 2261 5001 garrulitate,
2326 4927 2384 4982 in
2445 4933 2707 4983 nostram
2769 4930 3007 4984 redeant
3064 4933 3437 5000 potestatem.
3478 4931 3553 4988 Et

1905 5018 2045 5090 quia
2088 5017 2402 5073 thesaurus
2452 5034 2649 5072 rerum
2702 5018 2967 5073 omnium
3018 5020 3299 5075 memoria
3339 5025 3448 5087 est,
3482 5036 3555 5077 ne

1907 5106 2121 5179 posteri
2172 5106 2354 5161 nostri
2404 5105 2523 5161 ullo
2580 5107 3037 5177 perturbationis
3086 5125 3279 5166 errore
3334 5126 3555 5183 praape-

1910 5195 2166 5259 diantur,
2202 5194 2299 5249 sed
2334 5194 2635 5250 conventio
2666 5194 2779 5249 ista
2810 5196 2937 5251 sine
2965 5196 3253 5253 velamine
3284 5198 3408 5254 fieri
3440 5197 3557 5254 illis

1908 5289 2110 5356 aperta
2166 5282 2467 5351 reveletur,
2528 5281 2649 5336 haec
2698 5288 3046 5341 testamenta
3092 5286 3151 5340 in
3215 5286 3553 5342 alterutram

1908 5377 2131 5445 partem
2166 5370 2553 5443 chirographo
2586 5375 2788 5428 notare
2822 5372 3085 5440 fecimus,
3120 5379 3184 5428 ut
3212 5373 3551 5444 comproba-

1906 5461 2063 5516 tione
2093 5460 2213 5515 veri
2239 5459 2561 5516 testimonii
2587 5460 2664 5515 sit
2690 5462 3025 5517 tenentibus
3054 5466 3110 5516 et
3132 5461 3333 5519 tollere
3354 5459 3549 5515 volen-

1908 5549 2078 5604 tibus
2111 5549 2357 5604 idoneus
2383 5548 2739 5605 defensionis
2764 5549 2948 5606 locus.

1982 5637 2231 5710 Signum
2259 5637 2557 5709 Brunonis
2586 5638 2900 5709 pontificis,
2935 5653 3108 5692 manu
3158 5636 3400 5709 propria
3444 5635 3551 5691 hoc

1903 5728 2322 5784 testamentum
2353 5726 2754 5784 conﬁrmantis
2781 5743 2795 5794 ;
2830 5722 3095 5782 S.domni
3126 5723 3368 5785 abbatis
3395 5720 3554 5781 Hali-

3148 5853 3230 5915 19
