3898 6356
350 391 469 464 587

1413 386 1477 448 S.
1523 384 1799 446 LEONIS
1843 380 1920 443 IX
1962 378 2188 441 ΡΑΡᾸΞ
2232 379 2662 442 OPUSCULA.

3651 371 3776 435 588

349 523 510 578 nardi
539 540 552 589 ;
585 521 645 576 S.
681 519 942 590 Gregorii
973 499 1220 591 praefata
1249 519 1404 574 cella
1431 518 1692 590 "prioris;
1729 517 1783 570 S.
1837 513 1975 566 \‘ui-
2005 513 2058 576 Α
2089 530 2219 566 cum
2254 513 2556 566 duodecim
2589 510 2842 567 denariis
2871 513 2942 566 de
2971 511 3136 578 ﬁsco,
3165 513 3226 565 et
3255 504 3590 579 mancipiis
3643 505 3772 561 Gri-

351 611 492 666 drici
525 608 788 674 abbatis;
822 609 879 662 S.
909 607 1161 662 Hunaldi
1188 607 1448 672 abbatis;
1479 613 1534 660 S.
1583 603 1817 660 Gibuini
1867 603 1983 673 pri-

354 698 614 765 micerii;
649 698 708 752 S.
742 693 1020 750 Vualterii
1051 693 1254 750 decani
1283 712 1296 760 ;
1327 695 1384 749 S.
1420 693 1703 748 Odelbrici
1738 691 1983 756 archid.;

356 787 418 843 S.
474 783 722 841 Lietardi
775 783 1034 850 archid.;
1091 781 1375 836 Gelizonis
1427 781 1688 848 archid.;
1747 780 1805 834 S.
1849 779 1988 832 Her-

360 875 508 931 berti
540 873 799 939 archid.;
853 871 910 926 8.
955 870 1213 925 Vuidrici
1261 869 1528 936 archid.;
1580 869 1638 923 S.
1698 865 1990 922 Lamberti

363 961 584 1029 archid,
611 978 626 1030 ;
659 961 717 1016 S.
748 959 1022 1031 Stephani
1053 958 1274 1013 archid.
1299 975 1314 1025 ;
1343 955 1700 1026 S.Rodulphi
1731 953 1987 1021 archid.;

359 1055 414 1106 S.
474 1047 723 1105 Beselini
769 1046 1027 1114 archid.;
1075 1049 1132 1101 S.
1166 1046 1454 1118 Raynardi
1503 1043 1765 1113 eiusdem
1793 1041 1990 1096 civita-

357 1139 435 1195 tis
465 1135 730 1203 comitis;
782 1136 840 1190 S.
889 1134 1150 1206 Hugonis
1201 1134 1398 1190 fratris
1447 1131 1644 1187 domni
1693 1129 1988 1202 episcopi;

358 1228 415 1283 S.
449 1224 680 1282 Milonis
707 1242 719 1292 ;
746 1227 801 1278 S.
832 1223 1193 1290 Bruchardi;
1237 1226 1292 1276 S.
1343 1220 1659 1292 Stephani;
1709 1223 1762 1272 S.
1816 1219 1988 1272 Boso-

356 1315 485 1381 nis;
549 1313 658 1384 sig.
724 1311 972 1368 Heinrici
1029 1309 1324 1376 advocati;
1387 1310 1444 1365 S.
1505 1307 1610 1362 ﬁlii
1666 1307 1794 1376 ejus
1843 1305 1990 1374 Sigi-

359 1403 386 1458 f
387 1400 514 1457 ridi.

431 1489 616 1560 Igitur
649 1486 1276 1559 quoniam,secundum
1309 1482 1886 1555 Apostolum,«nobis
1909 1487 1994 1536 est

362 1577 679 1632 videndum
722 1575 1010 1646 quomodo
1061 1577 1227 1629 caute
1275 1572 1664 1635 ambulemus,
1717 1571 1992 1640 quoniam

363 1665 489 1721 dies
515 1663 653 1720 mali
685 1668 840 1728 sunt,
873 1685 899 1711 ››
946 1662 1102 1718 hunc
1147 1678 1382 1718 sensum
1415 1661 1484 1714 de
1538 1660 1665 1714 istis
1713 1659 1992 1714 altaribus

364 1770 478 1810 non
512 1753 924 1824 perdonamus,
965 1751 1063 1806 sed
1111 1767 1216 1822 pro
1265 1749 1450 1804 solida
1499 1748 1780 1804 vestitura
1825 1747 1992 1802 nobis

2100 604 2292 655 maldo
2324 609 2380 656 et
2417 617 2587 654 uxore
2612 601 2738 667 ejus
2770 615 2833 654 ac
2856 599 2994 655 ﬁliis
3015 599 3228 668 ejus,et
3252 592 3774 663 Roberto.Medie-

2096 693 2273 742 tatem
2310 688 2561 742 ecclesia
2594 689 2664 743 de
2694 687 3124 744 Domno-Petro
3155 685 3774 758 (Dampime,présen-

2099 783 2294 830 tamen:
2322 777 2375 831 la
2399 778 2571 831 Potite
2600 776 2892 847 Martigny)
2923 791 3059 830 eum
3091 790 3300 830 manso
3333 789 3482 840 uno,
3507 777 3572 827 et
3589 774 3774 837 terra,

2099 879 2154 926 et
2189 881 2364 942 prato.
2397 873 2762 928 Medietatem
2793 871 3047 928 ecclesia
3077 872 3149 928 de
3169 868 3476 927 Aureliani
3506 867 3778 924 mansio-

2101 961 2276 1016 nibus
2308 961 2733 1031 (Oreilmaison).
2767 959 3086 1016 Ecclesiam
3114 957 3652 1016 Totelenei-curtis
3686 956 3776 1010 1'0-

2101 1049 2392 1120 laincourt)
2425 1065 2557 1103 cum
2589 1048 2896 1104 duodecim
2930 1047 3188 1104 denariis
3220 1047 3293 1102 de
3333 1046 3486 1101 ﬁsco
3537 1049 3603 1100 et
3655 1059 3774 1100 uno

2100 1137 2500 1208 receptorio,et
2525 1153 2658 1192 cum
2692 1135 2998 1207 mancipiis
3026 1133 3325 1192 Joseleino
3357 1137 3416 1190 et
3447 1131 3776 1202 Haimona,

2101 1242 2232 1280 cum
2267 1225 2542 1281 fratribus
2571 1229 2626 1280 et
2655 1223 2956 1280 sororibus
2985 1240 3188 1280 eorum
3235 1221 3659 1294 uxoribusque
3707 1237 3777 1277 ac

2101 1322 2256 1387 ﬁliis,
2291 1327 2346 1377 et
2375 1322 2692 1376 Humberto
2723 1338 2860 1377 cum
2889 1320 3108 1377 liberis.
3145 1319 3476 1376 Ecclesiam
3505 1316 3776 1376 Seivilla

2101 1428 2232 1465 cum
2266 1410 2603 1481 receptorio.
2640 1410 2705 1464 Et
2734 1409 3042 1464 duodecim
3077 1407 3336 1464 denariis
3371 1407 3448 1462 de
3479 1405 3776 1463 ﬂsco.Ec-

2100 1497 2336 1553 clesiam
2371 1498 2632 1552 Madonis
2655 1497 2965 1564 villa,cum
2998 1495 3259 1568 quinque
3281 1493 3494 1550 solidis
3522 1495 3602 1550 de
3627 1494 3777 1550 ﬁsco

2099 1593 2152 1640 et
2183 1587 2421 1640 totidem
2458 1585 2666 1640 modiis
2697 1601 2909 1651 avena,
2942 1589 3001 1640 et
3030 1599 3166 1639 cum
3197 1582 3428 1655 capella
3479 1581 3777 1638 Morleni-

2099 1676 2280 1728 curtis
2311 1675 2738 1744 tlhn‘ldiﬂt‘Ottﬂ,
2773 1678 2830 1728 et
2866 1688 3001 1728 cum
3051 1671 3244 1728 tribus
3291 1670 3655 1743 receptoriis
3716 1668 3779 1725 in

2102 1781 2272 1826 anno,
2307 1769 2361 1817 et
2395 1761 2700 1833 mancipiis
2733 1761 3214 1827 Rainl‘redo,cum
3243 1775 3422 1815 uxore
3455 1763 3517 1815 et
3539 1757 3779 1822 liberis,

363 1841 661 1912 υοινίδειυο
682 1839 1116 1930 δυοθθδξοτίβυε
1137 1837 1582 1930 ΡθΓ-εοίνεῗηάυξη
1601 1852 1985 1930 “flava-"1113-
2016 1866 2064 1930 B
2099 1851 2270 1906 terris
2302 1857 2357 1906 et
2387 1851 2589 1921 pratis.
2625 1850 2994 1904 Medietatem
3025 1847 3284 1903 ecclesia
3328 1844 3781 1902 Ciricis-curtis

360 1930 504 1985 Cum
535 1933 730 1984 autem
763 1927 1067 2000 contigerit
1095 1943 1162 1981 ca
1191 1925 1422 1980 vicariis
1455 1925 1702 1990 viduari,
1738 1928 1988 1996 potesta-

358 2021 472 2073 tem
525 2015 706 2070 libere
763 2015 1080 2082 obtineant,
1141 2015 1266 2069 sine
1325 2019 1593 2084 respectu
1652 2012 1908 2084 episcopi
1941 2018 1999 2066 et

359 2103 770 2170 archidiaconi,
803 2103 949 2158 alios
979 2103 1318 2174 imponendi
1349 2107 1404 2157 et
1435 2101 1548 2156 illis
1579 2119 1646 2157 ea
1687 2100 1994 2155 vendendi.

427 2192 568 2246 Acta
593 2193 731 2244 sunt
758 2187 878 2243 hac
906 2187 1081 2253 Tulli,
1119 2189 1176 2242 in
1220 2187 1484 2260 plenaria
1532 2187 1750 2259 synodo
1800 2187 2002 2241 habita

363 2295 464 2336 VIII
495 2279 634 2333 Idus
663 2277 948 2344 Octobris,
979 2276 1119 2333 luna
1143 2294 1268 2346 xm,
1291 2282 1489 2348 epacta
1523 2277 1728 2348 prima,
1764 2291 2002 2330 concur-

370 2369 534 2421 rente
578 2382 655 2433 ιν,
701 2365 978 2432 bissexto,
1025 2381 1176 2420 anno
1227 2365 1638 2420 incarnationis
1693 2363 2002 2418 Dominica

380 2453 539 2524 1036,
563 2451 881 2509 indictione
904 2469 977 2520 v;
1011 2467 1162 2508 anno
1193 2451 1353 2524 regni
1386 2451 1672 2506 Chonradi
1721 2469 1842 2518 XIII,
1894 2451 2002 2506 im-

377 2541 522 2616 perii
549 2557 682 2598 vero
709 2558 766 2596 x.

447 2631 565 2702 Ego
595 2629 874 2686 Dizilinus
894 2628 1576 2699 cancellarius,indignus
1606 2629 1776 2683 levita
1797 2629 2007 2684 domus

372 2719 558 2777 sancti
588 2717 888 2790 Stephani,
921 2717 1125 2789 scripsi
1157 2723 1212 2773 et
1242 2717 1470 2790 publice
1501 2717 1692 2788 relegi.

1156 2825 1225 2878 Ill

377 2917 584 2984 Bruno,
616 2915 882 2970 Tullensz’s
912 2915 1210 2984 (episcopus,
1233 2913 1611 2984 laudationem
1639 2915 1917 2983 prioratus
1949 2911 2012 2967 de

695 2983 989 3053 Daguliaeo
1011 2985 1107 3054 (de
1135 2983 1380 3055 Deuilly)
1410 2985 1710 3053 conﬁrmat.

1009 3073 1197 3142 (Anno
1234 3071 1386 3140 1044)

490 3162 662 3226 [Dum
691 3159 928 3228 Calmet,
959 3161 1194 3215 Histoire
1210 3159 1276 3213 de
1292 3159 1620 3224 Lorraz'ne,l.
1657 3160 1902 3228 Preuvcs,

1056 3230 1342 3302 pag.4l7.]

452 3337 514 3394 In
547 3337 780 3392 nomine
809 3341 1020 3392 sancta
1053 3339 1109 3392 et
1138 3335 1450 3390 individua
1473 3336 2008 3404 Trinitatis,Patris,

376 3430 432 3481 et
477 3425 626 3492 Filii,
683 3430 741 3481 et
787 3425 1036 3496 Spiritus
1085 3424 1292 3490 sancti,
1341 3425 1532 3478 Bruno
1580 3423 1757 3496 episc.
1793 3425 2008 3481 Divina

374 3513 518 3585 legis
547 3517 829 3586 praecepto
859 3529 1300 3569 commonemur
1337 3513 1554 3567 bonum
1589 3511 1860 3569 facientes
1893 3531 2006 3569 non

373 3603 636 3668 deﬁcere,
667 3602 768 3658 sed
800 3601 870 3654 de
894 3601 984 3656 die
1013 3601 1073 3656 in
1105 3601 1258 3656 diem
1290 3605 1625 3655 sanctorum
1657 3601 1783 3656 loca
1811 3619 2004 3658 accre-

373 3690 608 3756 scendo,
637 3689 849 3744 Christi
881 3693 1170 3743 annuente
1200 3688 1470 3760 gratia,in
1503 3687 2004 3760 eleemosynarum

372 3775 642 3848 largitate
673 3777 948 3848 proﬁcere
978 3793 1079 3848 pro
1109 3775 1352 3830 viribus.
1389 3777 1588 3848 Itaque
1618 3777 1842 3832 noverit
1871 3778 2000 3833 uni-

370 3865 614 3921 versitas
643 3864 1024 3931 credentium,
1059 3865 1212 3934 quod
1245 3863 1528 3919 Galterius
1559 3865 1628 3919 de
1668 3865 1997 3937 Daguliaco,

367 3968 500 4008 cum
533 3952 775 4010 consilio
805 3957 862 4008 et
889 3951 1182 4008 voluntate
1212 3952 1441 4023 cujugis
1473 3969 1590 4007 sua
1622 3951 1822 4019 Adila,
1861 3971 1998 4009 con-

367 4041 712 4097 struxeritin
735 4041 976 4112 antiquo
990 4042 1077 4096 sui
1094 4041 1249 4112 juris
1265 4041 1474 4112 pradio
1493 4042 1785 4112 quoddam
1809 4059 1998 4098 cano-

363 4127 587 4184 biolum
620 4129 940 4184 monastico
969 4129 1158 4186 ordini
1186 4145 1530 4200 congruum,
1571 4129 1724 4200 quod
1758 4147 1859 4201 pro
1891 4147 2000 4186 sua

363 4232 723 4288 suorumque
753 4217 1237 4288 praedecessorum
1271 4233 1335 4270 ac
1363 4233 1765 4272 successorum
1810 4218 1996 4274 salute

362 4304 714 4360 monasterio
733 4305 923 4360 Sancti
939 4305 1068 4376 Apri
1085 4305 1143 4359 in
1158 4304 1438 4358 suburbio
1453 4303 1812 4360 Leuchorum
1834 4305 1994 4360 urbis

358 4392 468 4448 sito
501 4397 777 4465 perpetua
807 4392 1174 4464 possessione
1205 4391 1508 4446 tradiderit
1553 4392 1903 4462 subjectum,
1937 4397 1994 4448 et

356 4483 638 4553 quasdam
676 4499 798 4538 sua
817 4481 1170 4537 hareditatis
1218 4479 1488 4534 ecclesias
1537 4481 1608 4534 ad
1657 4481 1988 4536 subsidium

353 4569 600 4624 fratrum
651 4569 765 4625 Deo
807 4569 888 4624 ibi
942 4567 1316 4624 servientium
1352 4572 1626 4639 perpetuo
1659 4568 1988 4624 retinendas
2019 4580 2066 4643 D

343 4657 479 4728 jure
528 4658 716 4713 eidem
750 4657 874 4712 loco
906 4655 1270 4728 delegaverit,
1302 4661 1357 4710 et
1405 4673 1470 4710 ac
1519 4656 1985 4712 conﬁrmandum

351 4761 469 4800 sua
501 4745 831 4800 donationis
860 4744 1440 4809 testimonium,hanc
1473 4744 1732 4799 chartam
1765 4744 1820 4798 in
1845 4762 1985 4816 pra-

351 4833 539 4887 sentia
569 4838 770 4888 nostra
797 4850 929 4888 cum
962 4833 1303 4888 auctoritate
1334 4832 1650 4904 apostolica
1693 4834 1980 4888 conscribi

347 4917 484 4974 inde
507 4925 563 4972 et
593 4920 850 4974 roborari
882 4923 1098 4994 fecerit.
1131 4925 1288 4974 Inter
1319 4921 1570 4975 Francos
1597 4919 1818 4975 scilicet
1842 4921 1981 4976 Mai-

349 5005 536 5060 reium
569 5007 740 5076 (entre
768 5009 939 5062 Fruz'n
969 5017 1020 5062 et
1051 5009 1234 5078 Mare),
1287 5026 1520 5064 mansos
1567 5011 1713 5064 duos
1744 5010 1799 5064 in
1851 5011 1982 5066 dote

348 5092 607 5163 praedicti
666 5095 910 5150 ccenobii
957 5095 1233 5160 ecclesia,
1279 5114 1409 5151 cum
1458 5099 1652 5162 terris,
1707 5099 1888 5168 pratis
1926 5103 1984 5154 et

348 5180 656 5253 mancipiis
696 5183 968 5238 Durando
990 5188 1046 5239 et
1076 5201 1250 5238 uxore
1269 5185 1395 5254 ejus
1415 5185 1569 5240 bisla
1599 5190 1655 5239 et
1678 5185 1810 5239 ﬁliis
1831 5187 1977 5254 ejus.

345 5267 660 5326 Ecclesiam
696 5271 767 5326 de
808 5272 1022 5326 domno
1065 5272 1292 5326 Valerio
1324 5272 1720 5340 (Domvullier),
1767 5289 1900 5326 cum
1949 5291 1981 5326 v

345 5357 546 5414 solidis
601 5365 660 5415 et
713 5361 955 5416 dimidio
1015 5362 1084 5414 de
1139 5361 1300 5423 ﬁsco,
1361 5362 1416 5411 et
1472 5359 1686 5414 modiis
1722 5373 1978 5415 vavena

344 5459 476 5500 cum
529 5447 750 5520 capella
799 5447 1155 5504 Sirei-curtis
1206 5447 1552 5515 (δέν-ὅσοισι),
1587 5451 1642 5498 et
1671 5447 1980 5518 mancipiis

341 5529 586 5590 Thihero
646 5542 702 5592 et
749 5535 1025 5592 Durando
1075 5545 1207 5583 cum
1263 5545 1370 5582 sua
1421 5537 1620 5586 matre.
1664 5531 1977 5592 Ecclesiam

346 5614 776 5682 Matini-curtis
828 5618 1246 5696 (Morizécourt,
1303 5615 1568 5694 autrefoz's
1621 5617 1976 5710 Malsécourt)

2108 1950 2394 2019 (Xircourt)
2419 1964 2548 2001 eum
2577 1947 2893 2018 receptorio
2917 1962 3032 2000 uno
3054 1950 3110 2000 et
3133 1944 3446 2000 duodecim
3469 1943 3776 2000 denariis.

2108 2037 2421 2092 Ecclesiam
2453 2035 2647 2090 Sancti
2701 2032 3146 2089 Hilarii-montis
3190 2033 3578 2103 (Hilairmont)
3634 2048 3780 2088 cum

2109 2124 2426 2194 receptorio
2485 2139 2622 2188 uno,
2678 2126 2736 2178 et
2780 2121 3090 2177 duodecim
3130 2119 3394 2176 denariis
3423 2137 3570 2176 cum
3605 2121 3780 2176 omni

2111 2214 2326 2286 praedio
2387 2213 2442 2266 in
2501 2211 2684 2277 silvis,
2739 2210 2942 2282 pratis,
2995 2209 3168 2265 terris
3199 2207 3378 2265 cultis
3407 2213 3468 2264 et
3499 2208 3781 2274 incultis,

2112 2312 2292 2365 servis
2321 2314 2378 2364 et
2407 2308 2654 2364 ancillis.
2687 2309 2826 2363 Tres
2870 2311 3065 2380 partes
3115 2305 3375 2362 ecclesia
3432 2306 3780 2362 Faucaudi-

2113 2401 2292 2455 curtis
2341 2399 2744 2469 (Fozwaucourt)
2777 2413 2910 2451 cum
2943 2396 3174 2450 duobus
3213 2395 3564 2472 receptoriis
3595 2400 3661 2451 et
3688 2400 3779 2451 to-

2115 2489 2294 2543 tidem
2327 2485 2550 2551 solidis,
2584 2489 2638 2540 et
2669 2501 2803 2539 cum
2835 2484 3147 2540 medietate
3175 2482 3704 2555 eleemosynarum
3726 2493 3786 2540 et

2115 2573 2496 2640 oblationum,
2526 2578 2582 2628 et
2612 2589 2744 2627 cum
2777 2571 2936 2628 omni
2965 2571 3180 2642 prdio
3212 2570 3274 2626 in
3317 2570 3507 2638 silvis,
3554 2571 3782 2640 vineis,

2116 2663 2314 2736 pratis,
2350 2663 2518 2716 terris
2549 2660 2724 2716 cultis
2759 2666 2815 2716 et
2857 2658 3121 2730 incultis,
3168 2660 3354 2716 servis
3398 2664 3457 2716 et
3510 2659 3783 2716 ancillis.

2117 2751 2371 2808 Tertiam
2393 2755 2612 2822 partem
2636 2747 3041 2805 Radalli-villa
3067 2763 3203 2804 cum
3225 2749 3557 2820 receptorio
3581 2765 3712 2805 uno
3729 2753 3792 2805 et

2119 2858 2218 2896 sex
2248 2841 2583 2898 dcnarlLs.et
2613 2855 2744 2892 cum
2778 2853 2940 2892 servo
2971 2836 3220 2892 Rainero
3251 2837 3505 2910 ejusque
3535 2853 3784 2894 maneo.

2118 2937 2430 2994 Ecclesiam
2461 2941 2518 2991 et
2548 2933 3066 3004 Monasteriolo(Le
3094 2935 3407 3005 Μοωεενοί)
3439 2950 3582 2990 cum
3617 2951 3788 2992 rece-

2121 3027 2306 3100 ptorio
2336 3041 2452 3080 uno
2480 3028 2537 3079 et
2555 3039 2655 3078 sex
2682 3022 3024 3090 denariis,et
3052 3038 3190 3078 cum
3235 3038 3403 3078 servo
3433 3022 3703 3080 Rodulfo
3733 3029 3795 3080 et

2123 3130 2296 3170 uxore
2326 3130 2392 3168 ac
2419 3111 2636 3178 liberis,
2670 3127 2735 3165 ac
2763 3126 2986 3166 manso.
3019 3109 3342 3166 Ecclesiam
3364 3110 3438 3166 de
3469 3110 3792 3169 Frasnello

2042 3219 2084 3286 ρ
2124 3202 2356 3274 (Franci)
2386 3216 2518 3255 cum
2551 3198 2731 3255 servis
2755 3197 3024 3270 Josperto
3055 3203 3112 3254 et
3132 3196 3487 3286 Angelrada,
3540 3204 3606 3256 et
3639 3200 3791 3258 Ber-

2123 3291 2302 3346 nardo
2334 3305 2467 3344 cum
2501 3286 2802 3343 medietate
2831 3285 3556 3343 liberorum.Medietatem
3593 3288 3790 3346 eccle-

2121 3381 2218 3434 sia
2248 3379 2319 3434 de
2351 3377 2590 3434 Roverio
2627 3377 2857 3444 (Rouvre
2885 3391 2954 3430 en
2983 3374 3272 3446 Saintois),
3306 3378 3366 3431 et
3395 3375 3468 3432 de
3497 3375 3623 3433 alia
3655 3385 3790 3434 me-

2117 3476 2328 3532 dietate
2357 3479 2576 3530 sextam
2610 3477 2834 3545 partem
2859 3489 2995 3529 cum
3024 3472 3258 3528 duobus
3296 3473 3674 3544 receptoriis,
3728 3479 3790 3530 et

2115 3563 2446 3636 quindecim
2481 3563 2757 3627 denariis,
2788 3565 2846 3618 et
2874 3578 3008 3617 cum
3055 3559 3369 3632 mancipiis
3409 3561 3689 3619 Folberto
3722 3569 3784 3620 et

2116 3669 2290 3707 uxore
2321 3668 2386 3706 ac
2415 3649 2634 3714 liberis,
2665 3653 2723 3706 et
2753 3666 2980 3706 manso.
3014 3648 3332 3705 Ecclesiam
3363 3649 3437 3705 de
3486 3650 3782 3709 Masnillo

2113 3739 2346 3810 (Maim’l)
2397 3755 2530 3793 cum
2571 3754 2731 3793 servo
2783 3735 3067 3792 Balduino
3110 3741 3170 3792 et
3217 3753 3397 3793 uxore
3435 3753 3504 3793 ac
3534 3736 3779 3806 liberis,

2111 3845 2243 3882 cum
2270 3827 2502 3882 duobus
2551 3825 2887 3896 receptoriis
2931 3830 2989 3881 et
3017 3824 3330 3881 duodecim
3361 3825 3654 3883 denariis.
3695 3827 3780 3884 De

2109 3915 2350 3970 ecclesia
2407 3915 2595 3970 sancti
2653 3913 2856 3968 Hilarii
2912 3913 3311 3980 medietatem,
3355 3930 3493 3969 cum
3525 3915 3778 3972 duabus

2108 4003 2347 4074 capellis
2369 4003 2499 4057 Man
2510 4002 2678 4058 nonis
2697 4002 2878 4058 curtis
2895 4001 3289 4074 (Manoncour),
3305 4001 3778 4061 Girandi—curtis

2106 4101 2542 4172 (Giranwur),et
2567 4116 2730 4154 servo
2745 4099 3086 4154 Thicbaudo
3101 4115 3237 4154 cum
3255 4115 3432 4155 uxore
3452 4105 3511 4156 et
3532 4099 3769 4168 liberis,

2105 4193 2161 4245 et
2190 4189 2383 4244 hanno
2414 4186 2685 4243 territorii
2718 4186 2902 4258 ipsius
2933 4185 3189 4242 ecclesia
3221 4203 3358 4243 cum
3389 4187 3566 4244 tertia
3597 4195 3770 4260 parte

2101 4276 2598 4347 eleemosynarum
2621 4279 2676 4330 et
2697 4274 3371 4348 oblationum.Campum
3395 4276 3496 4347 qui
3530 4277 3770 4348 adjacet

2103 4363 2473 4432 monasterio,
2507 4379 2695 4434 usque
2721 4363 2791 4417 ad
2823 4361 3031 4418 silvam
3063 4379 3193 4434 qua
3224 4367 3468 4419 vocatur
3484 4364 3764 4422 Banosus

2099 4459 2155 4508 et
2183 4452 2333 4507 ultra
2362 4451 2566 4508 silvam
2599 4451 2844 4506 alterum
2877 4467 3150 4522 campum
3185 4467 3374 4523 usque
3407 4452 3483 4506 ad
3537 4452 3760 4522 rivum,

2099 4541 2396 4612 aliumque
2414 4539 2555 4594 inibi
2571 4537 2863 4594 cum'silva
2879 4539 3352 4611 apposita,quem
3373 4539 3760 4598 deditErem-

2080 4629 2296 4686 'bertus
2324 4629 2626 4701 presbyter
2657 4644 2758 4699 pro
2790 4645 2907 4682 sua
2938 4627 3150 4684 anima
3181 4627 3758 4686 remedio.Molendi-

2097 4735 2238 4773 num
2260 4734 2462 4772 versus
2479 4715 3003 4783 occidentem,cum
3024 4715 3257 4772 duobus
3275 4717 3464 4788 pratis
3477 4717 3759 4788 adjacen-

2091 4815 2272 4870 tibus.
2332 4815 2615 4884 Campum
2664 4829 2698 4867 a
2727 4812 3008 4869 Romoldo
3057 4812 3249 4870 villico
3298 4813 3532 4882 datum,
3573 4816 3757 4886 juxta

2091 4909 2273 4958 nostri
2293 4919 2349 4957 m
2379 4905 2671 4956 corvatam
2705 4900 3192 4956 situm.Mansum
3222 4901 3381 4973 apud
3409 4902 3758 4959 Mannonis-

2090 4995 2311 5046 curtem
2346 4991 2418 5044 ab
2452 4991 2734 5044 Evcrardo
2767 4990 3104 5062 presbytero
3135 4991 3364 5057 datum,
3405 5007 3547 5046 cum
3591 4996 3755 5049 terra

2089 5094 2146 5145 et
2204 5094 2365 5158 prato
2422 5087 2500 5140 ibi
2551 5087 2851 5155 adjacente
2898 5092 2956 5142 et
3007 5086 3233 5143 vincam
3288 5088 3360 5143 ab
3398 5087 3750 5145 Eremberto

2092 5178 2425 5249 presbytero
2471 5175 2688 5229 datam.
2737 5175 2904 5244 Apud
2952 5175 3363 5232 Martiniacum
3416 5176 3749 5249 (Hartigny)

2091 5270 2322 5337 pratum
2354 5264 2424 5319 ad
2458 5266 2575 5317 tres
2607 5277 2823 5333 carros,
2855 5263 3058 5319 datum
3089 5280 3192 5336 pro
3215 5265 3476 5320 remedio
3493 5263 3746 5322 Albrici.

2087 5353 2336 5408 Alodum
2367 5352 2439 5407 de
2468 5350 2697 5407 Rosolio
2729 5353 3024 5424 (Bonam)
3055 5368 3191 5408 cum
3223 5353 3408 5410 servis
3429 5357 3488 5410 et
3506 5354 3748 5412 ancillis

2087 5450 2294 5522 pratis,
2323 5447 2516 5515 terris,
2549 5447 2722 5504 cultis
2751 5453 2806 5504 et
2831 5448 3631 5521 incultis,silvis,aquis,cum
3657 5451 3744 5524 pi-

2089 5539 2345 5594 scatione
2377 5553 2494 5592 sua
2524 5535 3034 5620 partis,Albertum
3063 5553 3198 5594 cum
3229 5554 3410 5594 uxore
3430 5543 3489 5594 et
3507 5538 3742 5596 liberis.

2084 5627 2324 5687 Pratum
2347 5623 2525 5684 etiam
2548 5625 2703 5702 apud
2725 5625 3108 5687 Gimiriacum
3120 5627 3191 5685 ad
3204 5626 3520 5686 duodecim
3538 5643 3744 5688 carros
