3898 6346
117 408 234 468 589

821 405 1277 471 DIPLOMATA
1322 407 1535 468 DATA
1574 406 1780 466 ANTE
1825 403 2295 468 SUSCEPTUM
2341 406 2530 467 ROM.
2574 405 2807 469 PONT.

3390 409 3517 470 590

118 538 252 595 feni.
286 538 506 595 Praedia
534 542 687 613 apud
722 540 988 609 Bonfagit
1017 542 1270 611 (Bonfay)
1302 544 1360 594 et
1390 539 1713 595 Danvillam
1743 558 1754 601 ;
1789 540 1837 604 Α
1878 538 2074 601 bui,ad
2108 539 2577 610 supplementum
2615 539 3012 610 eleemosynze,
3034 543 3282 610 quatuor
3310 540 3516 597 altaria

119 645 293 683 usum
308 627 463 683 silva
474 629 795 700 adjacentis
808 634 995 684 castro
1010 647 1136 694 suo,
1158 630 1439 683 concessit
1458 628 1759 683 monachis

118 715 573 788 hominibusque
601 718 686 772 eis
716 718 969 772 subditis
1010 719 1303 788 quomodo
1334 718 1424 771 sui
1459 721 1762 771 uterentur

116 805 287 860 servi.
321 804 502 860 Usum
534 805 710 860 etiam
734 804 980 861 aliarum
1015 804 1292 861 silvarum
1320 811 1377 861 et
1406 821 1754 877 pascuarum

115 909 518 965 aquarumque
550 894 608 948 in
640 895 915 950 omnibus
945 895 1068 950 suis
1100 894 1353 966 praediis,
1387 894 1569 949 servis
1600 895 1755 963 ejus-

112 982 246 1036 dem
277 980 432 1037 cella
463 982 751 1038 concessit
772 981 988 1038 ibidem
1007 982 1403 1048 manentibus,
1435 987 1497 1037 ut
1518 988 1761 1037 utantur

111 1071 240 1127 sine
294 1070 455 1126 omni
500 1071 732 1126 servitio
789 1087 949 1125 more
1005 1087 1247 1126 suorum
1296 1087 1616 1126 servorum.
1678 1070 1758 1126 De

112 1164 370 1214 mercato
416 1156 593 1213 etiam
636 1162 824 1214 castro
870 1176 974 1214 suo
1016 1160 1314 1228 adjacente
1359 1160 1647 1214 concessit
1674 1158 1758 1214 eis

111 1246 407 1303 decimum
439 1246 767 1311 denarium,
801 1246 1022 1302 scilicet
1052 1248 1122 1301 de
1152 1247 1401 1310 teloneo,
1433 1248 1503 1301 de
1524 1246 1759 1316 justitia

110 1335 196 1392 vel
228 1336 300 1391 de
327 1335 485 1390 omni
503 1334 616 1390 alio
649 1335 899 1390 redditu.
924 1336 1113 1390 Unum
1145 1353 1212 1389 ex
1246 1335 1431 1390 furnis
1461 1336 1752 1390 banalem.

110 1424 408 1478 Widricus
431 1423 607 1478 etiam
631 1424 811 1478 abbas
843 1423 1088 1478 caanobii
1120 1424 1316 1478 Sancti
1342 1425 1471 1495 Apri
1503 1423 1758 1494 plurima

111 1516 458 1567 ornamenta
473 1510 721 1567 contulit
735 1512 1020 1584 praedictae
1039 1512 1214 1571 cella).
1230 1518 1286 1567 et
1303 1513 1456 1584 apud
1476 1512 1757 1568 Vallcrias

108 1602 339 1657 vineam
362 1601 434 1655 ad
453 1602 713 1672 quinque
734 1617 931 1656 carros
961 1601 1101 1666 vini,
1126 1618 1254 1672 qua:
1273 1601 1487 1655 dicitur
1507 1600 1756 1657 Clausus

110 1688 401 1745 Lamberti
433 1689 490 1743 in
514 1705 662 1760 pago
694 1688 978 1744 Tullensi.
1012 1689 1310 1744 Concessit
1340 1706 1592 1760 quoque,
1621 1695 1685 1743 ut
1706 1690 1754 1744 si

108 1794 312 1834 servus
341 1779 400 1833 S.
451 1778 589 1848 Apri
623 1778 907 1849 acciperet
937 1795 1173 1832 uxorem
1205 1795 1273 1833 ex
1321 1777 1550 1833 ancillis
1579 1778 1757 1849 hujus

1870 644 2003 681 cum
2063 627 2186 682 suis
2234 628 2559 683 redditibus
2607 628 2797 682 eidem
2846 626 2968 682 loco
3011 627 3249 694 tradidi,
3298 628 3520 685 scilicet

1870 714 2048 769 altare
2079 715 2560 782 Totileni-curtis,
2594 716 2778 771 altare
2821 714 3262 770 Medonis-villa’.
3284 716 3518 787 (Medon-

1868 804 2034 870 vz‘lle),
2086 803 2267 859 altare
2319 804 2871 870 Faucaudis—curtis,
2920 804 3102 859 altare
3153 804 3224 860 de
3270 804 3515 862 ecclesia

1868 892 2062 946 Sancti
2086 892 2311 957 Hilarii,
2331 909 2398 947 ea
2420 892 2749 947 conditione
2778 892 2976 963 utjam
2998 893 3056 947 in
3089 892 3314 966 reliquo
3348 894 3513 950 dece-

1867 979 2140 1035 dentibus
2165 980 2395 1036 vicariis
2425 998 2539 1035 non
2591 981 2976 1047 redimantur,
3023 982 3350 1037 secundum
3383 999 3515 1039 mo-

1868 1085 1989 1122 rem
2022 1067 2268 1123 aliarum
2318 1069 2715 1134 ecclesiarum,
2765 1070 2865 1125 sed
2898 1070 2970 1124 ab
3002 1087 3068 1125 eo
3116 1071 3216 1141 qui
3251 1070 3514 1127 coenobio

1867 1158 2162 1228 praefuerit
2204 1157 2397 1213 idonei
2445 1158 2640 1213 vicarii
2689 1157 3003 1229 eligantur,
3034 1163 3089 1213 et
3121 1159 3193 1214 ab
3239 1161 3514 1233 episcopo

1866 1262 2007 1300 cura
2062 1246 2147 1300 eis
2185 1246 2513 1301 animarum
2562 1247 2969 1302 tantummodo
3016 1247 3379 1319 injungatur.
3442 1249 3515 1305 Ut

1865 1340 2063 1388 autem
2089 1333 2176 1388 hae
2197 1338 2403 1389 nostra:
2422 1335 2832 1389 convenientiae
2857 1335 3084 1391 firmius
3116 1336 3510 1408 stabiliantur,

1865 1422 2228 1476 decrevimus
2256 1423 2412 1477 omni
2445 1440 2597 1478 anno
2620 1423 2927 1477 duodecim
2950 1425 3216 1479 denarios
3246 1426 3509 1496 ejusdem

1866 1511 2030 1580 pretii
2066 1512 2136 1565 ad
2170 1510 2349 1565 altare
2378 1518 2432 1565 S.
2464 1511 2743 1582 Stephani
2794 1513 3151 1567 Leuchorum
3200 1513 3376 1580 sedis,
3409 1531 3512 1585 pro

1867 1600 2147 1654 memoria
2168 1600 2570 1669 subjectionis,
2603 1601 2663 1654 in
2709 1600 3115 1657 Purificatione
3145 1606 3355 1656 sancta:
3388 1602 3514 1657 Ma-

1865 1687 1984 1752 rize,
1997 1703 2030 1740 a
2046 1686 2154 1740 loci
2178 1689 2437 1757 ejusdem
2457 1689 2616 1743 cellae
2638 1689 2948 1760 praeposito
2964 1690 3228 1761 persolvi.
3244 1689 3303 1745 Si
3320 1695 3515 1747 autem

1867 1774 2078 1844 aliquis
2109 1793 2480 1840 succesorum
2503 1781 2840 1832 nostrorum
2860 1796 2961 1850 per
2981 1779 3354 1834 succedentia
3371 1783 3516 1836 tem-

108 1865 289 1931 cellaa,
323 1866 546 1936 absque
569 1864 724 1919 omni
761 1866 1148 1937 refragatione
1174 1883 1301 1920 eam
1326 1870 1565 1933 teneret,
1601 1866 1758 1920 simi-
1790 1901 1835 1966 B
1869 1880 2008 1934 pora
2053 1863 2200 1919 hanc
2230 1864 2659 1937 eleemosynam
2709 1867 3007 1922 inﬁrmare
3037 1872 3139 1922 aut
3177 1866 3514 1940 infringere,

108 1956 356 2025 [iterque
413 1969 647 2008 servum
688 1953 865 2024 hujus
918 1954 1139 2009 ancillae
1186 1955 1380 2009 Sancti
1426 1954 1560 2026 Apri
1608 1956 1761 2010 facta

105 2042 304 2098 stabili
325 2042 743 2097 communitate
762 2041 820 2096 in
853 2043 1192 2111 conjugium
1218 2043 1558 2113 susciperet.
1586 2044 1762 2098 Advo-

106 2131 321 2186 catiam
353 2136 549 2185 autem
591 2131 849 2201 praedicti
881 2130 991 2185 loci
1024 2130 1346 2185 Walterius
1366 2132 1477 2187 sibi
1508 2136 1564 2185 et
1595 2132 1758 2187 uxori

108 2237 229 2275 suae
259 2218 434 2275 Adile
462 2218 721 2284 retinuit,
741 2223 797 2274 et
818 2225 950 2290 post
966 2236 1064 2274 eos
1087 2220 1184 2273 uni
1206 2237 1445 2275 suorum
1460 2220 1754 2275 heredum

108 2308 209 2380 qui
252 2308 445 2378 major
492 2310 632 2361 natu
684 2306 877 2361 fuerit.
929 2308 1245 2362 Constituit
1294 2314 1489 2363 autem
1532 2325 1603 2363 ne
1652 2308 1752 2363 ulli

107 2412 353 2452 suorum
376 2395 672 2450 heredum
692 2394 843 2449 hanc
862 2395 1212 2450 advocatiam
1238 2397 1455 2450 tenenti
1477 2397 1753 2467 cuiquam

106 2486 165 2541 in
196 2484 547 2540 beneficium
566 2499 694 2538 eam
726 2484 863 2539 dare
890 2484 1078 2548 liceat,
1115 2486 1214 2539 sed
1242 2486 1365 2555 ipse
1395 2501 1525 2539 eam
1558 2486 1617 2539 in
1648 2502 1754 2539 suo

105 2573 348 2629 domino
397 2572 712 2644 possideat,
767 2588 894 2643 quas
940 2578 1067 2643 post
1097 2590 1195 2627 eos
1235 2576 1305 2627 ad
1338 2572 1527 2627 ﬁlium
1578 2590 1753 2629 suum

106 2660 439 2718 Odelricum
464 2659 748 2726 deveniat,
771 2665 826 2714 et
848 2665 978 2731 post
995 2678 1127 2716 eum
1152 2662 1486 2732 quicunque
1518 2661 1752 2733 propin-

104 2748 279 2821 quior
307 2747 491 2802 haeres
523 2751 781 2803 castrum
831 2747 1212 2819 Daguliacum
1239 2750 1369 2818 jure
1409 2749 1750 2819 possederit,

103 2838 373 2894 eamdem
392 2835 750 2891 advocatiam
764 2840 975 2891 teneat.
991 2837 1297 2892 Summam
1319 2842 1513 2892 autem
1533 2836 1752 2892 servitii

103 2926 212 2983 sibi
228 2924 473 2997 suisque
487 2924 817 2980 haeredibus
837 2941 939 2996 pro
955 2926 1238 2980 memoria
1251 2926 1561 2981 advocatiaa
1576 2927 1750 2981 dandi

103 3014 382 3071 omnibus
422 3013 595 3069 annis
625 3011 851 3079 statuit,
901 3018 1064 3068 extra
1092 3031 1269 3085 quam
1321 3012 1467 3069 nihil
1499 3013 1752 3086 amplius

101 3103 462 3175 requiratur,
492 3101 550 3156 id
596 3104 704 3167 est,
738 3101 887 3156 duos
936 3101 1153 3157 solidos
1203 3108 1443 3157 moneta:
1488 3104 1751 3172 ejusdem

102 3191 233 3265 pagi
262 3192 325 3257 in
358 3191 504 3246 festo
527 3194 740 3245 sancta:
761 3190 952 3245 Marias
981 3191 1052 3245 de
1074 3190 1341 3246 Candelis
1368 3209 1380 3259 ;
1415 3192 1483 3245 de
1501 3192 1752 3261 justitiis

1870 1951 1955 2006 vel
2014 1958 2215 2008 contra
2261 1954 2551 2023 justitiam
2611 1960 2822 2010 nostra:
2880 1956 3171 2012 devotioni
3220 1958 3515 2029 refragare

1868 2040 2133 2108 voluerit,
2169 2042 2447 2112 pastorali
2476 2044 2817 2099 auctoritate
2847 2049 2903 2099 et
2932 2044 3106 2099 etiam
3137 2044 3514 2101 anathemate

1868 2130 2301 2201 constringatur
2322 2139 2495 2202 atque
2518 2133 2587 2186 ad
2608 2133 3017 2188 rectitudinem
3038 2133 3225 2188 redire
3245 2138 3508 2206 cogatur.

1868 2218 1936 2272 Et
1991 2223 2054 2272 ut
2102 2218 2224 2274 haec
2284 2225 2483 2274 nostra
2539 2221 2771 2276 traditio
2826 2221 3050 2276 firmior
3102 2222 3191 2278 vel
3245 2222 3515 2279 stabilior

1866 2306 2170 2372 habeatur,
2216 2308 2367 2363 hanc
2408 2309 2670 2364 chartam
2728 2309 2788 2364 in
2834 2311 3143 2380 praesentia
3198 2314 3399 2367 nostra
3449 2310 3511 2367 in

1864 2394 2126 2465 plenaria
2155 2397 2374 2467 synodo
2406 2397 2634 2453 recitari
2681 2397 2946 2465 fecimus,
2978 2398 3344 2470 testibusque
3375 2400 3517 2455 sub-

1866 2484 2100 2553 scriptis
2120 2486 2510 2541 rohorandam
2536 2487 2909 2554 tradidimus,
2942 2487 3116 2543 laude
3144 2493 3203 2543 et
3222 2505 3513 2545 consensu

1864 2572 2129 2626 omnium
2150 2571 2491 2628 clericorum
2516 2580 2868 2643 nostrorum,
2902 2592 3222 2647 omnesque
3248 2577 3348 2648 qui
3378 2576 3516 2631 huic

1864 2664 2073 2715 nostrai
2100 2663 2385 2717 sanctioni
2410 2663 2815 2719 rebellaverint
2836 2669 3112 2736 perpetuo
3144 2665 3515 2722 anathemate

1863 2766 1897 2803 a
1926 2752 2335 2806 communione
2383 2756 2595 2806 sancta-
2628 2752 2890 2807 Ecclesiae
2942 2756 3364 2825 separavimus,
3396 2754 3513 2811 nisi

1863 2838 2215 2909 resipuerint
2238 2844 2295 2894 et
2316 2840 2424 2894 Deo
2457 2840 2630 2913 digne
2660 2857 2761 2912 per
2791 2842 3189 2913 paenitentiam
3220 2842 3514 2899 satisfece-

1863 2926 1998 2980 rint.

1930 3033 2104 3100 (Quod
2118 3037 2677 3113 sequz’turqtmmento
2688 3040 2741 3092 et
2759 3039 3030 3113 scriptura
3042 3040 3273 3113 paulum
3286 3038 3516 3113 diferre

2306 3107 2524 3161 videtur
2544 3126 2577 3161 α
2594 3107 3074 3181 ρνέεσθάεήιίὺυδζ)

1934 3192 2092 3247 Hanc
2124 3210 2355 3266 quoque
2386 3195 2796 3253 difﬁnitionem
2816 3198 3277 3269 praebendariam
3309 3204 3511 3256 aucto-

102 3264 305 3336 autem
336 3278 754 3335 clamationum
786 3295 933 3349 quas
968 3280 1315 3350 praepositus
1345 3280 1609 3349 ejusdem
1638 3278 1749 3335 loci
1783 3264 1824 3331 C
1864 3281 2159 3353 ritatequa
2175 3300 2352 3355 supra
2368 3285 3507 3357 omniadisposuimus,iintermonachos

103 3386 206 3441 per
237 3384 305 3424 se
336 3367 592 3440 potuerit
621 3367 895 3430 diffinire,
920 3367 1065 3421 nihil
1096 3369 1437 3423 advocatum
1470 3369 1756 3423 concessit

103 3458 393 3529 accipere.
420 3456 529 3511 Sed
549 3455 597 3511 si
619 3455 940 3510 monachus
959 3472 1071 3510 non
1092 3455 1303 3511 valeret
1326 3457 1754 3512 contumaciam

104 3546 359 3618 alicujus
382 3545 663 3609 evincere,
692 3545 1035 3599 advocatum
1059 3545 1169 3599 sibi
1195 3547 1253 3599 in
1276 3545 1632 3616 adjutorium
1656 3546 1754 3600 ad-

100 3632 416 3701 vocaverit,
432 3637 574 3688 tunc
592 3632 771 3687 trium
790 3632 1161 3688 denariorum
1181 3650 1497 3702 summam,
1514 3634 1759 3706 accipiat

103 3722 185 3779 ita
200 3729 403 3779 tamen
420 3725 486 3776 ut
497 3721 646 3777 duas
658 3726 853 3793 partes
868 3722 1150 3777 monacho
1165 3722 1376 3778 habere
1389 3723 1552 3795 prius
1566 3722 1756 3791 faciat,

101 3810 340 3884 reliqua
368 3809 566 3865 omnia
595 3809 964 3881 dispositioni
996 3810 1223 3866 abbatis
1245 3811 1440 3866 Sancti
1473 3810 1613 3883 Apri
1643 3829 1760 3867 cce-

101 3900 266 3956 nobii
322 3898 652 3954 ordinanda
709 3898 1012 3969 permittit.
1074 3899 1191 3971 Ego
1249 3916 1379 3955 vero
1440 3905 1627 3955 Bruno
1659 3900 1762 3955 Dei

99 3987 300 4059 gratia
326 3983 542 4059 prmsul
575 3985 875 4057 indignus,
908 4003 1010 4057 pro
1040 3987 1195 4042 bona
1224 3988 1413 4043 fidelis
1439 3989 1545 4043 viri
1574 3988 1763 4043 inten-

102 4075 288 4143 tione,
341 4074 647 4130 ecclesiam
690 4074 837 4128 inibi
887 4080 1287 4131 constructam
1321 4076 1436 4132 Deo
1481 4082 1538 4133 et
1585 4078 1764 4133 beatae

104 4164 305 4221 Mariae
336 4161 618 4228 dedicavi,
661 4178 911 4235 eamque
942 4181 975 4219 a
1006 4165 1364 4234 subiectione
1413 4165 1665 4221 ecclesia:
1697 4166 1768 4221 de

104 4255 331 4309 domno
359 4250 588 4306 Valerio
621 4267 754 4306 cum
805 4254 1081 4308 omnibus
1130 4255 1490 4325 appendiciis
1522 4255 1645 4310 suis
1676 4273 1768 4310 re-

107 4342 294 4406 movi,
328 4344 385 4398 et
415 4338 702 4412 quidquid
726 4339 881 4396 infra
901 4342 1119 4397 atrium
1140 4342 1470 4398 continetur
1500 4346 1771 4415 potestati

107 4428 541 4486 monachorum
562 4428 804 4498 subjeci,
828 4433 886 4484 et
907 4431 1253 4486 auctoritate
1266 4431 1583 4503 apostolica
1603 4433 1776 4488 inter-

107 4519 234 4575 dixi
267 4522 334 4574 ut
357 4516 557 4572 nullus
584 4516 779 4589 aliquo
805 4519 1111 4575 temerario
1132 4537 1307 4588 ausu,
1329 4520 1446 4576 sive
1466 4521 1774 4594 episcopus

1861 3374 1919 3424 et
1948 3370 2313 3441 capellanum
2352 3374 2621 3429 ordinare
2669 3391 2902 3430 summa
2933 3392 3072 3447 pace
3106 3393 3239 3431 cum
3262 3376 3505 3433 consilio

1864 3459 2050 3530 ipsius
2066 3459 2304 3527 domini,
2321 3461 2419 3532 qui
2433 3462 2637 3517 cellam
2651 3468 3053 3519 construxerat
3065 3465 3505 3535 procuravimus

1863 3552 1919 3601 et
1949 3548 2157 3602 subtus
2179 3550 2467 3604 ascribere
2497 3552 2567 3605 ad
2590 3552 2933 3607 memoriam
2966 3558 3330 3625 posterorum
3369 3554 3509 3610 feci-

1867 3652 2021 3700 mus,
2054 3635 2275 3692 scilicet
2292 3639 2549 3710 quinque
2581 3641 2777 3696 modia
2796 3641 3076 3697 frumenti
3095 3660 3229 3698 cum
3256 3643 3510 3715 siligine,

1867 3723 1954 3779 vel
1986 3724 2144 3796 pisae,
2176 3726 2261 3780 vel
2295 3727 2459 3795 fabae,
2491 3745 2524 3782 v
2555 3729 2781 3785 modios
2812 3730 3015 3802 spelte,
3050 3732 3309 3804 quinque
3338 3749 3516 3788 anno-

1869 3830 1977 3878 nae,
2028 3813 2283 3884 privatas
2322 3817 2555 3882 missas,
2607 3818 2858 3890 primam
2909 3820 3151 3877 missam
3179 3822 3252 3876 ad
3304 3837 3517 3893 corpus

1871 3902 2147 3967 defuncti,
2180 3918 2381 3974 peras;
2407 3905 2666 3977 nuptias,
2710 3908 3145 3979 puriﬁcationes
3176 3909 3516 3981 mulierum,

1873 3989 2233 4061 sepulturam
2251 3991 2514 4049 albatoru
2527 4011 2601 4062 m,
2623 3997 3038 4063 confessiones,
3060 3998 3272 4052 festum
3291 4001 3518 4053 sancta-

1877 4096 2007 4133 rum
2034 4081 2389 4148 animarum,
2413 4084 2633 4154 absque
2650 4083 2891 4140 candela
2918 4085 2977 4139 in
3010 4086 3271 4157 quinque
3300 4085 3518 4142 festivi-

1875 4168 2096 4223 tatibus
2145 4169 2518 4238 annualibus,
2565 4171 2828 4245 singulos
2856 4175 3150 4244 denarios,
3181 4179 3238 4230 et
3268 4176 3328 4230 in
3376 4174 3522 4247 ipsis

1880 4257 2288 4313 festivitatibus
2330 4276 2463 4314 cum
2497 4260 2775 4317 fratribus
2816 4262 3187 4319 refectionem
3208 4262 3524 4335 eleemosy-

1880 4363 2019 4401 nam
2051 4347 2308 4402 defuncti
2358 4354 2641 4420 quantum
2668 4356 2831 4407 vivus
2873 4352 3189 4419 donaverit,
3221 4350 3525 4409 monachis

1882 4439 2079 4490 autem
2128 4452 2377 4507 quorum
2432 4438 2676 4495 ecclesia
2723 4443 2812 4495 est
2857 4439 3085 4511 reliqua
3137 4441 3337 4496 omnia
3382 4457 3525 4495 con-

1884 4526 2174 4581 cessimus
2200 4544 2212 4594 ;
2246 4531 2303 4580 et
2332 4543 2534 4583 omnes
2565 4528 2663 4599 qui
2696 4529 2833 4584 huic
2872 4529 3223 4584 ordinationi
3254 4528 3526 4584 obviave-

108 4613 216 4665 aut
246 4605 517 4696 quilibet,
554 4606 613 4661 in
661 4605 788 4696 loco
820 4606 922 4663 illo
971 4608 1041 4663 de
1071 4607 1269 4679 aliqua
1316 4608 1587 4665 violentia
1610 4610 1776 4667 ‘infra
1806 4633 1853 4696 D
1886 4614 2023 4682 rint,
2057 4615 2168 4669 sub
2201 4621 2476 4688 perpetuo
2502 4617 2871 4674 anathemate
2899 4617 3325 4674 damnavimus.

107 4697 340 4754 atrium
372 4694 525 4751 facta
564 4694 866 4766 justitiam
898 4701 1147 4768 expetat,
1196 4698 1308 4754 nisi
1352 4698 1619 4754 monachi
1673 4715 1777 4772 per

109 4785 410 4843 vicarium
443 4799 619 4839 suum
651 4782 1050 4852 clamaverint,
1073 4790 1175 4841 aut
1204 4786 1385 4859 aliqui
1417 4787 1660 4861 maligni
1690 4804 1778 4844 re-

108 4873 470 4933 bellaverint
494 4890 512 4940 ;
544 4874 603 4928 in
628 4890 745 4946 qua
766 4872 1013 4930 ecclesia
1042 4875 1155 4930 tria
1187 4874 1397 4932 altaria
1425 4882 1781 4949 constructa,

108 4970 169 5021 et
199 4981 236 5021 a
267 4961 441 5019 nobis
463 4961 790 5031 benedicta,
811 4961 1123 5037 ipsamque
1144 4964 1445 5038 privilegio
1468 4966 1782 5023 auctorita-

115 5053 198 5109 tis
212 5049 555 5125 apostolicaa
569 5067 703 5107 cum
718 5051 950 5108 vinculo
964 5058 1258 5125 perpetua;
1274 5052 1664 5112 anathematis
1676 5055 1783 5112 hac

114 5140 403 5198 libertate
424 5139 657 5207 donavi,
681 5144 747 5195 ut
768 5157 939 5197 nemo
962 5142 1233 5214 deinceps
1256 5159 1323 5198 ea
1344 5143 1658 5216 infringere
1680 5162 1786 5201 nec

118 5227 395 5303 sigillare
442 5233 544 5283 aut
588 5227 649 5283 in
709 5228 795 5284 eis
842 5229 1040 5285 divina
1094 5230 1287 5286 ofﬁcia
1332 5230 1619 5287 celebrare
1672 5233 1786 5289 nisi

116 5316 523 5391 permissione
555 5320 658 5373 aut
697 5317 966 5388 jussione
997 5318 1415 5375 monachorum
1446 5327 1782 5392 praesumat.

117 5407 193 5462 Et
224 5405 333 5478 qui
363 5404 596 5461 exlrain
615 5411 806 5462 castro
826 5406 985 5463 velin
1003 5408 1283 5464 suburbio
1306 5411 1781 5476 commanserint,

120 5492 500 5569 parochiales
530 5495 795 5566 ejusdem
827 5496 1083 5553 ecclesia
1112 5502 1168 5553 et
1195 5497 1461 5553 subditos
1488 5498 1699 5554 vicario
1727 5504 1785 5555 et

122 5581 443 5642 monachis
475 5599 578 5655 per
592 5583 791 5641 omnia
802 5600 930 5642 esse
949 5586 1196 5644 decrevi.
1216 5586 1494 5642 Praeterea
1511 5603 1613 5659 pro
1627 5586 1780 5644 bono

122 5674 350 5739 affectu
379 5688 555 5751 quem
587 5688 725 5753 erga
754 5674 951 5754 ipsum
981 5681 1039 5736 et
1066 5675 1261 5735 Sancti
1287 5675 1425 5753 Apri
1452 5674 1643 5734 locum
1669 5674 1779 5737 ha-

1957 4703 2191 4772 Sig-num
2221 4705 2527 4761 Gebisonis
2559 4706 2868 4779 primicerii
2899 4713 2956 4763 et
2984 4706 3332 4764 cancellarii.

1957 4792 2072 4863 Sig.
2104 4793 2382 4865 Stephani
2407 4795 2819 4852 archidiaconi.

1959 4882 2074 4953 Sig.
2109 4882 2342 4938 Roberti
2374 4884 2785 4941 archidiaconi.

1962 4971 2119 5040 Sign.
2148 4970 2393 5027 Widrici
2412 4962 2838 5031 archidiaconi.

1962 5059 2118 5129 Sign.
2152 5059 2427 5116 Rainardi
2462 5078 2616 5119 com.

1962 5150 2113 5219 Sz'gn.
2148 5149 2435 5204 Conraudi
2461 5166 2610 5206 com.

1965 5240 2131 5293 Anno
2176 5237 2549 5309 pontificatus
2597 5239 2821 5298 domini
2871 5243 3162 5301 Brunonis
3209 5265 3327 5317 xxx,
3379 5244 3541 5302 urbis

1895 5326 2105 5382 comite
2137 5326 2426 5381 Rainardo
2441 5327 2710 5398 juniore;
2737 5331 3092 5404 Segettensis
3120 5336 3254 5408 pagi
3287 5335 3385 5390 ubi
3414 5333 3542 5405 ipsa

1893 5414 2039 5470 cella
2068 5416 2179 5470 sita
2208 5418 2316 5481 est,
2350 5416 2559 5472 comite
2589 5417 2831 5476 Ricuino
2853 5422 3104 5491 juniore.

1964 5503 2079 5574 Ego
2112 5502 2458 5559 Lambertus
2501 5503 2672 5561 levita
2720 5508 2791 5563 ad
2822 5510 3001 5564 vicem
3052 5509 3247 5564 domni
3301 5508 3536 5565 Gebizo-

1892 5590 1985 5647 nis
2014 5591 2331 5665 primicerii
2363 5597 2421 5651 et
2450 5594 2779 5653 cancellarii
2808 5601 3041 5671 rogatus
3075 5595 3288 5668 scripsi
3313 5602 3368 5653 et
3397 5594 3537 5655 sub.

1893 5695 2121 5757 scripsi.
