3898 6364
391 427 506 502 39!

775 647 897 703 dem
927 665 1050 704 cum
1080 653 1242 706 initio
1265 647 1618 724 dz'plomnlis.)

455 749 572 821 Ego
590 751 782 809 Bruno
799 752 899 810 Dei
917 756 1106 828 gratia
1127 757 1489 814 Leuchorum
1519 759 1727 831 praesul
1745 759 2022 833 indignus

383 837 703 912 subscripsi
734 846 792 897 et
817 841 1060 915 signavi.

453 925 691 1000 Signum
718 929 976 1004 Hugonis
1007 934 1074 989 de
1096 939 1236 1008 Cysa
1262 935 1400 990 urbe
1432 936 1728 992 Italorum.

455 1015 612 1086 Sign.
643 1017 985 1076 Herberardi
1009 1023 1054 1094 (Ι
1074 1024 1155 1090 l9)
1177 1025 1370 1080 archie
1377 1025 1536 1097 pisco
1542 1025 1598 1098 pi
1628 1025 2016 1081 Trevirorum.

454 1103 606 1177 Sz'gn.
634 1106 1052 1166 Adhelberonis
1075 1112 1348 1168 Metensis
1378 1113 1554 1185 episc.
1680 1185 1685 1189 π

453 1191 608 1263 Sign.
641 1196 977 1253 Theoderici
999 1201 1145 1271 (120)
1171 1200 1560 1256 Virduuensis
1590 1201 1866 1274 episcOpi.

452 1282 605 1352 Sz'gn.
638 1283 899 1358 Hugonis
929 1287 1375 1360 Chrisopolitani
1409 1289 1846 1360 archiepiscopi.

450 1379 612 1454 Sign.
645 1381 889 1439 Widrici
920 1383 1148 1440 abbatis
1180 1387 1363 1440 sancti
1399 1386 1548 1457 Apri.

427 1461 606 1540 ‘Sign.
640 1471 897 1528 Herberti
924 1472 1263 1544 primicerii.

453 1556 606 1629 Sign.
634 1556 895 1616 Herberti
924 1559 1336 1618 archidiaconi.

451 1699 626 1774 (419)
658 1700 704 1755 ll
736 1718 808 1758 ne
837 1702 922 1757 fut
953 1703 1058 1758 fait
1087 1704 1440 1777 archeveque
1469 1705 1636 1777 qu’en
1668 1706 1826 1760 4047.

1448 451 1511 512 S.
1557 451 1834 514 LEONIS
1880 451 1958 513 IX
2007 450 2232 514 ΡΑΡᾹΞ
2274 453 2707 518 OPUSCULA.

389 571 574 643 (Quod
601 576 853 654 sequitur
878 580 1543 654 estatramentiprimilivi
1569 593 1619 637 et
1651 601 1840 638 manus
1871 586 2013 654 rjus-
2046 590 2094 652 Α

2200 588 2348 655 Sig".
2385 587 2636 642 Valtllet‘i
2671 590 2926 646 comitis.

2197 686 2350 744 .Szgn.
2388 677 2659 732 Rainardi
2693 679 2944 735 comitis.

2198 765 2356 831 Sign.
2391 764 2637 820 Odelrici
2669 768 2920 823 comitis.

2197 854 2352 921 Sign.
2389 852 2626 908 alterius
2656 854 2913 911 Oderrici
2935 855 3188 914 comitis.

2199 940 2352 1007 Sz'gn.
2386 941 2614 996 Henrici
2647 943 2932 999 advocati.

2199 1027 2352 1093 δίνη.
2385 1029 2702 1086 Gomberti.

2199 1117 2332 1182 Sign
2382 1116 2668 1175 Norberti.

2199 1206 2348 1273 Sig".
2386 1206 2733 1262 Reimbaldi.

2199 1297 2334 1346 Data
2367 1300 2503 1348 sunt
2523 1295 2641 1348 hmc
2664 1314 2814 1352 anno
2837 1298 2908 1352 ab
2932 1300 3341 1355 incarnatione
3374 1297 3628 1354 Domini
3649 1295 3823 1366 1043,

2128 1381 2437 1437 indictione
2468 1399 2530 1450 ιι,
2561 1391 2764 1456 epacta
2805 1403 2918 1454 xw,
2964 1392 3358 1445 concurrente
3390 1405 3475 1455 γι,
3520 1392 3824 1460 regnante

2129 1471 2368 1525 llenrico
2403 1473 2655 1526 secundo
2691 1475 3088 1533 Romanorum
3120 1482 3422 1552 Augusto.

2202 1705 2348 1772 (120)
2381 1703 2420 1758 ll
2455 1719 2524 1759 ne
2555 1705 2642 1760 l‘ut
2679 1705 2840 1761 aussi
2872 1709 3088 1780 éveque
3120 1710 3299 1782 qu’en
3333 1713 3506 1768 1047.

1549 1861 3823 1892 ﬂ“

1281 2009 1883 2110 SANGTI
1979 2007 2582 2108 LXSONiIS
2681 2011 2866 2111 IX

1675 2198 1976 2259 ROMANI
2030 2197 2470 2259 PONTIFICIS

554 2351 1392 2501 EPISTOLE
1487 2374 1684 2499 ET
1793 2370 2526 2501 DECRETA
2639 2373 3608 2510 PONTlFlClA

1169 2701 1211 2756 Ι.

376 2789 569 2862 Leonis
615 2788 682 2862 IX
723 2803 887 2861 papa?
933 2789 1082 2844 bulla
1131 2807 1237 2862 qua
1286 2791 1520 2846 Brrardo
1547 2793 1589 2862 I,
1639 2793 1890 2858 Far/ensi
1931 2793 2020 2845 (ι.ιί-

445 2861 828 2934 bati,ejusque
876 2861 1224 2926 monasterio,
1275 2863 1431 2929 bona,
1459 2861 1588 2933 jura
1619 2879 1682 2917 ac
1725 2865 2016 2934 privilegia

443 2933 634 2988 omnia
661 2932 968 3000 conﬁrmat.

994 3037 1190 3106 (Anno
1223 3039 1377 3092 1049.
1405 3039 1420 3108 )

557 3125 895 3196 [Muratori,
927 3125 1048 3180 Rer.
1081 3126 1204 3182 Ital.
1261 3125 1454 3198 Script.
1482 3128 1551 3197 ll,
1585 3145 1644 3191 ιι,
1676 3129 1834 3196 585.]

451 3231 564 3287 Lno
593 3224 922 3304 episcopus,
971 3249 1170 3288 servus
1215 3248 1511 3288 servorum
1553 3233 1671 3299 Dei,
1717 3234 1925 3290 dilecto
1955 3235 2014 3290 in

379 3320 608 3378 Christo
626 3319 744 3376 lilio
761 3319 1048 3388 Bsnmno,
1069 3321 1262 3376 abbati
1323 3323 1658 3377 monasterii
1680 3324 1832 3394 quod
1858 3323 2016 3394 poni-

379 3413 478 3466 tur
505 3411 564 3466 in
596 3410 823 3480 Pharl'a,
848 3409 1082 3482 tuisque
1105 3411 1539 3466 successoribus
1560 3410 1616 3465 in
1649 3418 2014 3483 perpetuum,

378 3505 716 3573 perpetuam
753 3499 810 3554 in
842 3499 1088 3554 Domino
1118 3499 1387 3562 salutem,

447 3585 592 3643 cum
623 3589 732 3660 pias
764 3589 1072 3660 petitiones
1114 3589 1330 3643 nostris
1377 3588 1618 3644 auribus
1650 3588 2017 3646 inculcantur

377 3675 542 3731 decet
570 3693 677 3732 nos
707 3691 1015 3731 assensum
1065 3676 1336 3748 praebere,
1371 3681 1427 3732 et
1465 3676 1678 3732 talibus
1711 3677 2015 3734 desideriis

373 3781 490 3820 non
505 3764 804 3831 resultare,
824 3764 1102 3835 quatinus
1115 3781 1276 3819 sacra
1290 3763 1415 3818 loca
1427 3767 1666 3836 tempori
1677 3765 1784 3820 bus
1799 3767 2014 3822 nostris

374 3852 680 3924 proﬁciant
699 3856 756 3908 et
776 3855 1117 3925 augeantur,
1137 3857 1193 3908 et
1218 3852 1276 3906 in
1301 3851 1481 3920 nullo,
1516 3855 1666 3924 quod
1701 3855 1853 3909 absit
1872 3854 1884 3908 l
1906 3855 2013 3910 mi-

373 3941 648 3998 nuantur.
675 3941 1485 4014 lgiturquiapetistisanobis
1519 3941 1792 4013 quatinus
1827 3959 1894 3996 ex
1921 3960 2016 3998 no-

371 4033 495 4088 stra
518 4029 786 4106 largitate
817 4035 1129 4101 nostroque
1155 4029 1305 4085 dono
1337 4030 1784 4085 concederemus
1811 4035 2011 4086 vestrae

372 4115 734 4191 religiositati
761 4119 1094 4174 monasterii
1118 4121 1288 4173 vestri
1319 4119 1840 4186 conﬁrmationem,
1863 4121 2010 4189 ejus-

374 4205 626 4280 demque
656 4206 956 4275 honorem,
990 4224 1118 4278 quae
1148 4206 1321 4262 habet
1352 4207 1544 4270 modo,
1574 4212 1631 4261 et
1668 4207 2008 4263 habiturum

373 4293 464 4351 est
493 4295 549 4350 in
583 4300 949 4370 perpetuum,
975 4293 1240 4350 videlicet
1262 4295 1507 4349 fundum
1531 4295 1782 4350 Massam
1805 4295 1862 4349 in
1895 4314 2008 4368 quo

373 4389 462 4440 est
477 4384 718 4441 ecclesia
729 4383 922 4440 Sancti
935 4383 1243 4439 Valentini.
1261 4384 1338 4437 Ex
1354 4383 1530 4438 fundo
1546 4383 1793 4439 Muciani
1808 4386 2008 4440 uncias

369 4479 508 4532 tres.
541 4473 809 4531 Fundum
827 4474 1160 4538 Paternum,
1193 4473 1250 4528 in
1285 4489 1398 4544 quo
1429 4478 1517 4526 est
1544 4473 1786 4528 ecclesia
1813 4474 2006 4528 Sancti

368 4561 676 4620 Johannis.
711 4561 978 4618 Fundum
1019 4560 1469 4616 Barbonianum.
1521 4561 1786 4615 Fundum
1815 4560 2005 4632 Septi-

369 4652 550 4708 niani.
583 4653 852 4708 Fundum
875 4649 1164 4723 Pipiliani.
1200 4649 1467 4704 Fundum
1503 4649 1698 4721 Agelli.
1735 4649 2004 4704 Fundum

371 4739 640 4798 Matella).
666 4737 1549 4798 FundumLoriniani.Fundum
1573 4737 1833 4793 Urbanaa.
1860 4739 2004 4794 Fun-

368 4831 510 4886 dum
527 4829 881 4885 Bucciniani.
910 4828 1178 4882 Fundum
1197 4825 1494 4882 Albuciani
1521 4845 1533 4891 ;
1553 4832 1609 4881 et
1632 4826 1776 4882 alios
1797 4827 2005 4882 fundos

369 4934 501 4972 cum
533 4915 1046 4983 domibus,vineis,
1071 4915 1297 4970 olivetis
1315 4920 1490 4986 atque
1519 4915 1759 4971 colonis.
1792 4916 2008 4970 Conﬁr-

370 5021 603 5060 mamus
623 5008 816 5058 autem
832 5004 994 5058 vobis
1006 5002 1326 5074 vestrisque
1341 5005 1776 5058 successoribus
1793 5022 2006 5077 praeno-

371 5092 624 5146 minatos
641 5091 870 5154 fundos,
903 5091 988 5145 vel
1008 5091 1229 5154 uncias,
1251 5108 1354 5146 seu
1380 5091 1650 5146 ecclesias
1673 5108 1803 5145 cum
1829 5093 2002 5159 casis,

367 5179 574 5246 vineis,
605 5179 806 5252 pratis,
825 5177 1008 5246 silvis,
1041 5178 1281 5245 salictis,
1310 5195 1413 5233 nec
1445 5164 1918 5250 nonoaquimolis,
1951 5191 2004 5236 et

369 5267 656 5326 universis
683 5265 1125 5339 appendicibus.
1175 5266 1392 5321 colonis
1421 5272 1593 5336 atque
1628 5267 1882 5334 l'amiliis,
1914 5271 2003 5324 vel

367 5357 644 5414 omnibus
669 5354 740 5409 ad
759 5370 856 5408 eos
877 5351 1222 5425 generaliter
1241 5358 1298 5405 et
1315 5355 1370 5404 in
1391 5352 1679 5422 integrum
1710 5354 2003 5422 pertinen-

2039 2707 2086 2769 B
2189 2703 2448 2758 Romano
2465 2704 2663 2773 etiam,
2687 2708 2743 2759 et
2767 2705 3056 2775 Tuscano,
3077 2722 3402 2782 omnesque
3419 2711 3824 2783 adjacentias

2128 2792 2390 2860 ejusdem
2426 2793 2760 2847 monasterii
2793 2798 2968 2865 atque
2999 2795 3407 2870 pertinentias,
3455 2817 3599 2856 cum
3634 2803 3828 2860 omni

2128 2879 2456 2949 integritate
2477 2879 2849 2935 concedimus
2871 2881 3203 2953 detinenda,
3229 2889 3351 2942 tam
3372 2904 3440 2944 ea
3462 2905 3596 2961 quae
3619 2893 3826 2950 modo

2118 2968 2280 3036 juste
2303 2971 2633 3039 p0ssnietis,
2657 2985 2830 3039 quam
2857 2986 2923 3024 ea
2940 2987 3066 3043 quaa
3091 2972 3148 3028 in
3173 2973 3462 3046 futurum,
3497 2976 3827 3052 largiente

2127 3054 2394 3122 Domino,
2425 3056 2728 3126 potueritis
2752 3059 3054 3129 acquirere
3086 3065 3148 3116 tu
3183 3067 3240 3118 et
3269 3081 3655 3125 successores
3693 3071 3826 3140 tui,

2127 3143 2293 3197 sicuti
2345 3161 2446 3214 per
2503 3143 2802 3216 privilegia
2833 3153 3045 3203 sanctae
3099 3151 3525 3212 recordationis
3586 3156 3828 3216 domni

2127 3232 2362 3286 Adriani
2393 3233 2690 3303 quondam
2721 3251 2904 3306 papa,
2933 3243 2994 3291 et
3027 3235 3211 3306 Pauli,
3244 3239 3437 3296 eidem
3467 3249 3827 3305 venerabili

2125 3320 2478 3375 monasterio
2511 3321 2856 3379 conﬁrmata
2887 3329 3046 3393 sunt,
3080 3332 3499 3398 permanenda.
3533 3337 3624 3390 De
3657 3337 3828 3394 telo-

2125 3409 2250 3463 neis
2281 3425 2512 3480 quoque
2565 3416 2970 3481 mercatorum,
3003 3419 3060 3470 et
3107 3416 3400 3487 pontium,
3433 3427 3490 3475 et
3520 3422 3824 3484 decimas

2125 3495 2194 3550 ad
2231 3497 2646 3552 monachorum
2672 3499 2964 3571 stipendia
2983 3505 3039 3557 et
3069 3519 3399 3576 pauperum
3433 3509 3562 3564 dari
3589 3529 3627 3567 a
3653 3529 3826 3585 prae-

2125 3585 2272 3639 senti
2289 3585 2545 3639 secunda
2567 3586 2880 3642 indictione
2897 3592 3007 3644 tua?
3020 3591 3390 3663 religiositati
3407 3597 3653 3670 tuisque
3670 3619 3824 3660 suc-

2123 3673 2453 3728 cessoribus
2475 3675 2784 3731 abbatibus
2798 3677 2974 3732 vestri
2988 3682 3330 3737 monasterii
3353 3683 3412 3739 in
3429 3693 3686 3758 perpetu
3699 3709 3741 3746 ιι
3753 3711 3818 3749 m

2124 3763 2516 3829 concedimus,
2551 3780 2617 3818 ex
2647 3763 2866 3819 eisdem
2899 3767 3176 3824 omnibus
3205 3772 3659 3844 percipiendas;
3691 3797 3819 3837 nec

2124 3866 2238 3904 non
2269 3855 2325 3905 et
2355 3851 2673 3906 oblationes
2698 3858 3080 3910 mortuorum.
3105 3857 3443 3917 Statuentes
3459 3866 3819 3935 apostolica

2123 3954 2370 3993 censura
2392 3955 2459 3994 ex
2477 3941 2820 3995 auctoritate
2840 3941 2993 3997 beati
3014 3943 3166 3999 Petri
3197 3947 3610 4018 apostolorum
3633 3957 3816 4026 prin-

2123 4026 2268 4096 cipis
2298 4027 2406 4081 sub
2439 4027 2649 4084 divinis
2671 4031 3160 4088 obtestationibus
3181 4039 3239 4090 et
3268 4037 3680 4096 anathematis
3707 4044 3810 4100 in-

2123 4117 2240 4168 terd
2254 4115 2585 4183 ictionibus,
2605 4121 2665 4172 ut
2679 4117 2820 4172 nulli
2837 4136 3099 4190 unquam
3115 4127 3454 4180 nostrorum
3478 4143 3809 4188 successo-

2121 4220 2248 4257 rum
2282 4205 2642 4274 pontificum,
2675 4205 2760 4261 vel
2785 4207 2908 4262 alia
2935 4209 3176 4266 cuilibet
3201 4228 3430 4284 magna:
3471 4232 3808 4292 parvaeque

2119 4309 2401 4363 personae,
2435 4294 2562 4364 ipsa
2593 4295 3013 4364 praenominata
3043 4297 3171 4354 loca
3199 4300 3287 4355 vel
3320 4319 3451 4373 quae
3487 4303 3548 4360 in
3585 4314 3805 4378 poste-

2121 4397 2273 4446 rum,
2307 4381 2621 4436 auxiliante
2652 4383 2788 4452 Deo,
2820 4389 3009 4442 vestro
3043 4390 3401 4445 monasterio
3429 4392 3664 4450 fuerint
3693 4413 3803 4452 ac-

2119 4471 2356 4541 quisita,
2414 4471 2584 4526 sicuti
2615 4489 2792 4545 supra
2849 4481 2988 4531 sunt
3017 4476 3306 4546 instituta,
3340 4496 3376 4534 a
3407 4485 3710 4553 potestate
3743 4493 3804 4543 et

2117 4559 2335 4613 ditione
2367 4565 2558 4615 vestra
2573 4566 2832 4616 vestroru
2843 4579 3017 4635 mque
3039 4582 3477 4636 successorum,
3513 4587 3582 4627 ac
3604 4577 3802 4630 vestri

2118 4649 2454 4703 monasterii
2477 4649 2704 4704 auferre
2726 4649 2809 4705 vel
2834 4650 3092 4709 alienare
3113 4671 3352 4727 quoquo
3374 4659 3556 4714 modo
3587 4660 3799 4720 liceat.

2115 4736 2170 4790 Si
2203 4753 2330 4807 quae
2361 4742 2554 4792 autem
2582 4739 2888 4796 temerario
2910 4757 3058 4797 ausu
3091 4759 3308 4816 magna
3330 4746 3637 4821 parvaque
3661 4769 3802 4824 per-

2116 4840 2260 4878 sona
2289 4829 2491 4880 contra
2544 4825 2652 4881 hoc
2683 4833 2950 4884 nostrum
3012 4831 3386 4906 privilegium
3419 4851 3600 4908 agere
3632 4856 3798 4911 prae-

2115 4912 2454 4983 sumpserit,
2477 4913 2622 4968 sciat
2635 4931 2695 4970 se
2713 4917 3103 4975 anathematis
3120 4920 3356 4978 vinculo
3381 4940 3515 4980 esse
3536 4925 3799 4985 innoda-

2113 5004 2255 5067 tam,
2289 5005 2346 5054 et
2375 5018 2408 5056 a
2438 5018 2612 5074 regno
2634 5003 2732 5058 Dei
2749 5003 3022 5075 alienam,
3043 5011 3100 5062 et
3121 5013 3799 5089 cumomnibusimpiis

2113 5094 2323 5144 aeterno
2342 5089 2605 5145 incendio
2627 5108 2691 5146 ac
2713 5093 2999 5164 supplicio
3031 5098 3512 5157 condemnatam.
3538 5107 3620 5158 At
3648 5122 3794 5163 vero

2115 5178 2212 5248 qui
2247 5179 2340 5248 pio
2373 5178 2587 5233 intuitu
2633 5186 2866 5236 curator
2894 5189 2950 5236 et
3004 5185 3344 5242 observator
3374 5188 3558 5262 hujus
3593 5196 3790 5251 nostri

2113 5267 2969 5341 privilegiiexstiterit,gratiam
2989 5278 3164 5345 atque
3191 5275 3670 5336 misericordiam
3695 5283 3791 5338 vi-

2111 5361 2350 5426 tamque
2380 5361 2654 5410 aeternam
2686 5375 2718 5413 a
2770 5359 3326 5422 misericordissimo
3371 5365 3630 5426 Domino
3663 5370 3786 5428 Deo

366 5446 547 5512 tibus,
573 5443 744 5502 sicuti
767 5440 1058 5514 primitus,
1087 5444 1143 5492 et
1159 5455 1312 5492 nunc
1329 5439 1398 5492 ab
1429 5440 1554 5510 ipso
1585 5446 1770 5494 vestro
1805 5459 2002 5498 mona-
2036 5428 2079 5492 D
2112 5449 2310 5499 nostro
2353 5444 2631 5516 consequi
2677 5453 2969 5504 mereatur
3016 5449 3076 5506 in
3127 5451 3345 5509 saecula
3392 5455 3782 5530 seculorum,

365 5535 540 5592 sterio
573 5547 845 5606 possessa
865 5530 1008 5586 sunt
1021 5529 1140 5578 tam
1159 5525 1214 5579 in
1235 5526 1515 5580 comitatu
1541 5526 1866 5600 Sabinensi,
1899 5548 2004 5588 nec

365 5639 480 5678 non
502 5626 560 5678 et
585 5618 913 5685 Narniensi,
945 5613 1069 5670 sive
1091 5611 1149 5666 in
1168 5611 1446 5668 comitatu
1465 5613 1723 5680 Reatino,
1750 5615 1836 5670 vel
1861 5619 2002 5676 Fur-

363 5707 946 5782 coniano,Asculano,
964 5699 1256 5771 Firmano,
1270 5700 1998 5780 Aprutiensi,etPinn-ensi,

2111 5537 2318 5588 Amen.

2179 5620 2473 5692 Scriptum
2503 5637 2605 5693 per
2621 5640 2833 5682 manus
2849 5625 2998 5682 Petri
3022 5628 3317 5690 scriniarii
3349 5633 3509 5692 sacri
3541 5635 3778 5710 palatii,

2108 5711 2168 5768 in
2199 5727 2396 5769 mense
2427 5715 2482 5771 et
2512 5711 2829 5775 indictione
2853 5719 3127 5778 secunda.
