3898 6360
119 445 246 525 1193

1099 449 1513 516 EPISTULA!
1553 450 1653 516 ET
1695 453 2059 518 DECRETA
2105 459 2573 526 PONTIFICIA.

3404 467 3523 542 5,94

200 583 413 674 Datum
449 585 640 658 iv;Kal.
669 585 856 644 Martii
877 603 980 661 per
1008 603 1217 644 manus
1231 586 1383 642 Petri
1422 585 1649 642 diaconi
1689 586 1772 642 bi-
1796 588 1852 656 Α
1881 593 2154 667 episcopo
2186 595 2467 653 Perusino
2497 596 2943 656 collatasuntde
2973 599 3174 674 eodem
3201 605 3392 674 vestro
3413 619 3536 660 mo.

123 671 497 731 bliotbecarii
525 681 581 732 et
611 676 940 732 cancellarii
983 680 1192 732 sancire.
1213 675 1544 746 apostolica:
1595 676 1771 740 sedis,

121 778 283 818 anno
317 765 692 836 pontificatus
725 765 924 822 domni
956 766 1166 820 Leonis
1201 765 1334 819 noni
1370 782 1530 835 papae
1562 763 1770 834 primo,

123 849 524 907 indictione”.

925 945 991 998 ll.

122 1031 316 1084 Leonis
346 1031 412 1086 IX
429 1046 598 1102 pupil?
631 1033 801 1095 bulla,
831 1047 928 1102 per
957 1048 1120 1101 quam
1160 1033 1552 1085 monasterium
1607 1035 1770 1085 Peru-

193 1102 378 1182 sinum
409 1101 632 1184 Sancta?
657 1101 848 1159 Maria"
887 1104 1277 1158 Vallis-Pontia
1306 1104 1469 1173 eripit
1491 1105 1773 1156 Perusinis

193 1188 480 1244 episeolus.

752 1264 936 1334 (Anno
969 1262 1152 1333 4049.)

445 1351 770 1420 [Muratori,
795 1353 978 1423 Aniiq.
1011 1353 1159 1422 liaL,
1191 1350 1264 1406 VI
1289 1351 1436 1420 333.]

192 1457 310 1512 Leo
354 1457 685 1528 episcopus,
747 1475 948 1513 servus
1006 1475 1302 1512 servorum
1362 1457 1479 1527 Dei,
1543 1475 1767 1524 JOANNI,

115 1545 319 1601 abbati
363 1545 700 1601 monasterii
759 1547 982 1601 Sancta»
1043 1547 1234 1600 Maria:
1289 1546 1477 1616 gVallis
1549 1547 1768 1613 l’ontis,

111 1635 356 1706 tuisque
427 1635 868 1691 successoribus
917 1636 1250 1698 abbatibus,
1313 1639 1648 1707 perpetuam
1709 1635 1767 1688 in

111 1722 368 1778 Domino
385 1722 657 1778 salutem.

187 1811 338 1875 Quia
377 1814 448 1866 art
508 1811 638 1874 hoc,
697 1817 990 1868 annuente
1047 1811 1310 1880 Domino,
1375 1829 1488 1867 non
1548 1812 1766 1867 nostris

111 1901 665 1972 meritis,pervenim
677 1906 832 1968 us,ut
847 1903 1110 1956 omnium
1131 1901 1454 1956 Ecclesiaru
1466 1919 1515 1955 m
1535 1917 1672 1956 cura
1695 1902 1762 1956 ad

110 2007 226 2044 nos
255 1989 547 2060 respiciat,
579 2007 755 2061 quam
790 1990 1038 2044 maxime
1077 1991 1227 2044 circa
1284 1989 1413 2044 illas
1478 1990 1760 2045 Eeclesias

108 2077 854 2149 sollicitaredebemusqua:
872 2079 1111 2149 propriis
1127 2079 1234 2132 sub
1254 2077 1525 2132 manibus
1544 2079 1757 2134 nostris

109 2165 466 2222 consistunt.
503 2167 638 2221 Inde
671 2172 755 2221 est
787 2167 941 2236 quod
975 2167 1045 2220 ad
1079 2166 1415 2238 petitionem
1444 2171 1626 2233 tuam,
1670 2167 1755 2220 di-

111 2253 436 2309 lectissime
468 2254 547 2308 lili
579 2254 835 2309 Joannes
867 2255 1070 2318 abbas,
1095 2271 1264 2308 aures
1284 2259 1512 2310 nostras
1534 2254 1755 2310 inﬂexi-

113 2361 272 2410 mus,
309 2359 554 2414 eamque
586 2341 827 2414 implere
846 2343 1531 2409 rlecrevimus,utscilicet
1547 2345 1755 2398 conﬁr-

111 2448 440 2496 maremus,
472 2435 528 2486 et
559 2431 1068 2486 corroboraremus
1097 2436 1288 2486 vestro
1308 2431 1679 2500 monasterio,
1703 2437 1758 2486 et

107 2520 278 2576 vobis
309 2535 375 2574 ac
408 2519 844 2574 successoribus
863 2518 1672 2584 vestrisabbatibus,mobilia
1703 2526 1759 2574 et

109 2607 444 2664 immobilia
476 2609 624 2662 bona
655 2624 1030 2679 quaecunque,
1065 2624 1412 2678 quocunque
1445 2609 1615 2663 modo
1684 2610 1755 2663 ad

109 2715 289 2753 usum
324 2698 393 2752 ad
423 2715 523 2752 vos
555 2700 611 2752 et
633 2697 1049 2752 monasterium
1079 2701 1332 2751 vestran
1367 2703 1421 2750 et
1453 2713 1605 2750 nunc
1636 2715 1756 2768 per-

108 2787 440 2843 tinentetin
457 2790 799 2858 perpetuum
821 2785 1215 2857 pertinebunt:
1249 2792 1304 2840 et
1332 2791 1392 2838 ut
1415 2786 1482 2839 de
1513 2785 1754 2841 decimis

109 2882 168 2932 et
198 2874 477 2948 primitiis
507 2874 776 2930 similiter
807 2874 1298 2938 faceremus,etde
1325 2873 1595 2928 clericisa
1617 2892 1754 2945 quo-

107 2981 344 3036 cunque
375 2964 682 3035 contigerit
713 2963 1054 3017 ordinandis
1084 2981 1096 3028 ;
1133 2967 1197 3016 ut
1256 2963 1468 3018 fotrum
1532 2965 1752 3018 nemini

107 3052 584 3110 conditionaliter
615 3051 918 3123 praebentis
965 3057 1169 3122 praeter
1229 3069 1410 3123 papae,
1458 3053 1527 3106 ad
1579 3070 1751 3123 quem

105 3141 343 3215 proprie
376 3139 698 3212 perlinetis,
733 3141 884 3194 sicut
916 3140 973 3194 in
1006 3146 1288 3211 prmeepto
1317 3140 1420 3211 piae
1460 3142 1752 3196 memoria:

105 3229 436 3287 decessoris
471 3229 650 3283 nostri
683 3228 1207 3283 (lomniClementis
1227 3247 1385 3300 papa:
1401 3230 1748 3300 continetur.

1885 682 2156 738 nasterio.
2190 685 2298 741 Pro
2330 704 2445 758 qua
2484 689 2978 764 corroboratione,
3028 690 3442 749 constitutione
3479 700 3536 756 et

1884 773 2258 829 evacuatione
2289 775 2604 832 statuimus
2618 777 2938 850 apostolica
2948 795 3215 848 censura,
3232 781 3342 836 sub
3357 781 3536 839 divini

1875 859 2540 929 jndiciiexterminium.
2573 883 2646 922 ne
2675 867 2808 939 quis
2867 883 3129 937 unquam
3199 873 3532 930 nostrorum

1882 965 2289 1007 successorum
2323 953 2690 1025 pontiﬁcum,
2723 958 2826 1010 aut
2856 954 3132 1026 quaslibet
3168 955 3284 1014 alia
3321 975 3536 1033 magna

1881 1055 2168 1111 parvaque
2201 1059 2469 1112 persona,
2500 1048 2558 1098 et
2587 1042 2914 1115 specialiter
2943 1043 3256 1117 episcopus
3298 1047 3532 1105 Perusi-

1882 1144 2013 1191 nus,
2045 1135 2245 1184 eontra
2275 1130 2381 1185 hoc
2413 1137 2680 1186 nostrum
2705 1135 3059 1204 prmceptum
3091 1149 3262 1207 agere
3307 1153 3528 1210 praesu-

1882 1219 2020 1270 mat.
2053 1219 2214 1282 Quod
2247 1219 2294 1273 si
2353 1219 2484 1290 quis
2533 1222 2676 1276 forte
2733 1219 3062 1285 tentaverit,
3135 1223 3529 1284 anathematis

1878 1304 2111 1360 vinculo
2141 1306 2436 1362 aDomino
2465 1309 2580 1364 Deo
2636 1310 2967 1379 innodetur,
3016 1329 3122 1368 nec
3165 1311 3278 1368 nisi
3345 1315 3526 1390 digna

1881 1394 2280 1451 satisfactione
2337 1397 2610 1453 solvatur.
2643 1400 2747 1463 Qui
2778 1407 3118 1458 verocustos
3147 1402 3525 1462 etinviolator

1881 1481 2061 1553 hujus
2093 1484 2274 1539 nostri
2307 1487 2576 1558 praecepti
2608 1489 2910 1557 exstiterit,
2936 1507 2970 1545 a
2998 1491 3242 1548 Domino
3274 1497 3386 1549 Deo
3423 1494 3522 1550 be-

1879 1571 2200 1640 nedicatur,
2235 1591 2300 1628 eo
2332 1576 2484 1646 quod
2511 1576 2918 1634 inconvulsum
2951 1595 3290 1652 permanere
3329 1581 3528 1640 lauda-

1879 1659 1976 1714 vit.
2004 1661 2152 1715 Bene
2178 1661 2380 1717 valete.

1950 1753 2158 1804 Datum
2188 1767 2268 1805 vn
2303 1750 2590 1806 Kalendas
2646 1751 2882 1825 Aprilis,
2943 1773 3047 1827 per
3101 1774 3314 1815 manus
3371 1759 3523 1816 Petri

1875 1836 2122 1903 diaconi,
2152 1837 2572 1894 bibliothecarii
2598 1845 2654 1895 et
2684 1842 3016 1898 enneelinrii
3049 1849 3262 1902 sanctas
3293 1851 3523 1921 aposto-

1873 1924 1992 1980 licae
2025 1926 2200 1995 sedis,
2233 1945 2385 1983 anno
2415 1928 2612 1985 domni
2645 1930 2852 1986 Leonis
2882 1932 2947 1987 IX
2977 1950 3140 2006 papae
3179 1935 3391 2008 primo,
3423 1937 3519 1992 in-

1873 2013 2122 2069 dictione
2155 2017 2427 2072 secunda.

2632 2133 2734 2192 ΙΙΙ.

1867 2246 1921 2300 8.
1945 2250 2138 2302 Leonis
2167 2250 2234 2302 IX
2256 2251 2612 2320 privilegium
2637 2253 2994 2322 proEcciesia
3019 2256 3506 2327 TrevirensiUZI).

2487 2342 2675 2405 (Anno
2707 2342 2890 2410 1049.)

2047 2427 2381 2496 [Hontheim
2417 2430 2560 2483 Hist.
2599 2431 2805 2485 Trevir.
2837 2431 3067 2504 diplom.
3107 2433 3148 2500 ῐ,
3179 2433 3336 2505 386.]

1943 2521 2051 2569 Leo
2091 2515 2422 2586 episcopus,
2455 2533 2655 2572 servus
2674 2535 2972 2576 servorum
2988 2520 3109 2586 Dei,
3131 2519 3516 2580 dilectissimo

1867 2603 2231 2672 Eni-mimico,
2265 2605 2697 2661 Trevir-ensium
2728 2607 3516 2682 archiepiscopo,vestrisque

1865 2694 2323 2756 successoribus,
2357 2694 2607 2749 salutem
2640 2694 2698 2749 in
2732 2695 2998 2751 Domino.

1936 2783 2234 2837 :Eternum
2267 2782 2471 2836 divina:
2503 2783 2960 2854 dispensationis
3000 2786 3333 2856 consilium,
3393 2804 3510 2860 quo

1863 2871 2112 2926 decrevit
2148 2888 2247 2940 per
2275 2877 2538 2943 tempora
2566 2872 2916 2928 distribuere
2945 2874 3166 2939 omnia,
3213 2874 3379 2932 nulla
3410 2875 3506 2933 re-

1863 2977 1995 3014 rum
2025 2959 2412 3014 mutabilitate
2443 2965 2724 3027 mutatur,
2765 2960 3392 3034 nullauqetemporum
3424 2964 3510 3020 di-

1861 3049 2130 3103 versitale
2161 3048 2436 3102 variatur.
2472 3049 2630 3103 Unde
2662 3049 2882 3105 factum
2909 3051 3268 3122 estuthujus
3284 3058 3510 3110 internis

1863 3136 2264 3207 dispositionis
2279 3135 2665 3192 immutabilis
2686 3139 2827 3194 ordo
2850 3144 3110 3195 nostram
3123 3141 3197 3196 de
3216 3141 3509 3200 Tullensis

1859 3226 2228 3298 epismpatus
2240 3225 2569 3281 humilitate
2585 3225 3043 3284 mediocritatem
3055 3228 3509 3301 adapostolicam

105 3322 475 3391 Quapropter
505 3334 606 3390 per
635 3318 812 3386 hujus
845 3317 1306 3389 nostripraecepti
1332 3319 1754 3372 seriemcontir-
1784 3329 1826 3394 ρ
1869 3319 2230 3386 promoveret
2259 3315 2681 3370 sublimitatem
2709 3333 2722 3382 ;
2753 3316 3006 3386 gratuito
3049 3316 3286 3387 quidem
3329 3320 3502 3388 dono,

107 3425 346 3464 mamus
376 3411 551 3477 atque
583 3407 1029 3460 corroboramus
1062 3411 1252 3460 Vestro
1288 3407 1662 3470 monasterio,
1693 3415 1754 3462 ut

103 3497 469 3560 diximus,ac
491 3495 650 3549 vobis
667 3512 731 3549 ac
755 3494 1192 3550 successoribus
1216 3495 1421 3549 vestris
1442 3495 1754 3550 abbatibus

109 3600 501 3659 quaecumque
515 3584 686 3638 modo
710 3583 903 3654 ipsum
919 3589 1107 3638 vestru
1120 3601 1173 3637 m
1191 3585 1607 3638 monasterium
1629 3602 1754 3656 pos-

104 3675 280 3740 sidet,
315 3673 450 3728 etin
485 3677 830 3744 perpetuum
867 3672 1200 3744 possidebit,
1237 3673 1751 3738 sivesintmobilia,

102 3763 227 3820 sive
251 3761 598 3827 immobilia,
633 3777 980 3832 quocunque
1027 3761 1605 3816 modoevenissentet
1625 3779 1751 3817 eve-

103 3851 296 3908 nient.
331 3849 598 3904 Decimas
627 3849 804 3904 etiam
835 3854 890 3904 et
923 3849 1212 3920 primitias
1253 3849 1479 3920 deipsis
1502 3851 1668 3905 bonis
1693 3855 1755 3905 ut

102 3955 270 3996 more
285 3937 453 3994 solito
475 3937 1299 4008 accipiatis,constituimus,et
1316 3942 1378 3992 ut
1405 3937 1571 3993 liceat
1593 3938 1755 3994 vobis

101 4027 434 4098 vestrisque
452 4026 910 4095 successoribus,
931 4026 1281 4098 cuicumque
1294 4025 1468 4080 vultis
1486 4027 1755 4099 episcopo

101 4116 352 4174 clericos
383 4119 604 4170 vestros
623 4115 979 4170 ordinandos
1001 4116 1224 4170 ollerre.
1266 4115 1414 4180 Quin
1436 4117 1610 4170 etiam
1632 4133 1756 4187 pro-

101 4204 386 4260 hibemus
419 4218 489 4256 ne
520 4203 652 4273 quis
685 4219 718 4257 a
747 4202 908 4256 vobis
931 4201 1121 4273 exigat
1144 4204 1595 4274 fotrum,prazter
1610 4221 1758 4276 papa

103 4293 330 4350 solum.
365 4291 449 4345 Ab
481 4289 640 4345 omni
671 4290 846 4345 etiam
874 4291 1223 4346 alienatione
1272 4291 1486 4347 liberos
1544 4309 1644 4346 vos
1701 4297 1756 4347 et

101 4395 356 4438 securos
386 4379 626 4434 reddere
645 4377 918 4434 volumus
954 4398 966 4444 ;
1003 4380 1154 4433 unde
1170 4379 1756 4448 apostolicaauctori-

101 4475 226 4526 tate
260 4484 569 4523 cassamus
595 4471 648 4523 et
677 4483 1028 4522 evacuamus
1060 4467 1157 4521 illa
1205 4471 1490 4538 priscepta
1541 4485 1666 4538 quae
1724 4486 1757 4523 a

100 4555 420 4614 Benedicto
451 4559 507 4611 et
539 4555 813 4628 Gregorio
843 4554 1084 4626 injustis
1116 4555 1490 4626 pontilicibus
1526 4557 1756 4611 Andreae

173 4670 329 4743 (121)
362 4671 443 4743 Eo
472 4671 753 4742 majorem
786 4687 1040 4743 praesens
1071 4669 1426 4743 Trevirensiﬁs
1472 4669 1756 4743 primatus

101 4741 486 4798 confirmatio
509 4741 768 4797 meretur
791 4741 1192 4805 attentionem,
1255 4742 1432 4812 quod,
1474 4741 1604 4795 'non
1658 4743 1757 4796 eb-

103 4818 307 4869 stante
339 4813 588 4867 aliorum
621 4813 1006 4884 oppositione,
1037 4812 1207 4882 quasi
1240 4813 1293 4866 in
1319 4813 1762 4868 contradictorio

101 4884 337 4941 sancite
367 4884 560 4951 fuerit,
585 4883 773 4954 neque
795 4902 828 4938 a
849 4883 971 4939 solo
1005 4885 1264 4939 Romano
1289 4885 1577 4954 pontifice,
1613 4886 1709 4939 sed
1733 4902 1765 4938 a

103 4955 360 5028 synodo,
394 4955 492 5028 c_ui
523 4971 628 5028 nec
657 4954 925 5028 soliltali
954 4955 1286 5028 interfuere.
1337 4955 1766 5028 Hililebrandns

106 5025 289 5092 certe,
324 5025 382 5080 in
411 5025 668 5080 Ecclesia
697 5025 1024 5081 Coloniensi
1057 5027 1371 5091 enutritus,
1404 5027 1635 5080 nolebat
1652 5044 1768 5080 rna-

106 5099 364 5172 gistram
395 5113 565 5152 suam
599 5097 962 5152 Trevirensis
991 5097 1150 5172 sedis
1183 5096 1433 5172 elatione
1497 5098 1764 5172 deprimi,

108 5167 246 5241 quas
265 5167 382 5241 itaq
396 5185 464 5222 ue
483 5185 520 5241 _q
531 5186 562 5221 u
575 5175 828 5240 anlaqne
847 5168 1243 5241 egerit,ut_boc
1261 5167 1766 5241 conﬁrmationem

107 5238 458 5311 synodalem
480 5238 812 5309 impediret,
849 5241 956 5294 sub
984 5239 1216 5311 nomine
1251 5241 1510 5308 Gregorii
1542 5239 1637 5311 Vll
1672 5259 1766 5310 po-

109 5310 242 5367 stea
274 5316 506 5365 creatus
538 5311 835 5364 Romanus
868 5310 1125 5380 pontifex
1156 5310 1248 5362 his
1280 5311 1468 5363 verbis
1489 5310 1556 5362 ad
1581 5312 1765 5364 Anno-

110 5398 250 5438 nem
286 5381 543 5452 arcliiep.
576 5381 979 5436 Coloniensem
1019 5397 1182 5452 anno
1243 5381 1398 5452 11174,
1460 5381 1768 5452 perscribit

112 5453 292 5524 epist.
323 5455 419 5518 79,
448 5451 552 5506 lib.
591 5472 599 5504 ι
638 5453 909 5524 Regesti:
945 5474 971 5501 ‹‹
1005 5451 1090 5506 Ob
1118 5451 1575 5524 recordationem
1599 5451 1768 5524 disci-

183 5524 318 5594 inaa,
354 5539 472 5594 qua
501 5520 760 5594 tempore
778 5522 1376 5594 antecessorisnostri
1402 5523 1457 5594 in
1491 5520 1762 5576 Ecclesia.

159 5541 318 5589 unae,
354 5541 472 5594 qua
501 5541 760 5593 tempore
778 5541 1163 5578 antecesseris
1196 5541 1376 5576 nosm
1402 5541 1457 5576 in
1492 5541 1762 5576 nccresxa.

112 5541 456 5650 Eoloniensi
491 5593 728 5648 enutriti
762 5610 992 5654 sumus,
1027 5593 1334 5664 specialem
1365 5593 1412 5645 ei
1448 5599 1649 5663 prreter
1668 5609 1768 5664 eie-

112 5671 280 5720 teras
311 5664 717 5720 Occidentales
751 5665 1037 5720 Ecclesias
1064 5663 1430 5718 dilectionem
1483 5663 1765 5731 impendi-

115 5753 278 5805 mus;
305 5742 362 5792 et
385 5736 538 5792 sicut
555 5734 744 5790 adhuc
767 5736 1037 5792 Romana:
1051 5735 1316 5790 Ecclesia:
1339 5734 1443 5788 iilii
1461 5739 1766 5798 testantur,

1868 3420 1979 3456 non
2012 3402 2209 3473 aliquo
2239 3402 2499 3468 exigente
2532 3408 2730 3458 nostro
2761 3404 2987 3459 merito.
3013 3405 3295 3468 Quocirca
3313 3411 3503 3464 vestra

1862 3491 2214 3558 fraternitas,
2245 3491 2585 3546 dulcissime
2615 3491 2808 3556 frater,
2843 3508 2968 3558 nos,
3004 3498 3200 3548 nostra
3220 3493 3501 3551 charitate

1861 3580 2000 3645 vita,
2030 3579 2305 3634 comitata
2333 3585 2440 3646 est,
2459 3580 2720 3634 etRomae
2737 3580 3046 3636 nobiscum
3068 3580 3501 3654 aliquantulum

1864 3673 2165 3724 remorata.
2201 3667 2424 3722 Interea
2455 3667 2563 3724 loci
2614 3685 2752 3724 cum
2802 3669 3121 3742 unicuique
3175 3688 3350 3729 suum
3402 3673 3506 3744 jus

1863 3773 2156 3828 suumque
2187 3760 2428 3823 rectum,
2455 3758 2605 3828 quod
2631 3756 2717 3813 vel
2739 3757 2999 3814 ablatum
3024 3760 3276 3831 penitus,
3289 3759 3379 3816 vel
3402 3759 3508 3818 ali-

1865 3845 2217 3918 quantulum
2238 3845 2378 3900 imm
2390 3851 2616 3901 utatum
2639 3853 2813 3912 esset,
2831 3847 3186 3904 omnimodis
3201 3849 3508 3906 restituam

1865 3951 2232 4007 euperemus,
2266 3934 2594 3990 dilectionis
2622 3940 2823 3990 vestra:
2855 3935 3154 4008 privilegia
3173 3936 3341 3992 nobis
3357 3941 3506 3993 attu-

1863 4023 2034 4087 listis,
2054 4039 2178 4094 quis
2195 4023 2339 4092 (122)
2364 4023 2680 4093 primatum
2700 4023 2895 4078 Gallia:
2913 4023 3154 4096 Belgica:
3169 4024 3502 4098 subscripta

1865 4112 2036 4166 modo
2063 4112 2267 4166 vestris
2297 4111 2764 4168 antecessoribus
2795 4112 2995 4166 datum
3012 4117 3258 4170 anostra
3275 4118 3507 4187 aposto-

1866 4201 1976 4256 lica
2005 4201 2140 4256 sede
2163 4203 2518 4266 asserebant,
2562 4217 2666 4271 pro
2697 4217 2764 4256 eo
2787 4200 3014 4273 quodin
3035 4202 3268 4258 exordio
3281 4202 3511 4276 religio-

1866 4291 1958 4345 nis
1990 4295 2177 4344 vestra
2205 4289 2562 4344 Trevirensis
2595 4288 2854 4344 Ecclesia
2882 4289 3074 4361 prima
3103 4289 3222 4347 illis
3238 4290 3299 4346 in
3331 4290 3510 4364 parti-

1867 4379 1978 4432 bus
2011 4377 2141 4431 lidei
2175 4376 2506 4431 rudimenta
2537 4379 2912 4450 percepisset,
2945 4395 3048 4450 per
3084 4379 3347 4451 egregios
3405 4381 3508 4454 do_-

1867 4465 2172 4538 gmatistas
2197 4465 2569 4520 Eucharium.
2603 4465 2924 4532 Valerium,
2958 4467 3204 4522 Materni
3229 4484 3309 4535 m,
3359 4483 3510 4538 quos

1868 4554 2244 4610 beatissimus
2267 4554 2470 4608 Petrus
2497 4559 2895 4626 apostolorum
2918 4554 3186 4626 princeps
3207 4554 3506 4625 instruxit,

1865 4675 2127 4741 tempore
2153 4668 2298 4741 beati
2323 4669 2536 4741 Leonis
2568 4685 2750 4739 papzn,
2779 4667 3099 4741 Trevirensi
3121 4667 3508 4741 episcopopro

1873 4739 2410 4813 honoreEcclesiie.
2437 4743 2634 4813 vestrae
2652 4740 2823 4813 quod
2847 4740 2998 4813 idem
3026 4739 3512 4813 beatusLeoasgre

1875 4811 2027 4877 tulit,
2059 4811 2282 4864 viribus
2312 4810 2446 4864 totis
2479 4811 2820 4866 restitimus.
2860 4833 2886 4859 ››
2917 4812 2976 4866 Si
3007 4816 3202 4866 autem
3237 4811 3348 4868 hac
3403 4810 3520 4868 Sua

1875 4881 2239 4956 oppositione
2267 4899 2303 4956 qn
2317 4881 2411 4935 ibil
2427 4883 2644 4956 nocuit
2660 4883 3121 4956 conﬁrmatoper
3133 4883 3380 4956 Leonem
3396 4885 3512 4956 prio

1877 4952 2054 5027 malui
2094 4952 2541 5027 Hildebrandns,
2576 4953 2633 5006 in
2669 4953 2855 5027 hoeei
2880 4952 3116 5027 prodest
3144 4954 3225 5010 rei
3259 4952 3435 5027 gestae
3460 4957 3520 5011 ti-

1875 5025 2022 5096 delis
2054 5024 2329 5096 narratio,
2367 5024 2424 5078 in
2459 5023 2849 5096 GregoriiVll
2877 5023 3142 5096 epistolis
3172 5023 3421 5096 servata,
3455 5032 3521 5082 ut

1874 5095 1960 5150 vel
1993 5095 2124 5170 inde
2155 5095 2326 5170 etiam
2366 5095 3055 5170 appareat,_'_l“revire’nsis
3084 5097 3370 5170 primatizs
3381 5099 3522 5170 jura

1877 5185 2052 5236 supra
2085 5165 2959 5240 Coloniensemarchidimccsin
2984 5165 3112 5224 sese
3130 5165 3517 5240 protendisse,

1877 5245 2156 5305 tanquam
2188 5237 2382 5291 Gallia:
2419 5236 2657 5308 Belgica!
2691 5243 2936 5308 partem.

1947 5309 2403 5380 “ﬁmi-iniciam
2434 5307 2632 5362 Gallia?
2653 5307 2905 5375 Belgicae.
2931 5309 3064 5373 Sed,
3128 5313 3194 5364 ut
3237 5308 3372 5380 quid
3423 5307 3518 5380 hic

1875 5385 1931 5434 et
1963 5380 2019 5452 in
2051 5379 2336 5432 sententia
2355 5379 3118 5452 depositionisThiedgaudi
3141 5380 3214 5452 de
3229 5378 3378 5434 anno
3411 5378 3518 5452 86_3

1882 5451 2106 5520 Belga-ie
2139 5458 2362 5504 tantum
2394 5445 2605 5520 primas
2637 5451 2801 5504 audit
2856 5445 3214 5520 Trevirensis
3233 5445 3513 5520 _p_resul,

1879 5517 1990 5593 qui
2013 5526 2144 5593 ante
2173 5517 2492 5593 Germania:
2519 5521 2828 5593 Gallia:un
2855 5519 3200 5593 dicebaturz
3231 5517 3520 5593 'I‘i'ibuunl.

1877 5584 1986 5644 hoc
2017 5591 2159 5645 Zech
2180 5592 2256 5662 de
2287 5594 2512 5644 I’riiral.
2539 5584 2790 5646 German.
2821 5609 2948 5662 cap.
2977 5595 3030 5662 2,
3277 5591 3334 5640 et
3389 5584 3512 5654 alii,

1877 5661 2188 5716 declinanti
2217 5663 2510 5734 Splendori
2545 5667 2600 5718 et
2631 5657 2952 5718 auctoritati
2983 5657 3130 5714 civili
3164 5657 3512 5713 Trevrorum

1880 5736 2169 5806 Augustre.
