3898 6386
130 526 251 593 597

1097 525 1503 591 EPISTOL/E
1544 525 1646 588 ET
1688 525 2053 588 DECRETA
2092 522 2560 589 PONTlFlClA.

3404 524 3520 589 698

132 666 194 721 et
214 663 271 720 in
294 665 641 738 perpetuum
656 661 846 738 ipsam
861 660 1249 727 insulam,tibi
1265 660 1771 720 etsuccessoribus
1799 663 1853 726 Α
1882 661 1970 717 vel
1990 679 2182 735 parva,
2207 666 2405 719 contra
2424 662 2575 717 hanc
2589 663 2849 717 nostram
2863 657 3325 732 preceptiomem
3349 674 3517 732 agere

133 754 255 809 tuis
278 755 402 809 sine
424 753 828 825 inquietudine
849 752 1063 807 habere
1092 753 1465 808 concedimus
1483 752 1645 822 (deest
1675 752 1777 806 ali-

130 841 403 914 quid),vel
427 842 483 896 in
508 844 792 907 futurum,
818 843 932 897 Deo
955 843 1287 906 miserante,
1312 841 1520 896 collata
1542 841 1773 905 fuerint,

134 932 249 985 sub
263 930 581 1001 cujuslibet
593 947 780 985 causae
795 931 1187 985 occasionisve
1200 931 1391 1001 specie
1405 931 1667 983 minuere
1690 928 1775 983 vel

131 1026 365 1075 auterre
388 1020 619 1074 audeat.
644 1020 753 1074 Sed
787 1024 1017 1085 cuncta,
1047 1036 1173 1090 qua:
1212 1019 1291 1072 ibi
1313 1018 1507 1073 oblata
1529 1022 1666 1072 sunt
1690 1016 1776 1071 vel

130 1107 324 1162 oﬂ‘erri
343 1108 797 1179 contigerit,tam
812 1112 919 1163 ate
937 1124 1113 1179 quam
1138 1124 1171 1162 a
1190 1108 1306 1162 tuis
1320 1108 1775 1169 successoribus,

131 1196 373 1267 perenni
388 1201 646 1267 tempore
659 1197 784 1251 sine
808 1196 1213 1268 inquietudine
1228 1196 1499 1251 volumus
1520 1195 1777 1267 posside—

133 1284 207 1353 ri,
225 1300 428 1341 eorum
450 1285 685 1356 quidem
706 1286 932 1349 usibus,
956 1302 1059 1357 pro
1078 1302 1327 1356 quorum
1357 1285 1778 1340 sustentatione

132 1389 413 1429 concessa
447 1377 603 1440 sunt,
633 1374 822 1429 modis
862 1375 1135 1429 omnibus
1176 1375 1499 1445 profutura.
1542 1374 1599 1429 Si
1647 1375 1779 1446 quis

129 1479 267 1518 vero
315 1479 539 1534 regum,
574 1464 965 1531 saCerdotum,
1016 1463 1379 1530 clericorum,
1413 1463 1681 1533 judicum
1715 1478 1781 1517 ac

132 1550 503 1606 saecularium
533 1568 913 1622 personarum
938 1552 1085 1607 hanc
1108 1551 1539 1607 constitutionis
1568 1554 1778 1606 nostra:

132 1640 410 1712 paginam
435 1655 758 1711 agnoscens
802 1645 1002 1695 contra
1050 1657 1177 1695 eam
1216 1640 1412 1695 venire
1451 1640 1777 1707 tentaverit,

133 1727 444 1801 potestatis
465 1728 822 1799 honorisque
845 1729 935 1782 sui
977 1728 1258 1800 dignitate
1279 1732 1471 1783 careat
1500 1744 1781 1799 reumque

132 1832 197 1871 se
228 1816 424 1871 divino
448 1817 671 1887 judicio
703 1818 947 1872 existere
974 1819 1043 1873 de
1093 1822 1424 1889 perpetrata
1470 1822 1781 1889 cognoscat

131 1903 465 1975 iniquitate.
501 1906 565 1958 Et
598 1905 707 1959 nisi
742 1905 1053 1976 resipuerit
1087 1910 1144 1960 et
1189 1906 1261 1960 ad
1311 1906 1777 1961 emendationem

1885 756 2217 823 prmsumat.
2261 753 2417 818 Quod
2481 752 2815 822 quicunque
2866 748 3082 815 fecerit,
3135 748 3525 805 anathematis

1882 840 2114 896 vinculo
2140 841 2398 897 feriatur.
2418 840 2524 906 Qui
2546 857 2676 895 vero
2701 843 2897 894 custos
2917 842 2968 893 et
2992 838 3328 893 observator
3346 836 3525 908 hujus

1884 935 2093 985 nostrae
2118 932 2517 1002 praeceptionis
2536 929 2727 994 luerit,
2746 927 3210 984 benedictionem
3234 927 3525 983 aDomino

1885 1019 1999 1074 Deo
2030 1025 2436 1091 consequatur.

1956 1107 2164 1162 Datum
2188 1126 2282 1162 xw
2305 1108 2542 1163 Kalend.
2572 1107 2705 1163 Maii
2729 1124 2829 1178 per
2858 1124 3068 1162 manus
3090 1106 3244 1161 Petri
3268 1104 3521 1170 diaconi,

1887 1195 2305 1251 bibliothecarii
2338 1202 2393 1251 et
2422 1196 2748 1251 cancellarii
2780 1197 2836 1251 S.
2871 1194 3201 1267 apostolicae
3220 1194 3399 1262 sedis,
3424 1210 3524 1248 an-

1889 1301 1963 1339 no
1996 1284 2215 1339 domini
2249 1285 2455 1340 Leonis
2486 1285 2554 1340 IX
2586 1302 2745 1357 papae
2776 1284 2985 1356 primo,
3018 1283 3218 1337 indict.
3254 1300 3314 1336 ιι.

2641 1374 2688 1426 V
2693 1374 2755 1427 ΙΙ.

2672 1374 2688 1403 γ

1885 1448 1944 1501 8.
1981 1447 2082 1500 Leo
2114 1446 2179 1500 IX
2204 1447 2467 1501 Joannem
2491 1462 2559 1500 ere
2588 1374 2910 1499 Τιὶςέἓηςηςί
2956 1447 3160 1514 factum
3212 1444 3520 1514 episcopum

1958 1518 2309 1571 Portuensem
2338 1521 2567 1573 testatur
2590 1533 2624 1570 a
2650 1516 2852 1587 synodo
2882 1517 2938 1569 in
2957 1512 3196 1587 ecclesia
3226 1513 3280 1568 S.
3308 1512 3519 1587 ASalva-

1961 1589 2092 1641 toris
2121 1591 2393 1643 sancitum
2423 1605 2552 1643 esse.
2594 1584 2851 1643 Ecclesiae
2876 1586 3196 1640 Portuensis
3226 1584 3526 1656 privilegia

1955 1661 2260 1729 conﬁrmat.

2235 1729 2504 1803 [Ughelli.
2534 1731 2705 1785 Italia
2734 1746 2914 1795 sacra,
2950 1729 2991 1795 Ι,
3029 1727 3175 1797 120.]

1962 1819 2075 1873 Lso
2098 1819 2428 1890 episcopus,
2453 1835 2655 1873 servus
2676 1833 2975 1873 servorum
2994 1816 3115 1881 Dei,
3144 1813 3528 1870 dilectissimo

1888 1907 2057 1962 nobis
2078 1907 2135 1962 in
2153 1908 2382 1962 Christo
2405 1907 2566 1962 fratri
2598 1912 2654 1961 et
2682 1906 3022 1976 Coepiscopo
3061 1908 3262 1959 nostro
3290 1908 3524 1969 JOANNI,

130 2009 452 2064 congruam
483 1993 723 2060 venerit,
748 2010 781 2048 a
833 2011 1071 2065 corpore
1127 1999 1184 2049 et
1231 1996 1515 2064 sanguine
1548 1995 1775 2049 Domini
1807 2025 1855 2089 B
1889 1995 2222 2051 Portuensis
2243 1995 2507 2051 Ecclesia:
2531 1995 2795 2062 antistiti,
2820 1995 3062 2064 suisque
3083 1992 3523 2048 successoribus

130 2080 319 2136 nostri
339 2082 477 2136 Jesu
502 2081 722 2137 Chrtsti
755 2080 982 2137 alienus
1009 2082 1137 2149 ﬁat;
1162 2083 1388 2138 cunctis
1411 2090 1603 2138 autem
1628 2083 1777 2138 hanc

129 2170 571 2224 constitutionis
605 2174 812 2224 nostra:
848 2171 1117 2241 paginam
1152 2171 1520 2226 servantibus
1561 2172 1637 2226 sit
1667 2190 1777 2243 pax

130 2258 364 2313 Domini
387 2259 567 2313 nostri
592 2258 728 2313 Jesu
758 2259 990 2325 Christi,
1013 2264 1301 2330 quatenus
1327 2265 1383 2314 et
1404 2260 1496 2314 hic
1522 2261 1775 2315 fructum

131 2347 299 2402 bona:
322 2347 564 2402 actionis
577 2348 981 2417 percipiant,et
997 2348 1144 2417 apud
1164 2349 1493 2403 districtum
1507 2349 1773 2404 Judicem

134 2436 379 2509 praemia
409 2440 632 2490 aeterna:
666 2436 823 2507 pacis
855 2436 1170 2491 inveniant.

200 2524 418 2579 Datum
452 2523 738 2591 Laterani,
775 2524 970 2579 Idibus
998 2524 1230 2595 Aprilis.

932 2613 976 2665 V

130 2701 185 2756 S.
222 2703 326 2756 Leo
356 2702 426 2755 IX
452 2701 759 2755 Eberhardo
793 2701 1191 2771 archiepiscolio
1233 2702 1532 2756 Trevirensi
1581 2706 1775 2757 asserit

197 2773 395 2827 cellam
421 2773 672 2844 Quatuor
717 2772 1131 2837 Coronatorum,
1184 2773 1604 2844 archiepiswpis
1649 2776 1773 2829 Tre-

198 2843 507 2898 vireusibus
537 2861 570 2899 a
598 2844 881 2898 Benedicto
928 2845 1016 2897 VII
1044 2844 1172 2896 olim
1198 2845 1467 2898 collatam.

754 2916 940 2983 (Anno
973 2914 1154 2984 1049.)

131 2985 298 3052 [Vide
330 3001 515 3057 supra
536 2984 594 3038 in
620 2985 931 3057 Benunic'ro
950 2985 1086 3057 Vill
1102 2991 1164 3057 et
1193 2984 1347 3039 Gesta
1380 2987 1608 3052 Trever.,
1633 2986 1768 3040 edit.

444 3055 853 3128 Wyttembach
888 3056 1201 3179 etliﬂuller,
1238 3057 1277 3123 Ι,
1314 3056 1458 3126 150.]

125 3198 180 3253 S.
216 3199 320 3253 Leo
352 3199 419 3252 IX
444 3199 766 3251 monasterii
806 3199 860 3252 S.
899 3199 1202 3252 Salvatoris
1251 3200 1569 3268 Septimium
1618 3199 1770 3251 utier-

296 3291 299 3293 ·
503 3272 667 3322 tatem
697 3277 747 3323 et
772 3270 1063 3338 privilegia
1095 3270 1400 3337 conﬁrmat.

747 3340 930 3409 (Anno
967 3340 1145 3407 1049.)

486 3410 757 3481 [Ughclli,
789 3412 951 3465 Italia
980 3427 1159 3475 sacra,
1180 3410 1276 3474 Ill,
1297 3412 1408 3477 68.]

198 3500 318 3554 Leo
343 3499 880 3569 cpiscopus,scrvus
905 3515 1201 3553 servorum
1226 3498 1541 3559 Dei,Psrao
1578 3498 1774 3553 abbati

126 3587 467 3644 monasterii
482 3587 861 3642 S.Salvatoris
874 3587 931 3641 in
949 3586 1471 3658 Septimo,suisque
1485 3604 1775 3660 snccesso:

126 3676 643 3742 ribusabbatibus,
663 3682 1000 3747 perpetuam
1016 3675 1478 3731 benedictionem
1518 3680 1576 3731 et
1615 3676 1775 3731 salu-

122 3770 267 3821 tem.

192 3853 480 3909 Convenit
501 3852 819 3923 apostolico
844 3853 1224 3908 moderamini
1252 3853 1345 3924 pia
1366 3852 1643 3923 religione
1658 3852 1778 3924 pol-

121 3941 389 3998 lentibus
411 3940 693 3997 benevola
741 3941 1144 4013 compassione
1189 3958 1550 4005 succurrere,
1583 3946 1638 3996 et
1680 3959 1777 4013 pe-

123 4030 380 4087 tentium
396 4030 703 4085 desideriis
733 4047 1057 4101 congruum
1094 4029 1377 4100 impertiri
1405 4030 1773 4102 suffragium.

123 4118 738 4191 Propterea,inclinati
774 4118 1049 4190 precibus
1078 4118 1425 4189 vestris,per
1456 4118 1633 4188 hujus
1656 4136 1782 4173 nos-

128 4215 233 4265 tra:
268 4208 671 4280 praeceptionis
701 4208 909 4263 seriem
945 4209 1365 4263 conﬁrmamus
1406 4214 1462 4262 et
1514 4208 1779 4262 corrobo-

127 4312 337 4352 ramus
368 4295 473 4350 tibi
506 4295 928 4349 monasterium
963 4299 1157 4366 ipsum
1192 4295 1229 4349 S
1285 4294 1602 4350 Salvatoris
1647 4313 1778 4350 cum

126 4383 409 4442 omnibus
424 4383 593 4438 bonis
606 4383 733 4454 ejus
748 4383 1065 4438 mobilibus
1079 4387 1135 4437 et
1174 4382 1603 4449 immobilibus,
1636 4401 1784 4438 sese-

128 4489 246 4546 que
264 4473 1026 4543 moventibus,quaacunque
1039 4472 1109 4526 ad
1127 4488 1193 4526 eu
1207 4474 1426 4540 mjuste
1448 4477 1505 4525 et
1525 4471 1786 4543 legaliter

131 4560 572 4635 pertinent.Nec
589 4578 701 4616 non
717 4561 891 4616 etiam
906 4577 1211 4615 censemus
1228 4565 1290 4614 ut
1305 4577 1573 4615 securum
1588 4561 1782 4632 ipsum

133 4650 563 4706 monasterium
587 4650 658 4704 ab
689 4649 849 4704 omni
874 4648 1109 4703 laesione
1141 4650 1233 4716 sit,
1267 4653 1322 4702 et
1352 4648 1477 4703 sine
1518 4648 1786 4704 molestia

1883 2084 1943 2137 in
1976 2089 2338 2156 perpetuum,
2374 2085 2431 2139 in
2464 2085 2709 2140 Domino
2740 2081 3010 2139 salutem.

1958 2173 2421 2244 Supplicantium
2452 2172 2756 2228 desideriis
2786 2171 3166 2227 annuendum
3198 2169 3366 2225 nobis
3388 2186 3518 2225 esse

1885 2265 1942 2316 et
1974 2263 2117 2317 ratio
2148 2267 2204 2317 et
2232 2263 2562 2333 benignitas
2593 2261 2800 2333 poscit,
2821 2260 2960 2331 quia
2982 2260 3135 2330 quod
3169 2256 3517 2314 rationabile

1885 2355 1974 2405 est
2004 2352 2360 2422 impendere,
2392 2352 2643 2421 benigne
2668 2349 2903 2422 quidem
2948 2365 3061 2402 non
3107 2363 3339 2419 negare.
3362 2348 3520 2410 Qua-

1887 2446 2120 2510 pr0pter
2133 2440 2271 2510 quia
2282 2438 2859 2509 transmigrationem
2874 2436 3060 2491 fecisti
3073 2436 3143 2491 de
3154 2435 3292 2491 sede
3307 2435 3525 2490 Tusoa~

1888 2528 2053 2582 nensi
2077 2528 2147 2582 ad
2172 2529 2437 2582 eamdem
2460 2527 2656 2582 sedem
2670 2527 3069 2591 Portuensem,
3095 2523 3338 2595 dignum
3363 2523 3525 2578 duxi-

1887 2632 2020 2670 mus
2052 2616 2110 2669 in
2143 2616 2363 2687 synodo
2394 2615 2557 2686 prius
2579 2615 2649 2669 de
2678 2613 2789 2670 hoc
2818 2611 3115 2677 ventilare,
3140 2615 3336 2667 utrum
3363 2611 3526 2682 juste

1885 2704 2035 2759 facta
2058 2705 2230 2759 fuerit
2248 2703 2335 2759 vel
2369 2704 2604 2770 injuste,
2630 2705 2783 2774 quod
2824 2706 2880 2758 et
2919 2702 3163 2757 fecimus
3202 2700 3524 2755 residentes

1882 2793 1941 2847 in
1964 2795 2183 2865 synodo
2205 2800 2259 2848 et
2276 2793 2519 2848 ecclesia
2537 2792 2870 2849 Salvatoris.
2897 2792 3159 2862 Cumque
3177 2788 3255 2844 ibi
3274 2789 3521 2860 diligen-

1882 2886 1971 2937 ter
1990 2888 2141 2937 esset
2162 2883 2556 2937 examinatum
2579 2898 2695 2953 qua
2716 2882 2937 2936 ratione
2960 2881 3030 2935 de
3075 2879 3411 2950 episcOpatu
3447 2877 3519 2931 ad

1880 2972 2276 3043 episcopatum
2311 2971 2624 3035 transiens,
2647 2970 2945 3024 inventum
2965 2973 3053 3022 est
3073 2971 3193 3021 tam
3215 2965 3522 3021 necessita-

1881 3060 1956 3114 tis
1987 3077 2164 3131 quam
2196 3058 2466 3114 utilitatis
2498 3076 2675 3113 causa
2705 3058 2813 3113 hoc
2838 3052 3521 3125 factumfuisse,etjudi-

1880 3154 2077 3203 catum
2111 3154 2197 3203 est
2228 3149 2337 3203 hoc
2368 3148 2487 3202 fieri
2522 3148 2804 3219 potuisse.
2830 3148 2964 3210 Quae
3004 3145 3178 3200 etiam
3214 3142 3389 3199 fuerit
3424 3158 3522 3198 ne-

1880 3237 2145 3301 cessitas,
2172 3253 2302 3307 quas
2331 3236 2576 3303 utilitas,
2603 3235 2745 3291 satis
2787 3238 3050 3307 patenter
3089 3236 3176 3287 est
3202 3246 3478 3303 expressa
3505 3247 3519 3285 :

1880 3325 2217 3391 necessitas,
2242 3324 2379 3395 quia
2399 3324 2525 3394 jam
2549 3324 2810 3378 Romana
2839 3321 3094 3378 Ecclesia
3116 3321 3174 3375 in
3207 3319 3517 3390 ﬁliis,quos

1799 3387 1841 3452 Ο
1880 3414 2009 3484 ipsa
2028 3387 2945 3482 lactaverat,defecerat,quorum
2970 3414 3030 3464 tu
3066 3425 3199 3479 pars
3220 3387 3516 3479 superstes

1882 3518 2050 3567 eras;
2083 3517 2340 3573 congrua
2370 3500 2592 3554 utilitas
2622 3516 2774 3564 vero,
2807 3497 2926 3553 sive
2957 3514 3059 3568 pro
3106 3497 3282 3551 rebus
3332 3494 3519 3566 ipsius

1885 3589 2171 3655 Ecclesiae,
2206 3606 2335 3659 quae
2366 3588 2470 3643 tibi
2494 3592 2629 3642 nota
2649 3591 2771 3642 erat
2791 3603 2905 3658 praa
2928 3585 3076 3650 aliis,
3103 3584 3225 3640 sive
3250 3600 3353 3655 pro
3391 3598 3523 3637 con-

1886 3677 2035 3734 siliis
2065 3677 2298 3742 dandis,
2332 3677 2450 3732 sive
2480 3677 2656 3731 etiam
2701 3692 2804 3746 pro
2848 3673 3200 3729 mediatione
3247 3672 3524 3727 Romana

1890 3764 2153 3821 Ecclesia;
2176 3769 2232 3820 et
2249 3764 2953 3835 imperatorum,quorum
2974 3766 3035 3816 tu
3070 3777 3222 3833 saepe
3243 3758 3530 3815 mediator

1890 3853 2070 3909 fuisti.
2095 3853 2213 3908 Hac
2243 3852 2422 3924 igitur
2448 3869 2507 3907 re
2538 3851 2801 3907 inclinati
2848 3849 3213 3906 decrevimus
3261 3846 3529 3919 petitioni

1890 3948 1999 3997 tua:
2014 3942 2366 4005 satisfacere,
2394 3939 2615 3995 scilicet
2641 3946 2705 3994 ut
2730 3939 2828 3994 tibi
2845 3938 3078 4008 tuisque
3091 3935 3529 3991 successoribus

1890 4032 2083 4102 ipsum
2116 4034 2496 4083 Portuenscm
2537 4028 2873 4099 episcopum
2919 4026 3353 4091 conﬁrmemus,
3390 4023 3530 4094 quia

1892 4118 2091 4189 utique
2114 4117 2358 4172 libenter
2376 4117 2639 4171 facimus.
2657 4117 2725 4170 Et
2739 4115 2995 4186 primum
3017 4114 3210 4184 ipsum
3229 4111 3528 4183 episcopa-

1891 4218 2014 4261 tum
2040 4205 2376 4261 Portuensis
2408 4204 2692 4269 Ecclesiae,
2727 4221 2853 4275 qua:
2886 4203 3073 4275 posita
3127 4218 3255 4256 esse
3302 4201 3534 4256 videtur

1894 4293 2035 4349 foris
2068 4294 2398 4365 praedictam
2421 4297 2803 4347 Portuensem
2835 4290 3145 4356 civitatem,
3169 4288 3262 4344 cui
3290 4288 3535 4344 vocabu-

1895 4384 2017 4437 lum
2048 4388 2136 4437 est
2165 4382 2222 4437 S.
2266 4381 2580 4452 Hippolyti,
2621 4398 2754 4435 cum
2802 4380 3009 4444 vineis,
3059 4384 3117 4433 et
3172 4377 3378 4444 hortis,
3429 4393 3533 4432 seu

1894 4469 2181 4527 clausuris
2211 4470 2474 4534 vincatis,
2508 4473 2564 4523 et
2593 4468 2817 4524 olivetis
2856 4469 2914 4523 in
2973 4467 3216 4522 circuitu
3266 4465 3531 4535 ejusdem

1895 4558 2391 4628 ccclesiae,pariter
2406 4563 2461 4610 et
2483 4558 2813 4611 clausuram
2837 4556 2907 4610 de
2927 4556 3093 4609 vinea
3129 4569 3245 4608 una
3288 4553 3346 4606 in
3380 4553 3531 4607 inte-

1897 4663 2068 4719 grum
2104 4645 2273 4701 sitam
2307 4644 2365 4698 in
2400 4643 2732 4709 Cardetum,
2767 4649 2822 4698 et
2848 4643 2906 4697 in
2952 4641 3178 4708 Finilia,
3229 4639 3532 4695 clausuras

132 4740 214 4794 sit
236 4736 495 4810 episcopi
524 4755 537 4805 ;
572 4743 629 4792 et
660 4742 723 4792 ut
752 4736 1151 4793 ordinationes
1186 4737 1651 4807 presbyterorum
1695 4737 1776 4789 vel
1816 4746 1860 4809 Β
1892 4736 2039 4790 duas
2060 4750 2190 4788 cum
2217 4732 2422 4798 vineis,
2453 4737 2505 4785 et
2532 4733 2723 4797 terris,
2750 4732 2804 4785 in
2825 4728 3329 4786 Basi.0mniahaac
3345 4728 3536 4800 posita

134 4831 478 4883 ceterorum
501 4826 794 4898 graduum
816 4826 872 4880 in
889 4827 1091 4881 eodem
1108 4825 1461 4880 monasterio
1478 4842 1510 4880 a
1528 4826 1787 4896 quolibet

136 4913 426 4972 catholico
450 4914 719 4985 episcopo
740 4914 1103 4980 tribuantur;
1120 4918 1251 4967 etut
1272 4912 1647 4985 eleemosynrc
1673 4921 1787 4969 tam

134 5004 403 5059 vivorum
431 5019 606 5073 quam
626 5008 681 5058 et
703 5008 1067 5057 mortuorum
1084 5003 1208 5056 sine
1224 5000 1519 5055 calumnia
1538 5002 1791 5074 episc0pi

138 5093 335 5149 eidem
369 5092 722 5147 monasterio
755 5091 1108 5160 tribuantur,
1142 5094 1196 5145 et
1229 5095 1290 5143 ut
1323 5090 1393 5144 de
1424 5091 1793 5161 possessione

142 5178 484 5235 monasterii
510 5180 789 5235 decimaa
819 5180 981 5235 vobis
1003 5179 1343 5250 accipiatur.
1370 5180 1437 5232 Et
1459 5179 1795 5251 quicunque

141 5286 203 5324 se
236 5268 309 5322 ad
345 5269 765 5323 monasterium
791 5268 1019 5340 sepeliri
1055 5267 1300 5340 petierit,
1326 5284 1358 5321 a
1391 5268 1691 5323 monachis
1714 5286 1796 5323 se-

142 5356 418 5428 peliatur.
450 5357 519 5410 Et
554 5363 613 5410 ut
645 5363 851 5427 precter
883 5358 953 5411 ab
984 5355 1334 5427 Apostolico,
1372 5372 1440 5409 ne
1474 5356 1792 5425 judicctur,

141 5460 249 5500 nec
282 5444 355 5498 ad
387 5444 677 5516 synodum
712 5446 894 5500 abbas
923 5449 1178 5509 vocetur,
1211 5443 1367 5497 sicut
1409 5461 1511 5498 nec
1560 5446 1632 5498 ab
1682 5444 1794 5499 alio

144 5530 649 5586 consecrationem
683 5532 914 5603 accipit.
947 5533 1283 5587 Statuentus
1316 5530 1633 5602 apostolica
1663 5548 1794 5586 ccn-

147 5636 309 5684 sura,
343 5622 407 5672 ut
437 5617 617 5673 nullis
640 5625 973 5676 nostrorum
999 5636 1402 5675 successorum
1432 5620 1793 5690 pontiﬁcum,

153 5706 353 5762 nullus
386 5707 671 5773 marchio,
705 5709 905 5764 nullus
932 5709 1069 5774 dux,
1101 5706 1302 5761 nullus
1334 5724 1548 5774 comes,
1599 5708 1796 5762 nullus

152 5795 487 5866 episcopus,
511 5794 674 5851 nulla
694 5801 970 5869 praeterea
992 5812 1235 5868 persona
1250 5794 1557 5851 hominum
1586 5813 1796 5867 magna

1896 4824 1953 4878 in
1988 4822 2183 4878 insula
2216 4821 2455 4889 majore,
2508 4820 2624 4874 imo
2679 4826 2735 4875 et
2784 4818 3089 4875 ecclesiam
3135 4817 3194 4872 S.
3228 4816 3447 4881 Mariae,
3479 4822 3537 4871 et

1901 4911 2074 4967 aliam
2110 4909 2413 4965 ecclesiam
2445 4914 2498 4963 S.
2542 4909 2859 4975 Laurentii,
2891 4924 3022 4962 cum
3056 4904 3239 4971 cellis,
3259 4904 3537 4973 ethortis,

1901 5006 2078 5071 atque
2108 4997 2641 5063 vincis,clausuras
2698 4997 2976 5069 quinque.
3010 4996 3072 5051 In
3129 5012 3248 5049 una
3302 4993 3542 5065 quidem

1901 5088 2145 5143 ecclesia
2173 5092 2262 5141 est
2283 5086 2339 5140 S.
2370 5085 2648 5157 Gregorii,
2682 5091 2739 5140 ct
2766 5082 3074 5150 Theodori,
3106 5087 3163 5138 et
3191 5083 3251 5138 in
3297 5081 3413 5138 alia
3452 5099 3545 5138 ec-

1902 5176 2079 5232 clesia
2109 5177 2166 5230 S.
2202 5174 2337 5239 Viti,
2371 5173 2539 5228 sicuti
2572 5192 2606 5228 a
2631 5191 2798 5228 muro
2858 5179 2915 5228 et
2970 5173 3147 5227 fluvio
3178 5171 3426 5238 Tiberis,
3460 5176 3543 5226 at-

1906 5283 2016 5336 que
2049 5263 2335 5317 limitibus
2366 5262 2781 5325 circumdatur,
2808 5263 2981 5317 tertia
3008 5266 3097 5317 est
3117 5261 3177 5314 in
3202 5260 3329 5332 ripa
3358 5258 3546 5313 flumi-

1907 5354 2016 5419 nis,
2051 5358 2257 5422 quarta
2280 5352 2448 5419 juxta
2477 5356 2533 5406 S.
2569 5350 2812 5405 Mariam
2849 5367 3034 5422 usque
3080 5350 3150 5404 ad
3203 5348 3542 5417 Trajanum,

1907 5441 2287 5513 quintajuxta
2308 5444 2362 5492 Β.
2383 5439 2762 5494 Laurentium
2784 5456 2971 5511 usque
2995 5439 3050 5492 in
3074 5437 3408 5505 Traianum,
3437 5449 3541 5488 nec

1907 5547 2020 5585 non
2056 5536 2113 5583 et
2143 5528 2476 5582 clausuram
2509 5528 2579 5582 de
2609 5529 2778 5582 vinea
2800 5527 2859 5581 in
2916 5526 3105 5581 locum
3158 5521 3255 5591 qui
3305 5524 3542 5573 vocatur

1906 5618 2163 5687 Scarnjo,
2188 5621 2245 5670 et
2274 5615 2443 5669 aliam
2483 5616 2693 5685 petiam
2727 5632 2851 5685 quas
2884 5613 3117 5684 ponitur
3147 5608 3203 5661 in
3246 5606 3537 5672 clausura,

1906 5709 1963 5760 et
1992 5705 2169 5759 vinea:
2202 5705 2414 5774 petiani
2452 5720 2627 5756 unam
2661 5704 2713 5755 in
2748 5707 2900 5754 terra
2920 5695 3245 5759 Cucuzuba,
3267 5698 3323 5747 et
3362 5693 3536 5747 aliam

1906 5795 1966 5847 in
1982 5796 2276 5856 Montone;
2305 5806 2503 5845 verum
2524 5789 2697 5844 etiam
2719 5793 2775 5842 et
2799 5785 3042 5841 tundum
3059 5783 3115 5836 in
3131 5780 3418 5851 integrum
3436 5778 3534 5848 qui
