3898 6392
349 419 466 515 εξ99
1409 429 1474 487 s.
1521 425 1796 512 LEQNIS
1841 424 1920 484 IX
1969 420 2194 520 tum
2237 421 2668 510 QPUSCULA.

347 559 563 615 dicitur
586 557 933 628 Baccanum,
959 577 1090 616 cum
1118 560 1430 633 appendice
1451 579 1576 624 sua,
1594 577 1720 634 quae
1743 562 1978 614 vocatur
2009 555 2061 621 Α
2087 556 2339 613 Joannes
2361 557 2430 614 de
2451 557 2670 630 Sergio,
2696 560 2752 614 et
2771 555 2985 634 transit
3000 554 3181 614 aliam
3203 553 3366 612 viam
3405 551 3779 632 carrariam,

349 647 633 721 Criptula,
653 648 712 705 in
732 667 845 721 quo
869 654 1005 705 sunt
1027 628 1286 706 cisternae
1313 651 1562 722 aniiqum
1591 628 1788 722 positae
1815 648 1984 718 juxta
2091 646 2323 728 etvenit
2354 647 2409 701 in
2437 628 2628 703 casale
2659 647 2808 718 quod
2837 628 3101 728 detinent
3131 645 3404 726 hmredes
3431 628 3786 725 Franconis

350 738 616 793 eamdem
630 737 918 793 civitatem
943 739 1517 804 Portuensem,sicuti
1537 737 1984 810 incipitaprimo
2092 722 2533 803 Transtiberim,
2567 737 2740 794 sicuti
2771 754 2876 810 per
2903 722 3050 793 fines
3076 722 3454 792 marmoreos'
3482 722 3785 809 designaL

350 825 552 893 latere,
578 827 648 881 ab
671 827 873 882 arbore
909 845 1037 898 qua:
1071 833 1308 882 vocatur
1351 828 1616 892 tamarix,
1641 831 1696 882 et
1717 825 1988 896 dirigitur
2093 828 2208 892 tur,
2241 829 2296 880 et
2327 826 2535 882 deinde
2567 843 2667 898 per
2691 825 2886 883 casale
2922 827 3029 882 SS.
3071 827 3408 897 martyrum
3443 823 3698 880 Cosme:
3729 825 3784 878 et

354 915 414 970 in
438 915 802 982 columnella,
836 933 961 987 quae
992 916 1049 972 in
1083 933 1287 987 campo
1318 921 1470 972 stare
1499 917 1748 980 videtur,
1783 912 1988 968 millia-
2098 914 2380 983 Damiani,
2414 918 2470 971 et
2497 915 2706 971 transit
2732 931 2834 987 per
2865 915 3155 970 fossatum
3202 912 3562 986 antiquum,
3621 911 3781 984 quod

358 1004 444 1060 rio
463 1023 502 1059 ιι
521 1004 768 1059 distante
789 1006 858 1060 ab
880 1007 1080 1061 eadem
1105 1007 1356 1076 civitate,
1385 1013 1440 1062 et
1484 1007 1690 1061 deinde
1715 1006 1988 1076 pergente
2092 1019 2266 1058 verno
2297 1007 2553 1076 tempore
2578 1003 2738 1058 ducit
2767 1019 2982 1076 aquam
3004 1003 3064 1058 in
3097 1002 3220 1056 rivo
3251 1000 3535 1070 Galeria,
3575 1003 3645 1056 et
3693 1017 3788 1054 as—

359 1097 514 1148 recto
543 1093 744 1148 itinere
774 1111 876 1166 per
905 1095 1196 1160 salarium,
1247 1100 1303 1150 et
1360 1113 1547 1167 usque
1595 1095 1662 1148 ad
1713 1091 1986 1162 attegiam
2095 1091 2285 1146 cendit
2315 1107 2412 1164 per
2441 1092 2632 1164 ipsum
2666 1093 2855 1148 rivum
2885 1108 3074 1164 usque
3105 1089 3164 1146 in
3202 1089 3426 1147 molam
3463 1089 3545 1146 de
3582 1087 3780 1162 sylva,

359 1181 750 1252 piscatoriam,
771 1183 1048 1237 etdeinde
1065 1183 1340 1238 redeunte
1369 1185 1440 1238 ad
1466 1199 1622 1238 mare
1648 1198 1751 1252 per
1789 1179 1989 1235 Bucci-
2096 1183 2152 1235 et
2173 1179 2411 1236 revolvit
2430 1180 2697 1252 perviam
2714 1179 3031 1236 carrariam
3059 1193 3250 1252 usque
3273 1178 3335 1234 in
3385 1177 3629 1234 vallem
3667 1193 3790 1234 me-

359 1285 516 1337 nam,
543 1273 598 1324 et
619 1269 1011 1325 circumeunte
1043 1270 1207 1326 littus
1240 1271 1418 1325 maris
1441 1271 1510 1326 ad
1546 1271 1604 1326 S.
1640 1269 1990 1342 Nympham,
2097 1267 2252 1323 diam
2285 1270 2356 1324 de
2388 1275 2605 1338 monte,
2638 1269 2738 1342 qui
2792 1273 3036 1325 vocatur
3083 1265 3298 1335 Zunili,
3357 1269 3420 1324 et
3479 1281 3697 1339 usque
3729 1266 3785 1322 in

359 1361 414 1414 et
435 1375 621 1429 usque
644 1359 714 1412 ad
739 1358 918 1412 focem
945 1359 1220 1413 micinam
1243 1376 1372 1413 cum
1406 1359 1547 1412 locis
1579 1358 1676 1430 qui
1722 1358 1994 1411 dicuntur
2097 1356 2326 1425 Stafﬁli,
2360 1358 2456 1430 qui
2490 1361 2606 1414 stat
2633 1358 2691 1413 in
2725 1358 3063 1423 Lintistino,
3097 1357 3148 1413 ei
3182 1372 3378 1429 usque
3407 1355 3474 1412 in
3499 1360 3700 1429 caput
3717 1357 3787 1412 de

359 1446 604 1501 Vincera
634 1463 818 1516 usque
839 1447 908 1499 ad
933 1446 1247 1513 balnearia,
1271 1452 1443 1519 atque
1469 1447 1660 1502 locum
1697 1447 1796 1518 qui
1831 1462 1991 1499 voca-
2097 1445 2244 1501 valle
2273 1446 2490 1513 Stabla,
2524 1451 2580 1504 et
2608 1463 2708 1519 per
2740 1448 3028 1504 fossatum
3049 1446 3242 1519 ipsius
3273 1444 3454 1502 vallis
3515 1445 3727 1518 pergit
3757 1463 3790 1500 a

360 1539 460 1590 tur
476 1537 686 1590 Portus
703 1535 1077 1605 Trajani,nec
1101 1553 1211 1590 non
1235 1541 1291 1591 et
1311 1535 1614 1591 castellum
1628 1535 1782 1591 aliud
1801 1535 1992 1590 minus
2100 1536 2243 1606 pede
2273 1535 2352 1589 fili
2392 1535 2748 1604 Salinarum,
2801 1535 3186 1592 concludente
3232 1537 3428 1590 totum
3488 1551 3786 1607 campum

362 1621 424 1676 in
445 1621 758 1693 integrum,
791 1639 919 1677 cum
951 1623 1105 1678 omni
1140 1641 1244 1680 sua
1275 1625 1641 1696 pertinentia,
1674 1629 1731 1680 et
1759 1625 1818 1679 in
1849 1623 1988 1679 civi-
2099 1639 2286 1694 usque
2313 1623 2373 1679 in
2407 1623 2668 1694 pedicam
2698 1636 2824 1697 quze
2856 1627 3094 1679 vocatur
3135 1621 3382 1691 Viscoli,
3431 1627 3497 1678 et
3545 1621 3791 1702 piscina

363 1714 484 1766 tate
505 1711 1546 1782 Constantiniana,omniaqueibidem
1561 1714 1772 1768 habere
1794 1713 1994 1783 digno-
2099 1711 2388 1780 Galiarda,
2411 1712 2792 1768 concludente
2813 1712 3004 1784 ipsam
3023 1711 3317 1784 pedicam,
3342 1728 3482 1784 qua:
3503 1715 3661 1766 sunt
3689 1710 3789 1766 fila

367 1798 568 1865 scitur,
603 1816 716 1853 una
745 1816 875 1854 cum
911 1799 1153 1856 ecclesia
1184 1803 1288 1856 BB.
1324 1801 1717 1872 apostolorum
1750 1801 1896 1855 Petri
1938 1802 1996 1854 et
2099 1800 2432 1872 trigenta,et
2454 1805 2726 1873 pergente
2753 1801 2922 1872 juxta
2944 1799 3046 1856 illa
3065 1815 3193 1873 quae
3209 1805 3375 1856 stant
3399 1801 3790 1856 monasteria

364 1887 552 1954 Pauli,
575 1904 707 1942 cum
725 1889 1064 1960 cryptis,ubi
1079 1889 1354 1944 animalia
1376 1891 1559 1960 ipsius
1591 1891 1843 1945 ecclesiae
1875 1905 1997 1944 ma-
2021 1921 2070 1987 B
2103 1889 2174 1944 de
2203 1890 2467 1945 Miranda
2491 1906 2676 1962 usque
2705 1889 2764 1944 in
2799 1895 3079 1962 stagnum
3112 1889 3331 1961 majus,
3355 1893 3417 1944 et
3443 1905 3561 1961 per
3585 1888 3783 1960 ripam

364 1991 500 2032 nere
520 1973 808 2044 videntur,
829 1981 884 2031 et
904 1977 1111 2033 deinde
1132 1995 1318 2050 usque
1341 1980 1408 2033 ad
1453 1981 1510 2034 S.
1555 1979 1818 2044 Mariam,
1865 1995 1990 2050 qure
2021 1973 2069 2045 ’έ
2099 1979 2289 2050 stagni
2313 1994 2498 2050 usque
2519 1980 2578 2034 in
2609 1977 2997 2046 Burdunaria,
3023 1982 3082 2033 et
3102 1995 3138 2032 τι
3181 1978 3330 2050 pede
3361 1977 3450 2032 fili
3483 1993 3694 2050 usque
3723 1977 3783 2031 in

362 2066 600 2138 ponitur
619 2065 676 2119 in
700 2083 836 2120 arcu
860 2083 991 2121 cum
1014 2071 1232 2138 crypta,
1254 2071 1311 2122 et
1331 2069 1571 2124 domum
1596 2084 1722 2138 qua:
1753 2072 1994 2122 vocatur
2100 2067 2363 2131 Baccani,
2390 2072 2447 2122 et
2473 2072 2688 2122 terram
2719 2066 2789 2122 de
2837 2083 2904 2122 su
2917 2065 3180 2139 pradicto
3201 2066 3538 2138 episcopio,
3569 2070 3635 2122 et
3667 2065 3784 2121 for-

359 2153 638 2210 Balneum
660 2155 918 2222 Veneris,
942 2160 998 2210 et
1027 2173 1216 2226 usque
1245 2157 1314 2211 ad
1339 2157 1490 2211 viam
1513 2156 1806 2228 publicam
1837 2154 1992 2210 infra
2101 2169 2258 2209 mam
2287 2171 2413 2226 quae
2444 2159 2680 2211 vocatur
2708 2156 2976 2222 Arcione,
3008 2159 3065 2210 et
3099 2169 3206 2227 per
3251 2153 3455 2226 ipsam
3511 2154 3780 2210 formam

358 2243 552 2315 ipsum
577 2243 902 2307 castellum,
935 2248 1108 2314 atque
1139 2249 1451 2299 cannetum
1483 2246 1554 2300 de
1587 2245 1698 2299 ista
1736 2244 1992 2311 civitate,
2103 2259 2285 2314 usque
2307 2244 2364 2298 in
2396 2243 2580 2299 rivum
2605 2244 2704 2316 qui
2725 2248 2966 2299 vocatur
2986 2241 3684 2309 Galeria,etPantanum
3710 2243 3783 2298 de

357 2347 464 2386 nec
496 2348 606 2386 non
638 2332 1058 2386 monasterium
1087 2337 1142 2385 8.
1177 2333 1418 2404 Agnetis
1459 2349 1589 2387 cum
1638 2331 1886 2399 salariis,
1936 2335 1994 2386 et
2103 2331 2344 2387 Ricorde
2375 2345 2561 2404 usque
2578 2331 2639 2387 in
2661 2332 2917 2404 primum
2949 2329 3189 2388 afﬁnem
3211 2332 3284 2388 de
3319 2331 3516 2404 pratis
3542 2331 3779 2388 Caraci.

357 2418 1018 2490 vineis,quzeincessum
1043 2419 1254 2474 habere
1277 2421 1536 2474 videtur:
1571 2437 1738 2491 porro
1772 2424 1826 2475 et
1864 2421 1992 2473 fun-
2103 2421 2258 2474 infra
2288 2420 2393 2475 hos
2420 2435 2552 2476 vero
2584 2421 2751 2490 fines,
2784 2421 2910 2476 loca
2966 2425 3025 2476 et
3071 2419 3363 2476 vocabula
3421 2425 3576 2476 sunt
3631 2419 3782 2476 haec.

361 2506 502 2561 dum
535 2505 594 2560 in
625 2506 940 2578 integrum,
975 2507 1072 2578 qui
1105 2511 1340 2562 vocatur
1372 2508 1625 2575 Polmus,
1659 2525 1788 2564 cum
1821 2508 1990 2574 casis,
2101 2509 2158 2563 S.
2192 2509 2504 2574 Caesareus,
2561 2509 2800 2582 Palmis,
2847 2507 3246 2576 Sorbilanum,
3301 2507 3484 2565 Clusa
3552 2515 3781 2576 vetere,

359 2594 546 2650 vineis
577 2599 632 2650 et
662 2595 849 2660 terris,
885 2597 1137 2660 pascuis,
1162 2599 1562 2652 extendentem
1599 2614 1658 2652 se
1708 2614 1892 2669 usque
1923 2597 1991 2651 ad
2105 2597 2425 2652 Pantanum
2459 2597 3210 2669 majus.Medianum,Mons
3226 2597 3785 2670 ruginosus,mons

362 2683 599 2740 furnum
625 2683 932 2754 antiquum
959 2685 1112 2756 juris
1136 2687 1391 2758 prmdieti
1417 2685 1711 2758 episcopii,
1735 2691 1789 2742 et
1819 2687 1875 2740 in
1900 2702 1994 2740 eo-
2104 2686 2174 2741 de
2202 2685 2464 2753 Zumilis,
2495 2701 2664 2742 mons
2696 2686 3073 2758 Canaparvis,
3103 2685 3283 2751 celsa,
3319 2685 3526 2752 limes,
3580 2689 3783 2758 major

368 2774 498 2829 dem
517 2773 695 2827 fundo
719 2779 1160 2828 monumentum
1187 2775 1491 2846 antiquum
1517 2775 1997 2842 essevidetur,via
2105 2773 2453 2847 stagnellum
2487 2774 2882 2841 maledictum,
2914 2774 3096 2838 tiocli,
3145 2774 3378 2846 piscina
3422 2773 3774 2848 gagliarda,

367 2861 692 2929 Portuensi,
713 2861 980 2918 milliario
1004 2863 1074 2918 ab
1097 2865 1238 2918 urbe
1262 2865 1443 2920 Roma
1469 2863 1597 2936 plus
1628 2865 1822 2919 minus
1841 2863 1994 2920 dcci-
2103 2862 2466 2930 olivastrum,
2499 2861 2852 2934 stagnellum
2884 2861 3262 2934 peregrinum
3303 2879 3446 2918 cum
3479 2863 3780 2919 omnibus

365 2966 484 3006 mo.
508 2951 768 3022 Itemque
787 2954 844 3006 et
864 2951 1118 3006 insulam
1146 2953 1427 3022 majorem
1457 2953 1515 3008 in
1537 2953 1830 3025 integrum
1861 2969 1992 3006 cum
2102 2967 2303 3007 eorum
2333 2950 2716 3024 pertinentiis.
2747 2951 2862 3006 Nec
2894 2965 3009 3006 non
3037 2955 3096 3006 et
3127 2951 3566 3008 confirmamus
3599 2952 3780 3008 vobis

364 3037 550 3094 hortis
571 3043 628 3094 et
647 3038 830 3094 vineis
852 3056 952 3094 seu
975 3041 1143 3094 terris
1167 3040 1225 3094 in
1253 3039 1444 3094 locum
1469 3041 1568 3112 qui
1597 3044 1836 3096 vocatur
1857 3042 1992 3095 Sca-
2100 3039 2514 3112 perpetualiter
2527 3038 3154 3111 quatuorinintegrum
3168 3037 3536 3111 principales
3551 3040 3775 3096 uncias

364 3126 650 3198 rajo;qui
694 3126 832 3180 olim
893 3127 1002 3181 fuit
1052 3132 1252 3198 portus
1308 3129 1564 3198 Trajani,
1614 3129 1991 3183 inhaerentem
2103 3128 2304 3182 detoto
2327 3129 2765 3198 stagnomajore
2796 3127 3114 3183 Portuense
3150 3143 3287 3183 cum
3337 3128 3508 3183 omni
3562 3129 3776 3200 pisca-

365 3214 552 3270 eidem
579 3215 755 3270 fundo
779 3215 1042 3283 Baccani,
1068 3220 1274 3270 etcum
1303 3217 1574 3271 omnibus
1613 3217 1684 3270 ad
1709 3233 1840 3271 eum
1865 3233 1990 3288 per-
2031 3278 2067 3288 _
2103 3215 2278 3283 tione,
2301 3215 2623 3272 redditione
2651 3219 2710 3272 et
2739 3215 2988 3272 statione
3019 3231 3152 3282 sua,
3180 3215 3269 3271 vel
3301 3232 3441 3270 cum
3475 3218 3780 3274 omnibus

365 3303 720 3358 tinentibus:
755 3278 1084 3374 pariterque
1116 3309 1171 3358 et
1201 3303 1445 3358 fundum
1476 3304 1576 3376 qui
1619 3278 1990 3359 vocaturdu-
2023 3278 2068 3344 (ἶ
2105 3305 2177 3358 ad
2202 3278 2361 3375 ipsas
2392 3309 2641 3376 quatuor
2662 3303 2862 3358 uncias
2893 3278 3536 3374 pertinentibus,sicuti
3562 3322 3600 3360 a
3625 3323 3780 3378 pra:-

363 3389 642 3455 daeorum,
665 3393 720 3443 et
740 3389 989 3444 fundum
1011 3391 1110 3461 qui
1141 3390 1788 3446 vocaturGuaiduscum
1815 3392 1998 3446 omni«
2103 3391 2502 3448 decessoribus
2526 3392 2739 3446 nostris
2762 3389 3111 3462 supradictae
3146 3391 3404 3447 ecclesiae
3445 3393 3778 3450 Portuensi

361 3478 475 3536 bus
501 3495 704 3535 eorum
738 3479 1182 3551 pertinentibus,
1217 3479 1441 3552 positus
1465 3481 1633 3550 juxta
1661 3481 1993 3552 pra-dictam
2101 3496 2438 3536 concessum
2464 3485 2571 3536 est.
2602 3479 2817 3535 Verum
2844 3479 3018 3534 etiam
3051 3479 3436 3535 concedimus
3467 3486 3529 3536 et
3553 3485 3781 3538 confir-

365 3567 752 3632 civitatem,et
773 3567 934 3621 filum
956 3567 1163 3622 Salinae
1184 3567 1242 3622 in
1269 3568 1560 3640 integrum
1589 3572 1890 3624 extensum
1931 3571 1989 3624 in
2101 3584 2332 3624 mamus
2356 3568 2518 3624 vobis
2547 3567 2872 3639 vestrisque
2905 3567 3349 3624 successoribus
3407 3573 3652 3626 turrem
3714 3570 3776 3626 in

365 3671 484 3710 una
514 3654 632 3709 fila.
666 3656 807 3710 Item
839 3659 895 3710 et
925 3656 980 3710 in
1021 3657 1280 3712 Baccano
1302 3661 1355 3710 et
1385 3657 1444 3711 in
1485 3657 1816 3725 Genestula,
1849 3662 1904 3713 et
1933 3659 1992 3712 in
2099 3657 2390 3728 integrum
2421 3673 2548 3727 quae
2576 3659 2816 3711 vocatur
2843 3655 2916 3710 de
2943 3654 3109 3722 Albo,
3137 3671 3274 3712 cum
3323 3655 3505 3724 casis,
3545 3659 3775 3727 vineis,

365 3742 465 3798 illa
484 3758 714 3813 novem,
745 3743 938 3798 omnia
970 3744 1069 3798 fila
1095 3743 1600 3814 Salinarum,qua3
1629 3745 1698 3799 ad
1732 3750 1990 3802 vestrum
2099 3745 2305 3811 hortis,
2350 3744 2541 3819 terris,
2599 3743 2844 3814 campis,
2891 3743 3094 3817 pratis,
3144 3744 3384 3817 pascuis
3435 3749 3496 3800 et
3553 3745 3774 3820 sylvis,

364 3830 722 3903 episcOpium
755 3832 1042 3902 pertinere
1073 3836 1412 3899 noscuntur,
1439 3848 1537 3886 seu
1571 3836 1626 3887 et
1649 3832 1891 3888 fundum
1926 3835 1984 3889 in
2099 3831 2369 3906 pantanis
2398 3838 2455 3887 et
2483 3830 2644 3896 rivis,
2676 3829 2850 3886 cultis
2875 3835 2932 3886 et
2961 3831 3222 3902 incultis,
3259 3832 3488 3901 vacuis,
3540 3833 3769 3907 plenis,

361 3919 672 3992 integrum,
697 3920 796 3992 qui
817 3919 1330 3975 vocaturGualdus
1362 3921 1568 3989 major,
1593 3937 1723 3975 cum
1752 3921 1994 3978 ecclesia
2099 3927 2155 3978 et
2182 3938 2315 3978 cum
2349 3919 2622 3976 omnibus
2652 3919 2723 3974 ad
2754 3918 2942 3992 ipsam
2975 3923 3200 3976 turrem
3219 3920 3586 3994 generaliter
3616 3929 3678 3980 et
3707 3923 3776 3979 in'

360 4008 418 4064 S.
445 4009 662 4068 Aurem,
687 4011 742 4062 et
759 4011 1134 4064 monumento
1175 4025 1302 4076 suo,
1341 4012 1398 4062 et
1433 4011 1588 4064 terra
1615 4009 1988 4076 Semitaritia,
2097 4011 2390 4082 integrum
2411 4007 3031 4080 pertinentibus,sicut
3056 4009 3265 4065 attines
3291 4010 3572 4082 ejusdem
3603 4007 3768 4070 desi-

361 4109 491 4166 qua:
507 4095 831 4166 appellatur
855 4096 1186 4161 Planura,in
1213 4113 1330 4168 qua
1352 4097 1612 4152 cisternae
1642 4113 1770 4153 esse
1789 4097 1989 4154 viden-
2097 4102 2298 4172 gnant,
2321 4115 2354 4152 a
2386 4095 2570 4168 primo
2603 4094 2780 4151 latere
2812 4095 2970 4152 rivus
2999 4095 3102 4168 qui
3134 4101 3377 4152 vocatur
3423 4097 3694 4168 Galeria,
3729 4119 3763 4156 a

360 4185 475 4250 tur,
510 4183 700 4254 posita
728 4183 877 4238 inter
925 4185 1190 4251 ﬂuvium,
1224 4185 1469 4240 formam
1504 4184 1837 4240 Arcionum.
1871 4187 1988 4242 Nec
2096 4187 2350 4244 secundo
2373 4185 2548 4240 latere
2565 4184 2776 4240 fluvius
2805 4184 3056 4252 Tiberis,
3087 4201 3121 4240 a
3151 4185 3324 4242 tertio
3372 4185 3563 4244 latere
3622 4189 3762 4246 Pul-

360 4288 476 4328 non
501 4275 556 4326 et
583 4271 1175 4328 confirmamusvobis
1205 4277 1428 4328 ourtem
1460 4273 1515 4327 in
1547 4273 1837 4345 integrum
1861 4291 1986 4346 quae
2093 4273 2435 4338 verinula,et
2455 4277 2711 4344 aquarto
2745 4270 2923 4328 latere
2968 4273 3158 4328 forma
3185 4289 3316 4344 quae
3363 4279 3627 4331 vocatur
3654 4278 3761 4332 Ar-

358 4360 572 4415 dicitur
599 4358 846 4424 Galeria,
879 4359 936 4415 in
971 4377 1084 4432 qua
1115 4366 1202 4416 est
1227 4361 1469 4416 ecclesia
1499 4362 1556 4416 S.
1607 4362 1798 4417 Marias
1855 4381 1986 4418 cum
2096 4363 2348 4418 cionum.
2371 4358 2756 4417 Concedimus
2779 4360 2957 4416 etiam
2985 4359 3131 4432 ipsis
3151 4357 3502 4418 hominibus
3525 4365 3636 4436 qui
3663 4382 3766 4436 per

357 4448 662 4508 caminatis
689 4465 788 4503 seu
819 4448 1098 4504 triclineis
1155 4453 1326 4522 atque
1379 4451 1621 4506 diversis
1680 4451 1985 4519 cubiculis,
2093 4447 2692 4522 temporahabitaturi
2723 4451 2862 4504 sunt
2905 4447 3059 4504 infra
3107 4453 3355 4516 turrem,
3407 4453 3478 4506 ut
3526 4452 3763 4509 nullius

355 4537 746 4609 omnibusque
776 4536 898 4592 suis
929 4536 1208 4603 aedificiis,
1228 4555 1351 4610 qum
1384 4537 1533 4592 ini'ra
1563 4554 1624 4592 se
1656 4537 1866 4594 habere
1898 4539 1984 4594 di-
2094 4537 2386 4612 potestati,
2407 4535 2629 4591 nullius
2651 4535 2856 4590 ditioni
2880 4535 3101 4592 subditi
3125 4537 3265 4606 sint,
3298 4554 3404 4594 nec
3423 4535 3613 4596 alicui
3643 4559 3764 4598 ser-

353 4625 652 4700 gnoscitur
683 4643 813 4682 cum
846 4626 1118 4682 omnibus
1171 4627 1405 4692 ﬁnibus,
1457 4627 1743 4694 terminis,
1790 4626 1986 4682 limiti-
2014 4641 2061 4706 D
2089 4625 2618 4690 viant,authostem
2645 4623 3306 4698 faciant,nisiepiscopo
3325 4627 3427 4698 qui
3477 4627 3541 4683 in
3599 4629 3761 4685 dicto

351 4715 577 4788 busque
599 4715 745 4782 suis,
765 4715 954 4780 terris,
979 4715 1288 4780 casalibus,
1306 4715 1503 4787 sylvis,
1519 4719 1691 4786 atque
1713 4715 1982 4786 pantanis
2040 4705 2045 4706 ί
2091 4713 2381 4788 episcopio
2404 4712 2606 4783 fuerit;
2626 4705 2730 4768 nec
2749 4729 2863 4768 non
2887 4715 3372 4770 etconfirmamue
3391 4715 3764 4790 tibituisque

352 4819 485 4858 eum
510 4807 702 4875 ponte,
733 4809 790 4859 et
820 4803 1016 4876 ipsum
1059 4803 1245 4858 rivum
1297 4804 1394 4876 qui
1441 4805 1687 4858 vocatur
1731 4803 1979 4874 Galeria,
2091 4801 2526 4859 successoribus
2546 4801 2601 4855 in
2623 4805 2972 4873 perpetuum
2999 4817 3205 4858 omnes
3226 4804 3392 4858 reset
3408 4800 3756 4872 facultates,

352 4903 540 4960 usque
571 4891 641 4944 ad
674 4890 912 4956 ﬂumen,
944 4908 1077 4946 cum
1111 4891 1254 4946 locis
1285 4893 1354 4945 ad
1389 4890 1744 4962 aquimolam
1778 4891 1983 4947 facien-
2091 4890 2336 4946 mobiles
2367 4894 2424 4946 et
2453 4889 2806 4955 immobiles,
2838 4888 3059 4960 de‘illis
3088 4889 3434 4948 hominibus
3467 4893 3573 4964 qui
3622 4895 3754 4950 sine

352 4976 511 5042 dam,
531 4975 617 5030 vel
638 4992 767 5030 cum
789 4979 1058 5033 omnibus
1095 4983 1158 5032 ut
1177 4979 1444 5051 superius
1475 4979 1695 5034 dictum
1736 4983 1822 5034 est
1869 4979 1980 5036 sibi
2087 4965 2314 5034 haerede
2342 4981 2400 5033 et
2428 4977 2685 5032 intestati
2717 4977 3048 5034 moriuntur
3075 4978 3136 5034 in
3167 4979 3324 5035 dicta
3351 4975 3596 5037 civitate
3621 4981 3760 5038 Por‘-

351 5061 699 5135 generaliter
727 5067 783 5118 et
811 5065 868 5118 in
915 5066 1208 5135 integrum
1258 5066 1474 5120 cultum
1532 5069 1587 5121 et
1635 5067 1976 5136 assolatum,
2085 5067 2438 5130 tuensi,sive
2467 5065 2526 5120 in
2557 5065 2938 5133 Transtiberi,
2971 5075 3072 5122 aut
3100 5067 3160 5122 in
3193 5067 3392 5124 insula
3422 5067 3748 5140 Lycaonia,

351 5149 528 5206 situm
550 5147 608 5203 in
632 5166 836 5220 campo
859 5152 952 5222 qui
980 5156 1218 5206 vocatur
1239 5153 1462 5216 Meruii,
1489 5155 1869 5208 constitqu
1887 5155 1981 5209 via
2088 5158 2206 5212 sive
2233 5156 2561 5226 ubicunque
2581 5153 2756 5207 vostri
2786 5154 3160 5227 episCOpatus
3185 5156 3340 5226 juris
3370 5173 3503 5212 esse
3534 5157 3750 5214 viden-

349 5238 941 5308 Portuense,milliaro
961 5238 1190 5294 aburbe
1211 5241 1388 5294 Roma
1433 5242 1564 5311 plus
1609 5241 1804 5294 minus
1833 5244 1975 5298 duo-
2082 5241 2617 5311 tur,constituimus
2639 5241 2828 5312 ipsam
2853 5243 3228 5299 Portuensem
3250 5242 3564 5300 ecclesiam
3599 5245 3750 5320 legi-

345 5327 594 5393 decimo,
618 5327 786 5382 sicuti
811 5327 1018 5380 affines
1041 5326 1328 5398 incipiunt
1350 5347 1382 5381 a
1405 5333 1526 5382 toto
1549 5333 1708 5382 curte
1735 5347 1762 5382 η
1789 5330 1975 5399 primo
2082 5331 2287 5387 timam
2318 5330 2626 5394 haeredem,
2659 5329 2740 5385 ita
2769 5334 2836 5385 ut
2865 5331 3176 5404 episcopus
3229 5330 3426 5404 ipsius
3473 5333 3748 5391 ecclesiae

342 5415 542 5482 latere,
569 5421 734 5488 prata
763 5413 1115 5484 Caraci,qu:e
1137 5419 1414 5469 vocantur
1433 5415 1656 5480 Mesuli,
1681 5420 1736 5469 et
1770 5416 1976 5474 deinde
2082 5419 2292 5474 habent
2323 5422 2667 5490 potestatem
2699 5418 3006 5474 ordinandi
3031 5419 3232 5476 omnia
3242 5421 3416 5492 juxta
3445 5437 3625 5478 suam
3651 5439 3751 5478 vo-

341 5520 526 5574 usque
557 5506 628 5560 ad
660 5508 915 5560 montem
963 5516 1135 5572 quem
1169 5500 1304 5578 olim
1340 5500 1588 5555 detinuit
1613 5505 1864 5558 Joannes
1904 5505 1975 5559 de
2081 5506 2473 5574 luntatem,eo
2497 5509 2696 5561 tenore
2720 5511 2785 5563 ut
2807 5525 2918 5563 non
2942 5511 3206 5580 pereant,
3229 5507 3460 5566 scilicet
3491 5511 3752 5566 mortuis

342 5589 573 5660 Minoia,
619 5597 673 5648 et
730 5593 988 5650 bmrcdcs
1049 5587 1322 5658 Stephani
1381 5589 1866 5658 Numenclatoris,
1919 5597 1974 5648 et
2080 5594 2139 5648 in
2171 5598 2447 5648 aeternum
2479 5594 2724 5664 prosint,
2757 5596 3004 5668 Insuper
3032 5595 3210 5652 etiam
3273 5597 3670 5654 concedimus
3695 5603 3750 5655 et

345 5673 549 5735 deinde
580 5681 730 5738 ultra
756 5683 906 5738 viam
944 5694 1047 5752 per
1077 5675 1261 5730 casalc
1317 5675 1470 5748 quod
1529 5674 1662 5732 olim
1723 5679 1974 5736 detinuit
2079 5681 2494 5737 confirmamus
2513 5680 2676 5737 vobis
2706 5683 3030 5755 vestrisque
3059 5679 3580 5742 successoribnsin
3611 5702 3747 5758 per-
