3898 6438
227 524 330 585 193

1424 525 1832 589 EXPOSITIO
1877 527 2379 593 PSALMORUM.

3484 541 3602 601 194

226 655 389 713 tionis
421 654 812 730 psalmodiam
842 657 1153 733 signiﬁcat,
1172 675 1300 733 qua:
1320 660 1433 716 Deo
1466 676 1568 733 pro
1600 658 1856 718 nominis
1883 660 1939 727 Α
2000 661 2036 715 9
2106 663 2391 734 Principes
2426 664 2746 736 populorum
2792 669 3108 738 congregati
3152 672 3282 724 sunt
3325 685 3449 728 cum
3494 671 3600 726 Deo

220 743 304 801 sui
332 745 639 816 majestate
671 746 1021 820 persolvitur

252 837 286 889 2
353 833 627 902 Quoniam
655 835 924 892 Dominus
955 837 1197 893 excelsus
1223 837 1490 893 terribilis
1517 854 1539 893 :

348 925 470 977 Rea:
495 940 730 993 magnus
756 941 921 996 super
947 940 1160 981 omnem
1183 929 1404 981 terram.

282 1010 326 1066 Η
356 1009 645 1068 Dominus
674 1011 939 1069 excelsus
970 1012 1182 1082 dictus,
1205 1013 1343 1086 quia
1367 1013 1541 1070 caelos
1561 1031 1626 1070 ex
1650 1017 1854 1087 poten-

218 1099 292 1155 tia
314 1115 427 1156 sua
454 1100 739 1156 ascendit.
770 1102 811 1156 C
842 1101 960 1157 Rex
1008 1117 1281 1175 magnus,
1313 1102 1454 1175 quia
1503 1118 1601 1157 rex
1650 1118 1854 1175 regum

215 1192 271 1244 et
311 1186 596 1244 Dominus
648 1188 1078 1246 dominantium
1128 1191 1305 1261 (Apoc.
1347 1191 1483 1263 χιχ).
1533 1190 1855 1255 Terribilis,

218 1275 351 1348 quia
367 1273 748 1347 judicaturus
770 1282 859 1333 est
878 1278 1189 1346 mundum,
1210 1283 1266 1333 et
1286 1294 1359 1333 ne
1378 1283 1609 1333 tantum
1632 1282 1859 1350 putare-

216 1369 312 1421 tur
337 1380 467 1421 esse
495 1364 831 1420 Judaeorum
857 1381 870 1420 :
904 1382 1003 1422 rex
1033 1365 1174 1421 dicit
1202 1366 1469 1422 omnium
1496 1371 1806 1422 terrarum.

250 1454 285 1508 3
352 1453 597 1524 Subjecit
620 1454 847 1525 populos
875 1455 1033 1509 nobis
1060 1471 1079 1509 :

352 1541 420 1596 Et
446 1549 630 1610 gentes
655 1540 756 1597 sub
775 1540 1003 1613 pedibus
1032 1543 1255 1597 nostris.

282 1628 324 1683 C
346 1628 528 1685 Pedes
556 1628 651 1684 hic
680 1627 975 1701 significat
1003 1628 1410 1685 sanctissimos
1431 1629 1855 1701 predicatores,

211 1716 431 1789 quibus
443 1714 643 1789 populi
658 1716 865 1772 merito
877 1720 1151 1789 etgentes
1163 1731 1291 1772 esse
1311 1717 1556 1789 subjecti
1579 1717 1854 1773 diceban-

112 1826 127 1843 θ
209 1810 326 1862 tur.

240 1896 275 1950 4
351 1895 535 1963 Elegit
559 1894 717 1949 nobis
742 1893 1121 1950 hereditatem
1147 1910 1303 1948 suam
1332 1910 1351 1947 :

346 1982 601 2052 Speciem
623 1980 784 2036 Iacob
811 1996 975 2051 quam
1003 1980 1219 2036 dilexit.
1250 1980 1584 2052 Diapsalma.

273 2070 317 2124 C
348 2067 536 2141 Elegit
582 2069 771 2135 nobis,
804 2065 1272 2124 subaudiendum
1321 2072 1407 2124 est
1456 2069 1610 2137 dare,
1645 2072 1709 2123 ut
1751 2068 1850 2141 qui

202 2160 443 2213 venerat
472 2156 544 2211 ad
576 2156 919 2212 salvandum
950 2155 1334 2211 Israeliticum
1366 2156 1648 2229 populum
1683 2174 1696 2212 :
1742 2156 1851 2213 hoc

204 2245 395 2318 magis
422 2244 701 2318 gentibus
740 2244 837 2317 pia
884 2242 1153 2317 largitate
1202 2245 1557 2301 concederet.
1588 2245 1851 2318 Speciem

203 2333 383 2391 Jacob
410 2349 425 2389 :
461 2333 643 2389 Jacob
673 2330 964 2388 lenticulae
990 2335 1048 2388 et
1072 2348 1248 2404 parvo
1278 2334 1626 2389 commercio
1657 2350 1853 2389 carna-

206 2421 372 2491 lium,
405 2419 772 2492 spiritualem
801 2420 1080 2476 honorem
1113 2424 1417 2476 assecutus
1445 2426 1553 2488 est,
1578 2420 1697 2477 hinc
1725 2422 1854 2494 ipsa

205 2513 294 2567 est
321 2509 483 2566 enim
513 2508 734 2581 species
753 2509 933 2565 Jacob
965 2524 1140 2580 quam
1164 2509 1449 2565 Dominus
1477 2509 1851 2577 dilexit,adeo

205 2604 270 2654 ut
288 2602 346 2654 et
374 2597 581 2653 eadem
606 2596 793 2653 facere
820 2594 956 2652 velit
992 2595 1194 2653 ﬁdeles
1225 2613 1364 2653 suos
1389 2615 1403 2653 :
1428 2614 1555 2669 quae
1599 2597 1697 2653 ille
1726 2614 1850 2670 my-

203 2688 350 2743 stica
377 2684 809 2759 significatione
839 2685 1137 2756 sequenda
1157 2686 1524 2756 praemonuit,
1548 2685 1604 2741 id
1627 2691 1717 2742 est
1740 2690 1851 2742 Deo

204 2774 499 2831 offerendo
526 2778 775 2839 terrena,
806 2778 864 2829 et
894 2772 1247 2845 acquirendo
1278 2773 1552 2842 coelestia,
1581 2773 1663 2830 sic
1692 2774 1849 2830 enim

203 2880 333 2920 vere
391 2862 715 2920 Christiani
775 2860 1048 2918 dicimur.
1082 2861 1128 2917 Η
1163 2862 1259 2918 Vel
1304 2864 1375 2918 de
1418 2862 1852 2935 pulchritudine

204 2952 381 3009 Jacob
411 2950 635 3020 dilecti,
670 2951 727 3005 id
759 2954 848 3005 est
876 2950 947 3005 de
976 2949 1155 3022 stirpe
1186 2967 1312 3019 sua,
1334 2950 1627 3023 apostolos
1657 2950 1848 3023 elegit.

236 3043 272 3096 5
342 3039 599 3097 Ascendit
627 3041 767 3095 Deus
796 3039 858 3093 in
877 3038 1061 3110 jubilo
1092 3056 1111 3093 :

339 3131 407 3185 Et
438 3129 709 3186 Dominus
738 3130 800 3183 in
824 3143 949 3183 voce
977 3128 1144 3184 tubae.

270 3216 312 3273 C
340 3217 477 3275 Ideo
504 3216 785 3273 Ascensio
823 3215 1056 3272 Domini
1091 3214 1150 3270 in
1173 3213 1525 3286 jubilatione
1553 3232 1680 3272 esse
1710 3214 1853 3270 dici-

205 3310 317 3375 tur,
334 3307 478 3379 quia
507 3308 816 3378 stupentes
845 3302 1093 3377 apostoli
1114 3303 1227 3359 tale
1256 3303 1636 3360 miraculum:
1659 3303 1854 3359 inell'a-

2176 749 2467 805 Abraham.

2106 838 2381 910 Quoniam
2437 838 2521 895 dii
2573 842 2737 911 fortes
2793 845 2957 899 terra:
3020 845 3358 902 vehementer
3406 848 3602 905 elevati

2172 934 2317 982 sunt.

2037 1013 2078 1067 ll
2110 1013 2406 1087 Principes
2437 1015 2807 1088 populorum,
2839 1018 2895 1074 id
2929 1024 3018 1076 est
3062 1022 3328 1094 apostoli,
3360 1039 3599 1097 congre-

1964 1100 2080 1173 gati
2103 1105 2242 1156 sunt
2262 1103 2332 1157 ad
2356 1103 2756 1174 iudicandum,
2780 1123 2912 1162 cum
2936 1108 3052 1164 Dco
3068 1110 3380 1179 Abraham,
3406 1112 3464 1167 id
3486 1118 3597 1182 est,

1964 1204 2097 1243 cum
2128 1188 2357 1246 Christo
2388 1191 2487 1263 qui
2517 1196 2606 1248 est
2637 1193 2789 1249 Deus
2819 1194 3079 1252 Abrahn.
3114 1198 3392 1260 Quoniam
3427 1199 3528 1255 dii.
3561 1205 3601 1256 C

1968 1276 2082 1331 Hoc
2110 1281 2199 1332 est
2220 1277 2426 1345 Judaei,
2449 1280 2548 1351 qui
2585 1280 2819 1336 fuerunt
2849 1280 3045 1350 fortes,
3068 1284 3207 1355 quia
3224 1289 3596 1347 tumuerunt:

1966 1379 2069 1436 per
2083 1365 2417 1437 superbiam
2441 1367 2574 1423 facti
2597 1373 2737 1424 sunt
2756 1371 3022 1438 extremi,
3043 1373 3142 1443 qui
3166 1377 3478 1444 potuerunt
3500 1394 3603 1449 per

1965 1450 2355 1509 humilitatem
2385 1471 2513 1511 esse
2539 1456 2835 1528 praecipui.
2868 1457 2914 1512 H
2946 1457 3048 1514 Vel
3081 1459 3161 1514 dii
3187 1478 3200 1515 :
3233 1463 3417 1517 sancti
3441 1468 3602 1533 sunt,

1964 1539 2063 1611 qui
2094 1539 2190 1595 hic
2212 1558 2315 1613 per
2334 1540 2507 1599 ﬁdem
2530 1547 2585 1598 et
2608 1545 3075 1616 praedicationem
3099 1547 3468 1606 vehementer
3489 1551 3602 1608 ele—

1962 1628 2077 1682 vati
2113 1644 2127 1685 :
2160 1629 2219 1684 in
2237 1629 2464 1699 judicio
2495 1632 2748 1704 amplius
2769 1636 2826 1688 et
2854 1632 3168 1705 gloriosius
3196 1635 3600 1708 elevabuntur,

1962 1715 2019 1770 id
2041 1719 2129 1771 est
2149 1717 2391 1788 apostoli
2416 1718 2500 1774 sic
2521 1720 2851 1793 congregati
2874 1722 2933 1776 in
2955 1722 3199 1792 judicio,
3230 1724 3560 1785 vehementr
3575 1746 3605 1784 r

1961 1806 2099 1859 sunt
2127 1802 2330 1860 elevati
2353 1805 2706 1877 judicantes.

2445 1910 2647 1950 ORATIO
2685 1912 2756 1951 EX
2794 1913 2950 1953 PSAL.
2992 1915 3120 1955 ηνι

2032 1977 2147 2034 Rex
2159 1979 2424 2037 omnium
2442 1981 2785 2039 saeculorum
2800 1985 2952 2042 Deus
2964 1989 3158 2058 (cujus
3169 2005 3413 2062 regnum
3426 2009 3603 2066 super

1957 2082 2161 2122 omnes
2175 2068 2419 2140 populos
2430 2068 2748 2141 dilatatur),
2764 2073 3005 2144 subjice,
3021 2091 3379 2147 quaesumus,
3397 2086 3600 2153 gentes

1957 2153 2229 2210 vitiorum
2259 2157 2369 2212 sub
2398 2158 2645 2229 pedibus
2674 2161 3000 2231 nostris:ut
3020 2164 3159 2220 dum
3181 2165 3287 2221 tibi
3309 2168 3603 2239 sapienter

1958 2241 2076 2297 Deo
2106 2247 2303 2299 nostro
2333 2245 2642 2314 psallimus
2675 2264 2690 2302 :
2723 2252 2824 2304 tuo
2854 2265 2953 2305 eas
2982 2251 3196 2308 auxilio
3229 2271 3595 2327 superemus.

1960 2329 2066 2385 Per
2095 2330 2406 2388 Dominum
2440 2338 2704 2390 nostrum
2732 2336 2934 2392 Jesum
2966 2337 3284 2410 Christum,
3318 2347 3427 2398 etc.

2493 2439 2817 2494 PSALMUS
2854 2440 3067 2497 XLVII.

2374 2525 2774 2565 ARGUMENTUM
2816 2527 2970 2567 PSAL.
3012 2530 3181 2570 XLVII.

2030 2594 2071 2648 C
2106 2594 2227 2650 Vox
2255 2596 2547 2669 prephetaa
2578 2597 2871 2655 laudantis
2902 2605 3106 2673 Deum,
3129 2619 3255 2674 quae
3289 2604 3599 2663 Ecclesiam

1960 2698 2127 2737 suam
2155 2682 2500 2740 dilataverit.

1960 2768 2073 2825 TT.
2097 2771 2349 2826 Psalmus
2376 2775 2579 2829 cantici
2605 2775 2738 2845 ﬁliis
2770 2777 2909 2833 Core
2934 2783 2990 2841 -ξ
3031 2778 3279 2835 Secunda
3306 2782 3531 2839 Sabbati
3570 2790 3585 2846 ξ

2030 2858 2071 2911 C
2100 2859 2412 2915 Videamus
2436 2878 2590 2917 nunc
2604 2863 2742 2934 quid
2757 2865 3051 2937 significat
3072 2869 3328 2925 secunda
3350 2871 3596 2927 sabbati.

1958 2946 2277 3002 Sabbatum
2300 2964 2676 3022 synagogam,
2695 2952 2754 3007 id
2776 2957 2882 3021 est,
2899 2954 3295 3012 collectionem
3318 2958 3599 3014 debemus

1959 3035 2221 3106 accipere
2248 3036 2602 3105 Judteorum,
2638 3056 2764 3111 quae
2810 3041 3133 3099 Sabbatum
3181 3045 3488 3103 observem
3515 3047 3598 3102 vi-

1886 3157 1902 3168 .
1961 3122 2226 3179 dabatur.
2264 3126 2530 3181 Secunda
2553 3142 2706 3194 vero,
2738 3129 2868 3199 ejus
2895 3129 3150 3188 Ecclesia
3178 3132 3462 3189 catholica
3488 3139 3596 3191 est.
3674 3128 3677 3131 ⁷

1961 3209 2093 3265 Ideo
2105 3210 2279 3267 verba
2290 3210 2500 3283 psalmi
2523 3212 2702 3285 hujus
2723 3217 3123 3274 sacerdotibus
3142 3220 3508 3277 tribuuntur:
3525 3222 3599 3279 ad

1960 3297 2356 3354 Christianum
2410 3299 2692 3372 populum
2742 3303 3124 3374 edocendum,
3157 3322 3303 3377 quos
3348 3313 3408 3363 et
3448 3308 3600 3366 ﬁlios

203 3392 302 3451 bili
332 3376 533 3451 cordis
558 3376 761 3449 laititia
806 3376 1198 3465 rapiebantur.
1226 3391 1381 3448 Voce
1409 3408 1643 3464 quoque
1672 3392 1844 3459 tubae,
1877 3376 1920 3443 C
1960 3386 2150 3441 crucis
2185 3385 2384 3443 haberi
2434 3404 2605 3460 posse
2645 3406 2760 3446 non
2809 3390 3053 3447 dubium
3087 3376 3195 3459 est,
3225 3398 3283 3450 et
3311 3397 3599 3453 secundos
3627 3438 3636 3447 .

201 3483 375 3539 verba
404 3482 706 3556 significat
735 3480 1075 3553 angelorum
1106 3479 1453 3535 dicentium:
1486 3480 1605 3535 Viri
1634 3478 1849 3536 Galilzei

202 3570 335 3641 (Au.
370 3571 430 3643 ι).
464 3571 660 3626 Verba
686 3585 822 3627 vero
868 3569 984 3624 ista
1028 3584 1239 3640 magno
1287 3568 1533 3640 strepitu
1591 3568 1848 3640 percussi

197 3659 347 3716 aeris
377 3660 614 3733 fragore
636 3661 975 3715 tenuerunt.

229 3749 265 3801 ϐ
336 3749 574 3804 Psallite
600 3748 784 3811 Deo—3
826 3753 1012 3802 nostro
1053 3750 1066 3810 ζ
1119 3744 1393 3817 psallite:

331 3836 575 3892 Psallite
603 3837 725 3905 regi
750 3841 936 3889 nostro
965 3833 1203 3904 psallite.

263 3923 306 3980 C
335 3923 622 3991 Psallere,
655 3926 744 3979 est
773 3921 945 3978 bonis
976 3920 1201 3976 actibus
1234 3918 1435 3975 laudes
1476 3920 1591 3977 Deo
1622 3935 1846 3976 canere.

197 4010 331 4085 Regi
364 4016 600 4078 nostro,
634 4010 692 4066 id
724 4014 813 4065 est
854 4009 972 4064 Deo
1022 4011 1217 4063 nostro
1263 4010 1401 4063 Jesu
1448 4007 1698 4074 Christo,
1731 4025 1847 4063 non

195 4097 379 4155 alieno
409 4098 719 4171 cuiquam,
752 4096 856 4153 sed
887 4096 1004 4153 Deo
1036 4099 1233 4151 nostro
1268 4113 1281 4151 :
1315 4111 1489 4168 quem
1520 4095 1708 4152 solum
1758 4096 1852 4153 de-

194 4191 281 4242 cet
306 4187 425 4244 ista
448 4187 741 4244 laudatio.

225 4277 258 4328 7
334 4277 625 4345 Quoniam
649 4291 750 4331 rex
775 4274 955 4330 ornnis
984 4281 1149 4331 terra:
1180 4277 1325 4328 Deus
1345 4290 1365 4328 :

330 4365 576 4420 Psallite
602 4365 898 4437 sapienter.

259 4450 302 4507 C
331 4452 634 4520 Quoniam
690 4458 792 4507 rex
847 4451 1040 4507 omnis
1098 4453 1287 4515 terrae,
1319 4447 1428 4504 hoc
1457 4451 1691 4522 propter
1718 4446 1850 4505 illos

193 4538 424 4611 dicitur,
441 4541 545 4615 qui
571 4540 685 4597 sibi
710 4555 814 4612 per
831 4538 1063 4612 singula
1081 4537 1207 4593 loca
1236 4536 1465 4592 diversa
1492 4535 1736 4591 numina
1765 4537 1849 4591 fa-

194 4627 443 4698 ciebant,
469 4632 541 4684 ut
567 4628 859 4683 Venerem
881 4626 942 4681 in
973 4625 1191 4698 Papho,
1213 4623 1455 4680 Martem
1488 4624 1548 4679 in
1581 4623 1846 4693 Thracia,

191 4712 385 4773 Jovem
417 4717 479 4773 in
509 4708 705 4784 Creta,
739 4718 796 4771 et
824 4714 972 4771 alios
1016 4730 1121 4785 per
1166 4711 1292 4768 loca
1337 4710 1584 4768 diversa.
1616 4711 1847 4769 Psallite

193 4806 507 4876 sapienter,
534 4805 651 4861 hoc
668 4807 759 4861 est
781 4803 938 4876 quod
961 4801 1248 4875 intelligat
1268 4818 1396 4874 qum
1424 4800 1637 4873 psallit.
1669 4802 1850 4857 Nemo

191 4891 342 4950 enim
372 4893 683 4966 sapienter
704 4892 1028 4964 quidquam
1055 4889 1194 4947 facit
1224 4889 1379 4962 quod
1409 4907 1524 4946 non
1555 4888 1846 4963 intelligit.

192 4977 233 5033 Η
262 4980 363 5037 Vel
396 4986 464 5037 ut
496 4997 634 5054 qua:
667 4980 882 5036 canitis
913 4995 1015 5052 per
1043 4977 1298 5034 litteram
1324 4994 1338 5034 :
1366 4976 1708 5051 intelligatis
1738 4977 1851 5050 spi-

193 5066 483 5126 ritualiter
513 5069 702 5126 dicta.

223 5158 256 5209 8
327 5158 609 5229 Regnavit
635 5157 778 5213 Deus
805 5154 971 5229 super
993 5162 1176 5225 gentes
1205 5172 1224 5210 :

324 5245 469 5303 Deus
495 5244 654 5303 sedet
681 5260 848 5315 super
871 5243 1050 5301 sedem
1075 5252 1318 5298 sanctam
1339 5258 1514 5298 suam.

258 5332 302 5389 Η
315 5334 612 5408 Regnavit
624 5332 910 5389 Dominus
930 5347 1111 5403 super
1128 5335 1351 5404 gentes,
1367 5346 1513 5402 quas
1535 5328 1594 5385 in
1617 5330 1853 5388 haeredi-

196 5423 303 5477 tate
318 5424 554 5497 accepit
565 5438 603 5478 ει
621 5422 813 5478 Patre.
832 5419 874 5475 C
889 5420 1063 5475 Sedet
1072 5436 1250 5493 super
1264 5420 1459 5475 sedem
1472 5423 1732 5475 sanctam
1746 5436 1851 5476 su-

197 5525 306 5576 am,
345 5512 676 5568 Dominum
705 5507 1062 5564 Salvatorem
1093 5505 1401 5579 significat,
1433 5507 1533 5578 qui
1576 5507 1739 5563 sedet
1777 5508 1847 5564 ad

198 5596 450 5655 dextram
476 5596 697 5666 Patris,
713 5610 968 5669 regnans
988 5594 1048 5650 in
1071 5593 1283 5650 saecula
1303 5592 1668 5675 saeculorum.
1684 5594 1731 5650 H
1749 5594 1847 5652 Vel

197 5684 251 5741 in
264 5687 487 5762 angelis
498 5685 694 5753 sedet,
710 5683 815 5758 qui
827 5686 1063 5758 propter
1082 5681 1474 5738 innocentiam
1495 5697 1664 5738 suam
1681 5683 1849 5741 sedes

201 5771 293 5833 Dei
322 5776 634 5853 dicuntur,
667 5772 806 5832 inde
834 5770 982 5831 dixit
1008 5769 1220 5831 oculum
1252 5768 1396 5829 mihi
1424 5770 1588 5830 sede
1616 5776 1725 5828 est.

1959 3489 2086 3529 esse
2115 3478 2375 3546 tempore
2404 3480 2536 3548 post
2564 3493 2918 3551 synagogam
2950 3480 3324 3538 manifestum
3354 3488 3463 3541 est.

1996 3563 2021 3615 1
2098 3560 2325 3632 Magnus
2348 3566 2615 3620 Dominus
2643 3574 2693 3621 et
2723 3567 3017 3624 laudabilis
3043 3562 3212 3625 nimis
3239 3589 3261 3625 .-

2098 3652 2162 3706 ln
2186 3653 2409 3707 civitate
2433 3655 2538 3710 Dei
2564 3657 2737 3711 nostri
2763 3657 2822 3711 in
2840 3661 3023 3713 monte
3048 3663 3234 3716 sancto
3259 3661 3397 3733 ejus.

2028 3737 2069 3793 C
2101 3738 2348 3812 Magnus
2379 3740 2591 3797 dicitur
2612 3742 2918 3812 Dominus,
2952 3745 3090 3817 quia
3108 3751 3372 3819 potenter
3399 3750 3598 3806 omnia

1959 3825 2113 3881 facit.
2133 3827 2492 3897 Laudabilis,
2507 3830 2646 3902 quia
2666 3831 2909 3903 pulchra
2928 3839 2985 3890 et
3004 3834 3156 3891 mira
3174 3836 3331 3893 facit.
3349 3838 3599 3895 Additur

1960 3913 2156 3982 nimis,
2171 3917 2325 3987 quod
2345 3933 2459 3973 non
2478 3915 2654 3974 habet
2668 3920 3112 3989 terminum,sed
3133 3924 3597 3982 suaassiduitate

1958 4018 2188 4074 semper
2237 4009 2502 4076 augetur.
2536 4004 2601 4061 In
2632 4006 2860 4063 civitate
2890 4026 2902 4065 :
2937 4008 3046 4065 hoc
3093 4015 3183 4067 est
3230 4011 3289 4067 in
3322 4012 3594 4071 Ecclesia.

1959 4090 2124 4146 Mons
2155 4094 2349 4147 autem
2382 4097 2623 4149 sanctus
2644 4099 2735 4151 est
2763 4095 3050 4153 Christus.

1990 4180 2027 4232 2
2099 4176 2380 4234 Fundatur
2402 4181 2737 4239 exultatione
2764 4186 3037 4242 universae
3066 4194 3230 4243 terrae
3260 4202 3275 4241 :

2100 4265 2243 4321 Mons
2270 4268 2403 4324 Sion
2433 4267 2604 4325 latera
2634 4271 2928 4342 aquilonis,
2954 4274 3146 4329 civitas
3175 4275 3315 4346 regis
3344 4278 3550 4348 magni.

2030 4352 2076 4409 Η
2109 4354 2373 4411 Fundata
2400 4361 2489 4413 est
2517 4361 2671 4413 terra
2720 4359 3125 4428 exsultatione,
3158 4362 3229 4417 ab
3257 4364 3598 4420 ascensione

1958 4441 2190 4508 Christi,
2205 4460 2331 4516 quae
2363 4444 2525 4517 prius
2547 4444 2856 4503 maledicto
2894 4452 2951 4503 et
2963 4449 3215 4521 peccatis
3234 4451 3595 4524 subjacebat.

1957 4534 2119 4587 Mons
2148 4531 2306 4598 Sion,
2331 4531 2371 4587 C
2416 4533 2574 4589 natio
2622 4533 2980 4591 Judazorum.
3014 4537 3221 4594 Latere
3278 4538 3594 4611 aquilonis,

1958 4618 2155 4692 populi
2185 4619 2470 4692 gentium,
2504 4622 2655 4678 facta
2683 4627 2773 4679 est
2802 4624 3003 4680 civitas
3035 4626 3206 4698 regis,
3238 4624 3348 4683 hoc
3378 4632 3467 4683 est
3492 4628 3596 4683 Ec-

1958 4707 2135 4765 clesia
2163 4707 2466 4777 catholica,
2494 4727 2670 4782 quam
2701 4712 2772 4767 de
2804 4712 3073 4770 universo
3103 4714 3321 4771 mundo
3370 4720 3599 4773 constat

1958 4813 2085 4853 esse
2115 4795 2436 4854 collectam.

1993 4887 2027 4939 3
2104 4890 2248 4942 Deus
2280 4889 2339 4942 in
2367 4888 2614 4945 domibus
2643 4891 2759 4963 ejus
2780 4900 3141 4963 cognoscatur.

2098 4978 2234 5033 Cum
2260 4977 2517 5048 suscipiet
2544 4993 2682 5033 eam.

2028 5065 2483 5136 CCognoscetur
2526 5065 2805 5123 Dominus
2854 5068 2911 5123 in
2962 5068 3257 5141 domibus,
3290 5069 3347 5127 id
3398 5075 3486 5128 est
3535 5071 3595 5127 in

1960 5151 2240 5206 membris
2268 5151 2392 5208 suis
2423 5152 2831 5223 sanctissimis,
2862 5154 3047 5214 virtus
3094 5176 3201 5215 sua
3248 5164 3306 5214 et
3340 5159 3597 5233 potentia

1959 5238 2367 5310 declarabitur,
2389 5242 2622 5311 quando
2644 5241 2701 5297 in
2731 5242 2987 5300 Ecclesia
3015 5246 3213 5303 beatos
3241 5245 3396 5304 viros
3420 5265 3434 5315 ;
3468 5246 3595 5318 ipso

1958 5326 2239 5400 largiente
2271 5344 2283 5382 :
2317 5326 2399 5382 illi
2429 5328 2631 5385 offerre
2661 5332 3100 5391 monstrabitur.

1992 5416 2023 5471 4
2099 5417 2377 5487 Quoniam
2403 5432 2521 5473 ecce
2549 5435 2699 5489 reges
2728 5424 3039 5492 congregati
3063 5431 3193 5480 sunt
3220 5442 3239 5478 :

2097 5507 2474 5562 Convenerunt
2500 5507 2560 5561 in
2590 5524 2780 5565 unum.

2026 5598 2066 5649 C
2096 5593 2261 5662 Reges
2306 5597 2471 5649 terrae
2519 5595 2627 5651 hoc
2678 5595 2802 5652 loco
2849 5599 3256 5670 significantur
3301 5593 3593 5667 principes

1954 5682 2286 5739 Judaeorum
2304 5697 2317 5736 :
2334 5698 2481 5754 quos
2507 5683 2762 5741 Herodes
2783 5702 3140 5759 congregans
3158 5686 3216 5739 in
3231 5696 3434 5744 unum,
3444 5691 3592 5771 qun:

1956 5790 2089 5830 rens
2142 5770 2564 5830 ubi'Christus
2623 5778 2957 5832 nasceretur
3007 5779 3063 5829 et
3118 5772 3202 5828 illi
3260 5762 3592 5839 congregati
