3898 6352
367 483 485 552 603

1429 483 1493 552 S.
1539 487 1818 553 LEONIS
1860 487 1940 552 IX
1986 485 2211 552 PAPE
2253 485 2682 554 OPUSCULA.

3673 487 3792 549 6οι

366 626 539 694 ponte
544 623 712 692 juxta
726 622 1134 680 Marmoratam
1153 638 1256 696 per
1274 622 1576 696 pontemS.
1597 622 1787 680 Maria
1809 640 1998 695 usque
2025 625 2080 690 Α
2109 638 2376 694 rumpere
2407 619 2862 694 praesumpserit,
2895 623 2952 678 et
2984 618 3136 678 sicut
3189 637 3224 678 a
3269 617 3447 677 nobis
3493 619 3790 693 superius

365 713 435 768 ad
469 717 702 784 pontem
723 712 1054 768 Judaeorum
1079 730 1180 784 per
1211 713 1466 768 medium
1492 713 1728 776 flumen,
1763 717 1818 767 et
1851 717 1998 768 recte

365 805 434 858 ad
468 803 724 857 medium
759 807 991 873 pontem
1020 803 1392 868 fractum,ubi
1424 802 1494 856 de
1525 802 1999 856 undaduximus-

366 892 466 962 qui
495 896 582 946 est
609 891 834 960 primus
863 889 1055 944 afﬁnis
1071 891 1298 960 absque
1318 890 1776 944 Transtiberinis
1799 889 1996 944 catho-

363 978 492 1034 licis
520 978 780 1034 ecclesiis
810 979 866 1032 S.
901 979 1092 1032 Mariae
1123 979 1180 1032 in
1209 979 1720 1036 Transtiberim.S.
1745 978 1996 1049 Chryso-

364 1068 520 1140 goni,
563 1073 617 1121 et
667 1068 722 1122 S.
774 1065 1028 1128 Caeciliae,
1059 1065 1145 1120 vel
1207 1066 1542 1120 monasterii
1591 1067 1648 1121 S.
1711 1067 1997 1120 Pancratii

365 1161 420 1210 et
451 1155 934 1210 monasteriorum
959 1156 1060 1209 SS.
1103 1155 1322 1208 Cosmze
1355 1159 1411 1208 et
1463 1154 1748 1218 Damiani,
1801 1158 1994 1208 tamen

360 1245 418 1300 in
447 1245 751 1316 praedictas
781 1243 1052 1299 ecclesias
1083 1243 1366 1312 quidquid
1426 1244 1496 1298 ab
1554 1242 1839 1313 episcopis
1897 1259 1996 1296 ne-

360 1351 519 1388 cesse
543 1333 717 1387 fuerit
737 1332 982 1386 faciendi
1005 1331 1422 1385 Portuensibus
1445 1330 1829 1400 episcopis,ab
1851 1330 1994 1401 ipsis

359 1423 617 1478 invitatis
639 1421 1602 1490 tribuimuspotestatem.ltemque
1623 1419 1995 1473 concedimus

359 1515 416 1566 et
443 1509 858 1565 confirmamus
881 1509 936 1561 in
959 1508 1079 1576 jam
1114 1507 1264 1562 dicto
1304 1507 1638 1578 episcopatu
1661 1506 1884 1577 plebem
1936 1509 1990 1562 S.

363 1598 556 1652 Mariae
578 1601 635 1650 et
659 1595 716 1650 S.
754 1594 1105 1664 Apollinaris
1136 1595 1192 1648 in
1226 1594 1380 1648 mola
1403 1598 1590 1664 rupta,
1614 1599 1668 1648 et
1691 1594 1910 1664 plebem
1937 1598 1990 1647 S.

363 1684 643 1756 Stephani
673 1683 732 1736 in
757 1683 1012 1748 Bansi,et
1043 1682 1264 1752 plebem
1299 1682 1555 1736 S.Maria:
1590 1683 1644 1736 in
1668 1681 1994 1752 Apuniana,

361 1767 451 1828 vel
481 1789 680 1828 omnes
712 1771 987 1826 ecclesias
1017 1771 1253 1841 exiguas
1285 1771 1367 1825 vel
1395 1788 1636 1840 magnas
1684 1770 1998 1838 cujuslibet

362 1859 770 1930 nominis,quze
791 1860 1078 1927 infrajam
1103 1859 1285 1913 dictos
1306 1860 1510 1913 afﬁnes
1539 1859 1748 1912 fuerint
1767 1858 1852 1913 vel
1871 1875 1998 1912 esse

2107 715 2327 766 statuta
2347 714 2506 775 sunt,
2540 711 2710 766 firma
2739 726 2976 766 manere
3025 727 3142 765 non
3201 709 3544 776 demiserit,
3607 712 3672 764 et
3733 709 3790 762 in

2108 800 2302 870 aliquo
2328 799 2652 864 offenderit,
2677 799 2826 854 sciat
2845 815 2929 864 se,
2963 799 3080 854 nisi
3111 798 3456 870 resipuerit,
3523 795 3790 852 auctori-

2105 891 2222 942 tate
2261 888 2359 943 Dei
2410 887 2826 959 omnipotentis
2887 891 2946 942 et
3013 887 3076 941 B.
3141 887 3292 942 Petri
3361 885 3790 958 apostolorum

2107 975 2411 1048 principis,
2444 981 2615 1048 atque
2646 979 2865 1042 nostra,
2893 974 2995 1047 qui
3045 976 3174 1045 ejus
3234 973 3557 1046 fungimur
3603 973 3792 1038 vices,

2108 1064 2498 1120 anathematis
2515 1064 2746 1119 vinculo
2767 1080 2896 1119 esse
2917 1063 3290 1130 innodatum,
3315 1066 3372 1117 et
3403 1079 3440 1117 a
3469 1077 3672 1134 regno
3691 1062 3792 1117 Dei

2107 1151 2384 1216 alienum,
2411 1157 2584 1223 atque
2603 1169 2735 1208 cum
2753 1153 2907 1208 Juda
2929 1151 3212 1207 traditore
3239 1151 3301 1204 ί).
3327 1151 3399 1206 Ν.
3423 1151 3577 1206 Jesu
3611 1149 3783 1204 Chri-

2105 1240 2180 1296 sti
2213 1259 2344 1296 cum
2378 1241 2608 1296 diabolo
2630 1246 2688 1296 et
2716 1241 2991 1296 omnibus
3013 1239 3246 1312 pompis
3277 1240 3412 1310 ejus
3447 1239 3790 1294 aeternoin-

2104 1329 2306 1384 cendio
2337 1329 2964 1392 concremandum.Qui
2997 1345 3133 1383 vero
3172 1327 3269 1399 pio
3301 1327 3536 1382 intuitu
3569 1333 3784 1382 custos

2104 1421 2160 1472 et
2188 1419 2523 1472 observator
2543 1418 2720 1488 hujus
2753 1417 2936 1472 nostri
2969 1415 3250 1488 privilegii
3297 1415 3630 1480 exstiterit,
3685 1416 3784 1470 be—

2103 1507 2532 1561 nedictionibus
2561 1506 2808 1578 gratiam
2843 1506 3140 1576 vitamque
3193 1510 3478 1559 internum
3516 1521 3554 1558 a
3607 1504 3786 1574 justo

2103 1594 2304 1649 Judice
2329 1595 2573 1649 Domino
2601 1594 2716 1649 Deo
2767 1598 2964 1649 nostro
3005 1593 3284 1664 consequi
3347 1594 3668 1648 mereatur
3727 1593 3784 1648 in

2105 1683 2317 1737 saecula
2346 1685 2710 1738 sznculorum.
2741 1684 2948 1736 Amen.
2981 1682 3135 1738 Bene
3165 1681 3376 1736 valete.

2175 1771 2383 1826 Datum
2415 1788 2450 1825 x
2481 1769 2600 1825 Kal.
2653 1769 2787 1824 Maii
2835 1787 2939 1842 per
2993 1785 3238 1824 manum
3290 1768 3449 1824 Petri
3513 1768 3785 1832 diaconi,

2106 1858 2528 1914 bibliothecarii
2563 1863 2620 1914 et
2666 1857 2995 1914 cancellarii
3051 1858 3110 1912 S.
3166 1856 3530 1928 Apostolicaa
3593 1857 3784 1922 sedis,

362 1952 624 2022 possunt,
650 1948 871 2018 absque
903 1946 1038 2013 illis,
1071 1965 1218 2018 quas
1236 1948 1359 2016 jam
1385 1947 1994 2008 diximus.Transtibe-
2030 1981 2075 2044 Β
2107 1963 2259 2002 anno
2289 1947 2520 2002 Domini
2552 1947 2758 2002 Leonis
2783 1948 2853 2002 ΙΧ
2885 1963 3048 2018 papae
3071 1963 3110 2012 1,
3143 1945 3351 2000 indict.
3389 1963 3455 2000 [ι.

360 2037 470 2093 rim
493 2037 638 2093 sitis.
659 2039 880 2091 Interea
894 2036 1710 2106 sancientesjubemus,sicuti
1728 2053 1760 2090 a
1779 2035 1998 2090 nostris

362 2125 823 2181 antecessoribus
842 2127 1072 2193 jussum
1100 2130 1205 2191 est,
1226 2130 1290 2179 ut
1319 2125 1375 2178 in
1403 2124 1643 2178 flumine
1665 2125 1815 2196 quod
1834 2125 2002 2194 juxta

359 2215 732 2270 Portuensem
765 2215 967 2268 urbem
1001 2214 1271 2280 decurrit,
1297 2213 1494 2268 nullus
1522 2213 1731 2268 audeat
1779 2213 1999 2268 molen-

359 2303 496 2358 dina
511 2307 611 2358 aut
633 2307 866 2375 pontem
891 2302 1434 2374 praterjussionem
1466 2308 1624 2356 tuam
1649 2301 1734 2356 vel
1768 2317 1998 2356 succes-

359 2407 554 2446 sorum
585 2395 818 2446 tuorum
850 2390 1252 2462 episcoporum
1279 2392 1446 2460 juxta
1475 2390 1724 2462 priscam
1763 2407 1999 2444 consue-

356 2478 620 2535 tudinem
653 2495 886 2550 quoquo
921 2479 1092 2532 modo
1124 2478 1477 2533 constituere
1503 2497 1514 2545 ;
1539 2483 1594 2532 et
1638 2494 1772 2531 cum
1829 2477 1913 2532 vel
1966 2494 1997 2531 a

355 2567 518 2624 vobis
533 2566 618 2622 vel
632 2568 702 2622 ab
715 2567 1089 2639 aliis,quibus
1101 2571 1296 2622 tamen
1313 2566 1590 2621 faciendis
1612 2582 1711 2620 vos
1731 2565 1994 2636 injunxe-

356 2655 501 2725 ritis,
527 2655 912 2711 constitutum
946 2659 1047 2710 aut
1070 2655 1288 2710 factum
1315 2654 1642 2726 fuerit,ipsa
1663 2653 1998 2709 molendina

353 2742 439 2797 vel
463 2761 607 2815 pons
629 2748 820 2799 vestro
845 2743 1081 2798 arbitrio
1107 2744 1554 2816 dispensentur;
1579 2744 1646 2798 de
1670 2747 1844 2810 ponte
1865 2759 1994 2796 vero

355 2831 402 2886 si
415 2832 602 2887 factus
617 2832 930 2887 fueritcum
945 2835 1204 2902 plaustro
1218 2837 1456 2888 onustro
1470 2833 1680 2886 victum
1695 2831 1780 2886 vel
1795 2830 1993 2884 vinum

355 2936 525 2974 nemo
582 2921 792 2974 audeat
838 2920 974 2974 hinc
1021 2919 1179 2987 illuc,
1241 2937 1429 2992 neque
1460 2921 1593 2976 inde
1614 2921 1728 2974 huc
1761 2919 1993 2990 penitus

357 3008 956 3062 transmeare.1terum
989 3009 1316 3063 sancientes
1347 3010 1625 3076 jubemus
1683 3012 1748 3062 ut
1790 3006 1992 3063 nullus

355 3095 675 3167 presbyter,
704 3095 792 3149 vel
825 3095 1140 3166 cujuslibet
1173 3097 1396 3151 ordinis
1443 3096 1686 3151 clericus
1741 3096 1812 3150 de
1871 3100 1988 3149 toto

353 3183 687 3254 episcopatu
719 3185 931 3238 audeat
961 3185 1032 3238 ad
1055 3183 1333 3255 placitum
1368 3187 1762 3256 constringere
1785 3189 1885 3238 aut
1916 3186 1986 3239 ad

353 3272 639 3328 finiendas
668 3273 1064 3328 contentiones
1086 3273 1449 3345 compellere,
1474 3279 1574 3328 aut
1601 3273 1838 3345 aliquod
1872 3289 1986 3327 ser-

350 3360 556 3415 vitium
579 3361 650 3415 ab
682 3361 767 3416 eis
791 3361 1037 3432 exigere,
1073 3365 1453 3432 praeterquam
1487 3362 1832 3416 Portuenses
1867 3361 1984 3432 epi-
2018 3341 2060 3407 C

351 3449 532 3520 scopi,
563 3449 622 3504 in
655 3451 823 3520 cujus
843 3450 1118 3520 parochia
1140 3451 1644 3520 sunt.Quicunque
1673 3467 1808 3505 vero
1839 3467 1984 3521 pra:-

349 3539 635 3607 sumptor,
669 3537 788 3592 sive
835 3538 969 3605 dux,
1003 3538 1120 3593 sive
1149 3555 1363 3600 comes,
1387 3539 1475 3594 vel
1515 3539 1854 3604 vicecomes,
1887 3542 1988 3593 aut

350 3623 765 3688 cubicularius,
779 3625 916 3679 vela
931 3631 1130 3680 nostra
1149 3626 1465 3696 apostolica
1482 3628 1617 3682 sede
1647 3626 1867 3682 missus
1886 3631 1987 3681 aut

350 3710 776 3783 qualiscunque
805 3712 1191 3769 interveniens
1217 3719 1467 3780 potestas
1498 3714 1711 3785 deipsa
1756 3713 1986 3770 civitate

348 3799 668 3856 Portuense
697 3799 894 3855 domin
907 3804 1062 3856 atum
1084 3801 1355 3867 tenuerit,
1381 3802 1449 3856 de
1473 3817 1840 3872 quocumque
1873 3802 1988 3856 fue-

348 3889 424 3942 rit
465 3888 688 3952 ordine,
741 3889 1011 3960 praedicta
1066 3889 1262 3944 omnia
1316 3889 1639 3945 immobilia
1684 3889 1828 3956 loca,
1888 3897 1989 3945 aut

347 3976 834 4045 prmnominatum
857 3977 1205 4044 castaldum,
1239 3977 1324 4032 vel
1357 3979 1504 4033 duos
1547 3979 1884 4049 piscatores,
1934 3983 1989 4034 et

349 4063 496 4117 duos
525 4061 795 4124 curiales,
827 4063 910 4117 vcl
937 4081 1138 4118 omnes
1169 4064 1472 4135 praedictos
1488 4066 1731 4120 c~aricos
1779 4083 1812 4120 a
1831 4066 1984 4134 jure,

347 4154 405 4204 et
433 4153 736 4219 potestate,
770 4155 942 4220 atque
961 4151 1177 4206 ditione
1199 4152 1418 4222 praefati
1451 4153 1726 4224 episcopii
1759 4153 1985 4208 auferre

348 4237 436 4291 vel
493 4237 755 4292 minuere
810 4239 1075 4306 voluerit,
1125 4239 1212 4294 vel
1271 4240 1604 4312 parochiam
1675 4240 1990 4312 infringere

348 4325 676 4396 tentaverit,
700 4327 1077 4382 authomines
1100 4327 1154 4382 in
1177 4329 1448 4399 praadicta
1469 4329 1988 4396 turrehabitantes,

349 4414 436 4469 vel
465 4414 798 4485 ubicunque
829 4416 1148 4487 proprietas
1180 4416 1837 4488 episcopiimansionah
1869 4418 1990 4472 fue-

349 4503 521 4570 rit,ad
557 4503 853 4575 publicum
888 4505 1188 4560 servitium
1212 4506 1732 4571 revocaverit,sciat
1753 4521 1814 4560 se
1836 4523 1990 4561 com-

349 4591 676 4663 positurum
709 4593 819 4665 ipsi
853 4593 1216 4666 episcopatui
1250 4594 1374 4648 auri
1408 4593 1707 4664 purissimi
1741 4593 1873 4648 libr.
1895 4612 1990 4664 xx,

2181 2037 2295 2107 Ego
2358 2036 2761 2091 Eberchardus
2819 2037 3200 2090 Treverorum
3277 2033 3784 2106 archiepiscopus

2110 2124 2375 2195 quamvis
2405 2124 2684 2194 indignus
2717 2123 2954 2178 interfui
2983 2127 3040 2178 et
3069 2121 3422 2194 subscripsi.

2179 2213 2294 2283 Ego
2323 2213 2635 2268 Alinardus
2667 2211 3076 2284 Lugdunensis
3109 2209 3614 2282 archiepiscopus
3673 2209 3786 2264 hoc

2108 2301 2401 2355 decretum
2435 2301 2700 2368 laudans,
2735 2317 2911 2356 manu
2943 2299 3180 2371 propria
3210 2297 3579 2370 subscripsi.

2178 2391 2292 2460 Ego
2326 2389 2736 2460 W.episcopus
2759 2388 3103 2460 subscripsi.

2175 2478 2291 2548 Ego
2323 2479 2670 2549 Roprandus
2698 2477 3006 2548 episcopus
3039 2475 3269 2547 scripsi.

2175 2567 2292 2637 Ego
2321 2567 2668 2622 Cunibertus
2697 2567 3006 2638 episcopus
3035 2564 3354 2620 Taurinen.
3389 2565 3640 2636 scripsi.

2175 2655 2287 2724 Ego
2318 2653 2566 2710 Cadalus
2597 2653 2930 2709 Parmensis
2962 2652 3277 2726 episcOpus
3305 2653 3554 2724 scripsi.

2175 2744 2288 2815 Ego
2314 2743 2530 2815 Oppizo
2560 2742 2826 2799 Pinensis
2855 2741 3168 2814 episcopus
3197 2741 3434 2812 scripsi.

2173 2833 2288 2903 Ego
2320 2831 2504 2887 Guido
2533 2831 2579 2886 Χ
2609 2831 2961 2887 Ultervensis
2981 2830 3294 2902 episcopus
3317 2831 3564 2902 scripsi.

2173 2920 2285 2992 Ego
2316 2919 2598 2974 Henricus
2629 2919 2977 2991 Spoletanus
3005 2919 3322 2990 episcopus
3353 2919 3603 2990 scripsi.

2174 3009 2288 3080 Ego
2318 3007 2600 3068 Arnulfus
2631 3007 2939 3079 episcopus
2969 3007 3200 3078 scripsi.

2167 3097 2286 3168 Ego
2317 3095 2602 3152 Martinus
2629 3095 2934 3160 Pistorien,
2967 3095 3280 3168 episcOpus
3311 3095 3554 3167 scripsi.

2167 3186 2284 3256 Ego
2317 3184 2519 3240 Petrus
2547 3183 2866 3240 Clusiensis
2897 3183 3211 3256 episcopus
3243 3183 3482 3255 scripsi.

2171 3274 2288 3344 Ego
2319 3273 2444 3328 Dux
2463 3274 2770 3345 episcopus
2799 3271 3056 3328 interfui.

2167 3361 2488 3416 Teudsrius
2517 3360 2858 3416 Arbinensis
2889 3359 3202 3433 episcopus
3231 3359 3500 3416 interfui.

2166 3449 2640 3521 EgoBenedictus
2697 3448 3006 3521 episcopus
3050 3448 3612 3520 Forosempronien,
3677 3451 3782 3506 in-

2095 3538 2290 3593 terfui.

2164 3625 2538 3681 Decernimus
2565 3641 2701 3697 ergo
2733 3629 2798 3680 ut
2827 3623 2972 3682 nulli
3017 3627 3258 3681 omnino
3312 3626 3642 3682 hominum
3703 3629 3775 3684 li-

2095 3717 2238 3781 ceat,
2271 3719 2378 3770 etc.
2413 3713 2474 3768 Si
2499 3730 2615 3785 qua
2643 3713 2838 3786 igitur,
2875 3717 2984 3770 etc.
3047 3713 3286 3770 Cunctis
3353 3719 3585 3784 autem,
3651 3721 3774 3772 etc.

2096 3806 2304 3856 Amen.

2839 3891 2987 3946 VIII.

2096 3979 2460 4050 Privilegium
2490 3977 2543 4034 S.
2569 3981 2761 4050 Leoni:
2791 3980 2856 4034 IX
2875 3995 2978 4050 pro
3009 3982 3226 4036 Riverio
3270 3980 3512 4036 abbathe
3529 3985 3780 4039 camabii

2699 4049 2891 4106 Montis
2926 4051 3134 4106 Casini.

2713 4139 2904 4208 (Anno
2939 4139 3120 4209 1049.)

2171 4225 2373 4297 [Τοξιῄ
2397 4225 2579 4281 Storia
2599 4226 2742 4282 delle
2777 4227 2938 4282 badia
2965 4227 3024 4282 di
3051 4227 3227 4282 Monte
3247 4227 3489 4294 Casimo,
3553 4229 3742 4297 1,255.
3765 4229 3778 4300 ]

2169 4333 2281 4387 Lso
2313 4331 2643 4404 episcopus,
2677 4349 2880 4388 servus
2911 4349 3212 4388 servorum
3247 4332 3368 4402 Dei,
3403 4333 3778 4389 charissimo

2101 4421 2271 4476 nobis
2295 4420 2351 4474 in
2385 4420 2612 4475 Christo
2646 4419 2893 4474 Domino
2921 4420 3064 4476 Jcsu
3089 4420 3209 4475 filio
3237 4421 3529 4476 Ricusnlo
3560 4429 3620 4477 et
3641 4421 3780 4476 reii-

2101 4508 2262 4582 gioso
2294 4509 2490 4563 abatta
2517 4508 2898 4564 sacratissimi
2933 4507 3276 4564 monasterii
3334 4509 3397 4564 Β.
3459 4509 3778 4565 Benedicti

2102 4595 2448 4652 confessoris
2469 4593 2707 4665 Christi,
2731 4595 2826 4652 siti
2849 4595 2906 4650 in
2937 4601 3134 4652 monte
3155 4597 3256 4668 qui
3281 4601 3530 4652 vocatur
3559 4598 3778 4653 Castro

349 4684 404 4736 et
431 4681 673 4752 insuper
691 4682 1048 4738 anathemati
1073 4683 1387 4752 subjaceat.
1414 4683 1746 4738 Statuentes
1759 4688 1993 4754 aposto-
2022 4704 2070 4767 D
2100 4684 2602 4755 Cassino,suaeque
2632 4682 2798 4739 alrnes
2829 4685 3266 4758 congregationi
3299 4689 3664 4758 perpetuam
3715 4686 3780 4740 in

349 4767 462 4824 lica
489 4787 736 4824 censura
765 4771 874 4824 sub
902 4769 1082 4824 divini
1107 4769 1316 4840 judicii
1349 4769 1815 4835 obtestatione,et
1853 4788 1991 4826 ana-

348 4856 623 4910 thematis
643 4856 1066 4926 interdictione,
1095 4864 1159 4912 ut
1181 4857 1385 4912 nullus
1415 4876 1673 4929 unquam
1697 4876 1992 4916 successo-

353 4959 482 4996 rum
501 4947 832 4999 nostrorum
858 4945 1314 5016 pontificum.ch
1337 4947 1450 5001 alia
1479 4947 1752 5018 quaelibet
1780 4965 1993 5020 magna

352 5046 645 5101 parvaque
677 5048 924 5100 persona
954 5051 1020 5088 ea
1049 5051 1174 5104 qua:
1207 5053 1240 5089 a
1281 5035 1446 5090 nobis
1492 5036 1560 5090 ad
1605 5035 1837 5091 laudem
1893 5038 1990 5092 Dei

353 5133 456 5189 pro
489 5118 806 5174 stabilitate
839 5121 924 5175 vel
957 5127 1268 5193 augmento
1311 5123 1567 5194 praedicti
1625 5123 1996 5196 episcopatus

353 5210 574 5260 statuta
603 5208 1048 5280 sunt,refragari
1083 5215 1182 5262 aut
1207 5211 1262 5263 in
1296 5227 1589 5280 quoquam
1649 5213 1996 5283 transgredi,

353 5299 455 5349 aut
483 5293 705 5366 aliquid
738 5295 948 5350 deinde
981 5297 1242 5350 minuere
1273 5298 1546 5364 audeant,
1579 5298 1800 5352 scilicet
1844 5299 1996 5354 sicut

353 5384 624 5455 superius
657 5401 691 5439 a
722 5385 890 5439 nobis
914 5389 1200 5439 statutum
1231 5384 1318 5439 vel
1378 5399 1716 5440 concessum
1774 5390 1882 5453 est,
1915 5388 1996 5443 ita

353 5472 706 5541 perennibus
727 5491 792 5528 ac
825 5473 1117 5545 perpetuis
1140 5477 1254 5527 tem
1267 5472 1502 5544 poribus
1526 5473 1650 5530 sine
1672 5473 1868 5546 aliqua
1892 5476 1995 5529 mi-

355 5559 594 5612 nutione
629 5563 922 5630 permittat
953 5561 1010 5615 in
1044 5565 1330 5615 aeternum
1365 5577 1720 5630 permanere.
1758 5564 1814 5616 Si
1863 5564 1994 5634 quis

359 5651 574 5710 autem,
606 5653 758 5718 quod
795 5669 906 5706 non
939 5659 1234 5720 optamus,
1265 5649 1574 5703 temerario
1606 5667 1754 5705 ausu
1795 5657 1996 5706 contra

359 5730 468 5786 hoc
497 5739 758 5792 nostrum
782 5737 1148 5810 privilegium
1179 5735 1374 5792 venire
1405 5747 1504 5791 aut
1526 5737 1580 5791 in
1597 5755 1891 5810 quoquam
1913 5741 1995 5794 di-

2101 4773 2346 4828 Domino
2377 4771 2650 4827 salutem.

2170 4861 2450 4916 Convenit
2504 4859 2818 4931 apostolico
2869 4861 3256 4918 moderamini
3321 4861 3420 4933 pia
3479 4859 3780 4934 religione

2102 4949 2456 5021 pollentibus
2473 4947 2749 5004 benevola
2769 4951 3177 5021 compassione
3207 4955 3652 5018 succurrere,et
3667 4967 3780 5022 pe-

2102 5039 2352 5092 tentium
2369 5035 2676 5092 desideriis
2695 5054 3016 5110 congruum
3050 5038 3356 5110 impertire
3379 5038 3776 5110 suffragium.

2106 5126 2287 5197 Igitur
2317 5124 2453 5196 quia
2483 5124 2823 5196 postulastis
2854 5143 2888 5181 a
2916 5127 3087 5182 nobis
3129 5131 3428 5198 quatenus
3459 5131 3778 5182 monaste-

2109 5213 2260 5268 rium
2277 5214 2331 5269 S.
2345 5213 2633 5268 Benedicti
2653 5212 2712 5267 in
2739 5219 2934 5269 monte
2950 5216 3160 5272 Casino
3175 5215 3356 5270 situm
3373 5215 3575 5284 ,cujus
3594 5213 3780 5268 abba-

2104 5302 2180 5356 tis
2210 5301 2702 5357 consecrationem
2719 5304 3136 5374 nuperetdono
3164 5302 3580 5376 piissimorum
3609 5303 3779 5357 Hen-

2103 5389 2203 5444 rici
2242 5389 2563 5445 etConradi
2583 5389 2978 5446 Romanorum
3009 5391 3438 5464 imperatorum
3493 5391 3780 5462 suscepi-

2103 5481 2317 5543 mus,et
2346 5493 2449 5548 per
2478 5493 2584 5532 nos
2605 5482 2662 5534 et
2690 5495 3056 5536 successores
3079 5479 3388 5536 nostrosin
3407 5483 3778 5552 perpetuum

2103 5581 2262 5620 more
2300 5569 2736 5622 antecessorum
2794 5575 3134 5624 nostrorum
3201 5567 3513 5640 privilegio
3559 5573 3778 5623 nostro

2103 5653 2490 5720 muniremus,
2523 5659 2582 5710 et
2611 5672 2646 5709 a
2675 5659 2960 5727 potestate
2989 5657 3258 5713 omnium
3291 5657 3782 5728 archiepiscopo-

2104 5757 2236 5796 rum
2268 5745 2325 5796 et
2356 5743 2763 5816 episcOporum
2803 5745 3304 5812 subtraheremus,
3339 5749 3400 5801 et
3429 5745 3544 5800 sub
3577 5745 3782 5802 inter-
