3898 6342
151 479 274 546 605

1129 483 1537 548 EPISTOLE
1578 481 1678 545 ET
1719 479 2082 544 DECRETA
2130 480 2589 546 PONTIFIGIA.

3431 477 3553 543 606

152 616 414 674 dictione
431 617 823 676 anathematis
844 618 969 676 loca
987 636 1094 676 sua
1114 620 1580 685 defenderemus,
1600 635 1810 676 conce-
1841 617 1893 680 Α
1921 617 2008 672 vel
2041 617 2089 674 ei
2130 618 2554 688 pertinentibus
2600 616 2716 675 nisi
2763 614 2884 673 solo
2931 615 3045 673 Deo
3094 631 3161 673 ac
3207 619 3416 672 nostra;
3447 633 3555 672 au-

155 707 457 773 deremus,
483 711 539 762 et
561 709 1042 764 conﬁrmaremus
1067 725 1079 763 :
1107 709 1369 764 inclinati
1393 709 1662 781 precibus
1683 709 1801 764 tuis

153 795 501 867 praedictum
526 797 942 852 monasterium
967 798 1072 852 tibi
1095 815 1128 852 a
1150 798 1316 853 nobis
1338 797 1803 853 successoribus-

149 899 268 955 que
296 884 414 938 tuis
427 888 526 939 eta
548 885 763 940 nostris
777 887 1218 941 successoribus
1231 887 1289 941 in
1306 891 1651 958 perpetuum
1668 885 1800 940 nul-

145 971 208 1028 la
248 972 530 1044 pravitate
549 974 880 1029 Simoniaca
919 974 1334 1030 interveniente
1367 975 1800 1039 consecrandis,

153 1061 532 1116 concedimus
552 1066 608 1117 et
629 1063 1045 1117 confirmamus
1068 1081 1199 1118 cum
1223 1065 1500 1119 omnibus
1519 1064 1798 1131 ecclesiis,

153 1147 552 1213 monasteriis,
577 1149 762 1212 cellis,
788 1149 1065 1212 castellis,
1081 1151 1252 1206 terris
1275 1151 1448 1206 cultis
1467 1156 1523 1206 et
1542 1151 1801 1215 incultis,

153 1234 363 1300 vineis,
387 1235 724 1305 aquimolis,
748 1238 954 1301 hortis,
981 1240 1184 1310 pratis,
1209 1240 1393 1307 silvis,
1438 1239 1804 1311 pertinentiis

156 1324 625 1395 adjacentiisque
654 1326 800 1389 suis,
837 1328 1171 1399 ubicunque
1199 1329 1285 1384 vel
1319 1329 1804 1400 qualitercunque

159 1411 232 1466 ad
248 1412 390 1482 jura
409 1413 670 1482 ejusdem
690 1415 1026 1470 monasterii
1041 1417 1330 1488 pertinere
1345 1418 1399 1472 di
1407 1417 1801 1489 gnoscitur....

161 1500 414 1571 Insuper
442 1502 616 1556 etiam
657 1520 886 1557 omnem
929 1504 1243 1573 cujuslibet
1293 1506 1547 1561 ecclesias
1573 1506 1804 1578 pontifi-

160 1605 290 1644 cem
304 1589 361 1643 in
379 1590 615 1660 praefato
629 1593 982 1647 monasterio
997 1595 1276 1649 ditionem
1293 1595 1614 1666 quamlibet
1627 1595 1803 1649 habe-

157 1694 224 1732 re
237 1680 653 1749 prastersedem
669 1681 1068 1750 apostolicam,
1082 1683 1480 1753 prohibemus,
1507 1685 1665 1739 itaut
1693 1684 1806 1738 nisi

157 1767 236 1822 ab
260 1767 468 1822 abbate
488 1769 752 1838 ejusdem
787 1771 1121 1826 monasterii
1164 1773 1340 1826 fuerit
1369 1773 1670 1839 invitatus,
1702 1789 1806 1827 nec

159 1854 484 1910 missarum
517 1855 800 1912 solemnia
850 1859 1066 1914 ibidem
1116 1866 1432 1930 prmsumat
1470 1862 1806 1916 omnimodo

1911 707 2161 762 ctoritati
2195 707 2549 764 solvendam
2579 708 2918 763 statuimus.
2977 706 3216 762 Fabrica
3245 705 3420 762 etiam
3454 722 3552 761 seu

1908 795 2357 850 luminariorum
2389 796 2762 852 concinnatio
2794 795 3194 852 indifferenter
3233 795 3399 850 vobis
3431 796 3557 850 sine

1908 885 2087 940 dubio
2141 885 2590 956 procurantibus
2638 885 2950 940 efficiatur.
3002 884 3175 939 Nulla
3222 885 3471 956 proinde
3499 884 3557 938 in

1909 973 2272 1028 exsolvendis
2304 973 2403 1028 Dei
2434 974 2729 1035 laudibus,
2762 973 2846 1028 vel
2879 973 2936 1028 in
2967 973 3298 1028 luminariis
3326 975 3558 1028 concin-

1911 1062 2119 1116 nandis
2149 1079 2313 1116 mora
2345 1062 2660 1133 proveniat,
2699 1063 2801 1117 sed
2834 1063 3042 1116 devota
3063 1061 3398 1118 sinceritate
3429 1078 3557 1133 per-

1910 1166 2080 1221 agere
2098 1150 2463 1218 festinate,ne
2483 1151 2838 1220 perincautm
2858 1150 3092 1206 desidiaa
3108 1149 3558 1220 culpamjudicii

1910 1255 2015 1293 vos
2047 1239 2225 1292 futuri
2260 1243 2448 1294 metus
2479 1240 2789 1294 concutiat.
2825 1240 3024 1294 Potius
3079 1239 3377 1295 elaborare
3431 1244 3555 1293 stu-

1909 1327 2042 1381 dote
2072 1331 2137 1380 ut
2167 1327 2362 1381 divina
2413 1326 2672 1398 placetur
2717 1333 2904 1383 vestro
2959 1333 3169 1382 conatu
3222 1327 3553 1391 clementia,

1914 1415 2218 1487 possitque
2246 1431 2473 1470 movere
2504 1415 2633 1480 hoc,
2666 1418 2820 1486 quod
2849 1434 2882 1470 a
2912 1417 3081 1470 nobis
3117 1417 3282 1484 justa
3332 1416 3554 1472 delibe-

1914 1503 2138 1559 ratione
2165 1504 2464 1558 decretum
2497 1509 2586 1560 est
2616 1504 2831 1560 futuris
2862 1504 3199 1560 inconvnlse
3233 1505 3556 1575 perpetuis-

1915 1609 2028 1663 que
2077 1592 2463 1662 temporibus.
2517 1593 2885 1648 Consecratio
2933 1597 3126 1647 tamen
3172 1594 3400 1648 abbatis
3450 1591 3560 1647 loci

1915 1680 2105 1752 ipsius
2137 1698 2170 1736 a
2199 1681 2362 1736 vobis
2403 1682 2730 1736 secundum
2783 1686 2964 1737 Deum
3009 1681 3173 1736 electi
3208 1698 3439 1752 semper
3467 1697 3562 1736 ex-

1915 1774 2210 1840 spectetur
2239 1786 2269 1823 a
2293 1775 2492 1824 nostra
2518 1769 2838 1840 apostolica
2863 1771 3020 1834 sede,
3045 1771 3154 1825 sub
3177 1771 3349 1837 cujus
3373 1769 3564 1825 exislit

1910 1858 2062 1927 jure.
2115 1857 2409 1912 Numerus
2461 1863 2655 1912 autem
2709 1859 3127 1913 monachorum
3180 1858 3395 1913 ibidem
3446 1859 3561 1914 Deo

153 1942 476 1999 celebrare.
502 1946 637 1999 Post
657 1952 911 2001 vestrum
941 1965 1070 2002 vero
1089 1950 1312 2004 obitum
1337 1967 1508 2004 nemo
1530 1950 1672 2005 inibi
1706 1951 1804 2004 ab-
1836 1978 1883 2043 Β
1916 1947 2332 2002 serviturorum
2351 1951 2551 2001 tantus
2573 1963 2692 2001 sem
2704 1963 2802 2017 per
2821 1947 3049 2010 existat,
3079 1951 3337 2016 quantus
3357 1963 3562 2001 secun-

151 2031 356 2086 batem
390 2033 728 2099 constituat,
767 2035 874 2088 nisi
909 2052 1083 2104 (“tem
1109 2053 1430 2090 consensus
1462 2040 1517 2090 et
1535 2035 1806 2091 voluntas

155 2119 519 2175 coimmunis
541 2121 784 2175 fratrum
817 2140 883 2176 ex
915 2124 1041 2193 ipsa
1073 2125 1521 2195 congregatione
1552 2124 1805 2194 elegerit,

155 2213 218 2264 et
237 2207 459 2264 electus
483 2211 554 2265 ad
583 2227 688 2266 nos
709 2211 796 2265 vel
819 2228 1188 2266 successores
1213 2217 1442 2268 nostros
1461 2231 1807 2268 consecran-

160 2297 311 2352 dum
336 2296 518 2369 gratis
548 2303 604 2352 et
634 2298 758 2354 sine
805 2299 986 2369 pretio
1025 2301 1234 2355 veniat.
1269 2302 1430 2364 Quod
1465 2302 1513 2356 si
1573 2301 1807 2356 aliunde

159 2387 408 2450 venerit,
432 2387 586 2457 quod
610 2387 679 2441 de
718 2389 881 2442 vobis
919 2388 1032 2442 dici
1066 2406 1181 2442 non
1213 2393 1422 2459 potest,
1458 2390 1555 2460 qui
1585 2391 1654 2444 de
1686 2407 1807 2443 mo-

164 2474 426 2530 nasterio
450 2480 648 2530 nostro
671 2483 723 2531 et
746 2495 778 2530 a
801 2477 967 2531 nobis
993 2479 1384 2532 consecraturi
1424 2478 1687 2546 venistis,
1723 2477 1808 2533 vel

167 2563 244 2618 ab
278 2561 391 2617 alio
432 2563 885 2634 archiepiscopo,
934 2564 1018 2620 vel
1070 2565 1340 2637 episcopo
1391 2567 1715 2622 consecrari
1748 2584 1809 2621 se

162 2650 460 2718 maluerit,
486 2657 626 2707 tunc
640 2658 1010 2708 consecratus
1032 2658 1089 2708 et
1109 2660 1480 2710 consecrator
1495 2655 1810 2710 anathema

165 2739 310 2796 sint.
345 2739 811 2812 Promulgantes,
843 2747 999 2796 elo...

238 2829 393 2884 Bene
422 2828 626 2884 valete.

957 2938 1026 2992 IX

163 3024 221 3078 8.
271 3025 371 3079 Leo
417 3026 483 3099 IX
529 3025 778 3080 Iticherio
835 3027 1020 3082 abbati
1077 3029 1361 3082 Casinensi
1414 3030 1634 3099 ejusque
1688 3047 1808 3085 sue-

235 3097 538 3151 cessoribus
587 3100 978 3152 monasterium
1027 3099 1080 3152 8.
1130 3099 1338 3164 Crucis,
1393 3097 1576 3157 Romae
1619 3103 1809 3167 situm,

238 3167 478 3238 subjicit.

784 3258 972 3326 (Anno
1016 3259 1196 3328 1049.)

565 3347 838 3419 [Gattula,
871 3349 1007 3402 Hist.
1045 3347 1252 3416 Casin.,
1273 3350 1422 3419 252.]

249 3451 362 3505 Leo
389 3452 720 3524 episcopus,
768 3471 969 3509 servus
1017 3471 1315 3509 servorum
1364 3455 1486 3519 Dei,
1541 3456 1817 3511 RICHERIO

173 3539 376 3595 abbati
429 3542 767 3596 monasterii
817 3543 874 3597 S.
927 3542 1240 3608 Benedicti,
1291 3544 1445 3613 quod
1494 3543 1729 3614 ponitur
1756 3545 1816 3599 in

173 3632 378 3682 monte
407 3629 633 3696 Casino,
666 3630 902 3702 tuisque
934 3631 1371 3686 successoribus
1395 3638 1733 3703 perpetuam
1757 3634 1814 3688 in

171 3715 428 3771 Domino
459 3716 731 3774 salutem.

246 3803 489 3859 Credita:
555 3807 968 3878 speculationis
1030 3807 1386 3879 impellimur
1427 3826 1585 3875 cura,
1638 3811 1814 3865 etiam

168 3892 383 3948 ardore
440 3892 780 3950 Christiana:
860 3895 1178 3968 religionis,
1260 3906 1314 3952 et
1386 3899 1582 3953 studio
1634 3899 1814 3954 divini

163 3979 367 4036 cultus
390 3998 818 4053 promovemur,
846 4001 948 4056 pro
970 3985 1389 4040 venerabilium
1412 3984 1672 4041 locorum
1692 4005 1815 4058 per-

161 4068 426 4140 cogitare
456 4070 860 4139 stabilitatem,
895 4077 1070 4144 atque
1102 4074 1216 4128 Deo
1243 4074 1619 4128 servientium
1653 4092 1813 4131 secu-

161 4158 428 4223 ritatem,
461 4163 525 4214 ut
554 4160 662 4215 hoc
705 4162 1079 4232 proveniente
1117 4161 1210 4232 pio
1257 4161 1474 4227 labore,
1511 4168 1569 4217 et
1605 4163 1812 4219 animas

162 4245 402 4302 Christo
433 4247 659 4314 dicatae,
685 4265 813 4319 quae
854 4266 917 4304 se
957 4249 1076 4304 illis
1097 4249 1304 4304 diebus
1344 4250 1470 4304 vita;
1499 4268 1614 4305 suae
1637 4253 1812 4307 servi-

161 4335 335 4388 turas
383 4334 765 4390 decreverunt
823 4342 1194 4408 perseverent
1225 4337 1664 4409 imperturbata.
1700 4340 1813 4394 Nec

159 4438 287 4477 non
317 4426 374 4477 et
402 4421 505 4478 illa
534 4431 809 4479 maneant
859 4426 972 4480 {ine
1019 4430 1190 4480 tenus
1239 4427 1428 4493 firma,
1480 4444 1606 4498 quae
1650 4427 1811 4482 Chri-

161 4509 382 4565 stianis
412 4509 472 4564 in
504 4511 604 4566 Dei
638 4513 812 4568 laude
841 4518 1200 4569 contrectata
1238 4517 1396 4569 sunt.
1447 4516 1593 4580 Quia
1633 4515 1814 4587 igitur

159 4602 398 4654 constat
418 4601 839 4656 monasterium
856 4601 1205 4668 Jerusalem,
1231 4603 1386 4673 quod
1401 4603 1577 4659 etiam
1599 4604 1812 4660 dicitur

1920 2035 2059 2089 dum
2083 2033 2186 2088 loci
2214 2051 2382 2106 posse
2407 2035 2678 2097 sufﬁciat,
2704 2053 2879 2104 quam
2905 2035 3234 2100 duodecim,
3260 2034 3359 2106 qui
3381 2034 3556 2090 etiam

1918 2125 2239 2179 secundum
2293 2123 2479 2189 ipsius
2528 2122 2638 2177 loci
2689 2140 2857 2194 posse
2912 2125 3125 2178 victum
3193 2123 3445 2178 habeant
3500 2128 3559 2179 et

1916 2213 2214 2277 vestitum,
2248 2217 2311 2266 ut
2340 2211 2502 2266 nulla
2529 2211 2589 2266 in
2622 2218 2965 2283 perpetuum
2996 2212 3175 2267 divini
3209 2212 3422 2267 servitii
3459 2229 3558 2266 ne-

1917 2301 2196 2373 gligentia
2211 2301 2314 2355 sit:
2333 2300 2439 2355 hoc
2455 2300 2610 2354 enim
2626 2306 3036 2371 argumentum
3058 2301 3114 2354 in
3129 2301 3559 2357 incrementum

1917 2391 2180 2460 ejusdem
2203 2389 2456 2444 ecclesiae
2483 2389 2750 2453 fecimus,
2790 2395 2854 2442 ut
2896 2407 2962 2443 ex
3003 2388 3365 2444 abundantia
3383 2389 3560 2444 vestri

1919 2477 2257 2533 monasterii
2289 2479 2415 2547 ejus
2435 2483 2750 2549 paupertas
2775 2477 3138 2549 suppleatur,
3169 2481 3227 2532 et
3255 2482 3375 2532 tam
3395 2477 3562 2533 nobis

1919 2584 2095 2639 quam
2116 2566 2280 2622 vobis
2302 2565 2626 2639 vestrisque
2649 2567 3086 2623 successoribus
3106 2583 3328 2622 merces
3349 2571 3565 2622 aeterna

1919 2656 2218 2711 reddatur.

2713 2743 2778 2798 X.

1919 2832 1974 2887 S.
2012 2833 2109 2888 Leo
2139 2831 2206 2886 IX
2247 2833 2636 2887 canonicorum
2677 2832 2932 2888 Ecclesia:
2981 2833 3293 2887 Veronensis
3342 2847 3556 2904 posses-

2285 2905 2460 2958 siones
2490 2907 2543 2958 et
2561 2904 2858 2974 privilegia
2888 2905 3194 2974 conﬁrmat.

2559 2995 2746 3063 (Anno
2778 2992 2961 3062 4049.)

2257 3079 2528 3152 [Ughelli,
2562 3083 2725 3136 Italia
2756 3081 2948 3146 Sacra,
2979 3080 3048 3148 V,
3079 3080 3234 3150 761.]

1997 3187 2103 3241 Leo
2124 3187 2455 3258 episcopus,
2475 3204 2676 3243 servus
2698 3205 2997 3244 servorum
3022 3187 3143 3257 Dei,
3168 3187 3566 3244 dilectissimis

1924 3276 1984 3330 in
2016 3275 2242 3330 Christo
2274 3275 2409 3332 ﬁliis
2450 3277 2665 3331 To'rom
2713 3278 3235 3348 archipresbytero,
3267 3282 3564 3332 AMELaico

1925 3363 2332 3420 archidiacono
2378 3369 2435 3419 et
2476 3371 2747 3419 ΛηουιΝο
2796 3365 3122 3435 praeposito,
3173 3364 3564 3435 omnibusque

1927 3451 2219 3507 canonicis
2252 3453 2308 3508 S.
2343 3452 2693 3507 Veronensis
2723 3452 2985 3507 Ecclesiae
3016 3457 3132 3507 tam
3177 3451 3560 3523 praesentibus

1927 3557 2102 3612 quam
2137 3539 2369 3606 futuris,
2403 3546 2744 3612 perpetuam
2779 3542 2836 3594 in
2871 3541 3112 3596 Domino
3143 3545 3416 3596 salutem.

1996 3629 2597 3700 Convenitapostolico
2616 3629 2997 3684 moderamini
3024 3629 3118 3701 pia
3137 3630 3414 3699 religione
3439 3629 3562 3701 pol-

1923 3718 2180 3772 lentibus
2200 3717 2475 3773 benevola
2487 3717 2891 3788 compassione
2908 3734 3268 3784 succurrere,
3287 3724 3344 3772 et
3364 3725 3564 3790 peten-

1923 3805 2070 3860 tium
2085 3805 2389 3861 desideriis
2401 3822 2727 3878 congruum
2739 3805 2818 3861 im
2831 3808 3038 3877 pertire
3051 3806 3569 3877 suffragium.0ua-

1924 3899 2158 3966 propter
2187 3911 2253 3950 ex
2285 3900 2448 3966 parte
2463 3895 2878 3966 omnipotentis
2901 3897 2999 3950 Dei
3022 3895 3229 3961 Patris,
3252 3899 3310 3950 et
3332 3895 3481 3964 Filii,
3509 3900 3568 3950 et

1924 3982 2175 4053 Spiritus
2187 3984 2244 4038 S.
2262 3987 2317 4037 et
2331 3983 2391 4037 Β.
2411 3983 2602 4037 ΜΒΓῘῶ
2619 3999 2850 4053 semper
2863 3983 3116 4055 Virginis
3145 3985 3566 4055 beatorumque

1924 4071 2319 4143 apostolorum
2345 4071 2491 4126 Petri
2507 4077 2565 4127 et
2579 4071 2736 4126 Pauli
2752 4076 3211 4143 caeterorumque
3225 4077 3564 4128 sanctorum

1923 4176 2176 4231 quorum
2209 4160 2446 4214 nomina
2493 4160 2550 4215 in
2599 4159 2746 4215 libro
2777 4161 2906 4215 vitae
2947 4164 3202 4232 ascripta
3249 4167 3428 4216 sunt:
3461 4177 3566 4216 nec

1924 4265 2037 4304 non
2070 4265 2138 4303 ex
2175 4248 2518 4302 auctoritate
2558 4254 2892 4303 sanctorum
2943 4266 3236 4305 canonum
3287 4249 3564 4304 omnibus

1923 4336 2291 4408 patriarchis,
2343 4337 2861 4408 archiepioscopis,
2922 4338 3235 4409 episcOpis.
3295 4338 3564 4403 ducibus,

1923 4425 2383 4488 marchionibus,
2406 4426 2744 4493 comitibus,
2777 4443 2876 4481 seu
2903 4427 3150 4486 cunctis.
3174 4426 3406 4495 magnis
3441 4443 3563 4496 par-

1920 4515 2125 4585 visque
2181 4512 2443 4585 personis
2499 4514 2894 4585 przecipimus,
2966 4521 3030 4568 ut
3086 4519 3305 4569 vestras
3365 4531 3564 4584 perso-

1922 4619 2049 4667 nas,
2111 4619 2212 4658 seu
2271 4602 2503 4674 praedia,
2577 4618 2642 4656 ac
2698 4603 2998 4669 beneficia,
3057 4618 3412 4673 omnemque
3469 4618 3564 4656 ve-

157 4689 217 4741 S.
277 4687 500 4755 Crucis,
543 4688 670 4759 jam
717 4689 915 4760 elapso
969 4694 1229 4762 tempore
1285 4709 1319 4746 a
1365 4694 1812 4765 congregatione
1844 4705 1889 4769 Ι)
1920 4696 2102 4746 stram
2126 4693 2353 4760 justam
2397 4690 2826 4761 possessionem
2859 4695 2918 4745 et
2946 4691 3351 4745 investituram
3384 4691 3562 4746 bene-

158 4775 592 4831 monachorum
624 4777 724 4834 Dei
767 4777 867 4832 tali
912 4777 1038 4832 loco
1085 4783 1420 4850 competens
1460 4797 1697 4837 vacasse
1753 4788 1809 4838 et

157 4861 418 4919 sollicito
450 4863 610 4920 nullo
643 4865 952 4938 praeposito
982 4867 1040 4920 in
1073 4883 1138 4922 eo
1165 4872 1266 4922 aut
1307 4868 1610 4924 monachis
1642 4870 1807 4924 habi-

154 4951 429 5007 tantibus
457 4953 778 5009 traditum:
823 4955 1069 5026 permoti
1118 4955 1360 5026 proinde
1405 4959 1810 5028 compassione

156 5040 313 5096 tanti
344 5040 580 5112 piaculi,
609 5059 674 5097 ac
697 5042 986 5114 compulsi
1017 5043 1236 5114 dolore,
1269 5044 1590 5116 apostolica
1610 5053 1806 5102 aucto-

154 5129 338 5184 ritate
382 5130 744 5200 providimus
797 5132 1150 5188 monasterio
1196 5133 1301 5188 tibi
1351 5135 1603 5189 comisso
1653 5136 1807 5192 idem

156 5219 588 5274 monasterium
608 5221 848 5286 sociare,
870 5224 1182 5292 quatenus,
1196 5224 1251 5276 et
1269 5221 1536 5292 praesenti
1550 5226 1810 5279 secunda

154 5304 503 5373 indictione,
536 5312 708 5379 atque
739 5309 797 5362 in
829 5313 1174 5380 perpetuum
1225 5326 1258 5364 a
1305 5315 1359 5363 te
1405 5310 1639 5381 tuisque
1671 5329 1810 5367 suc-

155 5395 496 5450 cessoribus
526 5412 660 5450 cum
691 5396 803 5452 sibi
833 5396 1108 5452 omnibus
1128 5396 1185 5451 in
1208 5396 1433 5469 integro
1457 5399 1808 5468 subjacenti-

155 5482 272 5538 bus
303 5483 670 5555 disponatur,
703 5489 878 5556 atque
907 5501 1039 5540 cum
1085 5485 1182 5540 Dei
1229 5486 1437 5541 timore
1468 5492 1721 5559 regatur,
1749 5493 1806 5544 et

151 5575 350 5626 vestro
381 5573 758 5643 conjunctum
790 5574 1076 5628 subsistat
1107 5574 1480 5642 monasterio,
1514 5575 1594 5630 ita
1627 5581 1690 5629 ut
1738 5577 1797 5631 in

152 5659 360 5714 eodem
383 5660 695 5715 venerabili
727 5659 853 5716 loco
907 5661 1150 5716 Domino
1195 5663 1310 5717 Deo
1341 5666 1538 5718 nostro
1594 5663 1797 5719 laudes

151 5747 450 5803 exsolvere
484 5749 763 5804 debeatis.
817 5749 1046 5805 Nullam
1095 5767 1197 5805 vos
1246 5751 1529 5808 rationem
1588 5751 1794 5808 exinde

1919 4779 2186 4835 liciorum
2235 4778 2520 4851 praedictae
2568 4778 2877 4846 canonicze,
2939 4796 3116 4849 quam
3168 4795 3354 4850 usque
3409 4796 3565 4834 nunc

1920 4868 2213 4933 tenuistis,
2245 4867 2391 4922 nulli
2444 4868 2613 4924 liceat
2637 4868 2864 4933 laedere,
2899 4867 3194 4936 divestire,
3238 4867 3568 4940 inquietare

1919 4956 2006 5012 vel
2034 4956 2439 5012 investituram
2471 4957 2829 5012 abstrahere.
2882 4955 3163 5011 Similiter
3192 4957 3572 5029 praecipimus

1918 5050 1984 5099 ut
2005 5044 2204 5100 nullus
2235 5050 2492 5100 vestrum
2516 5044 2713 5116 aliquo
2737 5045 2968 5116 ingenio
2991 5046 3061 5100 ab
3085 5045 3358 5118 episcopo
3379 5051 3571 5102 vestro

1917 5132 2220 5197 beneﬁcia,
2254 5149 2380 5203 qua:
2431 5133 2584 5188 soliti
2626 5133 2766 5189 estis
2818 5133 3111 5199 investire,
3163 5134 3448 5205 requirat,
3483 5133 3569 5189 vel

1916 5220 2326 5276 investitUram
2355 5236 2424 5274 ex
2449 5220 2611 5275 illius
2660 5221 2935 5276 manibus
2984 5221 3252 5292 accipiat.
3293 5221 3572 5277 Similiter

1920 5308 2289 5380 praecipimus
2337 5309 2406 5363 de
2455 5309 2736 5364 omnibus
2787 5311 2962 5364 rebus
3010 5315 3213 5364 vestrae
3246 5309 3562 5371 canonicis,

1917 5402 2038 5452 tam
2114 5397 2184 5451 de
2257 5397 2439 5451 curtis
2507 5414 2802 5469 quamque
2871 5404 2928 5452 et
2996 5398 3066 5451 de
3135 5395 3389 5451 castellis
3457 5411 3558 5449 seu

1914 5484 2088 5550 villis,
2133 5485 2530 5550 xenodochiis,
2584 5486 2820 5554 factitis,
2870 5484 3191 5548 incensitis,
3225 5481 3554 5546 libellariis,

1911 5573 2176 5642 decimis,
2196 5573 2442 5628 serviset
2461 5574 2712 5640 ancillis,
2731 5573 2922 5638 terris,
2941 5571 3136 5634 vineis,
3155 5569 3361 5639 pratis,
3404 5569 3556 5624 sale-

1908 5661 2038 5726 ctis,
2073 5660 2394 5725 montibus,
2428 5659 2698 5730 planiciis
2731 5666 2846 5714 tam
2881 5659 3027 5712 inl’ra
3047 5654 3337 5709 civitatem
3374 5673 3549 5726 quam

1907 5752 2067 5805 extra
2093 5747 2385 5802 civitatem
2418 5764 2543 5816 quae
2581 5766 2614 5802 a
2646 5749 2914 5803 tidelibus
2944 5741 3101 5798 vobis
3133 5744 3273 5795 sunt
3301 5742 3542 5810 collatae,
