3898 6344
355 439 476 520 602

1417 439 1488 506 8.
1529 436 1812 508 LEONLS
1853 438 1936 504 IX
1978 437 2210 506 PAPE
2249 430 2680 508 OPUSCULA.

3651 429 3764 512 σω

355 578 447 652 vel
479 577 713 646 fuerint,
747 578 812 633 ut
849 574 1014 649 nulla
1063 591 1273 648 magna
1317 591 1610 648 parvaque
1656 591 1904 650 persona
1931 591 1992 636 se
2019 575 2075 644 Α
2103 573 2214 631 hoc
2235 579 2446 638 nostra:
2465 571 2791 650 apostolica}
2817 569 3182 634 auctoritatis
3216 566 3631 649 privilegium,
3653 584 3762 626 sic-

357 667 740 737 intromittat;
774 667 872 722 sed
907 665 1075 722 liceat
1103 666 1264 722 vobis
1307 665 1502 737 quieto
1547 681 1644 722 eas
1674 668 1868 720 tenere
1897 681 1989 720 or-

357 757 493 814 dine
523 756 673 813 sicut
714 772 816 828 per
865 755 1189 810 mercedem
1241 770 1504 809 meorum
1554 757 1990 809 autecessorum

356 845 722 923 pontificum,
755 861 854 899 seu
885 843 1323 914 imperatorum,
1370 846 1427 897 et
1465 858 1666 914 regum
1706 841 1992 898 hactenus

353 934 647 1000 tenuistis,
673 949 737 988 eo
757 930 1024 986 videlicet
1045 930 1242 985 ordine
1266 929 1364 1002 qui
1391 930 1448 985 in
1475 934 1801 985 vestrarum
1823 929 1990 985 char-

355 1022 616 1092 tularum
664 1020 977 1092 paginibus
1029 1019 1378 1074 continetur.
1430 1019 1498 1074 Et
1544 1019 1614 1074 de
1671 1016 1832 1072 nulla
1877 1015 1992 1072 alia

353 1110 610 1172 Ecclesia
665 1123 842 1180 super
907 1124 1012 1162 nos
1085 1105 1570 1179 archipresbyter,
1638 1105 1724 1162 vel
1799 1105 1988 1160 archi-

353 1201 634 1255 diaconus
689 1196 1048 1268 praeferatur,
1107 1195 1193 1249 vel
1262 1195 1476 1266 aliquis
1533 1211 1602 1250 ex
1657 1193 1810 1250 clero
1863 1194 1990 1249 sine

353 1287 632 1344 electione
663 1290 1008 1342 cunctorum
1058 1284 1302 1338 fratrum
1355 1286 1604 1338 vestram
1655 1282 1988 1336 societatem

351 1363 669 1432 ordinetur.
705 1373 867 1438 Quod
891 1373 964 1426 ob
1013 1371 1122 1427 hoc
1171 1371 1298 1426 dico
1349 1371 1486 1442 quia
1535 1387 1702 1439 spero
1733 1374 1988 1426 vestram

353 1461 660 1519 ecclesiam
692 1477 993 1531 nunquam
1024 1459 1334 1515 carituram
1379 1458 1603 1514 clericis
1651 1457 1747 1530 qui
1780 1459 1851 1514 ad
1884 1458 1991 1513 hos

354 1551 606 1610 honores
637 1548 758 1604 sint
787 1547 982 1628 utiles.
1014 1547 1070 1602 Si
1095 1564 1227 1603 vero
1251 1546 1714 1618 archipresbyter
1733 1551 1789 1602 et
1809 1545 1992 1602 archi-

354 1639 636 1696 diaconus
677 1637 747 1691 de
777 1635 1136 1708 supradictis
1167 1634 1419 1690 ecclesia;
1443 1634 1612 1690 bonis
1643 1635 1767 1691 sine
1794 1634 1990 1692 volun-

353 1731 475 1786 tate
505 1730 563 1783 et
588 1725 922 1780 laudatione
971 1725 1215 1779 fratrum
1261 1725 1398 1780 dare
1445 1724 1768 1791 tentaverit,
1800 1723 1988 1778 omni-

357 1816 531 1872 modo
561 1813 965 1870 interdicimus
997 1829 1068 1868 ne
1101 1812 1440 1869 scandalum
1471 1816 1528 1868 in
1580 1813 1836 1868 Ecclesia
1868 1814 1986 1867 fiat.

357 1904 417 1961 Si
443 1908 658 1970 autem,
694 1903 847 1974 quod
880 1901 1070 1956 absit!
1105 1901 1571 2014 archipresbyter
1617 1905 1674 1955 et
1703 1899 1989 2000 archidia-
2019 1941 2068 2014 Β

355 2009 537 2048 conus
563 2007 678 2048 uno
703 1996 961 2062 tempore
981 1989 1199 2044 mortui
1219 1990 1452 2054 fuerint,
1493 1989 1661 2045 liceat
1684 1988 1988 2061 praeposito

354 2080 470 2138 frui
497 2079 931 2136 oflicioillorum
947 2078 1516 2144 investituris,donec
1527 2077 1994 2150 archipresbyter

351 2169 441 2239 vel
473 2167 917 2224 archidiaconus
949 2167 1254 2222 ordinatus
1287 2166 1477 2222 fuerit.
1512 2167 1571 2221 Si
1603 2165 1759 2222 enim
1791 2165 1863 2220 ab
1893 2163 1992 2220 ali-

354 2275 470 2332 quo
499 2257 718 2330 aliquid
747 2255 1098 2311 inventionis
1131 2255 1416 2326 scriptum
1466 2257 1762 2326 repertum
1816 2253 1993 2332 fuerit

353 2329 427 2404 ad
457 2329 866 2402 destruendam
899 2343 1310 2400 rectitudinem
1353 2343 1648 2409 ordinum,
1683 2344 1784 2397 aut
1812 2329 1988 2397 haere-

355 2434 593 2492 ditatem
625 2439 898 2498 vestram,
928 2431 1015 2488 vel
1043 2449 1110 2488 ea
1139 2449 1266 2503 quze
1298 2448 1476 2504 supra
1496 2429 1771 2496 diximus,
1796 2429 1991 2502 praeci-

355 2523 551 2597 pimus
581 2527 647 2578 ut
671 2523 1009 2579 omnimodo
1044 2521 1380 2576 destruatur
1409 2524 1465 2575 et
1499 2535 1802 2590 nunquam
1832 2534 1988 2573 com-

353 2615 574 2686 pareat.
607 2611 664 2668 Si
698 2628 850 2677 vero,
885 2609 1038 2682 quod
1069 2609 1256 2664 absit!
1295 2612 1357 2664 ut
1399 2607 1612 2680 aliquis
1651 2610 1852 2662 contra
1881 2605 1989 2661 hoc

353 2705 562 2756 nostrae
575 2698 940 2756 auctoritatis
952 2699 1232 2769 scriptum
1252 2713 1420 2768 agere
1433 2695 1764 2767 tentaverit,
1786 2692 1872 2749 vel
1888 2711 1990 2749 vos

354 2789 412 2844 in
436 2789 528 2845 his
551 2806 676 2860 quae
698 2805 876 2859 supra
901 2786 1157 2842 diximus
1178 2785 1502 2851 offenderit,
1525 2785 1572 2839 si
1597 2785 1747 2839 infra
1767 2798 1988 2838 annum

355 2895 472 2933 non
497 2875 909 2940 emendaverit,
934 2874 1092 2930 illius
1114 2874 1314 2929 irritus
1337 2874 1438 2928 ﬁat
1456 2877 1722 2938 conatus,
1747 2877 1803 2928 et
1823 2870 1990 2926 illum

353 2965 548 3020 vivum
568 2969 722 3019 terra
738 2963 1018 3034 deglutiat
1034 2963 1185 3018 sicut
1201 2961 1424 3016 Dathan
1446 2967 1502 3016 et
1521 2961 1732 3016 Abiron
1760 2960 1818 3014 in
1837 2958 1988 3014 sedi-

353 3054 514 3108 tione
531 3053 694 3120 Core,
712 3051 875 3124 lepra
888 3051 1146 3106 Naaman
1163 3049 1290 3122 Syri
1326 3065 1503 3120 super
1530 3065 1664 3104 eum
1693 3048 1902 3112 veniat,
1935 3051 1992 3102 et

357 3140 690 3198 maledictio
708 3157 836 3213 qua:
854 3139 962 3194 fuit
979 3140 1111 3194 data
1129 3138 1186 3193 in
1210 3141 1404 3194 monte
1421 3137 1580 3202 Ebal,
1597 3142 1653 3192 et
1683 3136 1989 3192 anatheam

356 3229 718 3295 maranatha,
751 3233 808 3284 et
837 3245 1038 3282 omnes
1071 3226 1181 3282 illae
1231 3225 1412 3298 plagae
1443 3231 1498 3280 et
1528 3225 1984 3290 maledictiones,

2101 667 2165 720 ut
2195 669 2254 720 et
2285 663 2543 722 fecerunt
2569 659 2888 736 privilegiis
2936 661 3062 718 suis
3106 665 3517 719 antecessores
3552 659 3761 726 nostri,

2099 745 2514 808 conﬁrmamus
2544 757 2720 824 atque
2753 751 3202 810 corroboramus
3233 749 3537 822 quidquid
3563 764 3757 804 rerum

2098 845 2156 898 et
2186 840 2526 897 facultatum
2559 841 2730 896 modo
2761 837 2959 905 habet,
2990 843 3048 898 et
3084 855 3276 910 usque
3303 837 3364 897 in
3395 840 3756 910 perpetuum

2097 933 2184 985 est
2206 927 2572 996 habiturum;
2599 945 2670 984 ne
2691 925 2764 984 ab
2781 927 2978 1000 aliqua
3001 926 3265 984 humana
3285 925 3635 983 temeritate
3657 923 3756 980 ali-

2099 1017 2238 1090 quid
2272 1033 2532 1089 unquam
2553 1016 2761 1073 exinde
2773 1015 3076 1072 mutiletur
3091 1017 3192 1072 sed
3209 1015 3268 1072 in
3282 1032 3394 1071 sua
3411 1013 3758 1086 integritate

2099 1105 2298 1162 omnia
2320 1105 2681 1162 custodiente
2719 1109 2832 1162 Deo
2860 1109 3244 1178 permaneant
3265 1104 3326 1162 in
3349 1120 3562 1170 usum,
3590 1107 3648 1158 et
3669 1119 3756 1158 sa-

2097 1193 2310 1251 larium
2360 1195 2608 1250 fratrum
2637 1193 2854 1250 ibidem
2893 1209 3053 1250 nunc
3100 1192 3514 1259 servientium,
3549 1195 3610 1247 et
3658 1208 3756 1263 per

2099 1281 2311 1339 saecula
2338 1281 2778 1341 serviturorum.
2808 1281 2872 1338 In
2905 1298 3022 1354 qua
3039 1281 3372 1353 apostolica:
3393 1279 3754 1336 munitionis

2097 1370 2320 1430 tutione
2352 1371 2544 1428 locum
2577 1371 2752 1426 etiam
2781 1371 2976 1442 ipsum
3008 1370 3253 1442 antiqua
3291 1373 3351 1425 et
3387 1386 3499 1442 per
3531 1369 3755 1444 praede-

2098 1449 2356 1516 cessores
2377 1462 2609 1514 nostros
2630 1459 2681 1514 ei
2704 1474 2981 1515 concessa
3001 1457 3270 1516 libertate
3291 1459 3619 1527 donamus,
3641 1473 3755 1512 non

2099 1564 2246 1604 nova
2276 1547 2572 1614 facientes,
2606 1547 2708 1603 sed
2735 1550 2928 1602 vetera
2958 1546 3395 1603 confirmantes.
3420 1545 3509 1602 Ne
3531 1544 3755 1602 scilicet

2097 1635 2254 1692 ullus
2285 1634 2641 1706 mortalium,
2675 1635 2794 1692 sive
2831 1635 2908 1690 sit
2937 1635 3276 1708 imperator,
3317 1634 3443 1692 sive
3477 1652 3607 1704 rex,
3638 1634 3755 1690 sive

2097 1725 2234 1792 dux,
2259 1742 2358 1780 seu
2380 1723 2760 1794 marchio,vel
2779 1723 3276 1796 archiepiscopus,
3299 1723 3387 1780 vel
3407 1723 3752 1796 episcopus,

2097 1818 2199 1869 aut
2226 1812 2425 1886 aliqua
2453 1813 2565 1874 alia
2595 1801 2857 1874 humana
2903 1817 3166 1886 potestas
3211 1829 3390 1886 super
3420 1812 3590 1868 idem
3623 1811 3752 1868 Clu-

2099 1901 2366 1974 niacense
2384 1901 2800 1961 monasterium
2825 1899 3086 1972 aliquam
3104 1901 3164 1956 in
3183 1900 3382 1973 aliquo
3394 1905 3752 1976 potestatem

2099 2006 2360 2046 exercere
2392 1993 2724 2062 praesumat.
2749 1990 2864 2046 Nec
2886 1993 3020 2060 post
3043 1988 3404 2045 solutionem
3429 1989 3520 2046 tui
3543 2005 3748 2061 corpo-

2099 2078 2182 2134 ris
2211 2078 2462 2151 aliquem
2495 2077 2576 2135 ibi
2603 2079 2871 2151 praeferre
2901 2082 2960 2134 et
2988 2078 3259 2134 ordinare
3290 2078 3533 2138 audeat.
3569 2077 3674 2134 sed
3695 2077 3752 2134 in

2100 2166 2338 2222 arbitrio
2396 2183 2626 2239 semper
2696 2170 2753 2222 et
2823 2165 3104 2222 electione
3148 2165 3400 2222 fratrum
3464 2165 3755 2223 consistat

2101 2271 2508 2328 quemcunque
2524 2256 2594 2311 de
2616 2273 2725 2312 sua
2744 2254 3196 2330 congregatione
3215 2255 3556 2312 secundum
3575 2259 3753 2312 Deum

2099 2351 2150 2398 el
2183 2345 2508 2400 secundum
2538 2342 2800 2416 regulam
2833 2344 2891 2400 S.
2923 2343 3218 2400 Benedicti
3254 2343 3368 2400 sibi
3401 2344 3757 2417 praeferreet

2097 2431 2395 2504 imponere
2447 2432 2718 2500 abbatem
2776 2431 3102 2488 voluerint:
3161 2432 3336 2503 cujus
3383 2431 3752 2489 consecratio

2100 2537 2209 2576 non
2245 2537 2278 2576 a
2307 2521 2622 2578 constituto
2647 2520 2941 2593 episcopo,
2970 2521 3073 2576 sed
3106 2537 3141 2575 a
3176 2519 3468 2592 quolibet,
3499 2521 3752 2593 quicun-

2099 2624 2210 2680 que
2240 2608 2352 2680 ipsi
2401 2607 2836 2682 congregationi
2886 2607 3194 2682 placuerit,
3245 2613 3586 2682 expetatur,
3641 2625 3754 2664 non

2099 2697 2293 2769 aliquo
2307 2697 2489 2770 pretio
2505 2697 2866 2763 redimenda,
2883 2697 2986 2753 sed
3001 2697 3184 2770 gratis
3200 2697 3572 2770 accipienda.
3589 2697 3754 2764 Quod

2097 2785 2271 2842 etiam
2293 2787 2364 2841 de
2385 2785 2660 2842 omnibus
2675 2785 3204 2841 eeclesiasticorum
3245 2787 3550 2858 graduum
3591 2787 3752 2842 ordi-

2099 2875 2455 2937 nationibus,
2487 2878 2544 2930 et
2571 2873 2845 2930 altarium
2877 2873 2996 2930 sive
3024 2874 3410 2930 ecclesiarum
3443 2891 3755 2931 consecra-

2097 2962 2356 3018 tionibus
2381 2961 2750 3036 praecipimus
2771 2963 3284 3032 etconfirmamus,
3311 2961 3574 3022 utliceat
3587 2964 3753 3020 vobis

2095 3051 2420 3123 vestrisque
2457 3049 2912 3120 successoribus,
2963 3067 2998 3106 a
3037 3068 3392 3124 quocunque
3439 3068 3515 3108 ea
3561 3051 3753 3108 velitis

2097 3139 2368 3212 episcopo
2401 3139 2582 3212 gratis
2611 3155 2937 3211 exposcere,
2987 3139 3304 3212 nullusque
3333 3139 3504 3200 vobis
3537 3141 3752 3198 audeat

2099 3228 2512 3284 contradicere.
2545 3228 2731 3292 Quam
2778 3229 3220 3300 praerogativam
3271 3246 3305 3284 a
3349 3231 3752 3301 praedecesso-

354 3319 568 3392 quibus
592 3317 745 3374 Deus
769 3317 1128 3372 Pharaonem
1165 3320 1218 3370 et
1240 3319 1549 3386 Egyptum
1589 3315 1900 3386 percussit,
1931 3317 1989 3370 et
2101 3317 2263 3372 ribus
2291 3315 2509 3373 nostris
2531 3315 2880 3374 monasterio
2899 3320 3093 3374 vestro
3123 3333 3492 3384 concessam,
3520 3323 3582 3374 et
3603 3335 3638 3374 a
3660 3335 3756 3374 no-

353 3425 478 3481 quaa
510 3412 648 3462 sunt
669 3406 896 3478 scriptae
927 3405 986 3460 in
1017 3403 1278 3476 quinque
1305 3401 1472 3458 libris
1493 3402 1730 3474 Moysis,
1754 3406 1810 3458 et
1828 3402 1986 3458 Iudae

352 3497 616 3552 traditori
651 3495 928 3560 sociatus,
961 3509 1095 3549 cum
1131 3491 1354 3547 Anania
1385 3495 1442 3546 et
1471 3491 1721 3563 Saphira
1751 3507 1986 3562 pmnam

349 3584 476 3653 luat
491 3589 790 3647 aeternam,
811 3586 866 3637 et
883 3587 1082 3636 nostro
1105 3597 1204 3636 seu
1225 3583 1561 3635 nostrorum
1579 3594 1985 3635 successorum

354 3673 656 3741 subjaceat
679 3670 924 3742 judicio.

423 3761 550 3816 Dat.
584 3759 728 3814 Non.
763 3757 900 3814 Maii
925 3757 1145 3812 mensis
1175 3773 1276 3828 per
1303 3771 1432 3811 mar.
1447 3771 1544 3810 um
1568 3754 1714 3810 Petri
1734 3754 1983 3820 diaconi,

348 3847 772 3906 bibliothecarii
795 3850 852 3900 et
868 3843 1194 3900 cancellarii
1218 3847 1429 3900 sancta:
1455 3841 1780 3915 apostolicae
1803 3842 1982 3908 sedis,

351 3955 504 3996 anno
536 3941 598 3991 υ.
635 3935 836 3990 Leonis
867 3950 1028 4006 papae
1063 3933 1106 3998 Ι,
1138 3933 1260 3987 ind.
1291 3949 1352 3988 ιι.

1141 4039 1230 4094 XI.

349 4132 406 4190 S.
439 4133 542 4188 Leo
589 4131 661 4187 IX
705 4130 1024 4185 monasterii
1063 4127 1464 4194 Crumacensis,
1511 4133 1722 4198 petente
1747 4127 1986 4197 -llugone

739 4201 946 4271 abbate,
974 4200 1268 4272 privilegia
1297 4199 1603 4267 conﬁrmat.

970 4290 1188 4358 (Annos
1222 4287 1405 4354 1049.)

600 4379 956 4452 [Bibliotheca
1005 4375 1737 4448 Cluniacensis,pag.4824.]
1797 4377 1808 4383 ’

421 4487 523 4527 LEO
554 4469 886 4542 episcopus,
919 4481 1122 4522 servus
1154 4481 1455 4521 servorum
1477 4463 1579 4519 Dei
1602 4462 1986 4519 dilectissimo

351 4559 410 4616 in
431 4559 658 4616 Christo
680 4557 797 4612 ﬁlio
819 4556 1047 4612 Huoom
1068 4553 1261 4610 abbati
1287 4551 1684 4608 Cluniacensis
1705 4556 1989 4608 monaste-

351 4649 420 4704 rii
452 4647 658 4713 nostri,
683 4646 742 4700 in
776 4645 1058 4700 honorem
1089 4643 1391 4700 beatorum
1423 4639 1814 4713 apostolorum
1840 4639 1989 4696 Petri
2022 4668 2068 4734 Ι)

350 4741 407 4792 et
436 4734 596 4793 Pauli
631 4733 878 4794 fundati,
927 4731 1164 4802 tuisque
1209 4727 1648 4786 successoribus
1679 4728 1992 4785 abbatibus
2022 4727 2032 4782 '.

351 4829 696 4898 perpetuam
730 4823 788 4877 in
823 4821 1069 4876 Domino
1101 4818 1372 4875 salutem.

425 4909 702 4967 Convenit
748 4908 1062 4982 apostolico
1125 4905 1512 4962 moderamini
1577 4905 1673 4977 pia
1717 4905 1996 4980 religione

351 4998 713 5074 pollentibus
731 4995 1001 5051 benivola
1021 5011 1190 5066 comp
1203 4995 1433 5051 assione
1450 5011 1808 5062 succurrere,
1827 5001 1886 5052 et
1905 5013 1996 5068 pe-

350 5087 604 5144 tentium
627 5084 934 5140 desideriis
955 5099 1282 5156 congruum
1301 5082 1608 5156 impertirii
1628 5084 1993 5156 suffragium.

353 5177 435 5236 Ex
456 5174 566 5230 hoc
585 5173 740 5230 enim
765 5171 908 5226 lucri
939 5171 1310 5242 potissimum
1329 5171 1634 5244 praemium
1652 5172 1994 5228 aconditore

353 5264 619 5322 omnium
655 5263 770 5320 Deo
802 5261 858 5316 in
891 5260 1134 5316 sidereis
1163 5261 1396 5315 arcibus
1429 5257 1912 5330 promerebimur,
1943 5259 1994 5314 si

351 5352 710 5412 venerabilia
740 5349 867 5406 loca
895 5354 1094 5404 nostro
1123 5352 1387 5418 tempore
1427 5350 1528 5400 aut
1573 5347 1645 5400 ad
1695 5343 1994 5402 meliorem

353 5441 570 5498 fuerint
600 5445 817 5496 statum
852 5439 1153 5509 perducta.
1183 5439 1284 5488 aut
1315 5448 1386 5486 ne
1417 5448 1678 5502 unquam
1708 5431 1768 5486 in
1798 5433 1994 5507 aliquo

353 5531 614 5588 minuan‘
631 5547 716 5590 ur,
741 5527 1136 5580 corroborata.
1159 5522 1521 5588 Quapropter
1541 5517 1799 5574 inclinati
1819 5523 1995 5593 preci-

352 5619 467 5673 bus
495 5617 632 5683 tuis,
679 5613 1058 5671 dilectissime
1115 5607 1216 5670 Iili,
1268 5603 1380 5674 ipsi
1418 5607 1768 5662 monasterio
1801 5615 1994 5668 nostro

353 5703 743 5772 Cluniacensi,
778 5699 872 5755 cui
903 5703 1016 5754 Deo
1049 5696 1284 5748 auctore
1333 5705 1576 5762 praeesse
1627 5693 1860 5766 videris,
1893 5717 1993 5773 per

2095 3405 2188 3462 bis
2217 3403 2422 3460 merito
2453 3404 2879 3472 confirmatam,
2909 3403 3128 3461 idcirco
3159 3403 3351 3461 eidem
3373 3406 3754 3463 contribuere

2095 3492 2456 3550 decrevimus
2486 3496 2570 3559 ut,
2603 3493 2754 3548 sicut
2784 3491 3068 3549 hactenus
3100 3493 3211 3549 sub
3257 3477 3588 3566 apostolico
3620 3500 3755 3550 tan-

2093 3585 2223 3638 tum
2247 3581 2380 3652 jure
2421 3585 2480 3638 et
2530 3580 2746 3637 ditione
2795 3581 3080 3646 constitit,
3129 3581 3210 3636 ita
3251 3583 3467 3640 amodo
3517 3600 3757 3656 semper

2095 3669 2394 3736 consistat,
2463 3685 2568 3725 nec
2632 3668 2880 3725 aliorum
2939 3669 3234 3742 respiciat,
3285 3657 3591 3742 quatenus
3641 3672 3752 3728 sub

2093 3756 2422 3830 apostolicae
2477 3755 2832 3814 defensionis
2853 3757 3200 3825 umbraculo
3221 3759 3488 3830 positum
3515 3777 3754 3834 semper

2093 3849 2338 3913 crescat,
2373 3861 2606 3918 semper
2643 3849 2942 3918 augescat,
2973 3843 3196 3903 nullam
3220 3863 3546 3919 pravorum
3566 3849 3754 3906 homi-

2093 3947 2234 3990 num
2255 3933 2643 4007 tyrannidem,
2664 3932 2889 3992 nullam
2908 3932 3231 4006 humanam
3252 3941 3614 4008 potestatem
3639 3955 3753 3996 me-

2092 4027 2288 4088 tuens,
2320 4027 2387 4080 ut
2425 4021 2766 4094 quotidiana
2802 4021 2917 4078 Deo
2963 4023 3249 4095 obsequia
3294 4023 3531 4094 devote,
3562 4030 3635 4084 ut
3657 4043 3748 4082 so-

2095 4111 2239 4180 lent,
2273 4113 2331 4167 et
2360 4109 2554 4182 quiete
2577 4108 2660 4166 ibi
2713 4112 2984 4183 agantur,
3035 4126 3141 4166 nec
3179 4115 3423 4182 agentes
3450 4111 3514 4168 in
3547 4113 3749 4186 aliquo

2097 4215 2202 4274 per
2231 4199 2488 4271 aliquem
2519 4196 2925 4266 sollicitentur,
2956 4197 3362 4267 molestentur,
3413 4200 3751 4274 inquieten-

2098 4278 2212 4346 tur.
2269 4289 2331 4344 In
2389 4303 2508 4358 qua
2563 4285 2945 4360 praerogativa
2971 4287 3149 4344 etiam
3191 4286 3540 4348 chrismatis
3570 4288 3752 4347 libera

2099 4373 2348 4448 receptio
2381 4391 2416 4432 a
2445 4389 2680 4446 quoquo
2720 4373 2910 4430 velitis
2939 4373 3212 4448 episcopo
3262 4375 3563 4433 consistit.
3619 4378 3753 4442 Quae

2097 4464 2314 4529 omnia,
2342 4463 2495 4520 sicut
2518 4460 2934 4534 praemisimus,
2954 4463 3462 4542 quemadmodum
3485 4483 3520 4522 a
3539 4467 3754 4539 praede-

2097 4552 2430 4610 cessoribus
2463 4549 2683 4608 nostris
2721 4548 2946 4608 sancita
2991 4551 3340 4622 reperimus,
3391 4553 3480 4610 ita
3521 4570 3754 4628 quoque

2099 4658 2207 4698 nos
2239 4639 2500 4698 stabilire
2531 4643 2588 4712 et
2616 4637 2968 4696 conﬁrmare
2994 4639 3382 4706 decrevimus.
3415 4641 3755 4698 Statuentes

2101 4727 2422 4804 apostolica
2451 4743 2720 4796 censura,
2751 4727 2860 4783 sub
2892 4725 3071 4784 divini
3095 4727 3308 4798 judicii
3339 4728 3751 4796 obtestatione,

2105 4823 2170 4874 ut
2201 4817 2362 4874 nulla
2375 4831 2633 4888 unquam
2649 4830 3170 4888 magnaparvaque
3193 4818 3753 4891 personaspirituali

2102 4907 2192 4964 vel
2239 4904 2502 4964 saeculari
2551 4901 2831 4976 dignitate
2877 4903 3137 4976 praedita,
3187 4905 3422 4980 omnive
3466 4907 3755 4980 dignitate

2103 4996 2347 5070 privata,
2380 4996 2585 5050 contra
2614 4992 2722 5048 boc
2751 4996 2962 5048 nostra:
3006 4991 3338 5058 apostolicae
3385 4995 3756 5052 auctoritatis

2104 5081 2474 5158 privilegium
2503 5079 2698 5136 venire
2729 5084 2832 5136 aut
2860 5079 2922 5135 in
2942 5096 3243 5152 quoquam
3267 5081 3416 5138 illud
3436 5082 3759 5156 infringere

2104 5174 2414 5246 pertentet,
2449 5167 2610 5236 Quod
2635 5167 3018 5240 quincunque
3039 5185 3186 5224 ausu
3209 5169 3528 5227 temerario
3557 5171 3759 5244 impia-

2103 5276 2217 5332 que
2258 5256 2716 5332 praesumptione
2764 5261 2968 5312 contra
3011 5255 3198 5314 Deum
3245 5263 3303 5312 et
3343 5263 3624 5320 sanctum
3655 5259 3758 5315 Pe-

2101 5353 2283 5415 trum,
2317 5349 2634 5416 contraque
2671 5342 2931 5410 animam
2962 5360 3131 5400 suam
3181 5345 3404 5415 fecerit,
3455 5345 3520 5402 in
3551 5351 3696 5405 tunc
3725 5351 3752 5412 ’ς

2101 5441 2329 5493 tantum
2363 5451 2426 5490 se
2455 5431 2683 5491 noverit
2711 5437 2920 5506 nostris
2947 5430 3277 5506 apostolicae
3317 5432 3756 5498 maledictionis

2103 5523 2300 5580 aculeo
2316 5524 3064 5592 transpunctum,nostrum
3079 5519 3412 5596 apostolicae
3426 5538 3758 5588 excommu-

2104 5610 2415 5668 nicationis
2445 5606 2558 5664 telo
2588 5608 2940 5680 perfossum,
2990 5608 3175 5664 nostri
3221 5608 3404 5665 etiam
3451 5608 3758 5684 apostolici

2102 5697 2492 5768 anathematis
2520 5694 3301 5775 gladiotransverberatum,
3351 5713 3460 5756 nec
3502 5697 3619 5774 ipsi
3659 5714 3759 5774 per
