3910 6354
123 437 233 523 etis

1087 449 1489 522 EPISTOLJE
1531 459 1631 519 ET
1675 453 2039 519 DECRETA
2086 457 2553 520 PONTIFICIA.

3402 459 3522 520 610

128 593 348 663 dignam
387 589 850 648 satisfactionem
881 577 1058 648 saluti
1080 592 1338 664 pristinae
1373 591 1758 661 reparandum
1792 601 1840 660 Α
1880 589 2149 642 firmitate
2168 597 2442 660 perpetua
2485 591 2594 662 ipsi
2621 590 2974 646 monasterio
2997 595 3184 645 vestro
3200 595 3520 647 secundum

125 682 223 747 Qui
247 698 376 736 vero
410 699 473 736 se
504 681 576 736 ab
608 681 722 737 hoc
757 680 1170 745 observaverit,
1203 686 1260 734 et
1290 679 1628 734 inviolatum
1656 679 1760 732 Ιπιο

126 773 382 825 nostrum
406 767 783 842 privilegium
814 784 1158 840 permanere
1179 766 1521 834 laudaverit,
1550 767 1640 821 hic
1663 768 1762 822 be-

126 856 527 922 nedictionem,
563 858 812 928 gratiam
844 862 898 912 et
920 873 1093 912 omne
1114 856 1335 911 bonum
1360 873 1392 911 a
1414 856 1762 911 retributore

126 945 380 1002 omnium
413 947 707 1001 bonorum
740 943 840 1001 Dei
870 952 927 1001 et
955 944 1014 1000 in
1044 943 1313 1017 praesenti
1363 943 1573 1000 saeculo
1627 960 1763 998 con-

128 1037 398 1107 sequatur
427 1039 486 1089 et
516 1033 576 1089 in
610 1034 831 1089 futuro.

191 1115 398 1177 Datum
432 1140 491 1178 IV
525 1123 608 1177 Id.
636 1121 796 1177 Junii
817 1138 918 1193 per
946 1137 1158 1176 manus
1189 1120 1340 1176 Petri
1373 1120 1626 1185 diaconi,
1677 1120 1764 1175 bi-

129 1210 482 1267 bliothecarii
514 1228 579 1266 ac
601 1209 933 1266 cancellarii
965 1213 1177 1265 sanctae
1209 1208 1534 1281 apostolicae
1587 1209 1764 1274 sedis,

129 1316 270 1354 anno
293 1299 499 1354 domni
523 1298 730 1354 Leonis
764 1299 836 1352 IX
867 1315 1029 1370 papae
1062 1297 1271 1370 primo,
1306 1296 1507 1352 indict.
1542 1315 1602 1351 ιι.

890 1403 1009 1458 x11.
1677 1467 1681 1472 ,

227 1494 279 1549 8.
309 1495 415 1550 Leo
449 1494 514 1549 ΙΧ
538 1494 868 1550 monasterii
896 1491 1179 1547 Futdensis
1204 1493 1567 1559 possessio-nes
1614 1498 1664 1544 et

616 1565 911 1638 privilegia
943 1563 1247 1634 conﬁrmat.

749 1653 935 1723 (Anno
967 1651 1150 1722 1049.)

405 1740 682 1812 [Dronke,
710 1741 835 1796 Cod.
869 1739 1092 1812 diplom.
1123 1738 1303 1804 Fuld.,
1335 1738 1486 1808 359.]

194 1831 304 1888 L50
320 1831 659 1902 episcopus,
685 1845 887 1885 servus
905 1839 1204 1884 servorum
1227 1825 1654 1894 Dei,ECHBEa'ro
1677 1825 1770 1896 pio

129 1924 180 1976 et
207 1918 482 1992 religioso
503 1918 698 1974 abbati
722 1916 1071 1973 venerabilis
1094 1914 1429 1971 monasterii
1456 1914 1771 1970 Salvatoris

130 2000 347 2064 Domini
384 2007 576 2064 nostri
600 2009 632 2063 J
640 2025 745 2064 esu
767 2003 980 2062 Christi
1002 2009 1059 2061 et
1088 2005 1286 2060 Sancti
1310 2003 1772 2075 Bonifacii,quod

131 2099 299 2152 situm
332 2099 428 2153 est
455 2096 514 2149 in
538 2095 663 2152 loco
687 2094 1039 2168 quivocatur
1059 2091 1372 2162 Bochonia,
1397 2094 1566 2164 juxta
1588 2091 1776 2163 ripam

134 2186 379 2241 ﬂuminis
407 2185 567 2258 quod
599 2189 840 2240 vocatur
867 2183 1070 2249 Fulda,
1104 2183 1161 2237 et
1189 2198 1294 2256 per
1322 2185 1377 2236 te
1399 2181 1584 2236 eidem
1606 2197 1776 2236 vene-

134 2267 289 2330 rabili
317 2273 688 2330 monasterio
741 2271 975 2343 tuisque
1033 2270 1472 2328 successoribus
1523 2268 1583 2323 in
1646 2284 1778 2342 per-

135 2368 383 2435 petuum.
869 2405 878 2416 .

196 2451 480 2508 Convenit
502 2448 824 2524 apostolico
845 2447 1339 2521 moderam’inipia
1360 2447 1638 2520 religione
1660 2445 1780 2518 pol-

133 2541 372 2597 lentibus
390 2538 670 2596 benivdla
682 2538 1524 2610 compassionesuccurrere,et
1537 2554 1779 2610 poscen-

135 2630 280 2686 tibus
304 2631 474 2701 justc
506 2631 565 2684 et
591 2627 862 2700 religiose
888 2625 1064 2682 alacri
1114 2625 1413 2682 devotione
1471 2642 1780 2680 assensum

140 2718 431 2791 impertiri.
461 2718 550 2773 Ex
580 2716 691 2772 hoc
723 2716 880 2772 enim
911 2714 1059 2770 lucri
1081 2715 1455 2787 potissimum
1475 2713 1779 2786 praemium

141 2825 168 2863 a
187 2808 481 2864 conditore
499 2805 770 2862 omnium
793 2804 909 2860 Deo
931 2801 1134 2877 procul
1157 2803 1334 2859 dubio
1357 2819 1778 2876 promeremur,

142 2895 182 2950 si
211 2893 574 2952 venerabilia
601 2893 730 2950 loca
746 2897 1071 2966 opportune
1093 2892 1359 2948 ordinata
1375 2891 1446 2946 ad
1478 2889 1779 2946 meliorem

142 2983 340 3040 fuerint
371 2985 506 3040 sine
539 2982 717 3038 dubio
779 2985 998 3038 statum
1057 2982 1353 3053 perducta.
1412 2979 1597 3052 Igitur
1643 2979 1782 3051 quia

143 3071 430 3144 postulasti
461 3090 499 3127 a
543 3071 736 3138 nobis,
790 3069 1154 3126 decrevimus
1214 3072 1416 3125 nostra
1462 3063 1781 3140 apostolica

142 3162 516 3236 preceptione
551 3159 928 3217 reconcedere
954 3177 1019 3214 ac
1037 3159 1444 3214 recontirmare
1466 3161 1782 3229 perpetua-

143 3250 262 3307 liter
287 3251 450 3307 vobis
483 3251 816 3321 vestrisque
834 3244 1273 3304 sucCessOrihus
1295 3245 1638 3318 praedictum
1660 3263 1780 3300 mo-

1877 681 2367 748 praedecessorum
2418 684 2754 736 nostrorum
2787 679 3086 752 privilegia
3110 681 3526 736 conﬁrmamus

1872 772 1928 820 et
1957 769 2425 824 corroboramus.
2445 769 2828 825 Decernimus
2853 769 3026 824 etiam
3052 786 3122 824 ne
3135 767 3306 824 alicui
3329 786 3528 840 perso-

1874 871 1961 909 na:
2006 872 2236 927 magnae
2257 856 2342 911 vel
2367 874 2551 928 parvae
2578 856 2746 912 liceat
2770 857 3028 927 aliquam
3054 858 3167 910 vim
3187 856 3272 912 vel
3296 863 3527 912 contro-

1871 943 2118 997 versiam
2163 943 2374 1000 inferre
2404 945 2593 1000 eidem
2618 946 2974 1000 monasterio
3006 944 3066 999 in
3101 946 3346 1001 rebuset
3364 945 3530 1001 fami-

1874 1030 1969 1085 liis
1991 1034 2141 1101 ejus.
2172 1033 2242 1086 Et
2264 1049 2334 1087 ne
2361 1033 2579 1088 femina
2604 1050 2867 1104 unquam
2894 1033 3037 1088 illuc
3059 1033 3286 1101 ingredi
3309 1051 3534 1105 praesu-

1876 1121 2963 1191 mat,nostraapostolicainterdicimus
2995 1123 3360 1187 auctoritate,
3385 1127 3531 1178 etne

1876 1208 2009 1278 quis
2043 1224 2306 1279 unquam
2342 1209 2619 1280 placitum
2649 1210 2727 1263 ibi
2772 1210 2985 1264 habeat.
3045 1210 3134 1264 vel
3191 1211 3250 1264 in
3310 1211 3533 1266 caeteris
3614 1262 3629 1282 ,

1877 1296 2004 1364 ejus
2033 1295 2174 1351 locis
2207 1313 2310 1351 nec
2340 1314 2534 1352 servos
2566 1315 2670 1352 nec
2702 1299 2937 1352 colonos
2961 1300 3033 1352 ad
3067 1299 3300 1369 aliquod
3351 1298 3530 1354 servi-

1879 1384 2026 1438 tium
2060 1387 2440 1456 ennstringat,
2476 1387 2586 1439 nisi
2621 1389 2710 1440 cui
2746 1389 2927 1442 abbas
2960 1390 3032 1442 ad
3066 1387 3379 1443 utilitatem
3411 1404 3530 1443 sua

1880 1473 2246 1529 necessitatis
2277 1491 2584 1529 assensum
2627 1475 2958 1546 pr.ebuerit.
2995 1475 3257 1546 Eligendi
3291 1492 3526 1548 quoque

1881 1562 1990 1616 sibi
2025 1561 2293 1617 abbatem
2331 1563 2564 1633 quando
2597 1579 2744 1633 opus
2776 1563 2952 1616 fuerit
3015 1564 3222 1617 fratres
3270 1565 3423 1617 inter
3472 1579 3536 1619 se

1880 1652 2229 1719 potestatem
2247 1649 2504 1705 habeant
2519 1651 2780 1705 secunda
2793 1668 2846 1706 m
2866 1649 3127 1723 regulam
3147 1652 3335 1707 sancti
3355 1651 3536 1707 Bene-

1881 1737 2018 1791 dicti
2041 1737 2348 1794 sineillius
2389 1739 2853 1795 contradictione
2909 1756 3190 1811 personae.
3250 1739 3536 1796 Caeterum

1880 1841 2012 1880 vero
2044 1825 2150 1881 hoc
2183 1826 2573 1882 deliberantes
2597 1827 2974 1883 decernimus
2991 1833 3058 1883 ut
3079 1827 3356 1901 congruis
3389 1832 3539 1884 tem-

1884 1913 2126 1983 poribus
2147 1918 2357 1970 nostra
2382 1914 2766 1971 sollicitudini
2788 1915 3193 1972 ecclesiastica
3211 1916 3537 1984 intimetur,

1884 2001 2136 2072 qualiter
2164 2002 2368 2076 religio
2392 2004 2717 2058 monastica
2743 2003 2995 2076 regulari
3021 2004 3228 2061 habitu
3251 2005 3541 2078 dirigatur

1883 2091 2312 2162 concordiaque
2342 2093 2706 2148 convenienti
2729 2093 3123 2149 ecclesiastico
3149 2093 3345 2150 studio
3371 2111 3539 2150 man-

1885 2179 2130 2250 cipetur,
2158 2197 2227 2235 ue
2259 2180 2407 2236 forte
2438 2183 2593 2252 quod
2627 2181 2817 2236 absit!
2854 2182 2965 2236 sub
3014 2182 3196 2253 hujus
3252 2183 3537 2255 privilegii

1886 2266 2125 2322 obtentu
2152 2268 2386 2325 animus
2415 2286 2773 2342 gressusque
2831 2270 3202 2328 rectitudinis
3253 2277 3459 2329 vestrae
3505 2291 3540 2330 a

1887 2374 2095 2412 norma
2117 2357 2362 2427 justitize
2395 2359 2591 2430 aliquo
2614 2361 2789 2415 modo
2814 2364 3238 2433 retorqueatur.
3261 2361 3541 2419 Concedi-

1889 2461 2024 2500 mus
2054 2445 2228 2501 etiam
2251 2447 2357 2502 tibi
2391 2465 2566 2518 quem
2596 2449 2746 2504 bene
2778 2449 3084 2505 eruditum
3115 2455 3173 2506 et
3223 2451 3371 2507 bene
3422 2450 3540 2508 elo-

1889 2537 2164 2603 quentem
2194 2535 2387 2591 virum
2418 2552 2547 2591 esse
2578 2537 2870 2607 novimus,
2904 2537 3248 2595 dulcissime
3281 2539 3362 2595 fili
3397 2557 3538 2613 prae-

1889 2621 2086 2676 dicare
2114 2624 2358 2679 verbum
2389 2624 2490 2680 Dei
2519 2626 2868 2681 auctoritate
2900 2628 3086 2682 sancti
3111 2627 3260 2682 Petri
3294 2628 3541 2700 apostoli

1889 2714 1944 2764 et
1974 2716 2175 2765 nostra
2204 2713 2331 2782 ejus
2356 2712 2594 2784 indigne
2626 2713 2846 2779 vicarii,
2879 2720 2937 2769 et
2969 2721 3034 2768 ut
3058 2719 3177 2769 tam
3209 2733 3313 2772 vos
3359 2723 3539 2787 quam

1889 2814 2260 2854 successores
2279 2799 2456 2855 vestri
2483 2805 2618 2856 ante
2641 2800 2788 2856 alios
2805 2801 3045 2857 abbates
3059 2801 3255 2857 Galliae
3278 2821 3380 2858 seu
3403 2804 3539 2860 Ger-

1890 2887 2096 2942 maniae
2124 2888 2442 2960 primatum
2467 2889 2708 2944 sedendi
2731 2890 2786 2944 in
2815 2889 2973 2945 omni
2993 2889 3116 2946 loco
3133 2897 3541 2965 conventuque

1891 2981 2090 3031 nostra
2121 2977 2441 3049 apostolica
2462 2978 2745 3034 auctorite
2777 2979 3113 3035 obtineatis.
3148 2980 3331 3036 Usum
3391 2999 3537 3054 quo-

1891 3081 2006 3136 que
2035 3065 2358 3122 dalmaticm
2390 3071 2447 3122 et
2476 3066 2880 3123 sandaliorum
2904 3068 2963 3122 in
2988 3069 3305 3126 missarum
3327 3071 3544 3127 solem-

1892 3154 2006 3208 niis
2036 3153 2272 3209 licentia
2293 3161 2506 3211 nostrae
2529 3155 2857 3227 apostolicae
2881 3158 3245 3214 auctoritatis
3271 3159 3545 3215 concedi-

1892 3260 2025 3298 mus
2041 3249 2159 3297 tam
2175 3245 2336 3300 vobis
2349 3263 2525 3316 quam
2545 3246 2984 3301 successoribus
3001 3248 3206 3302 vestris
3219 3249 3543 3303 secundum

147 3341 456 3395 nasterium
496 3338 819 3393 Salvatoris
851 3335 1082 3392 Domini
1115 3335 1298 3392 nostri
1327 3335 1465 3390 Jesu
1489 3333 1702 3389 Christi
1725 3339 1781 3389 et
1812 3329 1854 3395 C
1894 3332 2047 3402 quod
2073 3332 2126 3384 in
2151 3332 2472 3404 privilegiis
2496 3334 2988 3403 praedecessorum
3010 3339 3347 3390 nostrorum
3369 3335 3542 3390 habe-

144 3428 319 3483 Sancti
344 3426 844 3496 Bonifacii,situm
865 3425 923 3480 in
937 3425 1061 3481 loco
1080 3424 1176 3496 qui
1205 3427 1447 3478 vocatur
1466 3423 1780 3491 Bochonia,

137 3515 286 3586 juxta
307 3517 498 3588 ripam
529 3513 792 3569 ﬂuminis
813 3513 965 3585 quod
997 3513 1213 3568 dicitur
1228 3512 1567 3580 Fulda,cum
1592 3511 1781 3567 omni-

141 3603 238 3659 bus
253 3605 422 3660 rebus
448 3621 505 3658 m
522 3601 780 3658 obilibus
803 3603 859 3657 et
879 3599 1285 3657 immobilibus
1307 3600 1418 3654 sibi
1442 3599 1780 3672 pertinenti-

141 3691 255 3762 bus,
291 3711 438 3766 quas
465 3709 632 3748 nunc
663 3691 843 3745 habet
870 3695 928 3746 et
957 3691 1014 3745 in
1050 3690 1248 3744 futdro
1295 3685 1412 3744 Deo
1468 3688 1782 3744 auxiliante

142 3779 382 3838 habebit.
415 3781 818 3838 Concedimus
849 3779 1025 3834 etiam
1056 3782 1231 3851 atque
1264 3779 1554 3832 donamus
1596 3776 1781 3848 vobis,

147 3869 474 3926 charissime
497 3886 566 3925 ac
591 3868 974 3923 dilectissime
995 3866 1099 3934 fili,
1133 3867 1461 3938 vestrisque
1484 3883 1782 3921 successo-

148 3957 292 4015 ribus
321 3959 642 4015 abbatibus
674 3957 730 4009 in
767 3960 1136 4028 perpetuum,
1172 3973 1274 4027 pro
1306 3972 1518 4027 magno
1582 3960 1782 4010 nostro

149 4063 324 4104 amore
355 4053 410 4103 et
435 4047 622 4102 nimia
653 4045 963 4100 dilectione
985 4061 1163 4116 quam
1188 4044 1343 4098 circa
1369 4060 1472 4098 vos
1497 4043 1783 4098 habemus

149 4141 195 4189 et
221 4132 429 4192 habere
451 4136 736 4205 deinceps
777 4133 1071 4205 cupimus,
1106 4131 1527 4188 monasterium
1586 4131 1783 4186 Sancti

153 4226 338 4280 Andra;
397 4223 654 4297 apostoli
715 4222 872 4294 quod
936 4225 1181 4277 vocatur
1242 4217 1570 4286 Exaiulum,
1604 4221 1782 4275 situm

88 4364 98 4372 .
152 4311 325 4368 Romae
347 4315 523 4386 juxta
554 4310 865 4367 ecclesiam
898 4313 1116 4366 sanctae
1147 4309 1240 4364 Dei
1266 4308 1561 4381 genitricis
1593 4308 1783 4362 Mariae

151 4415 360 4474 semper
386 4401 654 4474 Virginis
687 4416 812 4470 quae
845 4402 1084 4455 vocatur
1114 4398 1185 4453 ad
1224 4399 1635 4468 Praesepe,cum
1661 4414 1782 4452 om-

152 4488 304 4546 nibus
334 4488 775 4546 mansionibus.
809 4486 1140 4554 caminatis,
1194 4485 1375 4555 cellis,
1434 4485 1673 4540 vinariis
1731 4489 1788 4541 et

149 4579 546 4648 coquina,cum
582 4575 788 4643 vineis,
822 4575 1012 4632 hortis"
1055 4573 1416 4645 diversisque
1474 4574 1786 4645 generibus

149 4680 460 4739 pomorum,
485 4682 624 4721 cum
645 4683 712 4721 cu
725 4669 809 4720 rta
826 4672 877 4719 et
899 4669 1075 4736 puteo
1099 4667 1155 4719 et
1179 4663 1417 4718 introitu
1433 4679 1536 4734 per
1556 4668 1784 4734 portam
1813 4687 1861 4752 Β

149 4755 410 4824 majorem
448 4772 482 4811 a
512 4755 609 4809 via
640 4752 876 4826 publica
909 4756 965 4808 et
1015 4769 1148 4806 cum
1197 4752 1474 4807 omnibus
1507 4753 1578 4807 ad
1629 4752 1784 4807 idem

151 4843 559 4898 monasterium
595 4841 943 4914 generaliter
974 4840 1404 4913 pertinentibus
1453 4845 1571 4895 tam
1632 4841 1786 4895 intra

151 4944 310 4998 quam
339 4936 502 4986 extra
534 4931 739 4985 urbem
777 4929 926 4994 sitis,
955 4933 1082 5000 quae
1113 4929 1164 4985 ei
1188 4931 1349 5000 juste
1380 4946 1446 4984 ac
1478 4935 1629 4985 recte
1653 4946 1784 5002 per-

153 5017 316 5075 tinere
348 5017 804 5093 dignescuntur.
854 5018 1240 5074 Prohibemus
1293 5021 1487 5074 autem
1547 5035 1782 5074 omnem

152 5108 446 5176 cujuslibet
466 5107 728 5164 ecclesiae
749 5108 1107 5162 sacerdotem
1124 5107 1181 5162 in
1203 5105 1359 5162 idem
1373 5111 1626 5162 vestrum
1652 5107 1780 5162 Ful-

151 5192 309 5252 dense
330 5196 763 5254 monasterium
797 5195 1122 5268 quamlibet
1158 5195 1437 5250 ditionem
1458 5195 1672 5250 habere
1693 5195 1779 5251 vel

155 5287 541 5342 auctoritatem
579 5290 788 5357 praeter
836 5289 1097 5338 nostram
1122 5283 1499 5354 apostolicam
1562 5285 1784 5349 sedem,

154 5372 458 5439 specialiter
479 5373 827 5446 episcopum
850 5371 910 5426 in
929 5371 1100 5442 cujus
1132 5371 1364 5427 dimcesi
1383 5374 1784 5427 constructum

157 5471 265 5514 esse
294 5462 543 5529 videtur,
577 5461 664 5514 ita
692 5464 756 5514 ut
778 5459 885 5515 nisi
921 5461 991 5515 ab
1014 5459 1222 5516 abbate
1244 5460 1581 5515 monasterii
1601 5460 1787 5532 ipsius

159 5541 307 5604 fuerit
334 5550 617 5605 invitatus
651 5564 756 5603 nec
786 5548 1102 5604 missarum
1135 5548 1352 5629 ibidem
1385 5548 1672 5605 solemnia
1701 5565 1786 5605 ce-

157 5629 358 5693 lebrare
388 5640 731 5710 praesumat.
768 5641 929 5692 Dona
958 5653 1090 5693 vero
1138 5642 1196 5693 et
1255 5637 1579 5694 oblationes
1631 5637 1783 5694 deci-

161 5735 379 5803 masque
391 5727 662 5786 ﬁdelium
677 5725 899 5804 absque
911 5723 1088 5786 ullius
1098 5727 1360 5803 persona
1375 5719 1786 5789 contrarietate

1890 3425 2006 3475 tur.
2040 3420 2237 3475 Abbas
2266 3437 2402 3475 vero
2435 3437 2551 3475 non
2585 3420 2698 3475 nisi
2730 3438 2764 3477 a
2795 3426 2994 3475 nostra
3023 3423 3342 3491 apostolica
3401 3423 3538 3480 sede

1890 3508 2289 3576 benedicatur,
2325 3525 2358 3563 a
2389 3525 2506 3579 qua
2535 3508 2800 3564 benedici
2830 3509 3021 3564 debet.
3047 3511 3114 3564 Et
3147 3511 3196 3564 si
3230 3511 3289 3565 in
3335 3510 3534 3583 aliquo

1891 3598 2135 3652 crimine
2166 3602 2476 3653 accusatus
2504 3597 2698 3666 fuerit,
2731 3599 2801 3652 de
2831 3598 3032 3654 eadem
3069 3605 3271 3654 nostra
3309 3608 3540 3672 aposto-

1892 3687 2003 3741 lica
2019 3687 2156 3742 sede
2175 3691 2401 3740 tantum
2421 3687 2712 3757 judicium
2728 3688 3161 3758 expectet.ltlud
3176 3691 3350 3745 etiam
3373 3707 3540 3762 gene-

1892 3775 2092 3830 raliter
2122 3775 2480 3829 addendium
2513 3775 2757 3847 dignum
2789 3776 3088 3844 duximus,
3137 3783 3203 3832 ut
3251 3779 3540 3849 quidquid

1893 3863 2235 3918 auctoritate
2265 3867 2704 3919 antecessorum
2754 3865 3155 3934 quorumlibet
3205 3871 3539 3924 nostrorum

1894 3968 2094 4025 regum
2125 3957 2183 4006 et
2213 3953 2633 4022 imperatorum
2667 3953 2779 4024 ipsi
2807 3957 2996 4007 vestro
3031 3954 3306 4020 Fuldensi
3335 3972 3540 4010 mona-

1893 4041 2068 4096 sterio
2100 4045 2330 4095 constat
2352 4041 2531 4096 fuisse
2562 4057 2928 4109 concessum,
2983 4043 3062 4096 sit
3116 4043 3292 4099 etiam
3341 4051 3542 4099 nostra

1894 4128 2212 4201 apostolica
2242 4129 2584 4184 auctoritate
2615 4146 2717 4200 per
2737 4129 2846 4184 hoc
2877 4136 3143 4185 nostrum
3167 4131 3539 4204 privilegium

1893 4219 2306 4274 confirmatum
2338 4222 2511 4288 atque
2542 4219 3006 4288 corroboratum,
3040 4227 3364 4276 statuentes
3397 4238 3542 4294 apo-

1896 4306 2100 4362 stolica
2112 4323 2359 4360 censura
2371 4307 2480 4360 sub
2495 4306 2892 4378 divinijudicii
2908 4310 3392 4375 obtestatione,ne
3410 4310 3544 4381 quis

1894 4412 2154 4467 unquam
2180 4399 2514 4449 nostrorum
2536 4411 2938 4452 successorum
2967 4400 3308 4468 pontificum
3330 4399 3543 4456 Roma-

1896 4501 2106 4540 norum
2121 4500 2321 4555 regum
2335 4483 2568 4548 ,ducum
2581 4485 3320 4550 ,marchionum,comitum
3337 4491 3393 4542 et
3425 4504 3541 4558 prae

1894 4577 2052 4629 terea
2072 4572 2645 4644 archiepiscoporum
2679 4591 2746 4628 ac
2769 4574 3083 4644 cujusbiiet
3105 4575 3410 4646 dignitatis
3453 4575 3542 4632 vel

1894 4679 1999 4717 con
2019 4661 2245 4716 titionis
2276 4661 2584 4715 hominum
2615 4669 2817 4716 contra
2838 4662 2946 4716 hoc
2995 4666 3261 4718 nostrum
3308 4662 3542 4735 privile-

1896 4752 2057 4823 gium
2073 4750 2400 4821 quidquam
2424 4750 2639 4805 audeat
2653 4755 2954 4806 attentare.
2981 4753 3144 4816 Quod
3172 4755 3222 4808 si
3245 4752 3377 4824 quis
3395 4769 3542 4824 prai-

1895 4839 2238 4910 sumpserit,
2271 4839 2498 4893 sciatse
2522 4838 2703 4893 nostri
2722 4839 3116 4895 anathematis
3162 4840 3396 4897 vinculo
3426 4859 3533 4898 us-

1893 4944 2006 4998 que
2038 4928 2108 4982 ad
2141 4927 2379 4998 dignam
2395 4927 2849 4982 satisfactionem
2878 4928 3270 4986 insolubiliter
3292 4931 3545 4987 innoda-

1892 5021 2018 5071 tum
2053 5034 2066 5084 ;
2101 5016 2198 5086 qui
2234 5021 2427 5070 autem
2461 5015 2555 5086 pio
2589 5017 2803 5071 intuitu
2838 5033 2899 5072 se
2922 5019 3264 5076 custodierit
3292 5024 3348 5076 et
3371 5037 3442 5076 ne
3479 5020 3542 5077 in

1892 5105 2087 5176 aliquo
2120 5104 2521 5175 infragaturin
2555 5120 2617 5159 se
2647 5107 3058 5178 observaverit,
3121 5108 3544 5164 benedictionis

1891 5194 2141 5266 gratiam
2191 5198 2247 5247 et
2305 5197 2677 5264 peccatorum
2725 5213 2966 5250 suorum
3027 5198 3455 5254 absolutionem
3505 5213 3540 5252 a

1896 5282 2243 5337 retributore
2275 5281 2541 5335 omnium
2574 5282 2861 5338 bonorum
2925 5289 3035 5340 Deo
3086 5285 3363 5354 consequi
3409 5298 3537 5336 me-

1895 5375 2110 5438 reatur,
2146 5373 2210 5423 ut
2240 5369 2300 5424 in
2330 5368 2546 5426 caelesti
2577 5372 2713 5426 sede
2741 5372 3040 5444 glorietur.

2225 5461 2402 5530 (δέρη.
2432 5475 2561 5530 pop.
2594 5462 2798 5532 symb.)
2830 5462 2980 5516 Bene
3012 5462 3212 5517 valete.

1967 5549 2178 5604 Datum
2215 5565 2316 5619 per
2347 5565 2559 5603 manus
2582 5549 2730 5604 Petri
2762 5550 2985 5604 diaconi
3017 5556 3072 5602 et
3107 5541 3538 5602 bibliothecarii

1895 5642 2110 5695 sanctae
2144 5637 2418 5692 Romanis
2444 5641 2499 5692 et
2529 5637 2856 5710 apostolicae
2878 5635 3054 5699 sedis,
3089 5647 3286 5689 mense
3329 5629 3532 5708 Junio,

1901 5743 2053 5786 anno
2081 5725 2509 5785 domniLeonis
2539 5727 2612 5784 1X
2632 5727 2843 5801 primo,
2875 5722 3076 5780 indict.
3113 5737 3177 5782 ιι.
