3898 6340
343 415 454 476 611

1088 542 1233 597 XIII.

344 643 398 697 S.
425 644 524 695 Leo
555 640 619 693 IX
642 635 930 704 privilegia
961 651 994 687 a
1023 631 1412 703 praedecessore
1451 645 1550 704 suo
1595 629 1864 682 Clemente
1921 628 1982 681 VI

421 702 725 767 Niuellensi
754 706 1002 760 Ecclesia
1027 702 1032 703 “
1056 718 1300 757 concessa
1333 702 1636 770 conﬁrmat.

961 811 1150 880 (Anno
1183 807 1364 876 ⁵1048.)

662 918 934 992 [Mirmus,
971 916 1102 986 Opp.
1135 914 1384 984 diplom,
1421 913 1463 980 Ι,
1496 911 1646 982 661.)

415 1032 546 1096 Leo,
579 1039 870 1082 servorum
905 1020 1000 1075 Dei
1033 1035 1254 1086 servus,
1289 1017 1563 1073 omnibus
1594 1015 1806 1070 Christi
1835 1015 1974 1070 fide-

341 1120 518 1180 libus,
542 1112 916 1187 apostolicam
948 1107 1433 1164 benedictionem.

410 1203 699 1264 Noverint,
732 1205 850 1254 tam
885 1196 1100 1270 posteri
1123 1211 1298 1266 quam
1330 1197 1663 1266 praesentes,
1685 1192 1837 1263 quod
1873 1191 1976 1246 ab-

341 1294 563 1351 batissa
589 1287 958 1352 Nivellensis,
995 1283 1230 1339 Richela
1251 1281 1505 1346 nomine,
1539 1297 1656 1334 una
1677 1296 1810 1333 cum
1833 1279 1977 1334 God-

341 1383 528 1439 scalco
551 1379 714 1450 ejusd
726 1393 810 1430 em
831 1374 937 1429 loci
957 1369 1504 1445 praeposito,obtulit
1519 1368 1662 1423 mihi
1683 1368 1971 1439 quoddam

341 1473 692 1544 przeceptum
718 1463 912 1518 domni
931 1459 1238 1514 Clementis
1262 1457 1534 1530 papzequi
1561 1473 1652 1511 me
1675 1456 1730 1509 in
1751 1459 1976 1526 aposto-

339 1560 451 1614 lica
481 1557 616 1612 sede
647 1550 962 1625 prmcessit,
997 1549 1148 1619 quod
1183 1548 1252 1600 ab
1287 1546 1383 1600 illo
1414 1547 1614 1600 datum
1639 1547 1848 1598 nostra:
1873 1560 1976 1597 au-

343 1643 628 1703 ctoritatis
667 1638 1074 1710 astipulatione
1141 1634 1472 1690 confirmari
1537 1633 1781 1704 rogavit.
1825 1629 1970 1686 Illud

343 1739 536 1790 autem
569 1732 917 1804 praeceptum
952 1726 1060 1780 hoc
1093 1724 1263 1778 modo
1294 1722 1485 1778 habet.

412 1824 587 1879 Juxta
608 1817 947 1879 conﬁnium,
964 1829 1077 1885 quo
1101 1811 1431 1883 Lotharingi
1447 1811 1781 1882 junguntur
1804 1809 1975 1862 Fran-

341 1910 579 1986 cigenis,
612 1911 702 1962 est
733 1904 965 1960 abbatia
995 1901 1260 1973 quaedam
1294 1900 1426 1965 sita,
1458 1898 1681 1954 Nivella
1738 1896 1975 1986 scilicet,
2010 1898 2055 1962 B

341 1985 733 2057 SiGertrudis
765 1991 1025 2065 virginis,
1085 1995 1374 2044 terrarum
1433 1987 1670 2058 quidem
1729 1985 1978 2040 affluens

341 2088 542 2161 copiis,
599 2085 696 2141 sed
755 2080 1081 2136 miserrime
1153 2077 1382 2149 perdita
1440 2074 1600 2130 rabie
1682 2072 1977 2128 indomita:

341 2177 552 2250 gentis.

411 2265 510 2319 Cui
525 2257 888 2334 oppressioni
913 2256 1003 2328 pie
1021 2252 1319 2310 condoluit
1339 2251 1624 2307 Henricus
1641 2250 1977 2321 imperator,

342 2357 400 2410 et
455 2349 813 2407 condolendo
871 2345 1243 2399 vehementer
1293 2340 1584 2404 subvenit,
1666 2338 1980 2393 restituens

345 2438 606 2497 servituti
634 2435 876 2506 virginis
909 2433 1100 2504 ipsum
1127 2431 1382 2500 Burgum
1415 2427 1500 2482 vel
1531 2427 1730 2482 villam
1775 2425 1980 2497 praedi-

346 2533 517 2594 ctam,
551 2542 682 2582 cum
718 2523 993 2578 omnibus
1024 2517 1376 2574 utensilibus
1398 2517 1544 2582 suis,
1569 2532 1702 2570 cum
1727 2518 1982 2568 mercato

345 2617 592 2680 teloneo,
627 2618 879 2677 moneta,
914 2608 1185 2674 moceria,
1217 2623 1349 2661 cum
1383 2603 1602 2659 cambis
1625 2607 1680 2659 et
1701 2600 1984 2658 molendi-

350 2707 460 2772 nis,
494 2721 624 2759 cum
659 2700 830 2756 terris
889 2697 1063 2753 cultis
1118 2699 1175 2750 et
1226 2693 1484 2759 incultis,
1540 2693 1742 2764 pratis,
1795 2689 1978 2756 silvis,

347 2793 600 2869 pascuis,
634 2796 690 2846 et
720 2805 852 2844 cum
875 2785 1033 2842 omni
1059 2782 1281 2839 familia
1302 2782 1515 2837 ibidem
1545 2785 1978 2845 manente,cum

347 2883 681 2939 haereditate
706 2878 966 2934 omnium
1001 2873 1060 2928 in
1093 2888 1159 2927 ea
1189 2871 1593 2928 residentium.

415 2969 624 3026 Nullus
663 2965 752 3021 vel
785 2981 976 3019 comes
1008 2961 1091 3017 vel
1140 2960 1454 3015 advocatus
1509 2958 1813 3022 habeatur,
1875 2954 1986 3009 nisi

348 3075 523 3132 quem
555 3055 851 3111 abbatissa
878 3050 1134 3122 elegerit,
1165 3064 1270 3103 nec
1301 3046 1394 3101 hic
1415 3045 1672 3118 requirat
1707 3043 1986 3116 placitum

347 3147 434 3204 vel
466 3144 700 3216 aliquod
723 3140 1037 3212 judicium,
1069 3137 1180 3192 nisi
1204 3135 1481 3190 invitatus
1505 3151 1604 3206 per
1627 3132 1985 3188 abbatissam

347 3235 437 3293 vel
459 3232 854 3307 praepositum.
889 3228 1004 3282 Hoc
1055 3224 1390 3322 primatum,
1451 3221 1616 3326 regni
1674 3219 1980 3326 definitum
2013 3262 2054 3326 ρ

348 3316 938 3390 consilio,imperialis
954 3313 1207 3369 firmavit
1228 3310 1532 3384 praceptio
1555 3313 1610 3364 et
1622 3307 1984 3379 consignavit

349 3411 559 3486 sigillo.
595 3409 756 3464 Unde
783 3411 840 3462 et
870 3421 976 3460 nos
1001 3402 1181 3458 movit
1209 3400 1402 3457 debita
1431 3398 1694 3469 ejusdem
1721 3396 1982 3486 Ecclesiae

349 3485 664 3566 miseratio,
697 3499 755 3552 et
781 3491 1102 3565 imperialis
1122 3489 1356 3545 dilectio
1371 3486 1599 3543 monuit
1623 3490 1688 3540 ut
1717 3485 1870 3557 quod
1895 3485 1986 3538 tir-

349 3589 528 3644 mavit
557 3587 840 3658 praecepto
873 3583 1140 3636 firmetur
1167 3583 1223 3632 et
1251 3577 1359 3632 hoc
1407 3580 1606 3630 nostro
1665 3571 1982 3646 privilegio.

351 3677 456 3732 Ubi
483 3679 679 3730 nostra
699 3663 1738 3742 apostolicaauctoritateintendimus
1763 3677 1833 3716 ne
1854 3660 1987 3732 quis

353 3763 504 3821 alius
531 3760 801 3818 sacerdos
827 3759 886 3812 in
916 3755 1016 3810 ilio
1047 3753 1214 3810 altari
1235 3752 1478 3807 missam
1505 3751 1716 3806 audeat
1731 3749 1987 3805 celebra-

352 3869 432 3924 re,
465 3850 579 3906 nisi
611 3847 719 3904 soli
752 3843 1007 3918 episcopi
1039 3847 1094 3896 et
1125 3841 1230 3898 soli
1262 3838 1700 3896 bebdomadarii
1749 3839 1846 3909 qui
1911 3837 1984 3890 ibi

357 3957 462 4014 pro
493 3945 756 4008 tempore
775 3937 912 3989 sunt
937 3930 1275 4004 deputandi.

426 4025 704 4098 Quisquis
733 4024 912 4094 igitur
931 4025 1104 4076 tanta:
1138 4017 1480 4091 perditionis
1503 4016 1693 4080 fuerit,
1719 4015 1816 4086 qui
1839 4013 1990 4069 hanc

352 4119 685 4173 libertatem
717 4110 978 4167 Ecclesiae
1009 4111 1227 4180 injuste
1257 4106 1584 4178 infringere
1605 4119 1989 4175 praesumpse-

355 4204 537 4272 rit,vel
564 4203 634 4256 de
664 4200 884 4255 caeteris
917 4199 1089 4254 rebus
1137 4195 1400 4252 Ecclesiae
1459 4191 1992 4248 sanctimonialium

353 4293 488 4350 usui
509 4289 802 4364 deputatis
827 4284 1308 4358 usurpando,sibi
1332 4280 1724 4356 vindicaverit,
1749 4280 1829 4334 vel
1859 4296 1995 4351 prai-

355 4383 606 4439 bendam
639 4395 840 4435 eorum
873 4378 933 4430 in
966 4376 1134 4447 pejus
1163 4373 1434 4428 vertendo
1467 4368 1796 4433 mutaverit,
1820 4367 1994 4422 detri-

355 4475 618 4528 mentum
650 4467 768 4524 ullo
828 4465 999 4520 modo
1057 4460 1384 4535 ingesserit,
1439 4475 1542 4513 nec
1587 4456 1994 4513 satisfaciendo

352 4558 684 4633 resipuerit,
718 4552 1100 4627 apostolicam
1133 4551 1394 4606 incurrat
1425 4545 1894 4602 maledictionem
1939 4548 1996 4600 et

369 4644 1052 4705 excommunicationem.

427 4737 638 4792 Datum
669 4750 726 4787 v1
756 4731 1046 4787 Kalendas
1093 4726 1365 4800 Augusti,
1423 4743 1526 4798 per
1583 4740 1792 4778 manus
1849 4720 2000 4776 Petri

358 4823 608 4888 diaconi,
641 4818 1066 4876 bibliothecarii
1099 4821 1311 4872 sanctae
1333 4819 1390 4870 et
1446 4811 1773 4886 apostolicis
1825 4810 2002 4876 sedis,

362 4928 514 4966 anno
545 4909 769 4964 nomini
801 4907 1003 4962 Leonis
1035 4905 1102 4960 IX
1133 4905 1344 4977 primo,
1367 4901 1682 4958 indictione
1725 4899 2002 4956 secunda.

1121 5027 1262 5082 XIV.

363 5121 616 5192 Diploma
643 5119 831 5192 Leonis
867 5134 1028 5188 papa:
1059 5027 1486 5172 IXMT‘Iieodorico
1547 5113 1740 5192 abbati
1787 5127 2000 5192 com-es-

440 5183 583 5246 sum.
619 5221 680 5229 —
717 5183 920 5260 Regum
946 5183 1030 5260 iet
1063 5191 1452 5260 imperatorum
1483 5184 1772 5256 privilegia
1796 5183 1994 5238 conﬁr-

434 5271 548 5318 mat
568 5270 618 5317 et
631 5262 725 5334 jus
756 5257 998 5332 eligendi
1027 5257 1238 5315 abbatis
1251 5301 1263 5313 .
1399 5257 1408 5262 ’

996 5367 1178 5440 {Anno
1213 5363 1396 5433 1049.)

673 5476 975 5547 [Martene,
995 5475 1242 5545 ampliss.
1267 5469 1481 5525 ϐοηθοὶ.
1517 5467 1585 5531 ll,
1606 5463 1720 5532 67.]

441 5583 556 5636 Leo
579 5580 668 5653 epi
683 5589 1434 5653 scopus,servusservorum
1453 5569 1574 5636 Dei,
1589 5569 1917 5625 Tsoosmco
1930 5586 2018 5624 re-

373 5669 590 5752 ligioso
613 5668 810 5730 abbati
836 5663 1186 5730 venerabilis
1237 5657 1576 5722 monasterii
1623 5656 1818 5716 Sancti
1865 5657 2021 5724 Petri

1402 411 1467 472 S.
1516 403 1794 471 LEONIS
1839 407 1918 468 1X
1961 405 2190 466 PAP/E
2235 401 2668 468 OPUSCULA.

2007 539 2062 603 Α
2092 537 2403 609 Sanctique
2437 534 2697 608 Remain
2729 533 3001 590 Stabolao
3022 533 3198 606 positi
3231 532 3483 604 suisque
3515 545 3770 588 succes-

3637 397 3772 458 612

2087 627 2320 681 soribus
2353 627 2412 680 in
2444 628 2817 697 perpetuum.

2157 715 2320 770 Tunc
2351 730 2598 770 summa)
2628 711 2955 783 apostolicae
2985 710 3296 784 dignitatis
3330 725 3482 783 apex
3525 709 3594 764 in
3647 707 3768 762 hoc

2085 801 2262 857 divini
2281 806 2622 874 prospectus
2641 816 2836 856 amore
2851 799 3219 872 dignoscitur
3235 795 3684 870 praefulgere,si
3703 796 3766 851 in

2085 889 2456 960 acquirendis
2471 889 2568 944 Dei
2592 887 2863 942 laudibus
2879 887 2970 942 sui
2983 886 3312 960 impensius
3327 885 3576 942 studeat
3587 884 3764 940 labo-

2085 979 2166 1033 ris
2187 978 2456 1034 exhibere
2473 975 2878 1032 certamen.0b
2911 975 3021 1031 hoc
3069 992 3177 1031 nos
3227 973 3431 1030 debita
3461 973 3758 1044 ejusdem

2084 1065 2410 1138 apostolicae
2427 1063 2734 1137 pastoralis
2747 1081 2874 1120 com
2883 1063 3045 1136 pellit
3059 1062 3485 1120 sollicitudinis
3509 1065 3766 1130 cura,ut

2087 1171 2212 1226 quae
2235 1155 2304 1208 ad
2331 1151 2678 1208 stabilienda
2703 1153 2934 1224 piorum
2963 1153 3253 1222 pertinere
3303 1151 3766 1224 dignoscuntur

2083 1239 2624 1305 locorum,ubertim
2651 1238 3022 1310 promulgare
3043 1247 3100 1294 et
3119 1238 3458 1310 apostolica
3499 1238 3762 1293 institu-

2083 1328 2258 1384 tionis
2281 1345 2527 1383 censura
2539 1328 2856 1382 debeamus
2873 1327 3440 1400 conﬁrmare.lgitur
3455 1327 3608 1398 quia
3625 1343 3764 1398 pos-

2083 1416 2551 1484 tulasti,frater,a
2568 1415 2734 1471 nobis
2759 1419 3050 1486 quatenus
3073 1416 3434 1470 monasteria
3455 1432 3491 1470 a
3506 1431 3764 1470 venere.-

2085 1505 2186 1559 bili
2212 1505 2372 1559 Patre
2399 1503 2674 1574 Remaglo
2709 1503 3130 1567 constructa,id
3179 1507 3269 1558 est
3315 1502 3650 1558 Stabolaus
3699 1508 3761 1557 et

2085 1593 2574 1648 Malmundarium
2601 1592 2712 1646 sita
2731 1591 2790 1646 in
2813 1590 2966 1646 saltu
2989 1591 3498 1653 Arduennensi,in
3523 1590 3763 1646 honore

2086 1681 2270 1736 sancti
2291 1681 2440 1735 Petri
2461 1678 2859 1750 apostolorum
2887 1677 3170 1751 principis
3193 1678 3506 1750 privilegio
3523 1683 3758 1734 nostra:

2084 1768 2445 1824 auctoritatis
2476 1767 2843 1822 muniremus
2869 1785 2882 1834 ;
2911 1768 3118 1838 etquis
3131 1767 3444 1838 justavisa
3463 1771 3562 1823 est
3579 1767 3764 1823 nobis

2088 1858 2284 1928 petitio
2307 1864 2744 1923 tua,assensum
2771 1855 2872 1909 tibi
2901 1872 3002 1926 per
3021 1855 3200 1924 hujus
3221 1855 3406 1910 nostri
3451 1853 3762 1927 privilegii

2089 1947 2470 2002 constitutum
2491 1945 2819 2016 praebemus
2849 1949 2908 1998 et
2923 1945 3270 1999 roboramus
3289 1942 3631 2016 apostolica
3651 1959 3764 1998 au-

2087 2033 2348 2089 ctoritate
2371 2033 2694 2088 secundum
2711 2037 3000 2103 praecepta
3021 2048 3224 2103 regum
3241 2031 3763 2104 etimperatorum

2087 2123 2148 2176 in
2164 2121 2468 2193 praesentia
2483 2120 2664 2175 nostri
2683 2119 3132 2174 relecta.Ratum
3151 2119 3353 2190 itaque
3367 2119 3761 2176 decernimus

2089 2209 2372 2281 quidquid
2413 2209 2571 2263 dedit
2601 2207 2826 2280 primus
2857 2212 3223 2262 constructor
3251 2207 3550 2275 locorum,
3599 2207 3762 2280 Sigi-

2093 2303 2290 2352 bertus
2316 2295 2584 2351 videlicet
2609 2312 2707 2350 rex
2735 2295 3111 2363 Francorum,
3139 2295 3242 2367 qui
3295 2295 3762 2353 Germiniacum

2089 2386 2148 2441 in
2183 2402 2329 2457 pago
2363 2384 2656 2450 Remensi,
2689 2387 2745 2438 et
2778 2383 3115 2438 molendina
3143 2384 3260 2439 duo
3287 2385 3400 2438 sub
3433 2401 3559 2439 uno
3595 2389 3760 2440 tecto

2091 2491 2267 2545 super
2297 2473 2536 2544 Suppia,
2569 2475 2624 2526 et
2653 2471 2878 2526 vineam
2914 2488 3048 2526 cum
3075 2471 3322 2532 vinitore
3345 2471 3405 2527 in
3439 2472 3762 2540 Bethereo,

2092 2569 2148 2617 et
2177 2561 2443 2616 thelonea
2477 2577 2602 2631 quae
2625 2561 2692 2613 ad
2721 2567 2950 2631 portum
2979 2561 3240 2614 Vetraria
3263 2566 3407 2616 sunt
3439 2577 3632 2633 super
3651 2562 3768 2616 ﬂu-

2090 2651 2214 2704 vios
2247 2651 2516 2704 Taunaco
2529 2653 2586 2701 et
2609 2647 2732 2712 ltta,
2751 2653 2808 2701 et
2833 2652 3106 2716 portuum
3120 2647 3222 2716 qui
3248 2647 3472 2702 dicitur
3493 2646 3683 2702 Sellis
3707 2651 3770 2702 et

2091 2737 2402 2808 Vogatium
2426 2753 2601 2807 super
2623 2735 2862 2790 ﬂuvium
2887 2735 3203 2806 Ligerum,i
3214 2735 3304 2805 psi
3319 2735 3518 2790 adhuc
3537 2735 3770 2791 viventi

2095 2831 2294 2882 sancto
2328 2823 2604 2895 Remaglo
2635 2823 2897 2878 tradidit.
2931 2822 3147 2878 Eadem
3175 2839 3414 2895 quoque
3467 2823 3770 2880 ﬁrmitate

2092 2916 2425 2987 vigoramus
2458 2919 2587 2967 acta
2617 2916 2674 2966 et
2703 2911 2973 2966 instituta
2993 2927 3200 2984 regum
3226 2910 3524 2980 Clodovei,
3571 2912 3774 2986 Daga-

2094 3003 2262 3070 berti,
2295 3000 2622 3064 Childerici,
2655 2999 3018 3066 Theoderici,
3051 3000 3152 3072 qui
3183 3001 3390 3055 eadem
3431 3001 3772 3074 praeceptis

2095 3093 2219 3148 suis
2251 3091 2758 3154 conﬁrmaverunt,
2782 3087 3010 3158 aliaque
3042 3088 3320 3160 perplura
3361 3088 3770 3157 addiderunt,

2099 3197 2203 3236 nec
2237 3196 2348 3234 non
2381 3177 2796 3248 imperatorum
2827 3174 3035 3244 Caroli,
3065 3176 3366 3244 Ludovici,
3399 3177 3778 3248 Lotbarii,et

2093 3271 2274 3324 trium
2304 3267 2602 3333 Ottonum,
2636 3264 2867 3320 Henrici
2897 3264 3072 3320 etiam
3103 3264 3282 3336 primi
3315 3269 3373 3320 et
3403 3267 3674 3321 secundi
3709 3271 3774 3322 et

2089 3357 2244 3412 tertii
2275 3357 2681 3427 augustorum,
2716 3353 2816 3424 qui
2837 3357 3272 3410 constructores
3303 3359 3362 3408 et
3399 3354 3772 3410 defensores

2091 3448 2248 3502 fuere
2278 3443 2536 3499 locorum
2566 3441 2852 3514 ipsorum,
2893 3445 2949 3496 et
2981 3441 3273 3513 quidquid
3292 3442 3366 3497 de
3387 3443 3682 3498 terminis
3711 3448 3776 3498 et

2091 3531 2458 3589 immunilate
2481 3531 2726 3604 Lengue
2749 3528 2808 3584 in
2831 3545 3032 3585 eorum
3057 3531 3364 3602 praeceptis
3379 3529 3770 3600 continetur,

2094 3621 2302 3678 stabile
2331 3620 2486 3689 essej
2499 3619 2822 3674 udicamus.
2854 3617 3210 3673 Concambia
3240 3617 3412 3674 etiam
3439 3635 3578 3690 qua
3604 3620 3776 3675 facta

2097 3715 2232 3768 sunt
2251 3711 2321 3765 de
2345 3707 2736 3780 Lukesengeis
2749 3711 2806 3762 et
2825 3705 3258 3762 Astelebrunna
3277 3706 3398 3762 sive
3420 3707 3612 3764 etiam
3630 3725 3774 3780 qua

2096 3818 2130 3855 a
2159 3796 2505 3853 Lhristianis
2531 3794 2870 3851 hominibus
2901 3812 3004 3867 pro
3019 3793 3208 3850 salute
3231 3795 3580 3851 animarum
3624 3813 3776 3852 sua-

2099 3906 2230 3943 rum
2252 3887 2322 3941 ad
2347 3887 2474 3956 ipsa
2491 3883 2846 3938 monasteria
2869 3881 3080 3938 collata
3099 3887 3308 3939 suntet
3328 3884 3712 3941 condonata:
3743 3901 3780 3940 a

2103 3975 2429 4032 Fretberico
2455 3971 2666 4027 comite
2725 3972 2967 4027 Ferieres
3015 3977 3072 4026 et
3102 3971 3319 4039 Comes,
3353 3989 3388 4028 a
3419 3973 3778 4029 Fretheric-o

2103 4066 2248 4121 duce
2265 4063 2576 4134 Sprismont
2596 4060 2877 4115 allodium
2890 4075 3026 4115 cum
3041 4060 3778 4133 ecclesia,etquaacunque

2106 4155 2176 4208 ab
2211 4152 2375 4206 initio
2409 4148 2858 4205 constructionis
2887 4146 3147 4204 locorum
3181 4165 3371 4220 usque
3399 4150 3460 4204 in
3495 4165 3776 4222 praesens

2103 4258 2300 4297 eorum
2332 4243 2528 4295 manet
2557 4237 2850 4310 possessio
2883 4241 2940 4292 et
2969 4237 3359 4309 imposterum
3377 4239 3779 4295 concedenda

2104 4333 2333 4396 sunt,ut
2347 4329 2514 4382 ﬁrma
2526 4324 2840 4382 stabilitate
2849 4329 3247 4398 perpetuoque
3253 4327 3392 4398 jure
3407 4327 3778 4382 inconvulsa

2107 4419 2504 4492 permaneant,
2537 4413 2905 4470 decernimus
2943 4417 3001 4469 et
3031 4415 3485 4470 confirmamus.
3519 4415 3778 4471 Nullum

2104 4507 2360 4562 habeant
2390 4504 2733 4560 advocatum
2761 4502 2874 4557 nisi
2909 4519 3092 4558 unum
3125 4507 3183 4558 et
3212 4501 3469 4558 alterum
3504 4504 3581 4559 ab
3615 4504 3778 4576 ipso,

2029 4621 2077 4686 D
2109 4595 2206 4667 qui
2239 4599 2485 4664 uterque
2517 4593 2780 4647 bannum
2802 4591 3116 4646 advocatiae
3137 4591 3209 4646 ab
3231 4591 3603 4662 imperatore
3625 4592 3782 4648 acci-

2111 4684 2253 4756 piat,
2285 4698 2390 4736 nec
2421 4680 2742 4736 secundum
2777 4678 3180 4750 praedictorum
3199 4684 3496 4750 praecepta
3516 4681 3784 4752 impera-

2111 4778 2303 4828 torum
2336 4770 2649 4842 quisquam
2673 4783 2872 4823 eorum
2899 4773 3239 4840 praesumat,
3261 4773 3366 4823 aut
3387 4768 3447 4823 in
3470 4767 3636 4824 villis
3687 4767 3782 4824 vel

2111 4859 2582 4934 possessionibus
2611 4873 2738 4928 quae
2770 4856 2842 4911 ad
2873 4857 3001 4926 ipsa
3053 4857 3412 4913 monasteria
3474 4857 3786 4929 respicere

2113 4949 2380 5005 videntur
2411 4945 2624 5018 placita
2655 4950 3184 5014 tenere,mansuras
3206 4949 3308 5000 aut
3329 4946 3660 5017 precariae
3679 4945 3786 5000 ha.

2114 5039 2269 5108 bere,
2303 5035 2725 5092 redhibitiones
2755 5033 2843 5088 vel
2897 5033 3060 5089 freda
3116 5034 3369 5106 exigere,
3429 5034 3788 5106 paret‘redos

2115 5141 2366 5190 sumere,
2397 5124 2485 5178 vel
2518 5122 2792 5192 cuiquam
2827 5119 3164 5176 violentiam
3195 5122 3412 5178 inferre
3441 5121 3580 5177 sine
3639 5137 3786 5193 per-

2117 5215 2305 5270 missu
2337 5211 2568 5268 abbatis
2589 5215 2646 5266 et
2658 5209 2976 5278 voluntate,
2996 5209 3262 5282 nullique
3279 5227 3550 5282 persona
3575 5213 3675 5282 cuj
3687 5225 3788 5265 us-

2119 5319 2350 5376 cunque
2381 5299 2685 5372 dignitatis
2716 5297 2794 5353 sit
2821 5297 2908 5352 vel
2939 5297 3183 5367 ordinis,
3219 5299 3413 5370 ipsam
3471 5298 3792 5354 abbatiam

2123 5393 2260 5449 licet
2288 5403 2550 5461 unquam
2581 5386 2640 5442 in
2659 5385 3011 5441 beneﬁcium
3041 5385 3126 5442 vel
3161 5386 3582 5442 concambium
3615 5401 3794 5442 acce-

2125 5500 2275 5555 pere.
2313 5478 2474 5544 Quod
2507 5474 2736 5546 siquis,
2767 5475 2920 5546 quod
2953 5475 3141 5531 absit!
3178 5475 3302 5531 haec
3333 5477 3536 5532 omnia
3588 5481 3794 5532 tenta-

2126 5570 2270 5626 verit
2301 5567 2619 5631 inﬁrmare,
2651 5561 2805 5618 beati
2845 5563 2995 5618 Petri
3056 5569 3374 5636 nostraque
3427 5563 3796 5620 auctoritate

2130 5676 2263 5722 cum
2293 5661 2507 5722 aeterno
2531 5651 2893 5734 pet-catinius
2921 5652 3315 5718 anathemate.
3339 5653 3642 5715 Praeterea
3662 5669 3802 5716 Ian-
