3910 6356
102 411 205 484 613

1060 403 1466 469 EPISTOLIE
1507 403 1610 468 ET
1652 401 2011 467 DECRETA
2055 404 2523 466 PONTIFICIA.

3372 411 3488 473 6M

107 547 292 607 cimus,
307 539 465 596 sicut
477 541 551 596 ab
564 539 713 612 ipsis
726 539 1184 612 imperatoribus
1201 543 1289 595 est
1305 540 1646 608 dit'linitum,
1677 543 1739 593 ut
1770 541 1820 604 Α
1856 537 2043 602 lamis,
2068 555 2100 608 τι
2112 538 2162 588 ni
2182 555 2247 590 cu
2259 555 2380 593 ram
2398 537 2732 594 animarum
2744 536 2894 591 Villa
2914 537 3183 605 baluerit,
3202 545 3380 610 syuod
3395 561 3490 599 uin

109 631 354 688 defuncto
393 645 500 701 per
539 629 984 685 successionem
1047 628 1278 693 abbate,
1348 629 1625 699 utrinque
1677 629 1734 682 in

107 737 272 776 unum
287 735 314 774 e
326 718 558 773 duobus
572 716 950 774 monasteriis
967 717 1397 772 conﬂuentibus
1413 717 1736 783 monachis,

108 810 339 864 habeant
354 805 901 867 sinesimulatione.
919 805 1045 860 sine
1085 806 1418 877 exceptione
1453 822 1738 878 persona,

108 897 219 954 sine
245 899 503 967 respectu
537 894 824 966 pecunia,
854 894 1181 949 secundum
1212 894 1396 950 sancti
1449 893 1739 949 Benedicti

109 984 370 1058 regulam,
405 983 682 1039 abbatem
714 981 964 1055 eligendi
996 981 1353 1038 liberrimam
1400 982 1734 1055 optionem:

109 1079 364 1131 eatamen
390 1071 880 1144 praponderante
897 1070 1141 1137 ratione,
1191 1088 1326 1127 cum
1364 1071 1739 1127 Malmunda-

110 1162 368 1220 riensium
403 1177 568 1232 pace,
603 1165 668 1214 ut
697 1159 839 1231 quia
869 1161 1076 1214 beatus
1099 1159 1414 1233 Remaglus
1435 1160 1742 1232 utriusque

111 1248 430 1308 monasterii
462 1251 836 1304 constructor
879 1251 935 1302 et
955 1247 1388 1320 Tungronsium
1422 1253 1591 1304 antea
1621 1247 1742 1321 cpi-

109 1355 300 1412 scopus
327 1342 386 1394 et
419 1341 622 1410 pastor
653 1336 861 1391 maluit
887 1336 946 1391 in
978 1335 1160 1392 altero
1192 1337 1492 1403 eorum,id
1513 1336 1740 1393 estSta-

109 1429 316 1494 bolaus,
348 1425 552 1484 locum
584 1424 900 1498 sepultura
931 1423 1042 1480 sibi
1071 1423 1304 1497 eligere,
1341 1425 1455 1496 ipsi
1489 1425 1743 1497 primam

111 1515 387 1575 electionis
424 1513 733 1570 obtineant
762 1513 938 1584 viam,
956 1513 1003 1569 si
1020 1514 1172 1585 apud
1188 1529 1286 1570 eos
1301 1512 1743 1570 meliormeritis

109 1611 158 1662 et
181 1602 541 1678 probabilior
571 1602 920 1658 inveniatur.
954 1601 1016 1657 Si
1065 1605 1259 1658 autem
1310 1619 1425 1657 non
1469 1600 1609 1668 illic,
1643 1601 1744 1656 sed

106 1691 504 1750 Melmundarii
536 1689 744 1747 melior
774 1689 1113 1762 reperiatur,
1144 1690 1376 1761 utrique
1409 1689 1531 1746 loco
1565 1692 1746 1761 prati-

108 1783 330 1838 cieudus
359 1781 443 1837 ab
474 1796 542 1837 eo
571 1780 769 1851 potius
800 1795 977 1851 quam
1009 1779 1081 1834 ab
1101 1779 1355 1835 externis
1404 1783 1747 1850 assumptus

105 1871 544 1927 intromittatur.
581 1868 640 1924 Si
669 1867 803 1940 quis
833 1871 1050 1936 autem,
1101 1868 1256 1938 quod
1305 1884 1420 1922 non
1451 1872 1745 1939 optamus.

108 1959 308 2016 nefario
338 1974 499 2014 ausu
532 1955 974 2028 prasumpserit
999 1955 1092 2010 his
1123 1972 1251 2026 qua
1284 1971 1318 2010 a
1347 1956 1514 2011 nobis
1536 1955 1746 2011 adlau-

105 2049 226 2103 dem
236 2047 333 2103 Dei
347 2061 466 2118 pro
480 2043 801 2101 stabilitate
806 2044 932 2114 jam
947 2043 1236 2099 dictorum
1256 2043 1680 2100 monasterioru
1691 2061 1746 2099 ιιι

106 2141 309 2192 statuta
341 2137 496 2192 sunt
526 2133 826 2204 refragari,
859 2136 961 2187 aut
989 2131 1108 2187 hac
1137 2131 1195 2186 in
1219 2149 1516 2204 quoquam
1550 2137 1747 2188 trans-

109 2225 273 2297 gredi,
305 2223 479 2279 bunc
508 2239 542 2278 a
572 2221 879 2276 liminibus
906 2224 1118 2276 sancta
1141 2220 1344 2276 matris
1371 2221 1634 2276 Ecclesia
1666 2237 1751 2276 se-

111 2329 428 2385 gregamus,
476 2314 651 2382 atque
679 2326 813 2364 cum
835 2308 989 2364 Juda
1011 2308 1285 2364 traditore
1311 2309 1542 2364 Domini
1568 2310 1751 2365 nostri

109 2401 232 2458 Jesu
259 2399 509 2462 Christi,
543 2405 600 2454 et
628 2415 763 2453 cum
785 2395 1015 2453 diabolo
1041 2401 1098 2453 et
1117 2396 1342 2470 angelis
1368 2398 1498 2469 ejus
1520 2398 1752 2454 aternis

111 2490 379 2546 incendiis
411 2485 925 2545 concremandum
958 2485 1329 2557 deputamus.
1379 2489 1449 2542 At
1490 2503 1621 2542 vero
1652 2487 1752 2558 qui

110 2579 192 2650 pio
236 2577 472 2634 intuitu
521 2576 861 2631 observator
908 2578 964 2629 et
1010 2579 1208 2631 custos
1255 2575 1542 2630 exstiterit
1573 2575 1752 2648 hujus

112 2667 278 2722 nostri
309 2663 628 2738 apostolici
650 2663 949 2719 constituti
963 2664 1036 2719 ad
1067 2663 1292 2719 cultum
1318 2664 1419 2719 Dei
1447 2665 1752 2737 respicien-

117 2755 182 2810 tis
207 2753 636 2812 benedictionis
665 2751 914 2825 gratiam
947 2756 1003 2808 et
1031 2751 1493 2810 misericordiam
1525 2771 1558 2809 a
1581 2753 1752 2811 mise-

117 2843 322 2900 ricorde
351 2843 471 2900 Deo
505 2845 708 2897 nostro
740 2839 1144 2912 multipliciter
1171 2845 1562 2914 consequatur
1586 2846 1644 2899 et
1672 2842 1754 2898 vi-

118 2935 176 2987 ta
203 2936 423 2989 aterna
453 2929 760 3002 particeps
789 2928 938 2984 efﬁci
971 2933 1283 2986 mereatur.

178 3021 318 3077 Data
335 3018 659 3092 Maguntia
689 3035 752 3072 ιιι
779 3017 975 3073 Nonas
1003 3017 1363 3088 Septembris
1395 3035 1496 3090 per
1544 3037 1757 3075 manus

121 3108 254 3164 Petri
282 3107 556 3173 Diaconi,
606 3104 1032 3162 bibliothecarii
1083 3109 1141 3161 et
1182 3105 1512 3162 cancellarii
1541 3113 1756 3163 sancta

119 3197 432 3268 apostolica
463 3196 655 3263 sedis,
690 3211 840 3249 anno
871 3193 1072 3248 domni
1109 3194 1310 3250 Leonis
1355 3195 1491 3250 noui
1522 3213 1683 3268 papa
1716 3213 1758 3264 ι,

122 3284 424 3342 indictione
456 3301 546 3340 III.

881 3388 997 3444 XV.

125 3478 296 3552 S.7Leo
323 3481 408 3548 IX,
439 3483 661 3552 petente
702 3478 918 3552 Milone,
977 3476 1414 3552 monasterii“;
1463 3478 1765 3552 _B_erchariz‘

181 3549 459 3678 fama?is
489 3551 694 3607 abbate
722 3549 967 3605 ecclesiae
995 3550 1056 3603 in
1111 3550 1226 3603 vico
1290 3549 1425 3603 Villa
1457 3549 1763 3606 libertatem

204 3639 251 3677 rt
329 3641 347 3679 ι
381 3665 394 3677 .

720 3707 906 3779 (Anno
938 3707 1120 3778 1049.)

121 3794 372 3868 [Mabill.,
404 3797 616 3854 Annal.
649 3796 767 3868 ord.
803 3796 864 3868 S,
897 3795 1120 3868 Benaci,
1142 3794 1266 3868 _IV,
1314 3796 1440 3860 737,
1493 3813 1559 3852 ex
1589 3798 1758 3854 char-

653 3867 804 3922 tario
837 3866 1157 3935 Dervensi.]

179 3991 235 4047 In
265 3993 508 4049 nomine
542 3995 757 4048 sancta
789 3993 845 4046 et
865 3989 1180 4046 individua
1201 3988 1523 4060 Trinitatis,
1550 3991 1756 4061 Patris,

117 4080 164 4131 et
190 4079 312 4136 Filii
345 4087 404 4138 et
433 4081 698 4154 Spiritus
731 4078 939 4135 sancti.

174 4167 303 4241 Ego,
336 4170 441 4226 Dei
474 4168 810 4236 clementia,
845 4167 961 4223 Lso
1009 4165 1380 4222 humillimus
1423 4184 1593 4240 papa,
1627 4169 1757 4225 volo

117 4258 169 4306 ut
195 4263 521 4329 agnoscant
554 4256 758 4312 fideles
790 4255 1044 4311 universi
1069 4260 1282 4310 sancta
1306 4255 1483 4326 hujus
1503 4257 1756 4314 Leucho-

114 4358 228 4399 rum
257 4347 439 4413 sedis,
475 4345 736 4419 qualiter
769 4345 951 4400 abbas
980 4343 1112 4399 Milo
1145 4359 1213 4399 ex
1243 4344 1428 4400 sancti
1460 4346 1754 4402 Bercharii

116 4435 453 4492 monasterio
506 4451 704 4491 meam
753 4433 964 4489 adierit
1018 4433 1410 4506 prasentiam,
1446 4438 1649 4506 petens
1691 4440 1756 4491 ut

114 4522 326 4578 cuidam
345 4524 523 4580 altari
544 4541 663 4580 sua
675 4521 934 4578 ecclesia
947 4521 1275 4578 libertatem
1290 4539 1393 4594 pro
1406 4523 1506 4578 Dei
1531 4540 1748 4592 amore,

1850 632 2022 698 atque
2055 626 2364 682 concilium
2399 626 2718 699 provideat,
2751 641 3109 697 censumque
3163 628 3490 698 persolvat;

1849 715 2084 784 quando
2117 732 2247 770 vero
2279 714 2429 770 alius
2462 713 2834 778 successerit,
2865 713 3100 770 oblatus
3127 732 3158 768 a
3190 717 3495 773 monachis

1848 803 2070 873 absque
2110 803 2230 858 ulla
2260 803 2535 859 servitute
2565 804 2757 858 locum
2798 803 3038 858 tenebit.
3087 803 3147 858 Si
3197 804 3330 876 quis
3360 822 3496 879 ergo

1848 892 2286 964 praesumpserit
2314 892 2434 946 hac
2468 892 2584 947 ullo
2617 893 2787 947 modo
2813 892 3137 963 transgredi
3180 910 3309 964 qua
3358 912 3502 966 pra-

1849 979 2002 1034 dicto
2035 979 2392 1035 indulsimus
2413 980 2635 1046 locello,
2660 981 2806 1035 sciat
2826 997 2886 1035 se
2913 980 3308 1036 anathemalis
3329 981 3498 1038 inno-

1849 1067 2054 1122 datum
2085 1067 2316 1123 vinculo
2343 1085 2354 1123 τ
2391 1069 2491 1140 qui
2521 1085 2650 1123 vero
2683 1067 2798 1122 illis
2831 1068 3158 1140 largitatem
3187 1070 3502 1127 t‘eceritali-

1851 1173 2052 1227 quam,
2084 1173 2116 1210 a
2148 1156 2412 1228 piissimo
2440 1157 2681 1211 Domino
2705 1163 2902 1211 nostro
2922 1157 3327 1215 Jesu-Christo
3355 1160 3503 1216 mul-

1851 1244 2074 1315 tiplicia
2105 1250 2517 1315 consequatur,
2552 1250 2607 1299 et
2637 1247 2763 1300 vita
2787 1251 3010 1300 aeterna
3033 1247 3322 1321 particeps
3347 1250 3502 1306 effici

1851 1336 2162 1387 mereatur.
2199 1333 2269 1388 Ut
2289 1338 2484 1387 autem
2517 1333 2622 1387 hoc
2655 1351 2802 1404 opus
2835 1334 3070 1404 pietatis
3117 1343 3329 1392 nostra
3359 1355 3500 1394 con-

1854 1421 2024 1476 sistat
2053 1437 2284 1494 semper
2313 1420 2665 1487 inviolabile,
2691 1439 2868 1477 manu
2891 1439 3019 1478 mea
3037 1439 3102 1478 ac
3125 1424 3502 1484 dominorum

1855 1509 2220 1581 pontiﬁcum,
2251 1526 2383 1564 cum
2416 1509 2642 1565 clericis
2693 1527 2756 1565 ac
2807 1509 2970 1566 laicis
3024 1511 3124 1583 qui
3167 1515 3502 1583 adfuerunt,

1855 1599 2055 1652 censui
2089 1614 2216 1653 esse
2249 1599 2538 1654 roborand
2551 1616 2668 1652 um.

1929 1688 2045 1758 Ego
2081 1687 2192 1742 Leo
2223 1691 2436 1742 sancta
2470 1687 2766 1742 catholica
2792 1692 2849 1742 et
2879 1687 3210 1759 apostolica
3240 1689 3506 1749 Ecclesia

1858 1775 2070 1847 prasul
2103 1775 2256 1830 Tulli
2288 1776 2649 1831 conﬁrmavi.

1930 1865 2174 1934 Signum
2208 1864 2509 1920 Halinardi
2546 1865 2955 1936 Lugdunensis
2988 1866 3434 1943 archiepiscopi.

1929 1953 2168 2023 Signum
2227 1954 2462 2008 Evrardi
2513 1954 2883 2009 Trevirorum
2933 1955 3219 2028 archiep.,
3260 1958 3508 2018 Joannis

1861 2041 2196 2096 Portuensis
2229 2042 2506 2113 episcopi,
2553 2041 2862 2098 Albcronis
2911 2043 3189 2101 Metensis
3226 2047 3508 2120 episcopi,

1862 2129 2124 2186 Widonis
2152 2130 2517 2184 Louchorum
2550 2131 2890 2201 primicerii,
2924 2133 3202 2204 Stephani
3228 2135 3512 2195 archidia-

1860 2217 2010 2273 coni.
2045 2217 2348 2272 Alberonis
2372 2217 2712 2285 archidiac.,
2733 2218 2961 2275 Rodulﬁ
2984 2222 3324 2289 archidiac.,
3340 2226 3509 2282 Lam-

1863 2306 2011 2361 berti
2043 2305 2384 2372 archidiac.,
2431 2308 2668 2364 Widrici
2719 2309 3062 2378 archidiac.,
3110 2311 3286 2368 Virici
3319 2315 3509 2370 archi-

1862 2394 2305 2464 diac.,Walteri
2373 2396 2596 2465 decani,
2657 2397 2923 2453 Warneri
2972 2399 3198 2469 decani,
3248 2401 3510 2460 Duranni

1862 2484 2204 2555 presbyteri.
2255 2483 2582 2554 Alberonis,
2640 2486 2926 2552 Rotbeoti,
2989 2488 3224 2546 Milonis
3280 2493 3511 2551 abbatis

1866 2573 2188 2636 Dervensis,
2221 2571 2434 2628 Alberti
2484 2573 2715 2646 prioris,
2739 2601 2742 2603 ·
2769 2575 3072 2648 Hingonis,
3105 2577 3508 2653 W’andalgeri.

1935 2661 2051 2732 Ego
2079 2662 2303 2726 Petrus,
2338 2667 2548 2718 sancta
2584 2663 2856 2718 Romana
2905 2664 3173 2720 Ecclesia
3204 2667 3508 2739 diaconus,

1864 2749 2344 2804 bibliothecarius
2373 2753 2430 2804 et
2460 2750 2842 2806 cancellarius
2874 2752 3219 2824 subscripsi.

1865 2839 1982 2909 Ego
2029 2837 2285 2894 Joannes
2331 2839 2729 2894 subdiaconus
2778 2839 2987 2895 schola
3029 2846 3335 2900 cantorum
3368 2847 3510 2903 sub-

1867 2927 2097 2998 scripsi.

2606 3035 2749 3090 XVI.

1867 3121 1921 3176 S.
1950 3123 2060 3197 Leo
2079 3124 2155 3197 _IX
2184 3123 2547 3197 Part/lenonis
2570 3125 2625 3178 S.
2661 3125 2852 3181 Maria
2873 3128 3066 3182 Portus
3084 3128 3294 3197 Suavis,
3319 3148 3353 3186 ιι
3377 3136 3512 3188 Ber-

1938 3194 2119 3271 tholdo
2149 3195 2422 3271 quondam
2449 3197 2694 3271 episwpo
2727 3197 2967 3252 Tullensi
2985 3204 3234 3255 construi
3252 3194 3428 3271 capti.
3446 3204 3513 3258 ab

1942 3267 2166 3337 ipsoque
2173 3267 2421 3336 perfecti,
2431 3269 2794 3336 possessiones
2815 3272 2866 3324 et
2883 3271 3180 3340 privilegia
3199 3267 3508 3342 conﬁrmat.

2494 3356 2681 3421 (Anno
2714 3356 2898 3426 1049.)

1952 3442 2116 3511 [Dom
2148 3439 2391 3508 Calmet,
2424 3441 2656 3566 Histoire
2675 3441 3054 3583 rieBqurraine,
3095 3447 3132 3512 l,
3177 3449 3432 3515 Preuves,

2541 3528 2599 3567 co
2619 3553 2647 3568 ι.
2800 3556 2811 3568 .

2541 3528 2622 3567 σοι
2635 3553 2647 3568 .
2686 3528 2811 3568 4δΖ.

1943 3636 2054 3691 Leo
2087 3635 2420 3706 episcopus,
2470 3651 2675 3691 servus
2723 3653 3022 3693 servorum
3079 3639 3199 3706 Dei,
3241 3642 3518 3701 omnibus

1871 3724 2205 3780 orthodoxis
2237 3729 2621 3780 sacrosancta
2671 3725 2948 3782 Romana
2994 3728 3259 3785 Ecclesia
3298 3732 3519 3804 guber-

1869 3813 2173 3869 natoribus
2221 3813 2497 3868 omnibus
2545 3831 2688 3869 vera
2740 3815 3041 3887 religionis
3083 3835 3346 3892 veraque
3379 3823 3515 3877 fidei

1868 3901 2191 3957 cultoribus
2222 3902 2607 3972 praesentibus
2640 3907 2696 3957 et
2728 3904 2962 3961 futuris.

1937 3990 2244 4062 Perspicue
2275 3991 2706 4061 cognoscimus,
2750 3997 2807 4046 et
2858 3997 3014 4048 certa
3064 3994 3186 4067 lege
3223 3999 3509 4066 tenemus,

1867 4081 2019 4152 quod
2051 4097 2153 4151 pro
2183 4080 2412 4134 cunctis
2443 4081 2605 4135 bona
2639 4081 2885 4136 actionis
2919 4083 3130 4138 studiis
3162 4089 3219 4138 ot
3236 4086 3512 4157 spiritua-

1864 4167 2019 4224 libus
2047 4169 2255 4223 anima
2305 4169 2708 4237 incrementis,
2761 4187 2970 4226 corona
3030 4175 3198 4228 nobis
3251 4192 3282 4227 a
3314 4174 3428 4230 Deo
3461 4182 3518 4231 et

1863 4274 2087 4312 merces
2128 4262 2483 4328 praeparetur
2513 4256 2570 4311 in
2604 4257 2798 4327 coelis;
2847 4260 3001 4315 unde
3049 4263 3202 4317 sicut
3233 4264 3518 4322 destituta

1863 4353 2076 4402 sancta
2108 4345 2409 4417 religionis
2440 4345 2566 4401 loca
2595 4347 2838 4403 solerter
2869 4354 3009 4404 sunt
3057 4353 3426 4426 corrigenda,
3459 4359 3518 4411 et

1863 4435 1934 4490 ad
1969 4439 2190 4491 statum
2223 4435 2592 4490 rectitudinis
2623 4435 3018 4494 sollicitudine
3054 4441 3313 4513 pervigili
3345 4459 3513 4498 revo-

1861 4524 2067 4588 canda,
2100 4523 2179 4578 ita
2209 4527 2264 4577 et
2294 4529 2481 4594 coepta
2511 4523 2567 4577 in
2596 4541 2658 4579 se
2691 4524 2882 4596 ipsum
2916 4525 3066 4581 bona
3097 4545 3130 4582 a
3161 4528 3329 4585 nobis
3373 4534 3516 4587 sunt

113 4609 262 4698 cujus
299 4611 731 4667 servitiumillo
753 4611 1120 4682 disponebat,
1143 4611 1412 4666 ordinare
1435 4611 1748 4668 traderem.
1781 4635 1827 4698 Ι)
1860 4612 2123 4668 coenobia
2151 4611 2458 4667 solidanda
2487 4615 2663 4685 atque
2694 4613 2958 4682 fovenda,
3009 4617 3331 4688 prasertim
3377 4636 3514 4676 cum

112 4693 196 4751 Est
222 4705 417 4756 autem
452 4699 711 4757 ecclesia
757 4698 858 4754 illa
905 4715 1082 4770 super
1128 4699 1355 4754 Blesam
1406 4699 1646 4756 ﬂuvium
1690 4701 1750 4757 in

112 4783 343 4859 vico,qui
377 4790 608 4844 dicitur
635 4788 788 4843 Villa
817 4790 873 4843 in
909 4805 1026 4860 qua
1053 4788 1372 4844 monachos
1389 4788 1460 4844 ad
1493 4791 1754 4846 servien-

113 4869 236 4930 dum
265 4876 381 4934 Deo
431 4877 793 4934 decernebat
839 4877 1166 4932 instituere.
1217 4877 1379 4940 Quod
1431 4879 1750 4935 ostendens

115 4963 243 5018 meis
254 4970 308 5020 et
319 4966 353 5020 b
364 4967 424 5038 uj
434 4984 506 5022 us
524 4966 622 5021 Dei
637 4965 891 5021 eccl’esia
904 4965 1063 5034 ﬁliis,
1078 4964 1302 5020 clericis
1316 4981 1418 5021 seu
1431 4965 1754 5032 laicis,cen-

115 5059 414 5110 sueruntut
428 5056 568 5126 ejus
583 5054 848 5126 petitioni
865 5055 1180 5126 prabcrem
1194 5070 1435 5109 assensu
1447 5072 1523 5124 m,
1542 5061 1751 5127 quate-

115 5141 544 5212 nusipseabbas
558 5143 999 5215 etcongregatio
1031 5158 1095 5197 ac
1127 5158 1494 5198 successores
1550 5161 1750 5200 eorum

117 5238 200 5293 pro
220 5246 342 5286 mea
369 5231 673 5304 parvitate
712 5230 832 5286 sive
916 5230 1362 5286 successoribus
1419 5232 1566 5287 meis
1598 5249 1752 5288 sem-

116 5319 768 5388 PerprecenturDomini
787 5318 1268 5374 misericordiam.
1284 5321 1542 5386 Quorum
1561 5321 1754 5376 consi-

123 5397 248 5460 lium
281 5409 678 5481 amplectens,
699 5407 1097 5463 concessimus
1146 5423 1381 5463 omnem
1423 5407 1756 5464 libertatem

125 5495 383 5557 praedicta
397 5496 692 5563 ecclesia,
719 5495 942 5550 utinibi
971 5495 1304 5552 habitantes
1321 5497 1590 5552 monachi
1621 5499 1757 5553 abs-

116 5590 210 5648 que
233 5583 347 5642 ulla
365 5586 676 5659 emptione
701 5583 882 5640 altare
911 5585 1096 5640 sancti
1111 5584 1373 5640 Mauricii
1389 5586 1460 5640 ad
1478 5585 1757 5642 honorem

115 5666 342 5735 dicatum
356 5671 793 5756 perpetualiter
802 5673 1561 5755 possideant.Pr0pterquod
1579 5675 1765 5753 capel-

1862 4702 2031 4758 nobis
2061 4700 2258 4756 divina
2299 4700 2666 4771 providentia
2707 4703 3035 4759 custodiam
3085 4705 3417 4763 animarum
3457 4713 3516 4765 et

1865 4791 2123 4863 regimen
2157 4788 2469 4844 contulerit
2499 4789 2900 4857 ecclesiarum,
2947 4793 3164 4863 quibus
3209 4811 3343 4852 oves
3374 4814 3514 4853 suas

1862 4879 2140 4934 vitalibus
2172 4877 2466 4933 alimentis
2517 4896 2774 4950 pascere,
2824 4880 2969 4936 bene
3013 4881 3263 4955 inccepta
3301 4887 3514 4942 conﬁr-

1861 4969 2095 5032 mando,
2128 4972 2184 5022 et
2215 4984 2340 5037 quae
2375 4967 2567 5039 vigent
2596 4967 2935 5040 diligentius
2956 4971 3278 5043 educando,
3304 4992 3515 5046 prace-

1863 5059 1966 5130 pit.
2004 5059 2128 5112 Hac
2159 5072 2295 5128 ergo
2324 5073 2416 5110 me
2447 5057 2874 5125 considerante,
2909 5060 3050 5115 dum
3085 5062 3143 5116 in
3173 5062 3339 5118 initio
3378 5082 3517 5121 nos-

1863 5155 1963 5203 tra
1986 5145 2370 5201 ordinationis
2390 5145 2571 5199 luiDei
2591 5147 2740 5201 dono
2762 5148 3124 5204 Leuchorum
3146 5152 3517 5223 prasulelec-

1862 5242 1981 5303 tus,
2000 5235 2222 5289 interea
2245 5231 2660 5289 sollicitudinis
2683 5251 2821 5290 mea
2840 5237 3037 5293 studio
3062 5239 3206 5294 mihi
3225 5239 3514 5295 innotesci

1864 5322 2125 5395 contigit,
2160 5321 2312 5392 quod
2328 5321 2718 5392 pradecessor
2749 5341 2913 5380 meus
2935 5327 3188 5382 domnus
3210 5328 3506 5382 venerabi-

1865 5411 1939 5466 lis
1969 5408 2335 5477 Bertholdus,
2370 5410 2664 5480 quoddam
2699 5413 3028 5468 canobium
3061 5431 3128 5468 ex
3159 5411 3505 5485 pontificalis

1865 5500 2094 5572 praben
2105 5499 2187 5552 da
2202 5497 2561 5569 sumptibus,
2575 5497 2635 5553 in
2649 5499 2786 5555 villa
2798 5518 2922 5572 qua
2938 5501 3141 5555 Portus
3153 5497 3351 5552 Suavis
3364 5496 3503 5550 dici-
3551 5493 3569 5502 “

1868 5593 1985 5644 tur.
2018 5591 2353 5643 construere
2384 5587 2640 5657 cmperit,
2666 5589 2764 5643 sed
2791 5589 2903 5642 fine
2923 5590 3254 5659 prareptus,
3282 5584 3500 5641 bonum

1869 5695 2016 5753 opus
2065 5677 2137 5734 ad
2185 5675 2362 5733 ﬁnem
2415 5689 2601 5750 usque
2653 5675 2896 5736 minime
2940 5668 3294 5750 provexerit;
3326 5669 3497 5746 cuius
