3898 6368
398 452 515 514 615

1470 450 1534 512 s.
1581 452 1860 514 LEONIS
1907 448 1985 512 ιχ
2031 408 2254 512 me
2297 410 2721 513 oenscuni.

3708 410 3823 514 aa

399 587 661 677 sanctam
704 580 1087 677 intentionem
1121 582 1510 677 conspiciens,
1543 583 2035 677 etaliquantulam
2068 586 2119 650 Α
2154 601 2264 657 lam
2300 602 2484 657 sancti
2514 602 2808 659 Benedicti
2861 618 3117 675 praes”
3167 607 3227 660 οι
3280 604 3583 677 prodesse
3616 572 3816 676 qam

401 672 725 746 portionem
784 671 843 726 in
877 671 1003 742 ejus
1048 672 1646 727 mercededevotionis
1668 672 2032 744 adipiscicu-

398 760 593 851 piens,
620 763 866 831 carptum
910 758 1165 851 laborem
1213 760 1440 851 Christo
1470 760 2033 851 laventeperexplere

398 847 952 919 studui,caztumque
966 847 1493 903 sanctimonialium
1509 848 1847 905 Deoibidem
1863 849 2035 904 servi-

396 942 529 993 tura
549 954 676 993 rum
694 935 1318 1007 congregavi,etlocum
1345 935 1403 991 in
1432 938 1797 993 veneratione
1819 935 2030 1009 glorio-

396 1016 1056 1101 sis‘VirginisGenitricis
1075 1024 1288 1091 Mariae,
1308 1029 1363 1080 et
1379 1030 1589 1081 sancta:
1604 1025 1845 1098 virginis
1871 1026 2029 1080 Men-

396 1134 481 1172 nze
496 1115 711 1169 ibidem
728 1130 963 1186 corpore
978 1112 1330 1184 quiescentis
1349 1114 1698 1181 consecravi;
1719 1119 2029 1186 postquam

393 1192 588 1259 autem
604 1200 673 1257 ad
698 1219 844 1257 onus
868 1200 1224 1273 apostolatus
1247 1206 1461 1257 sanctae
1484 1202 1755 1257 Romana:
1778 1202 1931 1257 sedis
1946 1202 2028 1257 fui

391 1294 659 1349 evocatus
691 1286 789 1345 Dei
810 1289 1262 1361 dispensatione,
1293 1289 1535 1361 contigit
1554 1307 1643 1345 me
1665 1290 1809 1345 ﬁnes
1825 1289 2029 1345 Gallia-

389 1399 519 1436 rnm
554 1378 820 1443 revisere,
854 1394 953 1448 pro
972 1377 2024 1449 sanctalleicorroborandarcligione;

390 1470 650 1540 dumque
672 1467 726 1520 in
744 1470 954 1519 sancta:
972 1464 1070 1519 Dei
1084 1462 1375 1521 Tnllensis
1392 1464 1649 1521 ecclesias
1672 1465 1808 1521 sede
1838 1482 2023 1521 remo-

392 1559 570 1626 rarer,
602 1571 776 1626 quam
803 1553 994 1608 adhuc
1020 1552 1338 1609 retinebam
1359 1553 1415 1608 in
1442 1558 1647 1610 nostris
1674 1554 1912 1610 ditionis
1934 1572 2024 1609 or-

391 1645 710 1713 dinatione,
745 1643 1161 1697 alliitnostram
1182 1642 1531 1713 presentiam
1555 1643 1815 1698 Berenna
1849 1644 2025 1699 abba-

391 1714 539 1791 tissa
567 1731 830 1803 ejusdem
859 1729 1127 1797 cmnobii,
1160 1747 1407 1802 poscens
1438 1748 1530 1787 res
1562 1748 1595 1786 a
1623 1731 1791 1787 nobis
1833 1731 1920 1787 vel
1952 1732 2023 1787 ab

391 1823 521 1879 aliis
535 1822 649 1877 Deo
668 1821 737 1875 de
749 1818 1158 1886 votiscollatas,
1180 1824 1379 1874 nostra
1391 1818 1707 1891 apostolica
1722 1820 2025 1875 auctorita-

389 1917 443 1967 te
456 1908 981 1978 cerroborari.Ejus
995 1907 1329 1979 petitionem
1346 1908 1553 1963 utilem
1570 1908 1686 1963 fore
1699 1911 2021 1975 cernentes,

386 1996 862 2056 confirmavimus
893 1994 1241 2063 oidemloco,
1276 1996 1457 2051 sancti
1491 1995 1641 2051 Petri
1660 1996 2020 2064 auctoritate,

386 2083 592 2143 cuncta
611 2084 733 2157 quae
748 2085 967 2139 dudum
983 2084 1399 2155 delegavimus,
1416 2084 1634 2140 scilicet
1654 2083 1857 2158 viginti
1877 2085 2022 2141 duos

385 2166 621 2231 mansos
653 2178 708 2229 et
738 2172 916 2229 semis
940 2173 996 2227 in
1016 2173 1218 2227 eadem
1240 2171 1375 2227 villa
1396 2176 1604 2228 Portus
1632 2172 1860 2240 Suavis,
1886 2190 2019 2228 cum

384 2258 574 2320 hanno
601 2267 655 2318 et
685 2260 977 2327 districtn,
1009 2263 1066 2316 et
1094 2260 1378 2332 quidquid
1406 2260 1620 2316 ibidem
1652 2260 2022 2333 possidemus

381 2354 439 2406 in
470 2350 635 2406 silvis
652 2355 705 2405 et
725 2340 933 2422 pratis,
956 2365 1243 2420 aquarum
1268 2345 1634 2417 decursibus,
1656 2349 1829 2405 terris
1848 2349 2021 2406 cultis

382 2444 438 2494 et
469 2436 743 2507 incultis;
777 2436 889 2492 tria
918 2436 1093 2491 etiam
1126 2435 1463 2492 molendina
1491 2436 1549 2490 in
1601 2437 1729 2508 ipsa
1777 2435 1931 2505 villa,
1965 2440 2022 2492 et

382 2528 685 2584 ecclesiam
716 2524 908 2580 Sancti
943 2524 1221 2587 Mauritii,
1256 2540 1386 2579 cum
1421 2523 1644 2595 capella
1673 2524 1870 2580 Sancti
1900 2526 2018 2579 An-

381 2618 548 2685 drem,
581 2616 651 2670 de
683 2611 1107 2686 quibusnnllus
1125 2629 1337 2668 census
1351 2611 1699 2684 nullumque
1718 2613 2018 2668 servitium

382 2704 554 2761 alicui
585 2704 753 2759 debet
785 2701 948 2758 solvi.
983 2699 1297 2757 Ecclesiam
1331 2702 1400 2757 de
1430 2700 1791 2757 Babainvilla
1837 2702 2017 2773 (Bain-

380 2794 530 2865 ville)
563 2810 694 2848 cum
728 2789 988 2864 cappella
1016 2790 1086 2845 de
1109 2789 1367 2864 Xnilleyo
1391 2790 1636 2861 (Xuilly),
1659 2794 1716 2845 et
1738 2789 2017 2861 capellam

381 2881 452 2936 de
483 2879 746 2935 Mazeriis
761 2878 1055 2950 (Maziéres)
1074 2896 1086 2947 ;
1108 2877 1469 2933 medietatem
1486 2878 1740 2934 ecclesiis
1762 2877 2017 2933 deSiavi-

384 2984 526 3024 naco
549 2967 903 3038 (Sepvigny),
936 2966 1305 3020 medietatem
1338 2965 1570 3037 capella
1600 2966 1671 3020 de
1712 2965 2016 3036 Sanpinia-

383 3072 447 3110 co
498 3054 1000 3126 (Cbampongny);
1054 3052 1387 3108 mexitatem
1435 3052 1688 3108 ecclesiae
1754 3055 1825 3108 de
1869 3054 2017 3109 Mor—

384 3142 697 3197 lain-curte
748 3140 1196 3211 (illorlaincourl),
1249 3139 1532 3212 capellam
1602 3142 1673 3196 de
1730 3142 2018 3213 Lagniaco

381 3228 614 3303 (Lagny)
642 3250 654 3299 ;
689 3230 1019 3286 adFaveriis
1052 3230 1342 3300 (Favie‘res)
1368 3230 1734 3285 medietatem
1765 3230 2017 3285 ecclesia:

2146 692 2380 757 Quoties
2412 690 2681 763 quaelibet
2710 691 3012 748 abbatissa
3040 693 3113 749 ab
3140 691 3411 763 haelnce
3441 686 3821 765 migraverit,

2144 780 2215 857 ab
2236 780 2479 846 eisdem,
2500 779 2958 852 laudeepisc0pi,
2979 780 3161 854 digna
3178 780 3442 853 eligatur
3466 781 3818 851 abbatissa:

2144 867 2235 924 sin
2265 884 2397 923 vero
2428 867 2577 923 inter
2604 884 2702 925 eas
2722 867 2923 925 electio
2953 869 3134 942 digna
3150 869 3307 927 efﬁci
3354 869 3695 942 nequierit,
3753 886 3819 926 ex

2142 954 2257 1010 alia
2286 954 2545 1027 qualibet
2574 956 3019 1028 congregatione
3041 958 3253 1014 idonea
3281 958 3609 1016 abbatissa
3642 975 3815 1032 expe-

2136 1044 3229 1119 tatur.Inheeibemusigituretuniverso
3246 1052 3400 1103 cestu
3418 1048 3816 1119 praesentium

2139 1130 2399 1185 fidelium
2412 1136 2702 1187 annuente
2719 1133 3186 1205 pracipimns,ac
3202 1135 3315 1190 sub
3326 1134 3720 1193 invocatione
3739 1136 3816 1192 di-

2152 1218 2264 1273 vini
2280 1218 3444 1296 nominiscontestamnrunnmquemque
3468 1224 3811 1297 antistitem

2142 1304 2329 1377 ipsius
2360 1308 2537 1375 sedis,
2569 1324 2975 1365 successorum
3008 1310 3279 1367 videlicet
3306 1317 3694 1379 nostrorum,
3728 1330 3812 1379 ne

2138 1412 2397 1468 unquam
2417 1397 2487 1452 de
2508 1396 2614 1451 hac
2641 1398 2975 1471 prescripta
2996 1398 3268 1456 facultate
3290 1399 3665 1459 ancillarum
3688 1402 3807 1471 Dei,

2140 1500 2315 1556 quam
2332 1484 2444 1538 illis
2458 1500 2561 1556 per
2576 1488 2994 1542 testamentum
3006 1489 3808 1562 concessimus,subtrabere

2136 1572 2458 1644 quidquam
2490 1572 2575 1628 vel
2607 1573 2934 1630 diminuere
2950 1581 3290 1647 praesumat,
3342 1593 3549 1650 neque
3612 1578 3807 1652 ipsam

2134 1660 2447 1732 aliquando
2478 1662 2984 1733 congregationem
3025 1664 3372 1737 exordinare
3430 1666 3527 1737 vel
3583 1667 3806 1740 injuste

2137 1750 2475 1819 perturbare
2505 1750 2713 1805 audeat
2746 1775 2760 1818 ;
2793 1750 2893 1811 sed
2925 1752 3155 1824 quoties
3200 1753 3254 1808 ei
3311 1755 3388 1809 ad
3444 1771 3556 1815 eas
3607 1756 3803 1828 venire

2136 1836 2418 1908 placuerit
2448 1854 2621 1894 causa
2677 1838 3002 1909 cbaritatis,
3051 1846 3111 1897 et
3142 1842 3275 1914 ’piaa
3333 1842 3799 1917 sollicitudinis,

2133 1926 2358 1994 veniat;
2390 1930 2446 1981 et
2469 1926 2517 1981 si
2552 1943 2668 1999 qua
2696 1926 2848 1985 inter
2874 1944 2974 1984 eas
2991 1929 3421 1995 ordinandavel
3443 1933 3802 2007 corrigenda

2133 2018 2289 2080 sunt,
2313 2013 2626 2070 clementer
2653 2031 2720 2069 ac
2748 2016 3073 2073 secundum
3122 2017 3307 2074 Deum
3367 2020 3664 2085 ordinare
3714 2021 3800 2079 vel

2134 2103 2419 2176 corrigere
2448 2104 2698 2158 studeat.
2754 2104 2814 2158 Si
2863 2105 2997 2176 quis
3048 2111 3274 2176 tamen,
3332 2098 3550 2179 eorum
3586 2110 3799 2183 iniqua

2134 2190 2451 2262 cupiditate
2481 2207 2822 2262 persuasus,
2843 2191 2993 2265 hanc
3008 2194 3441 2263 ordinationem
3466 2202 3746 2269 nostram
3765 2216 3798 2256 a

2132 2278 2300 2333 nobis
2331 2279 2704 2335 constitutam
2735 2278 3053 2354 infringere
3073 2286 3175 2338 aut
3201 2282 3423 2353 violare
3453 2286 3795 2355 tentaverit,

2131 2367 2278 2421 iram
2312 2365 2410 2422 Dei
2440 2367 2854 2440 omnipotentis
2884 2368 3165 2442 incurrat,
3193 2387 3260 2427 ac
3290 2389 3540 2446 poenam
3576 2375 3792 2449 sempi-

2129 2460 2303 2510 ternae
2326 2455 2719 2513 damnationis
2737 2456 3247 2527 irremediabiliter
3256 2461 3708 2536 persolvat,nec
3722 2466 3795 2533 sit

2132 2542 2215 2598 illi
2244 2560 2381 2616 pars
2413 2560 2546 2600 cum
2577 2545 2693 2601 Deo
2744 2546 2802 2601 in
2864 2548 3247 2605 retributione
3295 2551 3653 2623 justorum,_
3695 2555 3793 2612 sed

2132 2630 2341 2687 habeat
2371 2636 2592 2704 partem
2626 2649 2758 2705 cum
2792 2634 3051 2707 principe
3082 2638 3489 2710 tenebrarum,
3524 2632 3794 2715 feratque

2122 2720 2414 2790 judicium
2447 2720 2651 2777 divina:
2703 2722 2965 2790 ultionis,
3026 2726 3347 2783 transﬁxus
3402 2728 3795 2801 anathemata

2127 2813 2413 2879 perpetuae
2441 2808 2887 2884 maledictionis.
2922 2812 3031 2876 Qui
3062 2829 3193 2870 vero
3223 2813 3318 2886 pio
3349 2814 3586 2887 intuitu
3612 2818 3794 2890 huius

2127 2896 2410 2968 privilegii
2443 2898 2626 2952 nostri
2657 2903 2854 2955 custos
2885 2904 2941 2955 et
2970 2900 3311 2958 observator
3374 2904 3705 2977 exstiterit,
3738 2924 3794 2977 δα

2128 2983 2372 3039 Domino
2397 2984 2511 3041 Deo
2543 2986 2792 3058 gratiam
2816 2993 3229 3060 consequatur,
3251 2994 3310 3047 et
3323 2982 3564 3050 aeterne
3587 2994 3790 3068 gloria:

2128 3071 2416 3144 particeps
2446 3074 2761 3145 efficiatur.
3333 3142 3365 3159 ρ,
3402 3140 3429 3149 η
3481 3134 3488 3149 ,
3542 3138 3607 3154 ,η
3652 3148 3659 3155 ,
3712 3142 3715 3151 .
3778 3140 3787 3155 ,

2196 3162 2254 3215 In
2286 3162 2437 3225 cuius
2468 3162 2634 3218 bullzr
2662 3164 2867 3220 circulo
2903 3167 2980 3221 est
3007 3167 3276 3237 scriptum
3296 3168 3791 3241 εξΜιεειιιαοιωμ

2126 3248 2338 3303 Donum
2362 3266 2542 3306 eum
2570 3268 2668 3305 εει·
2694 3268 2896 3307 TERRA.
2922 3255 2988 3308 Et
3018 3256 3078 3309 in
3106 3254 3293 3310 media
3349 3258 3573 3325 circuli
3594 3280 3618 3316 :
3674 3261 3787 3317 Leo

381 3325 471 3417 est
498 3319 809 3417 dimidium
834 3335 1105 3417 mansum
1128 3317 1324 3417 allodii
1343 3333 1475 3417 cum
1490 3319 1674 3372 servis
1691 3322 1747 3417 et
1764 3317 2009 3417 ancillis.
2044 3305 2086 3370 C
2126 3336 2295 3391 ΡΑρΑ,
2332 3305 2519 3394 postea
2544 3305 2895 3410 magngmg;

380 3407 767 3464 Concedimus
790 3408 966 3462 etiam
984 3405 1187 3462 altaria
1207 3406 1614 3477 praedictarum
1637 3406 2010 3463 ecclesiarum

380 3499 601 3570 absque
625 3496 801 3552 ullius
814 3494 982 3567 pretii
1007 3494 1402 3566 redemptione
1419 3495 1477 3549 in
1503 3495 1714 3551 futuris
1744 3499 1856 3550 tem
1868 3495 2014 3567 pori-

2192 3425 2404 3523 Datum
2439 3425 2705 3484 Kalendis
2725 3426 2991 3523 Octobris
3018 3447 3123 3502 per
3139 3434 3570 3523 manumPetri
3595 3437 3787 3495 diaco-

2122 3512 2204 3580 ni,
2227 3512 2647 3570 bibliotbecarii
2677 3519 2735 3571 et
2763 3512 3093 3589 cancellarii
3126 3526 3342 3577 sanctis
3356 3512 3653 3593 Romana;
3683 3520 3785 3584 Ec-

379 3586 492 3640 bns
516 3583 809 3657 perpetuis
835 3582 1131 3654 possidere
1160 3601 1171 3651 ;
1206 3582 1440 3638 tertiam
1490 3588 1714 3655 partem
1750 3588 1914 3638 terraa

2249 3600 2327 3667 ias,
2361 3618 2513 3657 anno
2545 3619 2584 3657 ιι
2616 3602 2762 3675 (124)
2791 3582 3012 3660 domini
3043 3607 3254 3664 Leonis
3276 3588 3443 3682 pape‘
3462 3610 3566 3682 IX,
3599 3582 3788 3671 indic-

380 3672 625 3745 Cauleyo
656 3671 962 3742 (Chauloy),
995 3687 1126 3725 cum
1153 3670 1395 3725 dimidio
1413 3670 1605 3726 banno
1625 3689 1639 3739 ;
1663 3675 1914 3743 quatuor
1932 3672 2013 3726 vi-

381 3777 522 3817 neas
551 3760 622 3815 ad
652 3758 1372 3815 Domnum-Germannum
1432 3759 1919 3830 (Dom-Germain),
1959 3765 2016 3816 et

378 3849 580 3904 vinum
598 3847 799 3903 decani
828 3864 841 3915 ;
867 3847 938 3901 ad
957 3845 1778 3915 Straﬂede-villare,mansum
1800 3866 2012 3917 unum;

379 3938 450 3992 ad
483 3936 1049 3993 Grandem-Frasum
1086 3935 1675 4006 (Fresnel-la-Grande)
1707 3936 2009 3990 dimi.lEum

379 4012 674 4080 mansum.
708 4024 1137 4079 Confirmamus
1159 4040 1393 4095 quoque
1413 4025 1599 4079 eidem
1621 4024 1745 4080 loco
1771 4023 1867 4079 illa
1889 4043 2014 4097 qua:

383 4110 513 4185 post
541 4112 1027 4167 constructionem
1060 4111 1247 4183 ipsius
1269 4111 1513 4167 coenobii
1538 4113 1811 4183 praedicta
1837 4100 2015 4169 abba-

378 4202 526 4257 tissa
554 4217 662 4256 suo
693 4200 953 4256 studioso
984 4199 1179 4255 labore
1209 4199 1535 4271 acquisivit.
1568 4202 1651 4255 Ad
1684 4201 2015 4257 Humberti-

378 4292 600 4343 curtem
611 4287 1031 4359 (Humbercourt
1044 4304 1117 4342 ou
1132 4290 1168 4342 Α
1180 4288 1505 4360 mbercourt)
1529 4294 1644 4344 tres
1668 4290 2015 4361 quartarios,

379 4381 437 4433 et
463 4375 770 4432 dimidium
793 4374 1214 4442 molendinum,
1236 4393 1410 4448 quem
1434 4376 1592 4431 dedit
1610 4376 1796 4449 ipsius
1816 4396 2017 4435 mona-

378 4464 552 4521 sterio
584 4464 743 4519 Dado
760 4464 946 4520 miles.
967 4465 1051 4519 Ad
1075 4464 1290 4519 Bactris
1314 4464 1619 4519 dimidium
1644 4483 1940 4532 mansum,
1962 4471 2019 4524 et

376 4552 580 4609 silvam
616 4554 769 4625 apud
802 4551 1333 4608 Valdonis-cnrtem
1360 4554 1812 4624 (l’aulioncourtl,
1844 4572 2016 4628 quem

376 4640 535 4697 dedit
564 4638 882 4698 Mamsedis
913 4659 1058 4696 uxor
1086 4640 1393 4710 Windrici,
1427 4643 1497 4697 ad
1532 4643 2016 4699 Bossevini-fron-

374 4736 499 4786 tum
534 4736 651 4786 tres
682 4732 1015 4803 quartarios
1046 4747 1179 4785 cum
1212 4729 1358 4785 silva
1388 4738 1441 4784 el
1476 4734 1680 4802 ιιιηιξῐε,
1701 4749 1826 4804 quae
1858 4732 2015 4788 dedit

377 4818 564 4876 Odilla
579 4820 994 4884 uxorElbonis,
1009 4820 1163 4874 inter
1183 4819 1818 4875 Domnum-Martinum
1836 4821 2015 4891 (Dom-

376 4900 598 4980 Murtin)
631 4910 686 4963 et
733 4908 1115 4969 MorIi-enrte.
1176 4924 1569 4980 mansumque
1619 4925 1790 4980 quem
1856 4910 2017 4967 dedit

376 4986 764 5051 Vindistoldis
780 5013 924 5050 uxor
936 4993 1130 5049 Biralli
1144 4995 1585 5067 deVendopera;
1606 4998 1672 5052 ad
1703 4998 2017 5055 Domnum-

379 5084 695 5138 Martinum
745 5100 923 5154 super
969 5099 1180 5154 aquam
1225 5085 1507 5139 arandum
1561 5088 1921 5157 quartarium
1960 5093 2018 5144 et

382 5169 583 5235 aemis,
616 5175 672 5225 et
701 5174 817 5225 tres
851 5175 1040 5241 partes
1071 5172 1396 5226 medietatis
1424 5172 1677 5228 ecclosiae
1706 5177 2013 5241 ;medicta-

378 5264 497 5315 tem
526 5258 784 5314 ecclesiae
816 5260 887 5313 de
922 5256 1170 5313 Puteolis
1199 5260 1507 5329 (Puz'sz'cux)
1539 5266 1596 5314 et
1655 5261 1835 5317 altare
1864 5252 2015 5335 eius,

378 5353 434 5404 ct
465 5346 828 5420 quartarium
860 5344 1010 5401 alodi
1032 5346 1102 5398 de
1121 5344 1393 5412 Puteolis,
1421 5362 1593 5416 quem
1617 5348 1776 5404 dedit
1797 5350 2018 5406 Radnl-

376 5438 529 5509 phus
560 5453 661 5509 pro
694 5450 869 5492 uxore
900 5450 1027 5488 sua.
1059 5431 1337 5489 Praeterea
1356 5435 1724 5491 decernimus
1745 5443 1808 5491 ut
1829 5440 2017 5496 eidem

377 5525 635 5581 coenobio
669 5521 1023 5599 praeﬁciatur
1043 5516 1360 5593 abbatissa,
1379 5536 1505 5598 qua:
1520 5524 1836 5582 secundum
1857 5544 2021 5603 regu-

452 5686 599 5773 (424)
630 5692 764 5771 Leg.
797 5711 838 5755 ι.

2124 3690 2277 3746 tione
2299 3707 2383 3758 ιιι,
2417 3707 2550 3746 οιιω
2582 3691 2823 3763 plumbo
2852 3697 2912 3749 et
2936 3693 3157 3752 chorda
3187 3696 3248 3753 in
3281 3713 3685 3773 pergameno.

2858 3782 3028 3839 XVII.

2130 3868 2183 3922 s.
2207 3870 2345 3950 Haec.
2389 3869 2456 3950 nt
2505 3868 2679 3950 diem
2706 3836 3271 3950 dedicant—edolatas
3326 3875 3384 3931 s.
3442 3836 3697 3950 nauigii
3740 3848 3789 3950 (ι

2198 3939 2460 4023 Octobris)
2543 3940 2810 4023 celebrem
2862 3959 2980 3999 esse
3031 3948 3292 4018 precipit
3348 3964 3455 4019 per
3509 3939 3793 4008 Βεῆιδηεὶι

2195 4012 2457 4081 episcopii
2490 4012 2747 4081 conﬁnia.

2742 4101 2929 4171 (Anno
2959 4101 3147 4176 4019.)

2128 4184 2367 4256 [Mahill.
2401 4187 2530 4242 Acta
2560 4187 2652 4242 SS.
2686 4162 2906 4317 ονὶίὸῖὶςὲζ
3182 4192 3326 4250 Βεεο.
3373 4162 3452 4251 Vl
3507 4188 3681 4270 parte
3724 4214 3781 4266 ιι,

2198 4345 2308 4399 Leo
2334 4343 2661 4418 episcopus,
2722 4264 3275 4407 sefwfgs'Tjgvorum
3334 4354 3781 4432 Dei,.fratribns

2125 4438 2183 4488 et
2210 4433 2348 4488 filiis
2378 4434 2678 4490 catholicis
2729 4451 2834 4507 per
2887 4438 3229 4495 universum
3289 4458 3546 4517 regnum
3610 4445 3781 4502 Fran-

2125 4537 2326 4577 corum
2355 4522 2708 4589 constitutis,
2730 4524 2979 4582 salutem
3009 4532 3067 4583 et
3087 4530 3479 4601 apostolicam
3540 4522 3778 4592 benedi-

2128 4610 2399 4665 ctionem.

2048 4660 2093 4730 Β
2192 4699 2564 4771 Compertum
2597 4699 2866 4757 charitati
2899 4708 3102 4759 vestra:
3134 4692 3435 4765 credimus
3467 4710 3633 4783 quod
3657 4690 3781 4783 post

2125 4786 2621 4844 consecrationem
2653 4793 2937 4860 nostram,
2968 4791 3131 4849 illam
3162 4795 3440 4853 videlicet
3471 4815 3593 4870 qua
3620 4797 3779 4870 boni:

2125 4878 2321 4948 gnitas
2349 4876 2450 4931 Dei
2480 4876 2869 4934 humilitatem
2902 4885 3166 4938 nostram
3223 4888 3444 4941 sanetae
3488 4864 3779 4943 admei

2125 4964 2390 5020 Ecclesia
2446 4980 2693 5037 prmesse
2733 4967 2937 5033 voluit,
2982 4970 3360 5029 Germaniam
3406 4958 3780 5046 Galliamque

2122 5053 2507 5119 visitavimns,
2538 5070 2603 5108 ac
2636 5054 2949 5111 Remorum
2972 5059 3176 5114 urbem
3192 5060 3503 5130 adeuntes,
3524 5062 3777 5118 maxime

2123 5145 2253 5196 voto
2275 5146 2332 5195 et
2360 5157 2593 5195 summa
2623 5142 2927 5199 devotione
2946 5146 3255 5203 ecclesiam
3291 5148 3453 5205 beati
3506 5148 3781 5221 Remigii,

2127 5233 2190 5283 ut
2233 5228 2405 5300 longe
2459 5234 2593 5283 ante
2636 5230 3121 5300 desideravimus,
3174 5235 3291 5292 Deo
3349 5243 3677 5305 annuente,
3723 5237 3778 5291 et

2124 5317 2388 5387 ejusdem
2419 5315 2779 5372 sanctissimi
2809 5318 2914 5373 viri
2963 5323 3476 5392 patrocinantibus
3527 5324 3773 5387 meritis,

2125 5420 2258 5459 cum
2291 5419 2507 5476 magna
2534 5403 2719 5477 gloria
2748 5406 3169 5481 dedicavimus,
3200 5416 3379 5484 atque
3408 5417 3550 5484 post
3578 5427 3772 5469 conse-

2126 5490 2444 5547 crationem
2473 5492 2727 5548 ecclesia:
2757 5494 2815 5549 in
2846 5484 3048 5552 eadem
3080 5500 3376 5568 synodum
3407 5494 3770 5557 celebrantes

2126 5578 2386 5654 plurima
2416 5574 2489 5638 ad
2518 5574 2831 5641 utilitatem
2860 5574 3207 5644 Christiana:
3235 5587 3547 5663 religionis
3580 5603 3771 5646 neces-
