3898 6360
172 445 300 506 61⁸1

1144 448 1552 547 EPISTOL/E
1595 455 1696 515 ET
1737 454 2102 515 DECRETA
2147 455 2617 517 PONTIFICIA.

3442 459 3567 519 BfB

179 577 360 647 saria,
403 578 647 637 consilio
680 580 1155 654 coepiscoporum
1188 588 1544 652 nostrorum,
1577 602 1820 641 assensu
1852 583 1907 649 Α
1935 585 2057 640 sias
2084 586 2313 653 habeat,
2365 590 2652 658 quatenus
2709 585 2871 641 nulla
2929 585 3302 643 ecclesiastici
3352 587 3572 645 ordinis

178 666 358 723 etiam
393 670 451 723 et
478 666 655 727 laude
692 669 831 726 cleri
862 673 919 726 et
949 670 1169 742 populi,
1219 689 1468 743 quorum
1520 673 1831 728 innumera

152 755 499 819 vmultitudo
532 758 602 813 ad
634 762 811 813 tantae
844 760 1166 816 devotionis
1198 761 1589 817 celebritatem
1614 764 1832 817 conﬁu-

171 849 366 916 xerat,
391 846 717 902 staduendo
748 847 1258 904 conﬁrmavimus:
1285 867 1413 921 qua:
1444 851 1640 907 omnia
1672 850 1828 922 capi-

173 934 322 989 tulis
353 934 576 1007 digesta
608 935 758 990 inter
789 952 1042 992 canones
1091 937 1289 993 haberi
1337 940 1741 1011 praecepimus,
1774 946 1830 995 et

172 1024 469 1096 postea,in
490 1023 766 1080 omnibus
788 1025 1026 1097 synodis
1046 1042 1191 1097 quas
1215 1026 1827 1100 habuimus,idipsum

173 1110 525 1167 conﬁrmare
552 1111 908 1168 curavimus.
969 1114 1039 1167 Et
1078 1115 1354 1185 quoniam
1416 1116 1826 1172 beatissimum

176 1200 515 1273 Remigium
548 1201 738 1273 gentis
768 1202 1121 1257 Francorum
1150 1204 1583 1275 praedicatorem
1614 1210 1671 1261 et
1692 1222 1827 1276 apo-

170 1287 397 1345 stolum
429 1290 672 1358 scimus,
705 1292 965 1346 venerari
998 1296 1053 1347 et
1083 1290 1369 1348 honorare
1415 1292 1602 1362 illum,
1652 1311 1826 1366 quem

172 1377 461 1433 Cominus
491 1378 550 1432 in
582 1379 755 1433 terris
776 1383 833 1434 et
862 1379 920 1434 in
954 1380 1097 1435 coelo
1132 1380 1665 1454 mirificavit,prout
1695 1400 1826 1454 pos-

172 1483 411 1533 sumus,
433 1467 740 1535 debemus,
766 1469 1087 1539 praasertim
1121 1485 1252 1524 cum
1288 1471 1594 1542 semperin
1629 1477 1828 1526 nostro

166 1558 408 1628 pectore
442 1555 573 1611 inde
607 1556 793 1628 ipsius
826 1573 992 1611 amor
1024 1557 1339 1612 ferventius
1399 1560 1619 1626 ardeat,
1672 1561 1823 1630 quod

166 1644 671 1717 pretiosissimum
705 1661 917 1715 corpus
953 1645 1139 1717 ipsius
1171 1647 1528 1701 sanctissimi
1563 1648 1664 1702 viri
1698 1665 1826 1719 pro-

168 1732 323 1805 priis
346 1734 620 1789 manibus
648 1734 1066 1789 transferentes
1098 1734 1157 1788 in
1180 1734 1383 1790 locum‘
1408 1736 1515 1790 sibi
1541 1753 1826 1808 praepara-

168 1827 328 1890 tum,
361 1822 627 1892 miraque
658 1822 1094 1894 pulchritudine
1126 1824 1401 1895 exquisiti
1435 1825 1628 1897 operis
1659 1825 1826 1880 deco-

170 1915 375 1966 ratum
408 1910 798 1983 reposuimus.
842 1912 1003 1967 Unde
1033 1917 1283 1968 vestram
1320 1914 1630 1970 admonere
1663 1914 1823 1970 volu-
1858 1951 1903 2015 B

171 2016 318 2057 mus
339 1999 708 2056 dilectionem
741 2005 825 2065 ut,
860 2001 1014 2055 sicut
1074 2018 1180 2057 nos
1239 2002 1299 2057 in
1358 2004 1485 2073 ejus
1531 2004 1825 2076 obsequiis

172 2090 548 2163 perpenditis
596 2089 898 2162 gratulari,
925 2090 1003 2145 ita
1032 2094 1088 2146 et
1117 2108 1218 2146 vos
1238 2109 1418 2147 causa
1449 2093 1635 2147 nostri
1667 2110 1825 2149 amo-

173 2182 285 2243 ris,
322 2178 690 2250 maximeque
730 2194 797 2234 ex
826 2178 1020 2234 debito
1053 2180 1277 2250 paterni
1318 2180 1576 2247 honoris,
1610 2180 1828 2236 solem-

174 2268 427 2323 nitatem
459 2268 607 2338 ejus,
641 2282 767 2337 quaa
798 2272 887 2322 est
917 2268 1203 2323 Kalendas
1226 2268 1509 2338 Octobris,
1541 2270 1827 2325 celebrem

172 2356 489 2424 habeatis;
523 2356 661 2428 quia
690 2357 796 2411 etsi
830 2356 959 2412 aliis
992 2374 1102 2411 non
1135 2362 1223 2412 est
1252 2358 1573 2429 apostolus,
1628 2364 1825 2414 tamen

169 2444 348 2500 vobis
379 2450 504 2501 est:
538 2461 674 2500 nam
703 2445 973 2517 primitize
1004 2446 1369 2517 apostolatus
1401 2449 1527 2518 ejus
1557 2465 1659 2504 vos
1687 2448 1828 2503 estis

171 2535 239 2589 in
269 2534 533 2590 Domino.
560 2533 723 2589 Hunc
753 2534 949 2605 itaque
984 2534 1261 2589 honorem
1297 2535 1442 2606 patri
1476 2540 1531 2591 et
1568 2535 1827 2608 apostolo

170 2626 378 2679 vestro
409 2622 696 2691 exhibete,
730 2623 984 2693 utjuxta
1014 2624 1372 2694 promissum
1408 2624 1661 2690 Domini,
1698 2624 1827 2679 lon-

174 2711 327 2785 gaevi
349 2727 529 2784 super
558 2715 773 2767 terram
806 2711 1013 2778 vivere,
1048 2716 1103 2767 et
1134 2713 1395 2783 ejusdem
1428 2713 1615 2769 Patris
1647 2714 1828 2785 preci-

174 2803 300 2857 bus
322 2804 548 2857 aeternaa
572 2800 954 2857 beatitudinis
978 2800 1311 2857 felicitatem
1336 2802 1671 2859 merenmini
1695 2820 1825 2874 pos-

174 2891 399 2947 sidere.
432 2888 648 2945 Valete.

904 2996 1096 3053 XVIII.

178 3088 245 3144 S.
275 3090 382 3144 Leo
413 3088 479 3143 IX
505 3089 566 3142 in
596 3085 799 3157 synodo
828 3086 1285 3141 monasteriumS.
1311 3088 1547 3156 Remigii
1578 3088 1830 3142 Remense

750 3159 1060 3226 privilegiis
1088 3166 1269 3213 ornat.

809 3250 998 3316 (Anno
1030 3246 1209 3314 1049.)

1942 691 2152 745 magna
2183 675 2267 730 vel
2305 693 2479 748 parva
2513 694 2758 748 persona
2786 675 2848 730 in
2893 675 3004 732 hoc
3035 675 3202 731 altari
3235 677 3387 748 quod
3440 693 3575 733 con-

1940 765 2315 833 secravimus,
2351 765 2591 821 missam
2621 764 2915 821 celebrare
2946 769 3281 837 praesumat,
3315 765 3431 821 nisi
3473 766 3579 821 Re-

1938 869 2169 907 murum
2202 853 2694 926 archiepiscopus,
2727 858 2784 909 et
2812 853 2992 924 hujus
3023 853 3133 909 loci
3162 854 3368 924 abbas,
3391 856 3452 909 et
3479 853 3575 909 cui

1936 939 2233 996 licentiam
2283 930 2589 1011 concedet;
2649 942 2938 1014 permissa
2966 942 3168 999 eadem
3211 941 3448 999 licentia
3476 959 3576 998 ca—

1939 1029 2164 1085 nonicis
2196 1030 2499 1086 Remensis
2526 1029 2777 1086 ecclesiae
2821 1030 2913 1086 bis
2956 1030 3017 1085 in
3053 1047 3204 1086 anno
3254 1031 3314 1086 in
3347 1031 3572 1088 Pascha

1941 1117 2160 1173 scilicet
2190 1122 2246 1172 et
2275 1117 2334 1172 in
2367 1118 2805 1189 Rogationibus,
2837 1123 3058 1191 septem
3090 1119 3446 1191 presbyteris
3490 1119 3573 1176 le-

1937 1206 2163 1277 gitimis
2194 1207 2264 1261 ad
2297 1207 2403 1261 hoc
2428 1208 2684 1262 ofﬁcium
2715 1208 3027 1278 deputatis,
3060 1225 3206 1279 quos
3242 1212 3299 1264 et
3327 1208 3574 1266 scientia

1938 1299 2125 1362 ornet,
2185 1312 2414 1350 morum
2482 1297 2733 1367 gravitas
2807 1300 2865 1351 et
2918 1296 3043 1351 vitae
3098 1297 3355 1368 probitas
3410 1314 3569 1352 com-

1940 1383 2195 1437 mendet.
2228 1383 2525 1450 Praeterea,
2559 1384 2696 1455 quia
2752 1384 2873 1438 haec
2929 1383 3171 1439 ecclesia
3225 1386 3296 1439 ab
3349 1383 3571 1457 iniquis

1937 1471 2350 1541 pervasoribus
2380 1488 2581 1542 graves
2613 1476 2670 1526 et
2701 1472 3052 1543 multiplices
3091 1489 3330 1528 suarum
3375 1489 3574 1529 rerum

1938 1564 2025 1614 est
2058 1576 2233 1630 passa
2257 1560 2525 1629 injurias,
2562 1577 2633 1615 ne
2667 1561 2981 1631 quisquam
3003 1561 3210 1616 amodo
3241 1560 3394 1616 villis
3424 1561 3578 1617 beati

1939 1648 2212 1720 Remigii,
2246 1665 2393 1718 quas
2425 1649 2685 1720 possidet
2715 1649 2800 1705 vel
2850 1649 3192 1722 possidebit,
3244 1653 3345 1705 aut
3397 1648 3581 1705 homi-

1940 1738 2112 1792 nibus
2138 1737 2287 1792 intra
2316 1737 2401 1792 vel
2454 1742 2616 1793 extra
2664 1738 2824 1809 ipsas
2871 1737 3040 1794 villas
3098 1737 3322 1810 positis,
3376 1742 3581 1811 graves

1940 1826 2389 1880 consuetudines
2422 1825 2684 1897 imponat
2703 1829 2760 1881 et
2781 1826 3034 1898 iniquas,
3050 1828 3394 1883 auctoritate
3423 1826 3580 1883 beati

1938 1913 2089 1969 Petri
2123 1914 2515 1985 apostolorum
2569 1914 2849 1986 principis
2893 1914 3292 1985 prohibemus,
3344 1919 3402 1971 et
3448 1930 3580 1986 qua:

1935 2001 2219 2057 hactenus
2254 2002 2468 2073 injuste
2500 2002 2716 2057 fuerint
2747 2002 3057 2075 impositae,
3118 2003 3320 2059 eadem
3373 2004 3580 2058 sancta

1936 2095 1992 2146 et
2021 2090 2337 2145 inviolabili
2371 2092 2728 2158 auctoritate,
2762 2108 2834 2146 ne
2865 2090 3110 2146 ulterius
3150 2091 3295 2147 ﬁant
3339 2090 3577 2147 interdi-

1937 2180 2145 2246 cimus,
2206 2183 2431 2234 servata
2488 2179 2595 2234 hac
2640 2180 2698 2234 in
2757 2180 3029 2235 omnibus
3101 2179 3463 2247 auctoritate,
3510 2182 3578 2235 ut

1938 2268 2391 2323 consuetudines
2423 2285 2546 2339 qua:
2563 2268 2725 2337 juste
2757 2268 2806 2323 ei
2839 2268 3162 2340 antiquitus
3193 2272 3331 2324 sunt
3360 2267 3575 2323 consti-

1938 2359 2095 2427 tutae,
2128 2361 2263 2411 ratae
2309 2360 2688 2428 permaneant
2745 2360 2802 2411 et
2858 2356 3167 2413 inviolatae.
3226 2357 3346 2412 Hoc
3403 2356 3579 2412 etiam

1940 2451 2139 2500 nostra
2164 2446 2506 2501 auctoritate
2546 2445 2986 2510 conﬁrmamus,
3036 2446 3193 2517 quod
3252 2446 3419 2504 Wido
3474 2444 3582 2501 Ro-

1942 2550 2168 2589 morum
2206 2534 2680 2606 archiepiscopus
2714 2536 2938 2604 partem
2990 2550 3167 2605 quam
3214 2533 3275 2589 in
3331 2536 3583 2590 mercato

1941 2625 2215 2691 habebat,
2265 2624 2417 2695 quod
2464 2629 2587 2679 erat
2641 2641 2720 2678 xu
2782 2622 3018 2680 Kalend.
3078 2623 3356 2680 Novemb.
3415 2623 3583 2679 beato

1941 2713 2205 2785 Remigio
2238 2717 2436 2767 nostro
2466 2713 2706 2768 obtentu
2737 2711 2992 2781 donavit,
3026 2730 3095 2768 ea
3141 2711 3472 2768 conditione
3517 2714 3584 2767 ut

1939 2818 2107 2857 nemo
2131 2803 2188 2857 in
2216 2800 2343 2873 ipso
2367 2806 2618 2857 mercato
2641 2802 2900 2874 quinque
2921 2800 3292 2857 denariorum
3323 2799 3575 2872 pretium

1938 2907 2040 2963 per
2067 2889 2398 2946 violentiam
2430 2891 2673 2956 auferat,
2705 2890 2924 2957 nullus,
2957 2889 3072 2946 nisi
3104 2889 3282 2961 hujus
3326 2887 3437 2945 loci
3476 2887 3578 2944 ab-

1938 2980 2065 3048 bas,
2098 2983 2199 3034 aut
2226 2978 2318 3034 cui
2350 2978 2473 3051 ipse
2495 2979 2762 3049 jusserit,
2792 2979 2873 3034 ibi
2930 2979 3257 3051 quidquam
3314 2976 3578 3049 accipiat.

1936 3067 2146 3123 Nullus
2216 3067 2286 3122 ad
2343 3067 2498 3122 idem
2556 3072 2880 3123 mercatum
2938 3066 3369 3137 convenientes,
3427 3064 3582 3138 quod

1939 3175 2018 3211 xu
2051 3156 2290 3212 Kalend.
2315 3156 2592 3212 Novemb.
2626 3156 2943 3223 statuimus
3000 3160 3058 3212 et
3112 3154 3579 3229 promulgamus,

1939 3245 2225 3301 veniendo
2246 3248 2302 3300 et
2323 3244 2619 3300 redeundo
2652 3245 2851 3312 caedat,
2883 3244 3182 3316 impediat,
3214 3247 3315 3300 aut
3342 3259 3447 3315 per
3463 3241 3581 3298 vim

182 3335 436 3410 [MabilL
472 3335 601 3391 Arta
632 3334 725 3390 SS.
784 3312 900 3389 ard.
952 3334 1006 3389 S.
1068 3312 1291 3410 Densi,
1348 3335 1488 3390 Szec.
1536 3335 1610 3391 VI
1667 3338 1830 3407 parte
1859 3312 1902 3379 (ἶ
1942 3335 2026 3390 eis
2056 3332 2278 3404 aliquid
2311 3333 2553 3388 auferat.
2583 3336 2910 3389 Statuentes
2942 3312 3053 3388 sub
3098 3332 3276 3387 divini
3321 3312 3580 3387 obtesta—

805 3422 865 3473 ιι,
899 3421 1031 3477 pag.
1062 3407 1214 3477 726.]

260 3514 375 3569 Lno
405 3512 736 3585 episcopus,
772 3526 970 3566 servus
1002 3526 1305 3566 servorum
1360 3512 1481 3578 Dei,
1524 3512 1831 3567 Hsnmano

164 3602 411 3670 abbati,
444 3605 501 3657 et
524 3601 683 3657 omni
716 3598 1145 3672 congregationi
1176 3600 1595 3656 monachorum
1633 3601 1831 3658 Sancti

182 3690 442 3765 Remigii
475 3692 815 3762 perpetuam
846 3688 1112 3744 salutem.

260 3779 483 3837 Divina:
514 3778 795 3834 bonitatis
825 3794 940 3833 non
972 3777 1283 3834 immemor
1312 3782 1369 3834 et
1402 3779 1687 3851 ingratus,
1707 3796 1833 3850 qua:

183 3885 307 3927 sua
334 3867 520 3942 gratia
549 3866 940 3923 humilitatem
972 3883 1159 3922 meam
1218 3866 1275 3922 in
1333 3868 1466 3923 sede
1520 3867 1838 3940 apostolica

184 3962 410 4017 sancta:
440 3958 713 4012 Romanis
743 3956 1012 4011 Ecclesia:
1043 3955 1399 4028 sublimavit,
1428 3974 1499 4012 ne
1558 3974 1688 4013 mea
1738 3973 1836 4012 ne-

183 4046 475 4123 gligentia
498 4045 641 4101 mihi
667 4044 1003 4113 discrimen,
1035 4044 1410 4101 ecclesiarum
1442 4050 1636 4101 autem
1670 4045 1842 4102 faciat

187 4134 737 4204 ruinam,ecclesias
768 4149 895 4206 quae
918 4136 1116 4190 nostro
1138 4133 1485 4205 apostolatui
1514 4135 1836 4206 subjacent,

187 4223 482 4282 catholice
513 4222 803 4289 ordinare,
835 4237 1033 4295 regere
1084 4225 1143 4277 et
1200 4223 1527 4291 emendare,
1562 4240 1667 4279 nec
1725 4239 1839 4278 non

187 4312 520 4387 apostolica
549 4310 890 4367 auctoritate
936 4310 1233 4366 immunes
1273 4314 1331 4366 et
1382 4310 1598 4367 liberas
1657 4312 1842 4367 facere

186 4401 499 4477 proposui,
534 4400 583 4456 si
615 4400 799 4455 sancti
824 4398 1098 4471 {Spiritus
1142 4399 1429 4471 benignus
1486 4399 1643 4456 favor
1698 4400 1842 4455 mihi

189 4489 496 4548 annuerit.
533 4488 719 4555 Unde,
751 4504 819 4543 ex
848 4486 1044 4543 debito
1075 4487 1259 4542 nostri
1299 4487 1679 4560 apostolatus,
1714 4492 1846 4561 post

189 4581 432 4651 aliquas
464 4577 741 4634 ecclesias
796 4593 943 4648 quas
1001 4574 1121 4632 zelo
1174 4592 1491 4631 succensus
1544 4575 1846 4632 charitatis

1939 3424 2095 3479 tione
2117 3421 2348 3492 judicii,
2383 3426 2449 3476 ut
2469 3421 2568 3492 qui
2600 3421 2705 3476 hoc
2735 3420 3101 3493 privilegium
3127 3422 3338 3476 sanctis
3360 3419 3572 3475 Roma-

1940 3531 2025 3568 nae
2055 3510 2208 3566 sedis
2234 3508 2448 3565 violare
2488 3509 2944 3581 praesumpserit,
2995 3512 3269 3564 aeternam
3328 3507 3574 3564 damna-

1939 3598 2157 3657 tionem
2192 3598 2470 3654 incurrat.
2504 3598 2623 3653 Sub
2675 3598 2876 3653 eadem
2930 3597 3339 3664 obtestatione,
3377 3600 3576 3652 nostro

1941 3691 2192 3758 praecatu
2251 3691 2308 3742 et
2353 3687 2574 3758 praefati
2632 3686 3053 3759 archiepiscopi
3103 3685 3432 3742 voluntario
3489 3700 3580 3741 as-

1945 3795 2143 3845 sensu,
2183 3776 2468 3832 remissus
2515 3779 2603 3831 est
2642 3774 2896 3832 ecclesia;
2956 3780 3231 3847 sumptus
3290 3790 3467 3847 quem
3521 3773 3584 3831 in

1948 3869 2094 3923 festo
2119 3865 2305 3922 sancti
2352 3864 2601 3937 Remigii
2656 3850 2982 3936 accipiebat
3043 3863 3346 3920 Remensis
3395 3861 3584 3919 archi-

1950 3957 2278 4029 episcopus.

2018 4046 2229 4101 Datum
2257 4061 2321 4098 III
2346 4043 2540 4099 Nonas
2562 4041 2824 4098 Octobris
2859 4057 2962 4113 per
2999 4056 3243 4097 manum
3274 4041 3428 4096 Petri
3460 4040 3584 4097 dia-

1948 4133 2100 4203 coni,
2124 4131 2547 4188 bibliothecarii
2571 4135 2625 4187 et
2655 4130 2982 4186 cancellarii
3011 4135 3222 4187 sanctae
3257 4128 3586 4203 apostolicis

1950 4224 2129 4289 sedis,
2162 4237 2312 4277 anno
2343 4219 2541 4276 domui
2578 4220 2785 4276 Leonis
2817 4237 2977 4293 papa
3009 4220 3083 4276 IX
3115 4237 3153 4290 ι,
3186 4220 3390 4276 indiet.
3425 4235 3508 4276 III.

1954 4438 2111 4495 Bulla
2133 4438 2324 4493 Leonis
2354 4436 2418 4490 1X
2441 4433 2665 4504 Cedat/‘0
2693 4345 3031 4491 ἐζξιῗιιιεηηςίδ
3078 4436 3337 4491 Ecclesia:
3381 4434 3593 4504 thesau-

2023 4511 2171 4564 rarz'o
2201 4523 2466 4575 concessa,
2510 4502 2618 4577 quo
2662 4522 2845 4562 omnes
2895 4504 3363 4577 possessiones_ad
3417 4502 3591 4577 dotem

2023 4580 2217 4635 altaris
2267 4574 2539 4635 concessas
2592 4577 2809 4649 aliaque
2874 4574 3175 4648 privilegia
3254 4574 3594 4632 Stabulensis

185 4667 457 4734 visitavi,
490 4670 567 4734 et,
599 4665 796 4721 divina
835 4664 1238 4721 misericordia
1295 4681 1386 4719 me
1442 4665 1850 4737 praeveniente,
1882 4676 1928 4741 D
2024 4652 2364 4706 ίῘιεδαῖινανίί
2392 4652 2694 4722 Conﬁrmat-

189 4763 266 4816 ut
296 4756 482 4829 potui,
510 4754 836 4821 emendavi,
868 4753 939 4809 ad
971 4753 1121 4808 hanc
1177 4753 1329 4809 beati
1362 4753 1609 4826 Remigii
1667 4752 1851 4811 eccle-

194 4848 358 4904 siam
390 4843 797 4911 dedicandam,
851 4842 922 4898 de
971 4840 1385 4898 ecclesiasticis
1437 4841 1612 4897 etiam
1662 4843 1857 4898 causis

190 4936 571 4993 tractaturus
601 4936 659 4988 et
688 4931 1061 4999 definiturus,
1099 4929 1323 4997 adveni,
1358 4930 1657 4986 conﬁdens
1688 4947 1857 4987 sanc-

192 5022 459 5081 tissimis
513 5021 740 5077 meritis
771 5020 959 5094 ipsius
1017 5019 1280 5089 adjuvari
1350 5019 1421 5074 ad
1479 5019 1857 5075 obtinendam

194 5111 310 5171 Dei
342 5110 828 5177 misericordiam,
872 5107 922 5164 si
973 5107 1193 5180 aliquid
1242 5107 1485 5181 dignum
1534 5113 1592 5164 et
1638 5125 1858 5166 memo-

196 5199 395 5259 rabile
426 5198 644 5271 egerim
678 5198 750 5254 ad
777 5198 968 5270 ipsius
997 5196 1275 5252 honorem
1333 5201 1390 5252 et
1441 5195 1705 5268 gloriam.
1742 5197 1860 5254 Hac

200 5288 397 5364 igitur
435 5287 700 5343 dedicata
754 5284 1019 5354 ecclesia,
1074 5284 1294 5357 placuit
1346 5284 1482 5340 huic
1542 5284 1752 5341 idonea
1807 5290 1865 5341 et

196 5376 538 5437 laudabilia
567 5374 932 5431 auctoritatis
963 5377 1021 5430 et
1044 5377 1255 5429 nostris
1284 5373 1632 5431 visitationis
1685 5374 1863 5430 relin-

207 5482 397 5541 quere
425 5466 826 5522 monumenta.
865 5462 1269 5520 Deliberamus
1299 5462 1518 5534 itaque,
1559 5466 1616 5517 et
1665 5478 1861 5519 coram

194 5558 325 5615 hac
374 5556 579 5610 sancta
635 5552 857 5626 synodo
912 5550 1380 5625 promulgamus,
1437 5549 1751 5606 statuimus
1804 5555 1863 5607 et

204 5644 660 5709 conﬁrmamus,
714 5645 781 5697 ut
836 5640 960 5698 haec
1026 5640 1271 5697 ecclesia
1331 5639 1439 5696 hoc
1490 5637 1859 5713 privilegium

202 5737 431 5798 nostra
463 5729 826 5791 auctoritatis
857 5747 1038 5804 supra
1084 5733 1319 5787 caeteras
1377 5728 1628 5788 Franciae
1680 5727 1860 5788 eccle-

534 5859 801 5928 ΡΑτιιοι..
847 5855 1106 5935 CXLIII.

2577 4740 2762 4807 (Anno
2794 4737 2976 4804 1049.)

2250 4828 2550 4897 [Martene,
2581 4827 2806 4898 Amplis.
2842 4823 3063 4880 Collect.
3099 4825 3166 4880 ΙΙ.
3198 4824 3315 4894 69.]

2037 4935 2150 4989 Lso
2183 4933 2513 5006 episcOpus,
2548 4950 2750 4988 servus
2781 4934 3080 4988 servorum
3128 4931 3251 5000 Dei,
3313 4929 3605 4998 GEDULFO,

1966 5021 2333 5080 Stabulensis
2364 5021 2616 5078 ecclesiae
2647 5021 3035 5087 thesaurario,
3082 5020 3427 5093 cunctisque
3483 5019 3608 5076 suis

1966 5111 2401 5167 successoribus
2429 5109 2805 5182 apostolicam
2833 5109 3323 5166 benedictionem.

2040 5197 2352 5253 Pastoralis
2381 5214 2529 5252 curae
2578 5197 2882 5269 vigilantia
2936 5196 3173 5271 prepria
3231 5213 3337 5253 nos
3390 5193 3608 5251 sollici-

1970 5286 2172 5342 tudine
2199 5286 2466 5341 hortatur
2494 5290 2560 5341 ut
2583 5286 2743 5341 omni
2788 5287 2986 5343 studio
3044 5284 3368 5342 commodis
3423 5282 3602 5338 eccle-

1971 5376 2194 5430 siarum
2216 5374 2315 5429 Dei
2347 5374 2741 5443 intendamus,
2762 5379 2819 5430 et
2848 5375 3131 5447 quidquid
3158 5373 3339 5446 quieti
3362 5372 3603 5426 fratrum

1971 5468 2028 5518 et
2075 5463 2443 5518 ﬁrmamento
2501 5464 2944 5535 possessionum
3000 5460 3357 5529 conduxerit,
3430 5454 3603 5511 hilari

1971 5551 2165 5607 animo
2195 5556 2251 5607 et
2274 5552 2551 5608 muniﬁco
2581 5553 2834 5624 prmbere
2862 5553 3193 5608 debeamus.
3231 5548 3378 5612 Quia
3424 5543 3603 5617 igitur

1973 5640 2149 5695 frater
2193 5639 2549 5707 Gendull'us,
2596 5640 2957 5696 Stabulensis
3008 5634 3270 5693 Ecclesiae
3322 5633 3597 5696 aedituus,

1970 5727 2182 5787 notitia
2232 5727 2400 5788 nobis
2455 5732 2513 5789 et
2578 5728 2968 5799 familiaritate
3012 5725 3290 5795 acceptus
3320 5766 3338 5799 ,
3416 5719 3601 5795 provi-

3204 5851 3295 5917 20
