3898 6364
427 473 546 535 619

1488 477 1552 534 s.
1600 473 1875 534 LEONIS
1922 471 2000 536 1x
2049 475 2275 534 mea:
2319 475 2754 538 OPUSCULA.
3663 447 3670 452 ’
3709 474 3798 536 διο

429 603 687 660 dentiam
709 608 970 660 nostram
1003 603 1203 674 adivit,
1246 608 1448 675 petens
1480 609 1543 658 ut
1588 605 1778 659 ofﬁcio
1837 606 1928 659 cui
1960 607 2058 660 de-
2088 610 2140 672 Α
2241 607 2449 662 Datum
2473 626 2530 662 ιιι
2564 609 2758 662 Nonas
2789 606 3056 663 Octobris
3101 622 3206 679 per
3237 619 3500 662 manum
3532 604 3676 660 Petri
3706 605 3798 661 dia-

428 692 615 748 dervit
643 696 853 748 nostrae
871 691 1232 748 auctoritatis
1245 693 1472 747 decreto
1499 693 1930 748 ﬁrmamentum
1960 695 2062 748 ad-

431 781 728 836 deremus.
787 781 923 846 Nos,
956 785 1012 836 et
1039 780 1307 852 aequitate
1336 781 1579 850 justitiae
1613 785 1668 836 et
1698 781 1901 836 sedula
1949 783 2059 837 fra-

425 868 534 925 tris
564 868 844 941 petitione
873 868 1232 933 commoniti,
1267 869 1569 940 praesentis
1601 869 1786 923 edicto
1838 871 2058 942 paginae

429 973 634 1014 omnes
663 957 1060 1030 possessiones
1091 973 1215 1028 qua:
1247 957 1317 1011 ad
1365 957 1558 1011 dotem
1607 957 1804 1012 altaris
1856 975 2060 1029 supra-

429 1045 595 1102 dicta
622 1045 873 1102 ecclesize
909 1045 1191 1116 pertinere
1221 1050 1563 1111 noscuntur,
1596 1044 1898 1100 inviolatas
1932 1062 2060 1115 per-

433 1149 665 1190 manere
693 1133 1126 1190 constituimus.
1156 1133 1532 1204 Przecipimus
1561 1133 1738 1188 etiam
1795 1139 1876 1199 ut,
1911 1133 2062 1188 sicut

430 1220 712 1278 hactenus
746 1220 900 1276 idem
959 1220 1160 1286 frater,
1203 1237 1334 1274 cum
1396 1221 1519 1274 suis
1573 1220 2058 1282 antecessoribus,

428 1308 731 1365 ratiocinia
756 1324 866 1365 sua
884 1308 943 1364 in
961 1308 1044 1364 eis
1061 1307 1161 1380 qui
1182 1308 1382 1364 vinum
1409 1313 1508 1363 aut
1548 1307 1744 1379 plures
1793 1309 2061 1363 denarios

427 1397 498 1452 ad
529 1395 709 1453 altare
754 1413 858 1468 pro
889 1413 1064 1452 sensu
1093 1395 1300 1467 capitis
1335 1395 1687 1466 persolvunt,
1749 1397 1874 1450 sine
1925 1413 2058 1450 con-

425 1485 772 1540 tradictione
801 1483 1040 1556 accepit,
1063 1483 1144 1539 ita
1171 1483 1446 1554 deinceps
1468 1500 1600 1538 cum
1622 1483 2061 1538 successoribus

427 1573 552 1629 suis
572 1571 859 1628 immobili
881 1572 1156 1627 ﬁrmitate
1176 1571 1460 1639 obtineat;
1488 1572 1539 1626 id
1559 1573 1940 1643 estquidquid
1961 1590 2060 1643 pro

426 1660 822 1717 interiectione
850 1660 960 1715 viri
991 1660 1102 1728 sui,
1133 1659 1221 1716 vel
1253 1677 1354 1731 pro
1405 1661 1683 1714 etlusione
1735 1678 1830 1714 sar.
1845 1661 2058 1730 guinis,

423 1749 511 1806 vel
543 1765 646 1822 pro
673 1749 995 1822 imparibus
1027 1748 1247 1820 nuptiis
1290 1748 1552 1804 szeculari
1605 1749 1738 1820 jure
1783 1747 2060 1822 persolvi-

423 1843 542 1909 tur,
575 1838 648 1893 ad
682 1836 1112 1893 thesaurarium
1142 1836 1394 1892 ecclesiae
1449 1837 1574 1892 sine
1630 1836 1748 1892 ulla
1805 1838 2059 1909 refraga-

423 1927 578 1982 tione
618 1927 930 1998 perveniat.
993 1927 1106 1982 Nec
1163 1925 1330 1980 liccat
1377 1926 1686 1980 abbatibus
1740 1930 1840 1980 aut
1887 1925 2056 1981 alicui

424 2014 886 2088 priapositorum,
919 2013 1007 2070 vel
1038 2031 1279 2070 censum
1337 2013 1554 2084 ipsum,
1613 2013 1698 2068 vel
1760 2015 2060 2069 ratiocinia

424 2119 550 2176 quae
583 2119 650 2159 ex
675 2103 1026 2176 supradictis
1054 2107 1110 2158 et
1167 2101 1299 2158 aliis
1351 2101 1528 2157 rebus
1581 2103 1946 2174 proveniunt,
1999 2103 2059 2157 in

425 2191 659 2248 feodum
689 2191 849 2260 dare,
877 2191 966 2248 vel
995 2191 1108 2248 alio
1140 2208 1490 2262 quocunque
1517 2192 1686 2246 modo
1738 2192 1882 2262 ipsis
1925 2191 2059 2245 rodi-

425 2281 544 2336 tuis
572 2279 754 2336 ullam
785 2280 1230 2335 diminutionem
1261 2279 1347 2334 vel
1377 2279 1782 2334 alienationem
1815 2280 1946 2334 inde
1974 2281 2060 2334 t'a-

429 2384 576 2424 cere.
609 2368 770 2435 Quod
819 2367 1154 2438 quicunque
1207 2367 1662 2438 przesumpserit,
1712 2367 1860 2421 beati
1911 2367 2060 2422 Petri

428 2460 487 2512 et
514 2459 714 2511 nostra
741 2455 1079 2510 auctoritate
1109 2455 1496 2510 anathematis
1527 2455 1754 2510 vinculo
1781 2455 2058 2510 irrevoca-

428 2542 625 2600 biliter
666 2542 940 2616 illigetur.
965 2545 1098 2609 Hoc,
1130 2544 1283 2615 quod
1306 2560 1408 2615 pro
1438 2543 1822 2614 amplitudine
1842 2561 2063 2616 posses-

428 2631 662 2690 sionum
693 2649 935 2688 suorum
966 2631 1049 2688 illi
1108 2631 1362 2688 ecclesiae
1421 2632 1918 2703 pernecessarium
1952 2637 2058 2696 est,

427 2721 579 2778 beati
600 2721 752 2778 Petri
776 2721 1116 2778 auctoritate
1139 2719 1423 2775 immobili
1473 2721 1704 2775 decreto
1735 2725 2059 2786 tirmatnus,

427 2815 512 2879 ut,
545 2809 904 2882 quiabeatus
939 2808 1246 2865 Remaclus
1304 2809 1610 2880 utriusque
1669 2807 1776 2863 loci
1835 2810 2061 2880 primus

427 2899 718 2968 fundator,
750 2898 948 2954 relicto
980 2898 1307 2970 Tungrensi
1337 2897 1670 2969 episcopatu
1693 2914 1826 2952 cum
1860 2897 2062 2953 infulis

433 2985 886 3058 pontificalibus,
918 2986 1139 3042 eisdem
1168 2985 1310 3040 locis
1341 2985 1567 3056 primus
1601 2986 1780 3041 abbas
1813 2985 2061 3057 praefuit,

432 3073 708 3130 omnibus
735 3074 1072 3130 eorumdem
1101 3073 1360 3128 locorum
1408 3073 1720 3128 abbatibus
1781 3075 1951 3128 ﬁrma
2009 3078 2065 3128 et

432 3162 616 3218 libera
645 3161 862 3234 ligandi
892 3165 1066 3232 atque
1095 3160 1352 3216 solvendi
1399 3166 1654 3232 potestas
1708 3169 2063 3234 permaneat,

432 3255 491 3306 et
519 3266 716 3306 rerum
748 3266 989 3306 suarum
1019 3249 1314 3306 invasores
1342 3267 1376 3305 a
1432 3249 1864 3306 Christianitate
1931 3269 2063 3306 sus-

2171 695 2320 758 coni,
2343 696 2763 750 bibliothecarii
2794 701 2851 750 et
2875 695 3203 750 cancellarii
3239 698 3472 750 sanctas
3503 691 3796 764 apostolica

2171 783 2348 848 sedis,
2382 800 2534 838 anno
2564 783 2763 838 domni
2795 799 2956 856 papa
2977 783 3187 838 Leonis
3227 781 3381 838 noni
3436 779 3646 854 primo,
3674 780 3794 836 indi-

2171 871 2358 925 ctione
2389 873 2576 925 tertia.

2974 969 3064 1023 Xl.

2974 969 3018 1023 Χ
3052 1011 3064 1022 .

2171 1058 2224 1112 S.
2259 1059 2359 1112 Leo
2389 1059 2453 1112 IX
2477 1057 2762 1126 conﬁrmat
2799 968 3106 1128 privilegia
3151 1057 3411 1112 abbatia?
3438 1059 3501 1112 S.
3567 1056 3793 1128 Dionysii.

2787 1162 2972 1234 (Anno
3007 1163 3192 1234 1049.)

2169 1268 2458 1338 [Doublet,
2509 1271 2744 1323 Histoire
2817 1268 2882 1323 de
2936 1268 3193 1340 l'abbaye
3261 1268 3335 1324 de
3421 1269 3581 1324 Saint
3628 1269 3791 1340 Donys,

2823 1286 2882 1323 ae
2936 1286 3140 1324 ιιιοοαι

2823 1354 2954 1412 pag.
2991 1286 3158 1413 46Lf

2239 1454 2368 1518 Leo,
2403 1471 2602 1508 servus
2634 1470 2932 1509 servorum
2972 1453 3072 1508 Dei
3104 1457 3161 1510 et
3217 1452 3504 1509 Ecclesiae
3559 1453 3789 1509 Romane

2170 1543 2500 1612 episcopus,
2535 1542 2769 1612 regibus
2799 1547 2854 1596 et
2893 1543 3166 1609 ducibus,
3220 1543 3603 1615 principibus
3647 1549 3788 1614 atque

2171 1631 2654 1696 dominatoribus,
2688 1636 2743 1685 et
2773 1632 2858 1686 eis
2879 1631 2980 1702 qui
3006 1648 3162 1687 nunc
3182 1636 3410 1686 suntet
3440 1631 3663 1687 venturi
3680 1635 3790 1686 sunt

2172 1719 2384 1772 tuturis
2409 1718 2788 1790 temporibus.

2239 1807 2521 1870 Quoniam
2549 1807 2729 1876 justis
2761 1807 3142 1878 petitionibus
3181 1823 3511 1864 assensum
3561 1811 3788 1863 nostrum

2171 1895 2422 1965 przebere
2453 1898 2510 1947 et
2539 1894 2804 1949 Ecclesize
2860 1900 3074 1950 sancta:
3120 1895 3450 1967 vigilanter
3478 1895 3786 1951 utilitatibus

2168 1987 2390 2053 oportet
2419 1982 2713 2050 inservire,
2747 1989 2855 2038 Uco
2889 1989 3086 2038 nostro
3117 1984 3244 2039 sine
3309 1985 3500 2040 dubio
3557 2000 3652 2056 per
3703 1984 3786 2038 hoc

2170 2087 2473 2141 speramus
2497 2087 2603 2125 nos
2625 2069 2928 2141 placere,si
2947 2089 3038 2128 res
3064 2077 3122 2126 et
3140 2071 3581 2128 ecclesiasticas
3608 2070 3782 2128 consti-

2171 2159 2441 2217 tutiones.
2475 2175 2507 2213 a
2539 2159 2755 2213 sanctis
2779 2160 3048 2215 Patribus
3079 2161 3161 2215 ita
3190 2165 3257 2215 ut
3291 2160 3628 2216 constitute:
3656 2163 3782 2221 sunt,

2169 2264 2447 2317 cogamus
2480 2264 2836 2317 permanere,
2861 2253 2936 2315 et,
2963 2265 3033 2303 ne
3055 2249 3341 2321 deinceps
3363 2249 3440 2304 ab
3471 2247 3676 2320 iniquis
3693 2247 3782 2301 im-

2171 2351 2322 2404 pune
2353 2341 2820 2405 corrumpantur,
2858 2342 3057 2391 nostra
3113 2338 3474 2392 auctoritate
3531 2337 3779 2392 roborare.

2170 2425 2528 2493 Quapropter
2559 2431 2760 2476 notum
2793 2424 3040 2478 facimus
3071 2425 3475 2496 praesentibus
3504 2430 3560 2480 et
3584 2423 3778 2490 futuris,

2170 2511 2442 2565 omnibus
2459 2511 2721 2566 videlicet
2746 2512 2981 2584 regibus
3000 2518 3058 2568 et
3089 2513 3724 2585 ducibus,principibus
3740 2515 3782 2565 et

2170 2598 2655 2663 dominatoxibus,
2689 2616 2790 2654 seu
2821 2599 3049 2656 cunctis
3080 2599 3427 2672 apostolicae
3459 2600 3610 2657 sedis
3638 2597 3780 2654 ﬁdeli-

2172 2689 2300 2747 bus.
2335 2689 2482 2758 quod
2519 2687 2866 2743 venerabilis
2923 2689 3107 2744 abbas
3155 2690 3323 2761 [lngo
3385 2694 3446 2745 et
3499 2687 3780 2744 monachus

2171 2775 2506 2831 monasterii
2537 2776 2684 2830 beati
2703 2777 2957 2849 Dionysii
2981 2777 3280 2850 martyris,
3316 2778 3420 2834 ubi
3443 2778 3567 2850 ipse
3581 2781 3780 2832 sanctus

2172 2865 2228 2918 in
2251 2880 2406 2934 eoi-pi
2431 2884 2483 2916 ιν
2507 2866 2833 2934 requiescit,
2860 2870 3121 2922 nostram
3153 2867 3618 2923 benevolentiam
3635 2863 3780 2938 preci-

2170 2953 2279 3006 bus
2306 2953 2708 3023 imploravere,
2740 2959 3030 3025 quatenus
3052 2954 3362 3028 privilegia
3392 2957 3578 3012 eidem
3610 2969 3778 3010 mona-

2171 3040 2346 3096 sterio
2368 3058 2400 3094 a
2417 3041 2652 3097 domino
2675 3043 2995 3112 Dagoberto
3020 3043 3383 3100 Francorum
3428 3061 3580 3117 rege,
3623 3043 3778 3116 ipsius

2169 3128 2279 3184 loci
2303 3130 3034 3199 fundatore,coucessa,sed
3059 3137 3117 3187 et
3136 3131 3455 3190 Clodovius
3477 3133 3625 3188 ﬁlius
3655 3131 3776 3202 ejus,

2172 3235 2488 3290 regumque
2508 3219 2683 3272 simul
2701 3235 2901 3274 eorum
2925 3221 3190 3276 omnium
3213 3220 3652 3278 immunitatum
3671 3235 3778 3274 con-

436 3338 686 3411 pendere
734 3339 1065 3411 iterumque
1119 3305 1179 3393 et
1215 3337 1611 3393 communioni
1669 3305 1878 3393 sane“:
1938 3305 2057 3395 mp
2093 3331 2135 3397 ρ
2173 3306 2552 3371 firmationes,
2577 3308 2912 3379 quicunque
2943 3326 3112 3364 suam
3147 3309 3230 3364 illi
3261 3311 3618 3366 monasterio
3653 3305 3777 3362 beati

435 3427 645 3484 tituere
675 3426 1042 3500 prevaleant.

503 3515 648 3572 Data
673 3516 870 3572 Remis
891 3533 950 3572 ιιι
972 3515 1165 3571 Nonas
1186 3515 1520 3570 Decembris
1543 3516 1708 3585 (125),
1728 3531 1829 3586 per
1855 3505 2065 3572 manus

433 3604 584 3660 Petri
613 3603 861 3668 diaconi,
891 3603 1314 3659 bibliothecarii
1363 3608 1420 3658 et
1469 3603 1793 3660 cancellarii
1829 3592 2062 3660 'sanctaa

431 3697 490 3748 et
513 3690 844 3764 apostolica:
881 3691 1057 3760 sedis,
1102 3707 1254 3746 anno
1292 3691 1603 3747 Dominicis
1648 3691 2062 3748 incarnationis

431 3779 589 3850 1049,
612 3795 764 3836 anno
785 3778 983 3834 domni
1001 3779 1207 3834 Leonis
1242 3779 1378 3836 noni
1409 3797 1567 3852 papa:
1605 3782 1879 3848 secundo,
1911 3781 2061 3836 indi-

429 3868 620 3924 ctione
653 3884 727 3923 IV.

1203 3957 1316 4012 XX.

429 4046 683 4102 S.Leonis
702 4047 767 4100 IX
777 4047 1133 4116 privilegium
1146 4045 1209 4100 de
1225 4047 1571 4100 immunitate
1583 4049 1857 4116 prioratus
1874 4048 2063 4104 Sancti

498 4115 892 4186 Μαι-εαιίὶίδειι
919 4115 1160 4172 ecclesiae
1178 4117 1244 4170 de
1279 4115 1617 4183 Corbiniaco,
1665 4135 1699 4172 a
1726 4121 2057 4175 monasterio

497 4186 688 4242 Sancti
715 4187 949 4256 Remigii
973 4187 1339 4258 dependentis.

1041 4274 1232 4345 (Anno
1272 4275 1444 4345 l0i9.)

425 4361 694 4434 [Marlot;
724 4361 1058 4435 Metropolis
1109 4363 1410 4420 Bernensis
1457 4365 1730 4420 Historia.
1782 4366 1852 4431 Il,
1904 4365 2050 4437 108.]

491 4452 768 4524 Congruit
787 4449 1138 4524 apostolatui
1152 4456 1347 4508 nostro
1369 4470 1471 4524 pro
1487 4453 1768 4509 universis
1781 4454 2052 4511 Ecclesiis

420 4541 622 4609 Dei,ne
641 4541 856 4597 damna
875 4558 1070 4597 rerum
1088 4557 1329 4597 suarum
1377 4541 1834 4610 sustineant,sed
1863 4543 2050 4615 magis

419 4632 477 4686 in
509 4629 722 4687 melius
752 4637 1074 4704 augeantur
1129 4635 1186 4686 et
1243 4635 1526 4697 crescant,
1557 4647 1756 4687 curam
1813 4631 2045 4688 habere.

417 4719 623 4793 Igitur,
656 4718 796 4791 quia
817 4719 1194 4775 fraternitatis
1210 4723 1321 4774 tua:
1349 4718 1579 4774 dilectio
1603 4736 1708 4774 nos
1739 4719 2048 4791 postulavit

414 4811 705 4878 quatenus
727 4805 1144 4863 monasterium
1175 4807 1330 4878 quod
1355 4823 1590 4878 corpore
1612 4809 1760 4864 beati
1786 4808 2046 4864 Marculti

415 4893 777 4959 nobilitatur,
801 4902 855 4949 et
875 4895 934 4949 in
971 4895 1305 4968 episcopatu
1330 4896 1699 4952 Laudunensi
1731 4897 1910 4952 situm
1938 4901 2046 4963 est,

415 4977 714 5050 privilegio
745 4984 956 5034 sanctae
989 4981 1144 5036 sedis
1174 4981 1498 5052 apostolicae
1531 4983 2045 5056 muniremus,quo

415 5066 488 5122 ad
517 5064 618 5121 Dei
649 5067 1060 5136 omnipotentis
1084 5067 1316 5124 laudem
1372 5075 1428 5125 et
1477 5072 1739 5140 ejusdem
1781 5072 2042 5128 Merculﬁ

413 5152 916 5210 honorificentiam
949 5154 1168 5212 nullius
1193 5156 1448 5212 hominis
1469 5159 1706 5214 avaritia
1725 5165 1781 5214 et
1809 5160 2044 5215 temeri-

410 5246 531 5301 tate
559 5240 748 5299 valeat
775 5241 832 5296 in
866 5259 1160 5314 quoquam
1192 5245 1388 5300 minus
1426 5245 1646 5314 violari,
1698 5249 1793 5300 sed
1848 5248 2043 5316 potius

411 5335 695 5407 augeatur
723 5335 778 5385 et
805 5335 1059 5386 crescat:
1095 5337 1327 5402 propter
1362 5333 1748 5388 interventum
1798 5339 1908 5388 tuae
1955 5336 2044 5389 di-

408 5420 674 5480 lectionis
703 5419 1122 5477 confirmamus
1153 5423 1209 5474 et
1233 5420 1676 5476 corroboramus
1701 5421 1810 5478 hoc
1844 5427 2041 5479 nostro

409 5509 772 5568 auctoritatis
827 5507 1127 5582 privilegio
1183 5507 1368 5563 eidem
1434 5511 1783 5566 monasterio
1837 5527 2040 5566 omnes

410 5598 828 5670 possessiones,
857 5601 966 5654 etc.

2175 3394 2432 3466 Dionysii
2464 3394 2733 3465 martyris
2762 3397 3166 3454 auctoritatem
3197 3399 3636 3473 promulgantes
3660 3411 3775 3468 pre-

2173 3481 2470 3548 stiterunt,
2490 3483 2590 3538 sed
2612 3487 2668 3538 et
2688 3483 3056 3557 privilegium
3097 3487 3256 3556 quod
3281 3487 3421 3543 fecit
3447 3485 3709 3542 Dominus
3732 3483 3776 3536 et

2171 3570 2515 3626 venerabilis
2538 3571 2910 3640 Landericus,
2937 3573 3236 3645 parisiacas
3267 3577 3438 3631 urbis
3481 3575 3772 3647 episcopus,

2171 3677 2289 3714 una
2310 3676 2442 3714 cum
2465 3677 2752 3716 consensu
2771 3677 3012 3717 suorum
3035 3663 3454 3720 canonicorum
3485 3661 3773 3736 pariterque

2173 3747 2422 3819 regionis
2437 3747 2595 3803 illius
2613 3749 3406 3821 episcoporum,delibertate
3425 3757 3482 3808 et
3501 3748 3771 3808 emissione

2169 3836 2509 3891 clericorum
2529 3837 2586 3891 in
2606 3838 2730 3893 suis
2746 3837 3050 3895 ordinibus
3061 3839 3526 3913 omnibus,quod
3546 3835 3771 3894 videlicet

2168 3941 2391 3991 omnes,
2417 3925 2740 3980 secundum
2767 3930 2952 3984 metas
2974 3944 3008 3982 a
3036 3943 3099 3983 se
3129 3928 3438 3997 discretas,
3470 3928 3526 3983 in
3556 3926 3768 3981 circum-

2168 4013 2387 4084 scripto
2417 4012 2540 4068 loco
2569 4011 2827 4070 ecclesiis
2858 4016 3177 4072 servientes
3225 4034 3260 4072 a
3303 4034 3414 4074 sua
3460 4021 3515 4072 et
3542 4011 3766 4072 omnium

2165 4117 2406 4157 suorum
2435 4118 2836 4158 successorum
2871 4108 3153 4175 potestate
3191 4105 3466 4173 absolvit,
3512 4107 3568 4160 et
3604 4096 3764 4158 abbati

2165 4195 2220 4246 et
2251 4189 2528 4246 fratribus
2561 4191 2866 4247 monachis
2897 4193 3218 4266 supradicti
3242 4191 3575 4251 monasterii
3591 4203 3763 4260 regen-

2163 4279 2304 4333 dum
2316 4279 2815 4350 etdiSponendum
2829 4281 3182 4337 contradidit
3197 4286 3762 4352 sanctorunnquepm—

2162 4368 2532 4422 decessorum
2564 4372 2918 4437 nostrorum,
2974 4370 3373 4427 Romanorum
3443 4367 3758 4444 pontiﬁcum,

2158 4455 2466 4524 Zacharias,
2487 4456 2785 4528 Stephani,
2819 4457 3046 4526 Leonis,
3080 4459 3344 4528 Adriani,
3378 4457 3590 4516 Nicolai
3617 4449 3757 4527 privi-

2156 4543 2440 4615 legiorum
2473 4545 2704 4600 decreta
2733 4550 2934 4602 sancta
2983 4552 3043 4602 et
3087 4547 3413 4620 apostolica
3461 4541 3756 4604 auctoritate

2157 4633 2519 4701 confirmata,
2554 4650 2656 4688 nec
2686 4651 2801 4689 non
2833 4633 3200 4708 privilegium
3233 4637 3436 4693 domui
3480 4635 3650 4690 Ense:
3672 4629 3754 4684 Pa-

2155 4720 2418 4776 risiensis
2435 4721 2597 4775 urbis
2615 4722 2868 4793 episcopi
2893 4727 2949 4777 et
2977 4724 3389 4796 episcoporum
3416 4724 3568 4780 illius
3594 4714 3752 4792 patrie

2157 4809 2228 4864 de
2260 4808 2518 4879 prredicti
2547 4807 2656 4864 loci
2689 4810 3182 4880 corroboratione,
3218 4813 3574 4886 temporibus
3600 4799 3749 4864 Caroli

2156 4898 2307 4967 regis
2341 4897 2580 4964 factum,
2641 4915 2746 4954 nos
2803 4899 3044 4955 demum
3102 4917 3348 4958 manum
3405 4898 3742 4974 imponentesi

2155 4991 2352 5040 nostra
2383 4985 2552 5041 etiam
2583 4987 2964 5059 dignaremur
2993 4990 3286 5046 roborare.

2224 5073 2598 5130 Providentes
2615 5092 2751 5147 ergo
2773 5076 2962 5132 eidem
2993 5077 3246 5134 ecclesias
3268 5085 3326 5135 et
3348 5081 3420 5136 ad
3461 5073 3742 5134 munimen-

2153 5167 2278 5215 tum
2304 5161 2521 5233 prmlati
2549 5163 2626 5217 ibi
2652 5164 2904 5230 abbatis,
2936 5176 3112 5237 atque
3146 5166 3391 5224 fratrum
3417 5160 3742 5241 praesentium

2150 5253 2206 5304 et
2235 5249 2586 5316 futurorum,
2611 5251 2707 5322 qui
2735 5251 2792 5306 in
2817 5251 2942 5323 ipso
2963 5254 3279 5310 venerabili
3306 5249 3640 5312 monasterio
3653 5244 3740 5300 Deo

2153 5337 2403 5394 militare
2424 5339 2899 5405 vidcantur,utile
2918 5341 3060 5412 fore,
3083 5343 3426 5402 auctoritate
3447 5340 3588 5399 beati
3622 5326 3739 5390 Petri

2149 5426 2394 5496 apostoli
2444 5427 2636 5498 (cujus
2693 5445 2799 5484 nos
2859 5429 3135 5487 immeriti
3193 5433 3398 5489 vicarii
3455 5424 3659 5494 sumus)
3696 5419 3738 5472 οι

2149 5518 2358 5568 nostra:
2390 5515 2688 5588 privilegio
2720 5517 2942 5590 paginae
2993 5521 3408 5591 praedictorum
3439 5531 3624 5592 regum
3657 5520 3736 5564 se“

2148 5603 2638 5672 praedecessorum
2671 5611 3006 5663 nostrorum
3035 5613 3094 5666 et
3115 5609 3521 5684 episcoporum
3546 5611 3734 5660 venera-

477 5701 767 5792 (1252313
791 5720 873 5761 ιιι.
905 5704 1044 5767 Nan.
1075 5703 1378 5768 Decembris
1421 5701 1730 5778 legendum
1787 5720 1851 5763 ιιι
1901 5705 2035 5766 Νοη.

2169 5708 2370 5781 labris;
2431 5725 2535 5772 nec
2591 5710 2816 5786 reliqua
2871 5715 3155 5790 temporis
3211 5715 3387 5792 signa
3429 5711 3576 5774 vitiis
3619 5714 3734 5784 pm

409 5773 567 5840 sunt.
599 5772 788 5834 Jun.
