3898 6366
95 501 209 563 621

94 633 308 688 bilium
343 634 608 704 ejusdem
643 635 842 708 patriae
876 635 1106 689 decreta
1135 637 1502 700 roboramus,
1536 649 1736 704 regum
1769 644 1819 707 Α

93 722 362 777 omnium
396 724 720 795 potentiam
752 725 872 779 sive
903 741 1308 777 successorum
1353 731 1682 778 nostrorum
1715 739 1747 776 a

91 811 326 866 Christo
348 812 627 867 creditam
649 813 1053 867 auctoritatem
1099 813 1479 879 obtestantes,
1541 829 1611 866 ne
1671 811 1744 866 lo-

90 918 229 956 cum
253 901 438 956 sancti
464 901 742 973 Dionysii,
773 901 986 957 Christi
1012 901 1444 974 martyris,suis
1493 901 1742 955 auctori-

88 991 316 1046 tatibus
335 995 392 1046 et
412 989 728 1062 privilegiis
752 989 1204 1060 roboratum,vel
1229 1006 1328 1061 per
1349 989 1520 1055 se,vel
1548 1007 1646 1061 per
1664 989 1741 1043 si-

90 1078 149 1134 bi
181 1079 448 1134 subditos
496 1096 732 1152 quoquo
790 1080 962 1134 modo
1012 1079 1281 1134 temerari
1337 1079 1637 1150 patiantur
1679 1076 1740 1132 in

89 1183 300 1222 aevum.
325 1167 664 1224 Sancientes
691 1168 868 1238 igitur
885 1167 1337 1240 promulgamus
1362 1184 1430 1222 ne
1454 1167 1608 1222 ullus
1629 1165 1741 1221 ali-

90 1257 329 1327 quando
353 1256 655 1312 Parisiacae
680 1257 841 1312 urbis
864 1257 1197 1328 episcopus,
1239 1273 1474 1327 quaqua
1519 1255 1740 1310 ratione

89 1343 177 1398 vel
200 1361 552 1416 quacunque
579 1362 775 1414 causa,
797 1346 995 1400 abbati
1023 1347 1107 1399 vel
1162 1346 1438 1398 lrntribus
1477 1343 1736 1416 praedicti

89 1435 200 1488 loci
225 1436 294 1488 de
317 1433 684 1506 parochianis
709 1435 1010 1502 suis,t'aclo
1033 1436 1184 1506 apud
1210 1451 1342 1488 eum
1367 1433 1618 1488 clamore
1641 1451 1736 1488 su-

90 1542 193 1595 per
213 1523 306 1578 his
329 1541 454 1594 qum
482 1523 1206 1593 malefacerint,justitiam
1249 1523 1525 1591 deneget:
1575 1523 1731 1593 quod

89 1613 137 1668 si
161 1612 381 1677 fecerit,
404 1610 851 1683 sicutsingulari
878 1611 1172 1682 privilegio
1195 1613 1448 1666 domnus
1487 1610 1732 1681 Stepha-

89 1717 224 1767 nus,
251 1705 585 1755 antecessor
605 1703 821 1763 noster,
845 1701 1128 1754 concessit
1149 1699 1231 1754 eis
1254 1704 1593 1770 potestatem
1627 1697 1728 1753 eli-

87 1791 261 1862 gendi
285 1807 354 1844 ex
375 1805 435 1843 se
457 1795 512 1843 et
533 1787 780 1842 habendi
800 1788 1161 1860 episcopum,
1187 1788 1265 1842 ita
1287 1794 1341 1842 et
1360 1805 1463 1842 nos
1481 1804 1582 1859 per
1613 1787 1729 1842 sin-

85 1881 286 1950 gulare
306 1878 670 1950 privilegium
696 1883 961 1933 nostrum
983 1878 1066 1932 eis
1097 1877 1469 1932 concedimus
1500 1883 1580 1942 ut,
1605 1877 1726 1932 vice

88 1967 271 2022 nostri
297 1967 573 2032 nominis,
597 1966 846 2021 habeant
871 1970 1212 2038 potestatem
1246 1965 1606 2036 percutiendi
1627 1982 1724 2021 eos

86 2057 459 2112 anathemate
481 2061 538 2111 et
559 2055 852 2110 relaxandi
879 2060 1009 2126 post
1057 2055 1533 2116 satisfactionem,
1582 2055 1734 2110 sicut

1055 501 1466 564 EPISTOLJE
1509 503 1610 563 ET
1653 499 2015 563 DECRETA
2061 501 2532 565 PONTIFICIA.

1761 2014 1808 2079 B

3375 463 3508 572 θεέ

2481 639 2666 706 (Anno
2701 639 2884 708 1049.)

1931 723 2041 777 Lso
2081 723 2405 796 episcopus,
2442 743 2645 780 servus
2676 743 2977 781 servorum
3039 727 3158 794 Dei,
3216 727 3492 784 omnibus

1859 818 2066 865 sancta:
2089 813 2347 867 Ecclesia:
2369 814 2502 870 [iiiis
2523 821 2637 869 tam
2659 816 3044 886 praesentibus
3061 833 3240 888 quam
3259 817 3492 872 futuris.

1924 901 2148 955 Gratias
2182 908 2415 972 agentes
2447 903 2562 958 Deo
2593 910 2650 958 et
2671 905 2918 959 Domino
2948 904 3089 960 Jesu
3119 905 3369 975 Christo,
3393 905 3494 978 qui

1853 990 2310 1044 mediocritatem
2342 997 2602 1046 nostram
2644 992 2818 1048 nullis
2877 994 3102 1048 meritis
3157 993 3367 1050 fultam
3419 995 3493 1050 ad

1850 1077 2175 1146 apostolica:
2211 1083 2397 1133 tamen
2432 1081 2588 1134 sedis
2614 1080 2844 1135 culmen
2874 1083 3080 1151 evexit,
3114 1088 3171 1137 et
3202 1082 3493 1155 synodali-

1858 1166 1968 1220 bus
1990 1167 2235 1221 decretis
2266 1168 2336 1221 de
2373 1185 2609 1239 corpore
2647 1187 2820 1224 sacrae
2853 1170 3334 1238 Christianitatis,
3396 1173 3489 1228 cui

1855 1254 1978 1323 ipse
2004 1261 2180 1325 caput
2199 1256 2509 1326 est,aliqua
2527 1259 3054 1314 inconvenientiaet
3073 1261 3245 1315 etiam
3272 1278 3486 1317 nocen-

1849 1343 1920 1396 tis
1951 1350 2256 1414 amputare
2278 1346 2583 1411 Concessit,
2609 1364 2708 1417 per
2729 1347 2876 1402 hanc
2898 1355 3110 1404 nostrae
3155 1351 3487 1422 praeceptio-

1851 1431 1941 1484 nis
1964 1432 2235 1503 paginam
2258 1432 2675 1489 innotescimus
2700 1452 2898 1490 eorum
2921 1437 3118 1507 aliqua
3137 1454 3260 1509 quae
3294 1439 3483 1510 gessi-

1851 1521 2310 1588 n.usins.ynodo
2357 1521 2796 1591 ltioguntina,in
2845 1540 2961 1593 qua
3011 1524 3177 1578 nobis
3229 1526 3492 1581 consedit

1849 1609 2310 1678 prudentissima
2329 1610 2430 1664 lilii
2451 1611 2632 1664 uestri
2650 1612 2936 1666 llenricill
2955 1611 3348 1669 Romanorum
3378 1614 3492 1670 im-

1847 1699 2130 1767 peratoris
2152 1699 2450 1767 maiestas,
2470 1699 2909 1772 multorumque
2924 1704 3238 1757 l'ratrumet
3266 1703 3490 1776 coepis-

1849 1802 2012 1856 copo:
2031 1805 2124 1840 uin
2147 1794 2475 1842 nostrorum
2493 1805 2596 1844 nec
2611 1806 2724 1843 non
2740 1789 3016 1844 abbatum
3036 1792 3492 1850 reverendasan-

1832 1878 1903 1930 cti
1917 1876 2400 1940 tas,lionestorum
2416 1875 2760 1932 clericorum
2774 1878 3242 1949 atquelaicorum
3256 1881 3489 1954 religio-

1843 1982 2042 2019 sorum
2091 1971 2373 2036 praesente
2423 1984 2532 2020 non
2558 1983 2735 2037 parva
2766 1966 3164 2024 multitudine.
3199 1969 3490 2026 Damnata

1840 2054 1996 2108 enim
2030 2053 2348 2108 simoniaca
2390 2055 2594 2109 haeresi
2623 2071 2806 2126 eaque
2836 2055 3114 2111 radicitus
3143 2057 3481 2130 exstirpata,

1843 2160 1976 2196 cum
2003 2142 2072 2196 de
2103 2143 2312 2196 divinis
2345 2144 2550 2198 officiis
2583 2148 2638 2197 et
2669 2144 2850 2198 sacris
2893 2143 3199 2201 ordinibus
3254 2145 3484 2203 diversa

1841 2236 2276 2301 emergerentur
2307 2231 2554 2303 negotia,
2587 2248 2718 2286 ecce
2749 2231 2988 2302 quidam
3047 2233 3350 2289 Bertaldus
3381 2251 3482 2291 no-

1841 2318 1995 2373 mine
2024 2337 2219 2374 coram
2250 2337 2311 2374 se
2342 2319 2582 2391 protulit
2609 2337 2788 2392 seque
2813 2320 3316 2394 archiepiscopum
3371 2323 3480 2380 Ve-

1841 2408 2079 2461 sonticae
2111 2426 2238 2463 esse
2283 2407 2574 2478 clamavit,
2609 2425 2792 2480 eaque
2822 2410 2892 2465 de
2947 2427 3006 2465 re
3053 2410 3482 2482 querimoniam

1841 2513 1903 2550 se
1937 2495 2078 2551 velle
2105 2499 2306 2562 facere,
2340 2499 2480 2568 quia
2511 2496 2714 2552 multis
2736 2499 2862 2568 jam
2895 2498 3066 2555 annis
3095 2504 3252 2556 esset
3279 2484 3485 2557 conse-

1838 2592 2033 2640 cratus
2067 2602 2168 2640 nec
2202 2592 2488 2657 receptus,
2523 2586 2704 2642 inimo
2733 2585 2886 2642 alius
2903 2588 3102 2643 sedem
3130 2605 3300 2644 suam
3328 2589 3485 2646 inva-

1836 2673 1998 2728 sionc
2028 2674 2369 2744 possideret.
2405 2676 2526 2739 Quo
2552 2673 2704 2729 dicto
2733 2692 2948 2747 rogans
2977 2675 3090 2731 sibi
3121 2676 3271 2732 clam
3289 2677 3482 2734 causi-

1836 2761 2030 2816 dicum
2054 2762 2288 2815 fratrem
2324 2767 2592 2817 nostrum
2640 2762 3042 2819 Coloniensem
3090 2765 3476 2837 archiepisco-

1836 2867 1972 2922 pum
1993 2850 2418 2905 Lermoennum
2441 2851 2713 2906 laudante
2731 2852 2950 2924 synodo
2972 2852 3256 2924 nobisque
3281 2870 3474 2910 annu-

1833 2956 1900 2993 en
1913 2939 2067 2994 tibus
2080 2944 2385 2994 assecutus
2399 2939 2616 3005 cst.Qui
2633 2958 2872 2996 sumens
2893 2957 3131 2998 causam
3144 2943 3272 3013 ejus
3284 2942 3479 2998 dicen-

1835 3030 1968 3083 dull]
1993 3046 2024 3084 a
2047 3030 2668 3100 rrgeliurgondionum
2701 3029 2951 3086 Rodulfo
2991 3048 3232 3088 exorsus
3248 3037 3361 3101 est,
3383 3031 3479 3088 cui

1831 3118 1983 3173 idem
2000 3117 2302 3173 Bertaldus
2319 3119 2708 3174 famulabatur
2720 3119 3157 3193 indebitamque
3169 3121 3481 3193 subjectio-

85 3229 412 3286 scoporum,
437 3228 471 3267 a
497 3209 714 3282 quibus
733 3210 845 3264 ista
863 3209 1155 3281 postulare
1175 3209 1482 3276 voluerint,
1505 3209 1588 3263 eis
1611 3208 1724 3264 ole-
1831 3225 1963 3262 nem
1982 3207 2515 3278 impendebat,cum
2530 3208 2672 3264 forte
2684 3208 3242 3281 contigitHectorem
3255 3210 3478 3268 archie-

86 3319 200 3371 um,
224 3301 484 3358 chrisma
506 3297 758 3365 tabulas,
807 3297 1262 3362 benedictiones,
1311 3298 1546 3353 ordines
1595 3299 1718 3354 suis
1829 3297 2133 3368 piscopum
2156 3295 2628 3353 Vesonticensem
2659 3315 2693 3354 a
2723 3300 2982 3370 corporis
3009 3299 3256 3356 vinculis
3283 3299 3476 3356 absol-

87 3390 463 3464 temporibus,
487 3393 657 3462 prout
675 3388 797 3460 ipse
817 3387 1001 3442 abbas
1021 3387 1106 3441 vel
1140 3388 1365 3452 fratres,
1388 3386 1474 3441 vel
1517 3403 1717 3442 suces-
1750 3378 1792 3442 C
1829 3385 1881 3439 vi
1904 3386 2146 3456 ejusque
2163 3385 2495 3440 cathedram
2533 3403 2828 3442 remanere
2867 3404 3128 3443 vacuam.
3161 3387 3468 3444 Bonefacio

86 3497 240 3536 sores
256 3496 458 3538 eorum
483 3477 846 3550 cxpetierint,
870 3482 1184 3548 praesumat
1207 3476 1519 3548 denegare:
1553 3483 1610 3532 et
1649 3495 1720 3532 ne
1827 3491 1960 3528 vero
1974 3473 2287 3544 regisidem
2308 3473 3195 3542 Bertaldus,dictantecausidico
3210 3494 3476 3551 suo,pro—

87 3570 211 3641 quis
226 3569 635 3642 episcoporum
672 3565 972 3620 Parisiacae
1001 3564 1160 3618 urbis
1192 3564 1309 3619 haec
1330 3565 1413 3620 eis
1454 3565 1718 3637 deneget,
1835 3560 2538 3617 fessusestinvcstituram
2559 3581 2620 3618 se
2641 3564 2904 3634 ejusdem
2931 3564 3471 3639 archiepiscopatus

88 3657 366 3714 velalium
387 3656 521 3728 quis
542 3652 1441 3726 eiscontuleritinterpellarepro
1459 3654 1720 3726 hocquo-
1833 3649 2144 3720 accepisse,
2178 3667 2362 3722 eoque
2413 3667 2546 3723 rege
2603 3653 2972 3726 praecipiente
2999 3671 3034 3710 a
3089 3655 3479 3728 suifraganeis

97 3763 206 3818 quo
227 3752 488 3818 tempore
513 3748 712 3811 tentet,
737 3743 974 3798 omnino
999 3742 1409 3798 interdicentes
1455 3743 1722 3815 prohibe-
1839 3739 2126 3810 episcopis
2143 3745 2544 3794 consecratum
2570 3742 2749 3796 fuisse
2769 3747 2826 3797 et
2847 3743 2903 3797 in
2919 3743 3054 3800 sede
3068 3744 3384 3816 episcopali
3398 3759 3485 3801 se-

93 3852 234 3892 mus.
261 3836 381 3891 Hoc
403 3833 878 3905 etiamjubemus
901 3836 964 3886 ut
987 3849 1088 3904 pro
1111 3831 1305 3886 causis
1327 3836 1384 3887 et
1431 3832 1728 3904 responsis
1841 3829 1998 3884 disse
2019 3833 2074 3882 et
2103 3827 2278 3882 etiam
2310 3829 2709 3886 ordinationes
2741 3831 2944 3887 fecisse
2969 3851 2982 3888 :
3041 3834 3141 3888 sed
3191 3832 3484 3888 contradi-

91 3924 338 3982 ecclesiaa
371 3941 489 3980 suae
513 3929 772 3978 nostram
800 3926 976 3994 atque
1000 3926 1329 3976 nostrorum
1356 3938 1729 3976 sucessorum
1843 3922 2006 3972 cente
2035 3917 2146 3971 sibi
2179 3917 2579 3988 episcopatum
2613 3919 2864 3991 quodam
2896 3921 3106 3976 comite
3164 3921 3484 3990 Willelmo,

91 4013 440 4070 audientiam
492 4011 736 4067 licenter
783 4009 1038 4066 habeant
1084 4009 1377 4082 appellare
1435 4015 1493 4066 et
1548 4010 1730 4076 adire,
1841 4011 2042 4077 postea
2071 4006 2377 4076 expulsum
2413 4023 2446 4060 a
2476 4005 2750 4062 Walterio
2809 4015 3170 4066 antecessore
3227 4009 3490 4084 Hugonis

93 4101 402 4175 nullusque
433 4119 531 4158 eos
556 4099 788 4156 interim
837 4099 1224 4155 condemnare
1279 4103 1336 4154 et
1391 4117 1482 4156 res
1533 4117 1734 4156 eorum
1845 4093 2109 4164 ejusdem
2144 4094 2298 4150 sedis
2330 4096 2771 4169 archiepiscopi,
2805 4098 2906 4170 qui
2937 4099 3112 4154 etiam
3145 4104 3360 4156 nostra:
3403 4117 3495 4173 sy-

95 4190 360 4248 invadere
391 4195 650 4258 conetur,
686 4189 840 4261 quod
871 4206 906 4244 a
935 4189 1152 4244 nostris
1183 4188 1385 4260 utique
1415 4191 1736 4261 prmdeces-
1849 4183 2001 4238 nodo
2026 4183 2321 4251 intererat,
2347 4191 2546 4240 contra
2565 4203 2740 4257 quem
2772 4187 2842 4242 de
2875 4205 2984 4242 sua
3013 4189 3150 4245 sede
3181 4189 3494 4245 clamabat.

96 4280 344 4349 scribus,
374 4279 458 4336 eis
489 4284 625 4335 ante
655 4278 1045 4333 constitutum
1079 4283 1190 4333 est.
1251 4279 1412 4344 Quod
1472 4278 1520 4333 si
1578 4280 1738 4350 quis-
1848 4272 2091 4327 Dicebat
2121 4273 2295 4327 etiam
2357 4274 2532 4345 qurd,
2595 4279 2726 4346 post
2783 4277 3182 4348 expulsionem
3240 4295 3501 4346 suam,a

99 4385 266 4439 quam
299 4370 704 4440 cujuscunque
734 4366 1046 4438 potientize,
1105 4367 1188 4422 vel
1252 4384 1500 4438 persona
1543 4369 1739 4439 cujus-
1854 4363 2115 4417 Romano
2149 4361 2418 4434 pontifice
2446 4362 2690 4434 pallium
2723 4382 2857 4421 cum
2888 4367 3188 4440 privilegio
3214 4367 3500 4440 acceperit

99 4473 320 4530 cunque
351 4457 574 4514 ordinis
609 4455 697 4515 vel
729 4455 916 4511 artatis
946 4455 1055 4510 hoc
1112 4461 1343 4523 nostra-3,
1379 4459 1734 4512 nostrorum-
1854 4467 1920 4506 ac
1949 4451 2206 4522 suscepti
2242 4450 2482 4508 honoris
2513 4454 3017 4511 confirmationem
3043 4475 3056 4524 ;
3085 4457 3175 4511 cui
3207 4456 3499 4528 querimo-

85 2145 471 2200 constitntum
490 2143 741 2198 vidimus
759 2143 1263 2199 etcorroboratum
1281 2144 1730 2215 approbavimus

87 2235 143 2288 in
167 2233 605 2306 privilegiojam
627 2233 763 2287 dicti
791 2233 978 2287 {Encas
1003 2231 1347 2287 Parisiensis
1369 2232 1732 2304 episcopi,fa-

87 2329 174 2378 cto
196 2340 483 2378 consensu
509 2321 919 2376 canonicorum
947 2321 1544 2384 suorum,Suessionis
1566 2321 1623 2376 in
1647 2337 1729 2376 re-

87 2412 198 2483 gali
217 2412 440 2484 synodo
464 2411 753 2466 residente
776 2427 906 2480 rege
929 2411 1122 2464 Carols
1144 2415 1198 2464 et
1216 2411 1731 2481 concedente,pra2-

87 2500 351 2554 sentibus
369 2503 424 2554 et
459 2499 648 2553 eidem
694 2499 1091 2553 annuentibus
1140 2515 1318 2568 super
1355 2497 1729 2568 parochianis

88 2589 229 2656 suis,
251 2593 310 2644 et
331 2587 509 2657 hujus
527 2585 960 2642 constitutionis
984 2585 1288 2641 violatores
1336 2586 1728 2643 anathematis

87 2677 274 2749 gladio
302 2675 785 2749 percutientibus,
809 2680 926 2730 tam
945 2674 1406 2744 metropolitanis
1431 2674 1586 2730 illius
1625 2693 1724 2748 pa-

88 2769 226 2836 triae,
251 2765 794 2823 scilicetHincmaro
817 2763 1416 2828 RemensiAVanilmxe
1431 2770 1725 2819 Senonen-

87 2857 154 2924 si,
176 2854 458 2912 Venilone
482 2851 1220 2925 ltothomagensi,ltodulfo
1243 2852 1723 2919 Bituriccnsi,lle-

88 2945 250 3001 rardo
270 2942 621 3009 Turonensi,
665 2941 922 2997 Frotario
969 2941 1394 3012 Burdigalensi,
1445 2959 1620 3012 quam
1669 2948 1725 2997 et

85 3036 466 3108 sutl‘ragantes
483 3048 708 3098 eorum,
731 3031 830 3102 qui
855 3029 1087 3102 plenius
1119 3031 1174 3084 in
1200 3031 1398 3086 eodem
1424 3030 1724 3103 privilegio

85 3123 472 3180 inveniuntur.
497 3119 874 3193 Praecipimus
891 3137 1122 3192 quoque
1143 3138 1212 3174 ne
1235 3120 1365 3191 quis
1389 3137 1584 3176 eorum
1601 3119 1721 3192 epi-

99 4561 205 4616 que
239 4547 731 4620 praedecessorum
763 4543 1132 4601 auctoritatis
1179 4543 1545 4617 privilegium
1601 4561 1744 4616 quo-

99 4650 209 4704 quo
240 4637 412 4692 modo
443 4651 627 4692 ausus
658 4633 834 4690 fuerit
863 4631 1096 4703 violare,
1123 4633 1479 4704 sempiterno
1501 4635 1742 4690 damnc-

1859 4540 1965 4594 niae
1984 4539 2176 4612 ipsum
2192 4540 2490 4611 Ilugonem
2511 4541 3009 4616 archiepiscopum
3033 4545 3328 4615 jussimus
3375 4560 3496 4600 res-

1861 4630 2138 4700 pondere,
2159 4627 2259 4700 qui
2287 4629 2458 4684 etiam
2476 4634 2676 4686 nostra
2716 4631 3080 4704 indulgentia
3127 4633 3499 4689 Bremensem

101 4726 192 4778 tur
231 4724 622 4792 anathemate,
661 4722 878 4796 ligatus
905 4723 1074 4778 beato
1134 4727 1324 4790 Petro,
1386 4723 1672 4796 nobisque
1715 4741 1750 4780 a
1782 4747 1828 4812 Β
1863 4717 2366 4812 archiepiscopum
2400 4717 2695 4812 Albertum
2725 4722 2784 4812 in
2813 4738 2989 4812 suum
3021 4723 3268 4795 sesccpit
3313 4723 3505 4812 causi-

102 4808 210 4867 Deo
241 4829 520 4870 concessa
551 4817 844 4886 potestate
876 4829 888 4880 ;
923 4816 1359 4868 conservatores
1408 4819 1602 4868 autem
1637 4813 1750 4869 fru-

104 4905 270 4958 antur
297 4902 724 4959 benedictione.

171 4988 380 5046 Datum
414 4991 586 5048 tertio
616 4991 763 5046 Non.
797 4989 1024 5058 Octob.,
1057 5007 1157 5062 per
1187 5007 1399 5046 manus
1429 4991 1580 5046 Petri
1624 4992 1747 5048 dia-

108 5078 252 5148 coni,
285 5079 709 5137 bibliothecarii
745 5083 802 5136 et
831 5077 1162 5134 cancellarii
1195 5084 1405 5134 sanctae
1438 5085 1494 5135 et
1521 5087 1750 5153 aposto-

107 5159 222 5220 licaa
251 5168 428 5239 sedis,
461 5185 613 5225 anno
646 5167 846 5223 domui
876 5165 1084 5222 Leonis
1114 5185 1272 5240 pasz
1302 5168 1364 5222 1X
1398 5169 1606 5240 primo,
1660 5171 1746 5225 in-

109 5250 239 5310 dict.
272 5274 356 5313 ιιι.

837 5327 1006 5384 XXII.

113 5409 162 5465 S.
193 5415 294 5472 Leo
323 5416 390 5472 IX
427 5419 487 5472 in
517 5417 720 5488 synodo
778 5417 1095 5484 Moguntina
1161 5417 1553 5488 quadringz'ntu
1609 5421 1748 5490 epis-

175 5500 451 5561 coporum,
479 5493 752 5561 prasente
779 5490 1034 5544 Iteinrico
1061 5491 1416 5561 imperatore,
1474 5490 1748 5545 Simonia-

173 5571 290 5632 cum
325 5560 580 5618 haereéim
608 5560 853 5622 damnat.
899 5560 1292 5632 repudiatoque
1345 5561 1612 5625 Bertaldo,
1662 5577 1745 5615 cc-

175 5629 349 5686 clesiz
379 5632 804 5688 Vesontioncnsz's
835 5629 1104 5695 invasere,
1139 5629 1415 5702 [trigonem
1451 5633 1746 5704 archiepis-

177 5714 370 5771 copum
399 5706 595 5772 sancit,
619 5705 774 5776 eique
805 5705 985 5759 crucis
1004 5704 1277 5775 pellitque
1301 5721 1462 5760 usum
1486 5703 1741 5760 concedit.

177 5785 467 5863 [Theinen
500 5790 918 5868 Dz'squisitiones
937 5791 1160 5864 crttz'cae,
1193 5807 1324 5878 pag.
1356 5792 1508 5872 203.]

1862 4807 2080 4862 dicum.
2097 4809 2218 4872 Quo
2241 4809 2495 4864 dictante
2519 4808 2710 4864 taliter
2729 4811 2954 4882 objecta
2985 4812 3156 4885 cmpit
3185 4811 3464 4884 repellere
3487 4829 3503 4870 :

1859 4897 2014 4970 quod
2051 4897 2240 4952 eidem
2273 4897 2538 4952 Bertaldo
2595 4899 2792 4955 sedem
2824 4917 3000 4972 quam
3034 4901 3366 4974 requirebat
3395 4917 3504 4958 nec

1862 4988 1984 5060 ipse
2016 4986 2341 5053 abstulerit,
2375 5005 2477 5044 nec
2510 4993 3018 5056 autecessorsuus,
3043 4991 3501 5064 quianunquam

1862 5077 1916 5131 in
1953 5078 2150 5132 sedem
2183 5077 2563 5145 ascendisset,
2598 5096 2901 5150 nunquam
2925 5081 3005 5136 ibi
3029 5081 3356 5154 quidquam
3384 5081 3508 5155 epi-

1865 5165 2172 5238 scopalitcr
2201 5166 2433 5238 egisset,
2460 5184 2563 5238 pro
2584 5184 2651 5222 eo
2677 5170 2832 5240 quod
2852 5187 2956 5225 nec
2978 5169 3170 5227 clerus
3191 5188 3298 5228 nec
3327 5187 3514 5244 popu-

1864 5254 1958 5311 lus
1987 5255 2390 5327 eumclegerit,
2425 5273 2530 5312 nec
2561 5257 2634 5312 ab
2665 5257 2748 5314 cis
2775 5265 3042 5332 receptus
3072 5265 3181 5332 est,
3201 5261 3303 5316 sed
3345 5260 3506 5316 omni

1867 5344 2323 5400 contradictione
2351 5345 2643 5418 repulsus,
2667 5347 2807 5420 quia
2831 5366 3101 5421 magnam
3122 5347 3426 5422 pecuniam
3447 5350 3515 5402 ut

1865 5434 2177 5506 episcopus
2201 5435 2360 5489 fieret
2381 5436 2498 5508 regi
2525 5437 2805 5506 dedisset,
2827 5443 2882 5494 et
2909 5439 3046 5510 quia
3073 5433 3512 5506 contrajusloci

1865 5523 2116 5592 fecisset,
2143 5523 2242 5596 qui
2273 5541 2508 5596 semper
2537 5525 2877 5582 electionem
2933 5528 3022 5582 sui
3077 5524 3336 5596 episc0pi
3389 5523 3514 5596 ipse

1862 5611 2190 5686 habuisset.
2257 5614 2328 5669 Se
2351 5631 2487 5670 vero
2521 5615 2578 5670 in
2615 5617 2816 5672 eadem
2847 5614 3082 5671 ecclesia
3135 5628 3274 5666 cum
3328 5613 3519 5670 otticio

1855 5701 2109 5758 cantoris
2149 5702 2511 5774 fungeretur,
2535 5711 2762 5762 mortuo
2805 5709 3158 5760 antecessore
3220 5718 3362 5771 suo,
3392 5719 3514 5759 me-

1856 5793 2105 5848 moravit
2133 5808 2166 5848 a
2197 5792 2348 5850 clero
2380 5799 2436 5850 et
2462 5795 2678 5870 populo
2709 5794 2946 5854 electum
2981 5795 3035 5848 et
3081 5787 3266 5848 etiam
3332 5791 3514 5854 invite
