3898 6356
1098 458 1504 529 EPISTOLE
1547 463 1646 528 ΕΤ
1689 459 2056 527 DECRETA
2097 458 2569 533 PONTIFICIA.

3413 462 3532 532 616

90 588 95 591 ’
135 593 364 654 sideriis
390 594 677 670 pertinere
697 601 1042 669 noscuntur,
1065 600 1248 657 nostri
1269 602 1630 672 apostolatus
1651 615 1782 655 aue—
1809 598 1863 665 Α
1895 599 2117 665 datum,
2145 603 2201 654 et
2231 617 2362 655 cum
2396 600 2625 657 diabolo
2655 603 2712 657 et
2739 598 3016 657 omnibus
3049 597 3250 673 impiis
3278 616 3413 658 eum
3444 603 3534 660 in-

131 686 334 743 toritss
356 688 426 743 ad
454 689 839 745 roborandam
866 690 1020 763 piam
1046 690 1404 745 devotionem
1429 694 1633 744 sancta
1654 688 1781 744 loca

130 778 591 835 construentium
618 779 675 833 in
702 782 1047 851 praestandis
1080 780 1393 851 privilegiis
1416 780 1583 834 debet
1605 777 1778 832 mini-

128 883 221 921 me
244 867 543 937 abnegari.
566 868 767 939 Igitur,
792 870 927 940 quia
958 869 1295 924 excellentia
1328 867 1651 940 spiritualis
1678 866 1775 920 lilii

128 954 309 1011 nostri
330 955 550 1010 domini
574 956 639 1011 H.
658 956 905 1029 piissimi
931 958 1297 1029 imperatoris
1317 958 1563 1029 Augusti
1584 960 1779 1028 postu-

127 1043 267 1099 lavit
297 1062 330 1100 a
356 1044 524 1100 nobis
554 1050 842 1117 quatenus
876 1047 1295 1101 monasterium
1330 1047 1421 1111 N.,
1455 1046 1606 1117 quod
1641 1062 1775 1099 con-

122 1137 409 1188 structum
437 1150 564 1189 esse
597 1139 825 1190 certum
850 1140 937 1190 est
958 1153 990 1190 a
1014 1136 1294 1207 piissimis
1325 1135 1775 1206 imperatoribus

127 1220 332 1277 Carolo
364 1222 574 1294 Magno
606 1228 661 1278 et
694 1223 810 1279 tilio
843 1226 970 1295 ejus
1004 1225 1288 1279 Ludovico
1320 1224 1775 1293 eorumdemque

130 1312 594 1375 successoribus,
623 1312 720 1367 ubi
749 1314 919 1368 modo
936 1312 1284 1367 venerabilis
1306 1314 1486 1367 abbas
1511 1312 1577 1367 N.
1604 1327 1775 1382 regu-

124 1398 231 1453 lari
275 1399 627 1456 institutioni
673 1418 918 1473 praaosse
947 1402 1196 1467 videtur,
1232 1401 1515 1473 privilegii
1559 1405 1770 1454 sanctae

128 1486 398 1543 Romana:
430 1493 486 1544 et
508 1489 838 1562 apostolica:
864 1491 1017 1546 sedis
1041 1492 1229 1545 modis
1252 1491 1524 1545 omnibus
1547 1490 1773 1543 decore-

120 1579 239 1641 tur,
273 1576 497 1633 scilicet
528 1582 595 1633 ut
627 1578 847 1634 nullius
870 1580 988 1649 juri
1023 1584 1077 1633 et
1107 1580 1307 1633 ditioni
1344 1579 1723 1633 submittatur
1756 1587 1768 1625 :

120 1664 248 1719 ideo
270 1664 382 1736 piis
397 1666 704 1722 desideriis
722 1667 1045 1739 spiritualis
1066 1667 1165 1721 ﬁlii
1186 1667 1365 1722 nostri
1384 1664 1772 1732 faventes,hac

117 1758 317 1809 nostra
348 1755 669 1826 apostolica
699 1756 1042 1811 auctoritate
1087 1757 1455 1811 decernimus
1487 1755 1543 1809 id
1576 1754 1770 1826 ipsum

120 1842 426 1914 prml‘atum
461 1846 880 1899 monasterium
914 1849 970 1899 et
991 1846 1161 1900 modo
1192 1850 1248 1900 et
1276 1862 1463 1917 usque
1493 1845 1563 1899 ad
1598 1844 1771 1897 finem

121 1931 315 1986 saeculi
348 1933 457 1986 sub
482 1934 801 2003 patrocinio
828 1939 1045 1989 sanctae
1078 1935 1349 1989 Romamn
1372 1939 1427 1987 et
1444 1931 1771 2005 apostolicae

120 2020 330 2075 matris
362 2020 805 2089 Ecclesize,cum
850 2022 1127 2077 omnibus
1163 2040 1286 2094 qua?
1319 2024 1389 2078 ad
1425 2022 1565 2077 illud
1600 2020 1772 2092 perti-

118 2113 275 2172 nent,
298 2111 783 2182 permanendum.
812 2111 1191 2165 Decernimus
1241 2112 1437 2182 igitur,
1463 2112 1571 2166 sub
1594 2106 1770 2165 divini

110 2196 322 2266 judicii
352 2198 738 2253 obtestatione
762 2204 818 2253 et
840 2199 993 2253 beati
1018 2200 1166 2253 Petri
1196 2199 1589 2269 apostolorum
1620 2200 1774 2271 prin'

124 2284 287 2357 cipis,
304 2291 635 2358 nostraeque
659 2286 1010 2341 humilitatis
1032 2287 1462 2351 interdictione,
1486 2293 1551 2343 ut
1576 2288 1775 2343 nullus

121 2376 178 2430 in
206 2373 406 2447 aliquo
428 2377 611 2447 gradu
640 2376 1119 2445 constitutus,vel
1140 2378 1195 2429 in
1221 2376 1479 2447 quolibet
1500 2377 1700 2431 ordine
1718 2382 1774 2431 et

118 2464 686 2540 ministerio,audeat
708 2466 947 2521 moleste
973 2466 1167 2520 causis
1190 2465 1456 2535 ejusdem
1476 2470 1771 2521 monaste-

122 2554 190 2608 rii
221 2553 582 2619 incumbere,
602 2559 703 2609 aut
725 2556 795 2609 de
823 2556 993 2609 rebus
1018 2560 1117 2609 aut
1139 2555 1607 2626 possessionibus
1630 2572 1772 2625 quo-

124 2659 235 2715 quo
262 2644 439 2698 modo
463 2643 691 2699 auferre
721 2648 820 2697 aut
852 2643 1241 2698 alienare.scu
1268 2644 1425 2715 ipsos
1457 2644 1776 2698 monachos

116 2732 392 2787 inibiDeo
417 2733 731 2787 servientes
756 2733 1081 2803 inquietare
1106 2738 1436 2803 prmsumat,
1454 2750 1555 2785 nec
1574 2749 1774 2804 quam-

117 2818 255 2875 libet
277 2820 567 2876 malitiam
591 2825 648 2875 et
670 2822 914 2891 jacturm
948 2820 1280 2875 molestiam
1315 2822 1525 2875 ibidem
1561 2821 1771 2875 inferre

122 2913 383 2977 conetur,
410 2910 549 2964 dum
574 2911 831 2980 profecto
856 2910 1093 2974 illud,ut
1117 2925 1267 2980 szepe
1290 2910 1626 2981 przedictum
1661 2914 1766 2977 est,

122 3000 291 3053 firma
316 2998 634 3053 stabilitate
656 2998 1150 3068 etjurisdictione,
1173 3001 1282 3051 sub
1305 3000 1621 3068 patrocinio
1644 3015 1771 3052 san-

122 3091 221 3141 σιω
244 3092 459 3142 nostra:
482 3088 752 3141 Romanze
784 3088 991 3141 matris
1017 3088 1283 3142 Ecclesia)
1308 3088 1767 3159 permanendum

120 3176 440 3230 sancimus.
470 3175 753 3229 Addimus
786 3179 1058 3246 prieterea
1106 3181 1237 3245 post
1284 3176 1507 3230 obitum
1541 3175 1767 3230 abbatis

116 3269 179 3319 ut
207 3280 384 3319 nemo
406 3264 621 3318 ibidem
649 3264 917 3318 abbatem
942 3263 1275 3327 constituat,
1301 3265 1409 3318 nisi
1444 3281 1615 3335 quem
1642 3282 1769 3319 con-

1890 688 2076 742 cendii
2118 689 2483 744 atrocissimo
2533 689 2821 762 supplicio
2870 689 3241 762 deputatum.
3275 693 3349 745 At
3398 704 3532 749 vero

1888 776 1986 848 qui
2020 776 2112 849 pio
2142 777 2352 833 intuitu
2386 783 2583 834 custos
2616 784 2672 835 et
2701 780 3043 835 observator
3070 794 3274 835 eorum
3305 780 3535 838 exstite-

1889 865 1980 927 rit,
2014 867 2360 921 omnimodae
2391 868 2812 938 benedictionis
2853 868 3125 940 gratiam,
3149 869 3534 942 omniumque

1888 959 2251 1025 peccatorum
2280 974 2523 1011 suorum
2545 956 2973 1013 absolutionem
3001 961 3057 1012 et
3082 956 3529 1030 indulgentiam,

1885 1047 1940 1098 et
1970 1044 2219 1099 ccelestis
2243 1046 2369 1099 vitae
2400 1046 2816 1101 beatitudinem
2850 1063 2981 1101 cum
3010 1045 3232 1102 sanctis
3254 1050 3310 1103 et
3330 1047 3531 1106 electis

1885 1148 1917 1185 a
1950 1133 2493 1189 misericordissimo
2544 1135 2785 1191 Domino
2834 1135 2950 1190 Deo
2999 1139 3197 1191 nostro
3247 1137 3527 1210 consequi

1885 1228 2180 1276 mereatur
2207 1223 2263 1276 in
2298 1223 2508 1277 saecula
2536 1224 2899 1279 szeculorum.
2935 1226 3136 1279 Amen.

1956 1309 2102 1364 Data
2150 1328 2203 1364 χι
2258 1311 2380 1365 Kal.
2432 1312 2736 1367 Novembr.
2788 1330 2891 1385 per
2937 1329 3147 1368 manus
3196 1313 3346 1370 Petri
3398 1313 3525 1370 dia-

1883 1399 2012 1452 coni
2063 1402 2120 1452 et
2157 1399 2579 1454 bibliothecarii
2626 1405 2683 1454 et
2730 1399 3055 1456 cancellarii
3113 1406 3327 1457 sancta
3383 1419 3522 1475 apo-

1882 1486 2101 1542 stolicae
2152 1488 2327 1556 sedis,
2361 1505 2513 1543 anno
2557 1488 2780 1545 domini
2828 1489 3035 1545 Leonis
3082 1494 3146 1546 P.
3187 1489 3398 1561 primo.
3431 1490 3523 1547 In-

1882 1575 2019 1629 dict.
2056 1593 2137 1631 n1.

2608 1686 2798 1742 XXIV.

2033 1771 2086 1826 S.
2124 1774 2221 1828 Leo
2248 1776 2311 1829 IX
2333 1776 2691 1846 parthenom’s
2721 1776 2773 1831 S.
2810 1776 2987 1831 Mauri
3023 1775 3373 1831 Virdunensis

2150 1849 2507 1915 possessiones
2537 1852 2585 1901 et
2614 1847 2912 1918 privilegia
2940 1847 3246 1917 conﬁrmat.

2498 1936 2683 2006 (Anno
2716 1937 2900 2007 1049.)

1953 2022 2119 2092 [Dom
2152 2023 2390 2093 Calmet,
2424 2026 2661 2081 Histoire
2684 2025 2751 2080 de
2793 2025 3078 2093 Lorraz'ne,
3113 2023 3157 2091 Ι,
3189 2024 3447 2090 Prmes,

2541 2112 2675 2170 pag.
2707 2098 2850 2164 424.]

1955 2200 2069 2254 Lm
2097 2201 2424 2274 episcopus,
2454 2219 2655 2258 servus
2687 2218 2981 2258 servorum
3012 2201 3134 2271 Dei,
3158 2200 3321 2257 fratri
3340 2201 3521 2258 Tasc-

1883 2305 2087 2343 DORICO
2116 2290 2501 2347 Virdunensis
2530 2290 2796 2347 Ecclesia:
2827 2290 3081 2364 praesuli,
3114 2290 3354 2363 suisque
3387 2304 3521 2348 suc—

1881 2379 2209 2433 cessoribus
2242 2380 2295 2434 in
2333 2383 2703 2452 perpetuum.

1952 2467 2008 2520 Si
2052 2468 2271 2524 devotis
2319 2470 2417 2524 Dei
2471 2468 2732 2524 ﬁdelium
2782 2468 3165 2540 petitionibus
3211 2472 3524 2524 assensum

1882 2555 2519 2621 dederimus,videlicet
2550 2561 2613 2613 ut
2644 2574 2737 2614 res
2768 2562 3106 2614 sanctarum
3135 2556 3525 2613 Ecclesiarum

1881 2661 2081 2699 eorum
2134 2647 2527 2717 procurationi
2561 2647 2929 2714 commissas,
2965 2646 3120 2702 unde
3167 2645 3388 2717 duplici
3437 2658 3526 2701 re-

1882 2734 2145 2789 fectionis
2180 2741 2346 2805 pastu
2389 2736 2707 2790 sustentari
2740 2736 2946 2791 debeat
2991 2751 3130 2807 grex
3160 2733 3524 2805 Dominicus,

1879 2824 2060 2876 nostri
2095 2823 2393 2893 apostolici
2430 2824 2713 2896 privilegii
2746 2824 3089 2879 auctoritate
3120 2823 3353 2877 ﬁrmare
3372 2814 3522 2877 velii-

1879 2928 2033 2975 mus,
2049 2912 2394 2966 universalis
2417 2917 2626 2967 sanetae
2650 2912 2915 2968 Ecclesiae
2947 2911 3123 2967 statui
3147 2911 3522 2983 profuturum

1880 3000 2121 3054 minime
2154 3001 2520 3067 dubitamus,
2552 3002 2669 3055 imo
2699 3001 2770 3056 ab
2801 3001 2928 3072 ipso
2960 3000 3165 3055 divinae
3195 2998 3525 3055 misericor-

1878 3088 1985 3141 dia»,
2004 3090 2160 3143 fonte
2182 3088 2339 3160 large
2363 3090 2724 3145 remunerari
2747 3090 3062 3145 credimus.
3078 3087 3525 3144 Undeomniutn

1877 3177 2295 3232 catholicorum
2322 3179 2554 3251 Deoque
2586 3178 2945 3251 placentium
2978 3177 3326 3234 universitas
3356 3186 3525 3233 nove-

1876 3265 1954 3320 rit
1976 3267 2101 3336 jam
2135 3267 2270 3321 dicti
2300 3266 2638 3323 Theodorici
2669 3267 3038 3322 dilectissimi
3084 3266 3352 3339 praesulis
3383 3276 3522 3322 oon-

121 3370 336 3408 sensus
368 3356 423 3407 et
454 3353 784 3407 communis
807 3352 1076 3407 voluntas
1099 3354 1342 3406 fratrum
1369 3332 1582 3407 ibidem
1608 3370 1771 3421 regu-
1799 3332 1843 3400 α
1883 3332 2082 3418 sensu,
2106 3360 2161 3409 et
2192 3358 2304 3410 Ave
2336 3356 2640 3411 abbatissa
2672 3356 2764 3427 pio
2794 3371 3029 3427 precum
3061 3332 3413 3420 interventu,
3436 3353 3521 3409 10'-

115 3441 316 3497 lariter
366 3442 689 3497 viventium
724 3460 791 3496 ex
834 3443 961 3513 ipsa
1019 3443 1465 3512 congregatione
1522 3442 1777 3511 elegerit,

118 3531 474 3601 nullumque
502 3531 813 3603 praemium
837 3531 953 3585 sive
975 3530 1191 3583 donum
1223 3547 1324 3601 pro
1347 3532 1781 3585 consecratione

116 3618 277 3674 illius
301 3619 539 3674 abbatis
557 3661 570 3683 ,
589 3619 686 3689 qui
712 3623 850 3673 tunc
872 3619 1149 3688 temporis
1184 3620 1375 3682 fuerit,
1400 3618 1607 3689 prawsul
1641 3619 1783 3674 acci-

118 3722 251 3778 pere
284 3708 643 3773 contendat;
684 3710 739 3760 et
771 3706 817 3761 si
852 3723 982 3761 eum
1012 3707 1191 3777 gratis
1218 3707 1483 3762 ordinare
1513 3707 1781 3772 noluerit,

128 3794 213 3851 vel
250 3813 284 3850 a
315 3800 520 3850 nostra
553 3796 815 3850 Romana
838 3800 1022 3849 matre
1054 3794 1428 3856 Ecclesia,vel
1462 3813 1495 3849 a
1525 3796 1787 3867 quolibet

123 3882 442 3939 venerabili
499 3882 770 3955 episcopo
820 3889 1022 3937 nostra
1073 3885 1419 3938 auctoritate
1466 3884 1783 3939 ordinetur.

126 3972 578 4044 Promulgantes
610 3988 840 4043 nempe,
867 3976 923 4026 et
947 3972 1056 4027 hoc
1085 3972 1436 4027 auctoritate
1466 3966 1786 4028 beatissimi

129 4060 280 4116 Petri
315 4060 715 4131 apostolorum
751 4060 1055 4131 principis,
1090 4077 1283 4114 coram
1320 4061 1432 4114 Deo
1463 4065 1519 4115 et
1548 4059 1788 4123 terribili

126 4152 255 4216 ejus
283 4151 484 4204 futuro
509 4148 794 4215 examine,
820 4165 922 4219 per
947 4148 1125 4219 hujus
1147 4150 1332 4203 nostri
1358 4149 1658 4219 apostolici
1682 4150 1794 4220 pri-

129 4238 325 4311 vilegii
361 4238 835 4292 constitutionem
872 4238 1171 4292 sancimus
1196 4242 1259 4291 ut
1282 4237 1553 4291 universa
1574 4255 1697 4308 qua:
1722 4238 1792 4292 ab

130 4326 609 4382 antecessoribus
660 4326 1218 4396 successoribusque
1272 4326 1488 4379 nostris
1534 4327 1586 4379 in
1623 4328 1795 4381 rebus

132 4415 459 4470 mobilibus
483 4420 537 4469 et
558 4414 961 4469 immobilibus
984 4432 1263 4469 concessa
1293 4420 1453 4481 sunt,
1480 4432 1583 4469 nec
1605 4431 1719 4469 non
1742 4432 1798 4481 et

134 4504 545 4574 possessiones
575 4520 706 4575 qua:
735 4520 769 4556 a
800 4503 1036 4575 regibus
1061 4508 1115 4556 et
1150 4502 1514 4574 principibus
1542 4521 1639 4558 seu
1670 4505 1797 4574 qui-

132 4591 399 4647 buslibet
432 4591 643 4647 Christi
676 4591 948 4646 ﬁdelibus
980 4591 1204 4646 collatze
1236 4597 1394 4656 sunt,
1420 4592 1701 4647 fuerintve
1742 4593 1795 4646 in

1886 3458 2019 3496 cum
2044 3444 2100 3497 in
2129 3444 2409 3498 suburbio
2431 3444 2779 3499 Virdunensi
2803 3445 2973 3513 juxta
2997 3439 3526 3497 rivulumrSoancis:

1888 3531 2066 3585 situm
2090 3533 2219 3585 etin
2244 3532 2520 3586 honorem
2553 3532 2733 3587 sancti
2764 3527 3008 3587 Joannis
3029 3530 3297 3602 Baptistae
3319 3533 3376 3584 et
3394 3542 3531 3586 san-

1889 3619 1963 3673 cti
1995 3620 2239 3674 Joannis
2278 3620 2643 3690 evangelistze
2675 3621 3023 3689 confectum,
3048 3618 3147 3674 ubi
3194 3622 3533 3674 sanctorum

1892 3708 2098 3773 Mauri,
2127 3708 2339 3763 Salvini
2384 3714 2556 3781 atque
2604 3709 2863 3765 Aratoris
2893 3725 3137 3781 corpora
3167 3708 3239 3763 ab
3271 3708 3536 3779 ejusdem

1894 3797 2057 3851 urbis
2087 3802 2436 3852 venerantur
2478 3797 2841 3871 incolis,quee
2878 3797 3083 3853 Heimo
3113 3798 3424 3869 episcopus
3454 3804 3542 3852 re-

1901 3874 2523 3951 novavit,etinstruxit
2543 3892 2781 3958 propter
2832 3903 2997 3958 aquas
3044 3876 3543 3950 commoditatem,

1898 3980 1964 4026 ut
1994 3973 2275 4027 moniales
2299 3992 2446 4044 quas
2479 3974 2558 4027 ibi
2592 3975 2701 4029 sub
2732 3974 3057 4029 monastica
3086 3970 3289 4044 regula
3316 3969 3549 4027 ordina-

1896 4061 1996 4121 vit,
2032 4059 2259 4113 usualia
2290 4062 2488 4114 omnia
2509 4078 2616 4115 sua
2638 4061 2789 4115 intra
2810 4060 2957 4114 fines
2980 4058 3089 4114 loci
3115 4058 3303 4130 ipsius
3332 4056 3547 4113 habere

1901 4149 2148 4220 possint,
2181 4156 2272 4203 me
2304 4149 2632 4219 apostolicae
2674 4148 3040 4204 auctoritatis
3087 4146 3548 4202 munimine‘fir-

1903 4253 2081 4295 mare.
2116 4254 2185 4292 ne
2225 4237 2511 4308 quidquid
2554 4238 2708 4292 idem
2754 4237 3068 4309 episcOpus
3093 4240 3550 4306 cmtemruque

1904 4326 2005 4380 Dei
2042 4324 2300 4379 ﬁdelium
2335 4324 2427 4395 pia
2457 4325 2684 4381 devotio
2724 4326 2940 4381 ibidem
2973 4324 3319 4389 contulerat,
3343 4321 3548 4379 ab'ali-

1906 4430 2021 4483 quo
2050 4420 2260 4468 sancire
2295 4413 2556 4468 Ecclesiae
2591 4414 2827 4469 inimico
2859 4418 2992 4485 post
3034 4413 3152 4468 haec
3181 4411 3382 4467 violari
3414 4406 3549 4466 cun-

1905 4504 2093 4573 tingat
2127 4519 2138 4556 :
2176 4519 2265 4557 res
2293 4508 2489 4556 autem
2524 4503 2779 4557 ecclesiae
2811 4502 2997 4556 eidem
3022 4500 3381 4572 pertinentes
3400 4502 3549 4570 quas

1909 4592 2252 4646 confirmare
2283 4592 2618 4652 statuimus,
2645 4592 2946 4662 praesentis
2972 4583 3553 4662 pagina_descriptio-

124 4679 821 4751 posterum,inconcussa
860 4678 1175 4734 stabilitate
1194 4680 1383 4750 adjus
1401 4680 1792 4736 etdomieium
1826 4702 1875 4768 Β
1910 4680 2002 4735 nis
2047 4681 2409 4734 demonstrat
2445 4698 2456 4734 :
2490 4656 2754 4734 videlicet
2781 4656 2989 4733 villam
3014 4656 3085 4731 ad
3117 4656 3551 4766 Caivum-Mon-

126 4769 319 4824 sancti
353 4768 583 4824 Nazarii
619 4768 892 4840 martyris
934 4768 1230 4838 perpetuis
1263 4770 1627 4839 temporibus
1661 4786 1793 4841 per-

132 4863 549 4926 severent,nec
571 4856 805 4911 licentia
827 4857 925 4920 sit,
953 4861 1017 4910 ut
1042 4859 1262 4911 dictum
1296 4861 1404 4921 est,
1430 4874 1494 4912 ex
1522 4859 1793 4913 omnibus

132 4946 407 5016 ejusdem
432 4945 773 5001 monasterii
804 4945 1237 5017 pertinentibus
1259 4945 1532 5016 cuiquam
1555 4946 1643 5001 vel
1677 4964 1797 5001 ma-

131 5049 256 5103 gna:
287 5033 381 5089 vel
415 5052 603 5106 parvas
640 5051 899 5105 personae
931 5032 1184 5104 diripere
1216 5034 1537 5105 quidquam
1570 5034 1655 5089 vel
1689 5051 1780 5089 au-

134 5125 305 5186 ferre,
334 5128 403 5177 ut
433 5125 688 5195 profecto
721 5124 791 5177 ad
836 5124 932 5177 Dei
976 5122 1211 5176 laudem
1245 5140 1513 5176 securum
1546 5128 1602 5176 et
1629 5128 1796 5177 tran-

131 5211 390 5282 quillum
423 5212 578 5280 juste
612 5212 665 5264 id
697 5212 847 5280 quod
879 5212 1206 5279 subjectum
1235 5212 1352 5279 juri
1387 5216 1441 5265 et
1474 5212 1794 5282 patrocinio

130 5298 241 5355 fuit
272 5300 840 5365 decrevimus,bene
871 5300 1137 5352 dotatam
1172 5306 1229 5352 et
1258 5300 1316 5351 in
1353 5298 1557 5353 melius
1586 5300 1794 5354 dotau-

132 5387 274 5442 dum
308 5390 673 5459 permaneat.
698 5386 757 5441 Si
785 5387 916 5458 quis
939 5391 1158 5451 autem,
1182 5387 1335 5457 quod
1362 5404 1469 5440 non
1495 5393 1794 5456 optamus,

134 5475 363 5531 nefario
389 5492 537 5531 ausu
561 5476 1003 5547 praesumpserit
1026 5476 1145 5530 haec
1168 5493 1296 5546 quae
1317 5478 1385 5530 ad
1416 5476 1800 5531 honoriﬁcen-

132 5563 273 5618 tiam
308 5563 545 5619 Domini
577 5562 676 5618 Dei
699 5568 755 5618 et
777 5564 1095 5619 Salvatoris
1128 5564 1308 5618 nostri
1342 5580 1445 5635 pro
1477 5563 1799 5619 stabilitate

134 5651 323 5721 ipsius
370 5651 713 5707 monasterii
764 5657 825 5706 et
875 5652 1068 5723 quiete
1119 5652 1530 5706 monachorum
1579 5657 1800 5707 statuta

135 5744 297 5811 sunt,
319 5739 686 5812 transgredi,
708 5741 856 5796 sciat
877 5757 939 5795 se
961 5741 1349 5795 anathematis
1383 5739 1605 5794 vinculo
1635 5740 1801 5796 inno-

1906 4774 2046 4833 tem,
2078 4772 2135 4823 et
2166 4768 2215 4823 ei
2248 4769 2445 4822 omnia
2479 4766 2861 4839 pertinentia;
2892 4765 3091 4821 villam
3126 4760 3472 4832 Marseium,
3501 4768 3559 4819 et

1905 4858 2189 4929 quidquid
2223 4858 2293 4911 ad
2327 4873 2453 4911 eam
2484 4858 2773 4928 pertinere
2802 4856 3070 4923 videtur;
3102 4852 3373 4909 Hattonis
3402 4850 3559 4910 Mas-

1904 4946 2040 5010 nile,
2065 4944 2532 5009 Caslon-Villam,
2549 4945 2863 5016 Vilegium,
2883 4960 3021 4999 cum
3044 4943 3227 4999 vineis
3252 4948 3310 4998 et
3337 4942 3567 4999 familia

1901 5034 2214 5105 Amalgisi;
2246 5033 2443 5087 villam
2490 5034 2703 5100 Adase,
2744 5050 2876 5089 cum
2922 5033 3201 5089 omnibus
3229 5030 3341 5088 sibi
3389 5027 3568 5104 perti-

1904 5124 2209 5188 nentibus;
2243 5122 2788 5177 Gundrici-Curtem
2837 5121 3145 5188 similiter;
3192 5120 3264 5176 ad
3295 5120 3565 5177 Labriam

1906 5229 2141 5265 mansos
2174 5228 2295 5263 vnn
2330 5229 2462 5264 cum
2513 5210 2761 5274 familia,
2795 5209 3274 5276 Berlei-Curtem,
3298 5209 3369 5264 ad
3402 5210 3567 5264 Brio-

1906 5301 2111 5353 dorum
2148 5316 2383 5353 mansos
2405 5317 2505 5352 vm
2534 5316 2665 5353 cum
2697 5299 3037 5354 molendino
3060 5303 3117 5353 et
3137 5299 3265 5370 ejus
3293 5295 3564 5367 appendi-

1907 5388 2031 5442 ciis.
2063 5389 2118 5440 lu
2156 5387 2674 5455 Molougeia-Curte
2706 5404 2949 5443 mansos
2979 5403 3057 5440 vn
3078 5401 3210 5440 cum
3240 5378 3553 5450 farinari'o‘;

1908 5477 2117 5529 subtus
2150 5476 2450 5541 Leodium,
2487 5476 2544 5528 iu
2598 5474 2724 5530 loco
2756 5476 2858 5546 qui
2906 5474 3122 5528 dicitur
3162 5471 3233 5525 ad
3282 5472 3553 5524 sanctum

1909 5564 2354 5634 Remigium,vn
2383 5580 2622 5618 mansos
2654 5580 2787 5618 cum
2819 5562 3075 5618 ecclesia.
3095 5560 3153 5612 In
3181 5556 3551 5629 Samougeia,

1908 5669 2146 5707 mansos
2181 5670 2254 5706 vn
2284 5658 2342 5706 et
2372 5653 2707 5707 dimidium.
2730 5653 2810 5705 Ad
2835 5644 3371 5705 Grimaldi-Curtem
3392 5656 3554 5700 man-

1909 5757 2007 5796 sos
2038 5757 2095 5795 x1
2148 5757 2281 5795 cum
2334 5740 2629 5797 farinario.
2666 5739 2881 5795 Subtus
2926 5732 3254 5788 Virdunum
3305 5734 3550 5789 Novam-
