3898 6344
380 408 513 474 cev
1336 491 1347 504 ,
1463 413 1526 474 s.
1575 414 1851 474 LFONIS
1898 414 1972 474 ιχ
2023 409 2250 474 PAPE
2293 411 2728 476 OPUSCULA.
3625 475 3631 478 Α
3685 407 3812 476 cas

375 549 592 614 _villam
625 565 682 604 1x
707 565 944 605 mansos
986 553 1043 604 et
1087 548 1415 604 dimidium.
1444 549 1529 604 Ad
1579 549 1870 604 Tullidam
1903 565 2026 602 vnu
2058 553 2110 613 Α
2140 545 2504 614 innodatum,
2539 552 2601 601 ut
2631 564 2664 602 a
2697 563 2872 620 regno
2900 545 3003 604 Dei
3044 545 3148 603 ﬂat
3174 543 3434 614 alienus,
3455 548 3654 617 atque
3683 545 3810 602 inde

396 655 636 695 mansos
679 643 734 694 et
773 638 1102 694 dimidium.
1136 637 1524 694 Petri-Villam
1557 639 1615 692 in
1647 638 1938 703 Ardueua,
1970 641 2028 692 et
2139 635 2434 691 traditoris
2464 635 2692 691 Domini
2727 636 2905 692 nostri
2937 634 3079 693 Jesu
3109 633 3333 692 Christi
3384 633 3598 692 socius
3634 634 3698 690 in
3731 635 3808 692 in-

394 725 595 782 villam
626 745 750 800 qua:
783 728 994 782 dicitur
1017 729 1239 794 Ncrvia,
1267 745 1499 782 mansos
1524 746 1594 782 xx
1616 744 1748 783 cum
1783 725 2023 782 familia.
2140 723 2320 790 ferno,
2353 728 2410 778 et
2447 722 3034 780 excommunicationi
3067 723 3400 794 subjaceat,
3438 723 3644 779 donec
3677 723 3808 779 resi-

393 817 478 873 Ad
509 817 838 889 Parperiam
869 817 1144 882 decimas,
1168 833 1300 871 cum
1334 817 1604 872 omnibus
1640 817 2028 872 indominica-
2137 813 2367 884 piscens
2397 812 2468 868 ad
2501 813 2957 868 satisfactionem
2987 815 3044 866 et
3073 827 3402 885 congruam
3437 811 3808 868 emendatio-

393 905 566 962 turis.
603 905 666 962 In
694 905 1120 961 Tranculﬁvilla
1139 907 1439 961 ecclesiam
1463 923 1660 962 unam.
1694 907 1775 962 Ad
1809 906 2030 978 Sampi-
2137 917 2269 956 nem
2301 902 2536 956 venerit.
2562 901 2668 964 Qui
2699 918 2829 957 vero
2861 901 2954 973 pio
2987 899 3202 956 intuitu
3233 903 3480 956 curator
3511 905 3576 956 et
3608 900 3807 956 obser-

393 995 628 1050 niacum
660 995 964 1050 unam.Ad
986 996 1260 1050 Sanctum
1281 995 1578 1050 Juliunugu
1616 995 2024 1050 u.1a:n.Una:n
2137 995 2298 1046 valor
2327 990 2505 1062 hujus
2555 990 2734 1047 nostri
2781 989 3085 1062 apostolici
3135 988 3434 1062 privilegii
3483 989 3806 1055 exstiterit.

391 1084 452 1139 in
484 1083 761 1139 Mandris.
783 1084 866 1138 Ad
894 1083 1103 1138 Villam
1128 1101 1325 1139 unam.
1346 1086 1428 1139 Ad
1453 1085 1660 1139 Caslon
1695 1102 1869 1140 unam
1892 1101 2024 1140 cum
2134 1079 2555 1136 benedictionis
2581 1079 2829 1151 gratiam
2860 1082 2916 1134 et
2945 1077 3196 1134 caelestis
3241 1077 3410 1150 regni
3441 1077 3747 1151 gaudium
3778 1097 3807 1134 a

387 1171 626 1244 capella.
667 1173 751 1226 Ad
809 1173 1085 1227 Imbciam
1151 1190 1346 1227 unam.
1407 1173 1488 1228 Ad
1549 1173 1818 1244 Trogium
1870 1191 1906 1228 ι.
1939 1175 2022 1228 Ad
2133 1167 2378 1224 Domino
2409 1169 2524 1224 Deo
2564 1171 2760 1224 nostro
2805 1167 3085 1239 consequi
3119 1175 3417 1223 mereatur
3467 1167 3533 1222 in
3590 1167 3806 1224 saecula

387 1260 696 1316 Ranserias
739 1277 938 1315 unam.
972 1261 1054 1315 Ad
1087 1259 1424 1315 Malamcias
1472 1278 1668 1316 unam.
1698 1261 1781 1316 Ad
1815 1261 2023 1316 Proda-
2134 1256 2498 1313 saeculorum.
2539 1262 2746 1332 Amen.

381 1349 517 1421 gion
550 1368 746 1404 unam.
771 1349 855 1404 Ad
885 1349 1358 1416 Arberti-villam,
1381 1367 1556 1405 unam
1579 1354 1635 1404 et
1665 1351 2022 1422 quartarium
2203 1346 2412 1401 Datum
2445 1363 2597 1402 nono
2629 1345 2915 1401 Kalendas
2943 1344 3287 1401 Novembris
3309 1361 3418 1418 per
3448 1361 3686 1400 manus
3714 1345 3805 1401 Pe

383 1455 517 1494 cum
535 1439 892 1510 piscaria.Ad
919 1440 1203 1492 Domuum
1228 1439 1457 1494 Petrum
1480 1441 1767 1495 unam.Ad
1783 1440 2024 1495 Lovum-
2133 1435 2205 1490 tri
2237 1435 2488 1501 diaconi,
2511 1425 2934 1491 bibliothecarii
2959 1438 3014 1490 et
3036 1433 3372 1492 cancellarii
3407 1438 3650 1490 sanctae
3681 1450 3806 1506 apo-

385 1526 642 1581 Montcm
673 1543 880 1593 unam;
911 1527 983 1582 ad
1015 1527 1250 1594 Ornam,
1277 1545 1484 1595 unam;
1515 1528 1587 1582 ad
1619 1529 1780 1594 Bras,
1806 1546 2018 1596 unam;
2132 1521 2345 1577 stolicaa
2379 1523 2554 1587 scitis,
2580 1521 2984 1585 annoﬁomini
3017 1521 3230 1579 Leonis
3257 1538 3425 1596 papa
3453 1521 3555 1588 IX,
3589 1523 3802 1594 primo,

387 1613 458 1668 ad
489 1613 891 1680 Until-villam,
927 1633 1122 1670 unam.
1159 1617 1243 1671 Ad
1287 1617 1576 1672 Romanas
1610 1634 1645 1670 ι.
1674 1618 1756 1672 Ad
1790 1617 1949 1672 Pilon
1981 1635 2017 1672 1.
2130 1609 2447 1667 indictione
2479 1629 2562 1667 III.

386 1703 676 1776 Capellam
709 1705 767 1758 S.
803 1705 1093 1760 Lamberti
1125 1705 1180 1760 in
1219 1705 1467 1773 civitate,
1499 1712 1554 1760 et
1585 1707 1640 1762 S.
1679 1706 2018 1761 Medardum
2865 1717 3033 1774 xxv.

385 1791 856 1893 ipsiusecclcsiaa
881 1794 1122 1848 abbatis:
1153 1795 1631 1898 adjacentem.ad
1655 1795 1711 1894 8..
1735 1795 2016 1896 Hilarium
2127 1829 2186 1882 Sc
2246 1827 2442 1898 [deam-5
2492 1829 2558 1882 ιχ
2606 1827 2965 1898 prim-legium
3015 1839 3119 1896 quo
3175 1826 3467 1898 canonicis
3544 1825 3806 1898 Ecclesiae

383 1881 694 1954 piscariam
725 1899 855 1936 cum
890 1899 1093 1937 manso
1122 1900 1156 1936 ι.
1183 1885 1240 1938 In
1267 1883 1614 1954 Samongeia
1647 1883 1922 1953 piscarian

2265 1881 2554 1954 rdunensz's
2599 1881 3004 1955 omnesioeorum
3023 1881 3414 1968 possessiones
3459 1881 3803 1967 conﬁrma»?

383 1969 699 2026 Teloneum
730 1970 788 2024 in
819 1970 1066 2026 civitate.
1090 1973 1244 2026 Intra
1274 1989 1474 2027 muros
1508 1990 1744 2028 mansos
1765 1974 2015 2028 duarum
2048 1969 2095 1982 “’
2197 1971 2310 2023 tur.

379 2057 692 2125 librarum;
716 2059 1050 2114 molendina
1069 2061 1184 2116 duo
1207 2061 1417 2116 subtus
1441 2078 1653 2116 novum
1677 2066 1930 2132 pontem.
1953 2063 2015 2118 In
2743 2061 2930 2127 (Anno
2967 2061 3152 2131 1049.)

379 2147 611 2204 Floraco
643 2165 818 2220 super
843 2149 1084 2204 ﬂuvium
1105 2149 1322 2212 Airam,
1345 2167 1582 2206 mansos
1607 2168 1682 2204 ιχ.
1706 2151 2018 2206 Comitissa
2196 2144 2462 2215 [Mabill.,
2500 2151 2574 2220 De
2603 2163 2661 2202 re
2693 2147 2942 2220 ιίἰρίοηι..
2976 2148 3260 2220 Supplem
3289 2190 3307 2218 ,
3343 2163 3483 2220 pag.
3525 2147 3630 2214 99,
3663 2163 3732 2203 ex

380 2237 551 2291 Auda
577 2237 766 2292 eidem
797 2237 1070 2300 ecclesiae,
1104 2239 1164 2294 in
1194 2255 1308 2309 qua
1336 2244 1392 2294 et
1421 2239 1650 2310 sepulta
1679 2246 1785 2307 est,
1814 2258 1917 2296 con

1954 2259 2014 2296 η,
2415 2217 2726 2291 archetypo
2752 2217 3011 2276 ecclesias
3045 2217 3489 2291 Virdunédsisi]

379 2323 467 2390 lit,
489 2329 546 2379 et
575 2325 645 2379 ad
673 2326 1300 2382 domnumJohannem
1335 2345 1570 2384 mansos
1592 2347 1670 2384 xu
1693 2347 1824 2384 cum
1849 2329 2018 2385 cccle—
2195 2322 2304 2377 LEO
2347 2323 2674 2395 episcopus.
2724 2342 2927 2382 Servus
2975 2342 3279 2382 servorum
3331 2325 3462 2390 Dei.
3521 2325 3798 2380 ROTMIBO

381 2411 472 2468 sia
501 2429 680 2483 supra
705 2413 1057 2481 Cosantiam,
1095 2419 1150 2470 et
1193 2417 1468 2487 prmdium
1501 2419 1656 2487 quod
1689 2419 2014 2488 acquisivit.
2127 2411 2452 2481 primicerio
2485 2414 2773 2469 canonicis
2811 2419 3024 2470 sancta:
3059 2415 3254 2471 Maria:
3299 2413 3668 2487 principalis
3697 2415 3797 2468 Er.-

383 2502 450 2556 In
479 2501 912 2569 Lovomontcm,
936 2507 993 2558 et
1024 2504 1293 2571 Brabant,
1317 2506 1621 2562 ecclesiam
1651 2507 1708 2561 in
1741 2507 1922 2563 honor

2267 2518 2310 2553 as
2348 2500 2754 2570 Virdunensis,
2805 2508 2980 2576 atque
3033 2503 3400 2560 Warmundo
3453 2503 3714 2566 decano,
3749 2507 3801 2558 et

383 2590 607 2647 Sanctae
639 2590 859 2656 Crucis,
885 2609 1062 2663 quam
1094 2593 1295 2648 Ileimo
1317 2596 1624 2666 episcopus
1648 2596 1820 2652 rebus
1847 2597 2020 2652 unde—
2127 2605 2228 2660 per
2255 2605 2352 2644 eos
2385 2591 2604 2647 caeteris
2656 2592 2970 2658 canonicis,
3004 2597 3124 2648 tam
3175 2592 3587 2665 praesentibus
3621 2608 3800 2665 quam

381 2695 613 2750 quaque
645 2679 945 2750 acquisitis
988 2680 1268 2749 dilatavit,
1303 2684 1597 2740 canonicis
1632 2684 1773 2740 inibi
1805 2686 2016 2740 consti-
2125 2678 2360 2742 futuris,
2397 2684 2734 2752 perpetuam
2774 2681 2831 2737 in
2864 2681 3113 2738 Domino
3143 2681 3426 2738 salutem.

377 2769 543 2836 tutis,
567 2767 666 2840 qui
695 2768 1133 2826 hebdomadarii
1158 2771 1215 2826 in
1247 2772 1362 2841 jam
1387 2775 1540 2828 dicto
1565 2775 1912 2830 monasterio
1939 2775 2020 2829 di-
2197 2767 2382 2822 Officii
2418 2769 2596 2824 nostri
2630 2775 2718 2825 est
2762 2771 3016 2826 miseriis
3065 2775 3123 2826 et
3169 2769 3632 2828 calamitatibus
3665 2787 3802 2826 con-

379 2857 532 2914 vinis
562 2859 881 2914 inserviant
910 2859 1137 2927 ofﬁciis,
1169 2877 1272 2916 nec
1301 2863 1640 2918 canonicam
1673 2863 1785 2918 nisi
1817 2864 1888 2919 ab

2260 2857 2495 2922 :cndcre,
2519 2861 2575 2912 et
2606 2858 2888 2913 auxilium
2921 2859 3076 2931 quod
3108 2858 3378 2925 valemus
3409 2859 3799 2931 impendere;

383 2945 606 3001 batissa
635 2946 938 3017 recipiant.
989 2949 1201 3002 Earum
1232 2954 1425 3005 autem
1475 2968 1668 3006 rerum
1719 2951 1838 3007 hinc
1885 2957 2022 3006 sunt
2129 2945 2285 3016 quia,
2321 2945 2368 3000 εἰ
2400 2945 2458 3000 in
2490 2947 2660 3003 nobis
2689 2949 2845 3003 unde
2885 2948 3196 3020 procedere
3226 2947 3402 3004 debet
3448 2948 3801 3021 exemplum

388 3033 647 3089 nomina.
696 3035 781 3088 Ad
829 3036 1122 3092 Romanas
1172 3055 1402 3094 mansos
1453 3057 1534 3093 nn
1583 3043 1638 3096 et
1687 3039 2021 3106 dimidium,
2129 3033 2380 3104 Ρίθῐᾶιῖε,
2417 3035 2599 3106 Dicitis
2630 3053 2744 3090 ηοη
2793 3037 3107 3102 invenitur,
3140 3037 3199 3091 in
3231 3053 3348 3108 quo
3396 3035 3666 3092 inveniri
3702 3037 3806 3090 ἀθ-

391 3138 525 3178 cum
569 3123 780 3178 hanno.
813 3124 896 3178 Ad
945 3125 1193 3180 Ascuam
1238 3127 1515 3195 bannum,
1544 3145 1678 3182 cum
1727 3127 1903 3200 sylva.
1938 3127 2022 3182 Ad
2132 3120 2264 3176 beat
2294 3123 2565 3177 nescitur.
2593 3124 2992 3180 Redeuntibus
3021 3124 3204 3200 igitur
3231 3123 3405 3180 nobis
3436 3125 3805 3180 a'Remense

387 3209 585 3266 villam
621 3228 888 3268 mansum
923 3230 938 3266 1
971 3231 1103 3268 cum
1137 3213 1486 3270 molendino.
1510 3217 1592 3270 Ad
1632 3198 1870 3271 Crucem
1901 3215 2020 3271 alo-
2073 3281 2100 3285 _
2133 3211 2372 3282 synodo,
2405 3211 2648 3282 contigit
2676 3213 2920 3268 Virduni
2965 3198 3250 3285 hospitari
3299 3217 3359 3269 et
3406 3230 3531 3268 non
3589 3213 3804 3280 laetari,

391 3299 522 3354 dem
555 3317 686 3355 cum
719 3300 896 3372 sylva.
919 3303 1004 3357 Ad
1037 3305 1507 3359 Caston-Curtem
1555 3322 1824 3360 mansum
1857 3304 2026 3360 dimi-
2061 3281 2102 3347 C
2139 3299 2240 3353 sed
2290 3301 2482 3370 potius
2528 3281 2856 3373 lacrymari.
2902 3281 3289 3374 Respeximus
3343 3301 3505 3356 enim
3563 3302 3806 3358 crudele

396 3387 582 3443 dium.
625 3389 710 3442 Ad
741 3389 1190 3446 Aldcm-Villam
1225 3391 1482 3460 alodem;
1527 3394 1698 3464 juxta
1739 3393 2027 3448 civitatem
2139 3387 2301 3442 urbis
2331 3389 2640 3454 excidium,
2671 3389 2839 3462 quale
2868 3390 3068 3446 nullus
3095 3389 3284 3463 possit
3313 3405 3432 3447 non
3465 3389 3682 3446 dolere
3713 3391 3810 3446 ho-

395 3475 738 3534 Cumminas
769 3495 850 3534 ηπ.
883 3479 967 3534 Ad
1003 3479 1292 3535 Aldeberti
1333 3485 1556 3552 portam
1589 3499 1626 3536 ι.
1657 3481 1742 3535 Ad
1775 3481 2030 3536 Dodam-
2137 3475 2384 3532 minum.
2444 3478 2667 3533 Etenim
2724 3483 3106 3550 tyrannorum
3162 3478 3436 3551 ingressa
3493 3479 3804 3534 civitatem

391 3563 615 3634 Vallem
648 3584 686 3620 ι.
718 3568 801 3621 Ad
855 3568 1269 3624 Dormavallcm
1319 3587 1356 3624 ι,
1409 3571 1491 3624 Ad
1542 3570 1743 3625 Elnam
1792 3575 2024 3641 quarta-
2135 3565 2373 3633 saevitia,
2407 3571 2589 3622 totam
2623 3567 2803 3622 diruit
2850 3583 2952 3639 per
2987 3567 3116 3622 dira
3146 3567 3446 3633 incendia,
3479 3567 3591 3639 qui
3647 3569 3808 3640 ignis

392 3651 510 3707 rios
537 3670 637 3718 v11,
665 3653 818 3709 infra
865 3671 1063 3710 muros
1110 3675 1150 3710 ιι
1197 3657 1412 3712 vineas.
1447 3658 1526 3712 Ad
1575 3657 2024 3714 Ronnei-villam
2133 3670 2238 3708 nec
2267 3653 2377 3726 ipsi
2407 3655 2659 3710 ecclesias
2707 3659 2918 3710 sanetae
2961 3655 3156 3710 Mariae
3199 3655 3484 3728 pepercit,
3519 3657 3632 3711 sed
3669 3675 3808 3730 pas-

392 3755 629 3796 mansos
661 3759 700 3794 ιι
732 3745 788 3797 et
817 3745 1141 3813 quartarios
1172 3746 1565 3802 tres.Mansos
1595 3747 1654 3801 in
1675 3747 1901 3802 civitate
1921 3747 2020 3819 qui
2132 3742 2242 3797 sim
2300 3747 2356 3798 et
2411 3743 2628 3814 ubique
2685 3744 2996 3800 dominans
3053 3743 3440 3817 conflagravit
3483 3763 3497 3801 :
3549 3763 3628 3802 ex
3687 3763 3808 3819 qua

386 3829 722 3900 persolvunt
768 3831 986 3886 solidos
1023 3851 1166 3899 vnn,
1202 3833 1495 3889 clibanum
1546 3853 1746 3890 unum.
1787 3837 1872 3890 Ad
1903 3837 2018 3891 No-
2128 3831 2607 3904 conﬂagratione,
2667 3833 2966 3904 inopinato
3025 3833 3511 3904 superveniente,
3569 3835 3803 3891 instru-

381 3917 747 3975 vam-Villam
779 3938 1016 3977 mansos
1041 3940 1056 3975 ι
1079 3925 1135 3977 et
1164 3922 1496 3979 dimidium.
1523 3924 1651 3979 Haec
1673 3926 1868 3980 omnia
1889 3941 2016 3995 quae
2128 3924 2324 3975 menta
2352 3921 2526 3976 etiam
2569 3921 2904 3978 chartarum
2952 3926 3282 3977 vestrarum
3330 3923 3800 3994 praebendarum

380 4007 738 4078 praascriptio
771 4014 966 4064 nostra
997 4011 1272 4076 continet,
1306 4017 1424 4065 tam
1457 4013 1682 4067 urbana
1710 4029 1886 4084 quam
1920 4031 2013 4069 ru-
2125 4015 2472 4079 consumpta
2511 4014 2672 4074 sunt.
2702 4009 2803 4066 illa
2849 4013 2915 4065 ut
2961 4009 3191 4065 nullum
3238 4015 3602 4066 remaneret.
3642 4015 3800 4079 Qua-

379 4093 578 4160 ratica,
609 4094 670 4149 in
720 4097 996 4163 aediﬁciis,
1040 4099 1242 4165 vineis,
1297 4099 1498 4170 pratis,
1545 4099 1740 4171 sylvis,
1790 4101 2012 4172 campis
2121 4103 2357 4166 prepter
2401 4095 2851 4169 lacrymabiliter
2896 4113 3102 4154 omnes
3149 4099 3222 4153 ad
3269 4099 3526 4171 vestigia
3583 4106 3794 4157 nostra

377 4180 550 4236 cultis
581 4186 638 4238 et
668 4182 920 4250 incultis,
945 4186 1252 4256 utriusque
1279 4203 1454 4242 sexus
1486 4187 1814 4258 mancipiis,
1842 4191 2010 4259 aquis
2117 4185 2396 4255 prostrati
2420 4192 2626 4241 nostra:
2649 4187 2976 4258 apostolicis
2998 4187 3364 4244 auctoritatis
3396 4187 3791 4261 privilegium

376 4285 777 4342 aquarumque
799 4274 1816 4348 decursibus,molendinis,piscariis
1837 4277 2008 4332 eccle-
2118 4272 2280 4328 vobis
2313 4275 2650 4346 postulastis
2681 4275 2804 4330 fieri
2827 4275 2898 4331 de
2917 4275 3140 4332 eisdem
3171 4275 3531 4347 praebendis,
3569 4277 3790 4334 usibus

374 4357 498 4426 siis,
517 4360 772 4432 capellis,
793 4363 960 4416 sicuti
987 4365 1120 4432 jure
1151 4367 1205 4418 et
1236 4362 1499 4434 legaliter
1529 4367 1703 4434 atque
1733 4365 2005 4422 canonice
2115 4365 2170 4416 et
2199 4361 2429 4417 salariis
2459 4363 2684 4431 vestris,
2719 4364 2790 4418 ab
2821 4363 3082 4435 antiquis
3121 4363 3495 4436 temporibus
3526 4382 3788 4423 conces-

371 4449 442 4504 ad
473 4448 582 4505 hoc
614 4451 1032 4506 monasterium
1065 4451 1374 4522 pertinent,
1406 4452 1484 4506 ita
1513 4453 1674 4508 vobis
1705 4469 2002 4508 successo-
2113 4451 2217 4504 eis.
2252 4451 2431 4521 Igitur
2467 4451 2728 4506 inclinati
2761 4451 3032 4522 precibus
3078 4451 3310 4518 Vestris.
3343 4469 3450 4524 per
3499 4453 3622 4510 hoc
3677 4473 3785 4511 no-

369 4537 648 4611 ribusque
667 4540 874 4596 vestris
899 4541 1273 4596 concedimus
1293 4540 1602 4612 episcopis,
1625 4543 1682 4596 et
1703 4541 2002 4597 confirma-
2110 4541 2242 4593 strue
2282 4539 2610 4610 apostolicae
2658 4539 2976 4617 sanctionis
3027 4539 3400 4612 privilegium
3449 4543 3783 4600 conﬁrma-

365 4641 498 4682 mus
529 4626 586 4682 in
612 4633 988 4700 perpetuum;
1018 4629 1099 4684 ita
1118 4629 1270 4699 quod
1295 4629 1364 4683 ad
1389 4627 1596 4684 altaria
1623 4629 1998 4686 ecclesiarum
2031 4646 2078 4708 υ
2113 4643 2242 4681 mus
2271 4631 2324 4681 et
2352 4629 2797 4684 corroboramus
2837 4628 2998 4683 vobis
3026 4628 3361 4700 vestrisque
3407 4632 3784 4688 successori-

362 4713 423 4770 in
453 4715 746 4788 episcopic
776 4722 966 4773 vestro
999 4719 1266 4782 sitarum,
1300 4718 1449 4773 sicut
1489 4719 1572 4774 eis
1603 4719 1996 4786 concessistis,
2107 4715 2217 4769 bus
2267 4716 2324 4770 in
2375 4719 2717 4788 perpetuum
2763 4716 3000 4772 easdem
3049 4716 3419 4788 praebendas,
3471 4718 3594 4774 sub
3641 4719 3784 4790 jure

361 4803 508 4858 nulli
536 4803 706 4860 liceat
739 4805 912 4860 aliam
948 4807 1310 4861 introducere
1337 4823 1662 4878 personam,
1685 4807 1796 4861 nisi
1819 4825 1995 4879 quam
2106 4802 2288 4875 ipsius
2322 4803 2670 4859 beatissima:
2700 4804 2798 4860 Dei
2830 4804 3139 4860 Genitricis
3169 4822 3204 4860 ει
3235 4804 3510 4861 ﬁdelibus
3545 4809 3779 4874 consti-

358 4904 428 4944 ex
457 4905 721 4946 sororum
753 4909 994 4947 suarum
1033 4893 1274 4949 consilio
1305 4894 1604 4950 abbatissa
1633 4895 1992 4951 conduxerit.
2105 4896 2264 4947 tutas
2293 4891 2367 4946 ad
2399 4891 2741 4964 quotidiana
2768 4891 3099 4948 divinorum
3134 4891 3467 4948 ofﬁciorum
3500 4894 3776 4951 servitia.

358 4974 618 5048 Eligendi
665 4995 794 5034 vero
839 4980 1195 5037 abbatissam
1225 4983 1548 5038 secundum
1590 4981 1690 5038 Dei
1722 4983 1990 5039 timorem
2103 4980 2316 5036 Rerum
2348 4997 2478 5036 vero
2511 4980 2848 5036 earumdem
2880 4980 3327 5052 praebendarum
3351 4981 3608 5038 nomina
3628 4983 3778 5056 peti-

357 5067 413 5120 et
440 5079 728 5120 canonum
777 5067 1005 5143 decreta
1053 5066 1294 5126 liberam
1327 5070 1472 5142 ipsis
1503 5071 1876 5127 concedimus
1910 5073 1990 5126 fa-
2101 5069 2208 5124 stis
2237 5069 2410 5122 etiam
2440 5067 2579 5122 huic
2611 5067 2908 5140 privilegio
2929 5067 3132 5136 inseri,
3157 5085 3292 5124 cum
3317 5068 3558 5125 nullum
3597 5071 3776 5143 privi-

362 5150 784 5209 cultatem.Sed
809 5155 855 5208 si
885 5142 1274 5214 controversia
1295 5164 1420 5214 orta
1452 5160 1640 5220 fuerit,
1667 5160 1736 5213 ad
1769 5159 1988 5228 cpisco-
2096 5155 2312 5222 legium
2347 5161 2774 5211 antecessorum
2810 5162 3145 5213 nostrorum
3176 5157 3340 5212 vobis
3375 5142 3768 5227 remanserit,

351 5257 491 5314 pum
519 5243 828 5315 pertinebit
859 5249 942 5312 ut,
968 5246 1118 5303 sicut
1149 5251 1336 5303 bonus
1357 5254 1575 5318 pastor,
1600 5247 1869 5301 idoneam
1902 5264 1988 5301 cc-
2099 5246 2195 5301 ubi
2228 5246 2530 5300 vidcaulur
2562 5243 2779 5300 haberi.
2805 5246 2952 5300 Sunt
2982 5250 3179 5302 autem
3222 5245 3338 5301 ista
3370 5262 3509 5302 cum
3540 5246 3772 5304 bannis

350 5329 536 5387 clesize
569 5331 650 5388 illi
681 5333 981 5405 provideat
1013 5353 1343 5406 personam,
1365 5335 1451 5388 vel
1485 5336 1554 5388 de
1585 5351 1692 5389 sua
1712 5333 1795 5388 vel
1823 5334 1889 5388 de
1909 5333 1988 5390 al-
2095 5339 2150 5390 et
2179 5333 2438 5390 centanis
2472 5350 2484 5387 :
2519 5333 2758 5389 Lemnia
2806 5351 2941 5391 cum
2989 5335 3234 5391 ecclesia
3279 5335 3352 5391 ad
3402 5335 3683 5394 Oscbera
3712 5344 3772 5394 et

350 5421 532 5477 terius
561 5421 814 5478 dimeesi.
843 5423 900 5478 Si
945 5423 1077 5494 quis
1123 5429 1338 5486 autem,
1363 5422 1516 5492 quod
1550 5438 1663 5474 non
1693 5427 1984 5492 optamus,
2094 5423 2322 5478 duobus
2371 5421 2593 5478 mansis
2639 5427 2696 5478 et
2741 5423 3016 5480 omnibus
3047 5423 3410 5496 appendiciis
3442 5424 3614 5496 suis;
3671 5445 3770 5484 ec-

347 5511 652 5567 temerario
685 5530 832 5568 ausu
865 5518 1070 5568 contra
1089 5510 1196 5566 hoc
1220 5515 1483 5564 nostrum
1512 5509 1875 5580 privilegium
1907 5517 1986 5566 at-
2094 5509 2270 5567 clesia
2297 5511 2367 5566 ad
2401 5511 3028 5584 Domuum-Agerinum
3071 5529 3206 5569 cum
3249 5513 3455 5582 terris;
3488 5513 3768 5572 Nuvilleo

350 5595 610 5663 tentarit,
632 5598 776 5652 sciat
807 5615 868 5653 se
901 5596 1240 5652 auctoritate
1266 5597 1364 5651 Dei
1401 5594 1814 5668 omnipotentis
1845 5616 1986 5670 apo-
2095 5599 2325 5654 niacum
2356 5615 2490 5654 cum
2533 5599 2795 5668 ecclesia,
2831 5600 3166 5660 molendino
3207 5605 3262 5658 et
3309 5601 3606 5660 omnibus
3660 5621 3764 5678 ap-

357 5678 752 5754 stolorumque
797 5682 1075 5754 principis
1107 5681 1278 5752 Petri,
1308 5681 1364 5738 et
1395 5690 1592 5739 nostra
1621 5685 1988 5744 anathemate
2093 5687 2402 5759 pendiciis;
2438 5687 2669 5745 Usionis
2717 5694 2940 5748 curtem
2991 5691 3063 5749 ad
3110 5691 3428 5749 Pusionem
3481 5692 3766 5768 quinque
