3898 6350
141 414 265 484 629

1100 420 1505 485 ΕΡΙΒΤΟΕᾹΞ
1546 421 1645 486 ET
1688 419 2051 485 DECRETA
2103 420 2574 488 PONTIFICIA.

3411 419 3531 491 630

144 567 388 612 mansos
428 555 486 611 et
534 552 844 612 dimidium
893 569 1026 611 cum
1070 553 1263 611 hanno
1316 560 1373 610 et
1429 554 1608 621 silva;
1668 557 1781 612 Su-
1814 557 1859 621 Α
1897 555 2225 613 conditione
2252 574 2384 614 cum
2434 556 2728 615 communi
2780 554 3024 615 consilio
3080 552 3311 617 comitis
3342 556 3532 633 Baga-

143 643 768 715 periacum-minorem
799 660 932 700 cum
964 643 1208 699 ecclesia
1252 647 1309 700 et
1353 643 1515 700 silvis
1562 648 1618 700 et
1665 660 1787 699 om-

145 731 327 788 nibus
355 732 741 804 appendiciis;
775 732 1091 788 Bella-villa
1122 749 1255 787 cum
1286 734 1498 791 hanno.
1525 738 1786 799 centena,

145 820 506 877 molendinis
553 827 610 877 et
656 821 1181 889 Malherti—monte;
1233 824 1300 876 ad
1356 823 1450 877 Ex.
1509 822 1789 876 dimidius

144 925 395 965 mansus
425 926 558 964 cum
592 910 926 965 molendino
957 916 1013 965 et
1043 916 1240 982 prato;
1276 911 1442 965 Mons
1472 928 1603 965 cum
1645 911 1789 964 ban-

145 1014 246 1063 no,
272 998 808 1065 centana,ecclesia,
828 998 1176 1053 molendinis
1199 1004 1254 1053 et
1281 1000 1553 1055 omnibus
1575 1016 1789 1070 appen-

145 1087 349 1152 diciis;
394 1087 779 1157 Agerici-villa
826 1105 958 1142 cum
1010 1089 1201 1142 hanno
1252 1094 1527 1153 centana;
1560 1088 1789 1141 Barthi—

144 1174 439 1237 nea-villa,
474 1175 727 1237 Porario,
757 1176 1081 1243 Pictavilla;
1114 1177 1559 1231 Profundo-rivo
1598 1180 1655 1231 et
1694 1194 1788 1230 ec-

144 1262 367 1327 clesiis,
413 1263 761 1320 molendinis
812 1266 1202 1336 omnibusque
1249 1266 1637 1337 appendiciis;
1671 1267 1789 1319 Mo-

144 1351 481 1406 naldi-villa
500 1368 631 1406 cum
653 1353 1385 1417 hanno,centana.ecclosia
1400 1354 1790 1424 omnibusque

144 1439 544 1510 appendiciis;
608 1442 678 1495 ad
738 1442 1206 1497 Monaldi-villam
1270 1460 1511 1497 mensus
1557 1442 1791 1502 Linter

142 1528 575 1583 Haldi-curtem
630 1534 687 1583 et
741 1530 957 1585 Villare
1013 1548 1255 1585 mansus
1308 1533 1366 1595 li;
1419 1532 1487 1585 ad
1530 1532 1787 1586 Maroam

143 1616 339 1671 mansi
364 1620 427 1681 2;
461 1617 530 1671 ad
556 1616 847 1688 Apletium
882 1619 1281 1674 molendinum
1309 1622 1367 1679 1;
1395 1620 1465 1673 ad
1489 1623 1792 1674 Grossum-

143 1704 395 1759 rubrum
429 1705 710 1760 medietas
760 1706 935 1761 unius
985 1707 1258 1762 ccclesim.
1296 1710 1446 1763 Inter
1494 1709 1788 1779 Erpeiam-

145 1798 377 1848 curtem
409 1798 465 1848 et
497 1794 614 1848 Soli
642 1797 675 1847 7
707 1797 891 1849 mansi
927 1813 1059 1850 cum
1092 1797 1283 1851 hanno
1314 1801 1371 1851 et
1410 1801 1686 1865 centana;
1721 1798 1788 1852 ad

146 1881 703 1987 Gisiahardi-villam
739 1884 924 1939 mansi
956 1890 990 1938 2
1014 1901 1146 1949 cum
1196 1886 1410 1951 hanno,
1444 1890 1686 1941 centana
1737 1891 1794 1941 et
1824 1923 1869 1987 Β

142 1970 515 2033 molendino;
578 1972 649 2026 ad
717 1973 1057 2027 Frasnidum
1115 1973 1360 2029 ecclesia
1406 1976 1463 2037 1;
1523 1976 1593 2029 ad
1640 1975 1796 2029 Alni-

142 2060 375 2126 dum1;
409 2060 477 2113 ad
514 2059 1091 2132 Domnum-Eligium
1128 2064 1185 2129 1;
1229 2063 1587 2118 Udesvillare
1629 2081 1792 2117 man-

144 2164 255 2202 sus
288 2148 345 2213 1;
377 2164 508 2202 eum
532 2148 775 2203 dimidio
800 2150 1050 2205 molend.
1068 2152 1137 2205 ad
1163 2152 1611 2207 Ramisvachum
1635 2169 1793 2207 man-

144 2253 254 2291 sus
288 2237 346 2302 1;
379 2252 513 2290 cum
545 2237 758 2298 hanno,
793 2244 1036 2293 centana
1065 2244 1119 2294 et
1149 2240 1279 2294 aliis
1312 2241 1502 2307 terris,
1533 2240 1718 2295 vineis
1739 2245 1796 2295 et

142 2323 313 2379 silvis
329 2325 770 2397 ;Laumerengie
790 2344 921 2381 cum
943 2326 1184 2383 ecclesia
1202 2335 1257 2383 et
1279 2330 1552 2384 omnibus
1583 2346 1794 2400 appen-

144 2412 351 2481 diciis;
383 2415 803 2484 Aqua-ductus
835 2433 969 2471 cum
997 2416 1261 2481 ecclesia,
1304 2418 1465 2473 silvis
1513 2424 1570 2472 et
1604 2418 1791 2472 omni-

142 2503 261 2557 bus
292 2503 680 2574 appendiciis;
713 2505 983 2559 Stadonis
1006 2506 1209 2573 (Eston)
1224 2506 1357 2561 villa
1381 2524 1514 2563 cum
1547 2506 1708 2562 silvis
1739 2511 1794 2562 et

145 2590 428 2646 omnibus
480 2592 865 2662 appendiciis;
916 2594 1281 2649 Miseriacum
1332 2612 1465 2649 cum
1527 2595 1791 2659 ecclesia,

143 2679 508 2747 molendino,
571 2680 951 2737 Sumomonte
1008 2699 1072 2737 ac
1130 2684 1563 2751 Losoni-curte;
1618 2688 1793 2739 Aren-

144 2772 343 2823 ceium
403 2784 534 2821 cum
607 2768 751 2823 silva
810 2774 867 2825 et
926 2776 1117 2841 prato;
1178 2772 1599 2827 Frumisiacum
1658 2788 1789 2827 cum

143 2856 362 2913 Warch
382 2861 439 2911 et
454 2856 694 2912 ecclesia
712 2858 1102 2930 omnibusque
1123 2861 1771 2931 appendiciis;Domnus

150 2946 358 3017 Lupus
407 2961 537 2999 cum
573 2945 815 3001 ecclesia
873 2952 929 3002 et
986 2948 1365 3017 molendinis;
1402 2950 1471 3004 ad
1506 2950 1792 3005 Sasleium

149 3050 347 3089 mans.
401 3036 458 3095 1;
503 3034 573 3088 ad
608 3036 942 3090 Todennam
992 3038 1021 3091 ἆ
1075 3042 1266 3108 partes
1316 3038 1491 3093 unius
1543 3038 1794 3093 ecclesia}

146 3139 288 3178 cum
336 3122 527 3187 terris,
559 3122 700 3177 silva
731 3128 785 3178 et
813 3128 1011 3194 prato;
1045 3126 1114 3179 ad
1150 3130 1480 3181 Wammam
1529 3132 1794 3197 quartam

148 3216 379 3283 partem
415 3211 588 3265 unius
618 3212 868 3265 ecclesize
900 3230 1033 3268 cum
1066 3215 1255 3269 tribus
1288 3215 1600 3286 quartariis
1632 3219 1795 3269 terra;

1901 646 2067 700 nonis
2099 645 2463 719 aliorumque
2507 664 2750 703 suorum
2798 646 3063 703 fidelium
3111 647 3392 704 fratribus
3430 648 3532 706 ha-

1898 735 2087 790 benda
2118 736 2297 802 dedit,
2328 740 2393 791 ut
2440 736 2773 808 quicunque
2820 736 2995 791 homo
3041 735 3163 792 sive
3210 736 3420 793 mulier
3465 738 3536 793 de

1898 823 2055 878 omni
2083 824 2433 880 Virdunensi
2464 825 3243 898 episcopatu,cujuscunque
3270 826 3536 883 beneficii

1897 912 1981 967 vel
2033 913 2101 967 de
2148 922 2497 986 quacunque
2546 914 2672 985 lege
2720 918 2893 973 esset.
2927 915 3026 986 qui
3078 915 3137 969 in
3184 916 3387 971 eadem
3428 932 3534 988 po-

1896 1004 2103 1055 testate
2150 1018 2488 1072 permanere
2534 1002 2722 1071 vellet,
2783 1003 3064 1059 fratribus
3122 1004 3537 1076 perpetualiter

1897 1093 2072 1155 esset,
2105 1094 2161 1142 et
2189 1091 2260 1144 de
2290 1108 2395 1145 suo
2427 1092 2615 1161 capite
2657 1109 2839 1146 unum
2873 1091 3133 1147 modium
3165 1092 3282 1146 vini
3310 1092 3535 1164 persol-

1897 1178 2096 1232 visset.
2129 1178 2187 1231 Si
2234 1195 2366 1233 vero
2414 1179 2516 1233 ﬁlii
2566 1183 2669 1234 aut
2715 1179 2843 1234 ﬁlias
2890 1196 2959 1235 ex
3011 1180 3094 1236 eis
3142 1180 3427 1252 procreati
3459 1182 3532 1236 ad

1900 1266 2046 1323 alias
2076 1267 2262 1322 redire
2292 1266 2610 1323 voluissent
2639 1272 3020 1339 potestates,a
3046 1268 3236 1325 villico
3265 1270 3531 1341 ejusdem

1899 1356 2203 1428 potestatis
2234 1356 2520 1427 prosecuti
2548 1373 2777 1429 semper
2805 1357 3213 1428 persolvissent
3234 1375 3531 1414 summam

1901 1461 2112 1499 census
2144 1445 2447 1515 prmnotati
2482 1462 2494 1497 ε
2526 1446 2680 1515 quod
2726 1450 2791 1500 ut
2838 1446 3067 1501 firmius
3096 1446 3157 1500 in
3186 1450 3530 1519 perpetuum

1900 1536 2054 1587 stare
2086 1532 2290 1603 possit,
2325 1532 2538 1604 precati
2572 1536 2712 1588 sunt
2734 1534 2936 1589 eadem
2966 1533 3093 1606 lege
3125 1534 3473 1591 conditionis
3502 1552 3538 1593 a

1900 1620 2068 1675 nobis
2099 1621 2211 1675 sibi
2257 1621 2557 1693 privilegio
2604 1623 2848 1687 ﬁrmari,
2880 1622 3035 1678 sicut
3082 1622 3394 1694 pradictus
3416 1623 3539 1695 epi-

1900 1726 2134 1781 scopus,
2153 1712 2386 1781 quando
2416 1711 2673 1777 dederat,
2708 1710 2895 1767 facere
2925 1710 3313 1774 studuit.Qum
3342 1710 3542 1767 omnia

1900 1799 2169 1870 superius
2200 1799 2456 1853 seriatim
2490 1803 2691 1854 notata
2721 1817 2833 1854 non
2879 1798 3070 1854 solum
3118 1799 3283 1855 vobis
3330 1800 3541 1857 conﬁr-

1902 1904 2133 1943 mamus
2162 1891 2219 1942 et
2247 1889 2722 1954 corroboramus;
2758 1888 2854 1941 sm!
2890 1887 3062 1941 etiam
3116 1904 3479 1960 quaecunque
3509 1906 3543 1943 a

1902 1977 2173 2032 fidelibus
2202 1977 2548 2033 Christianis
2566 1976 2727 2033 vobis
2748 1977 3071 2047 vestrisque
3100 1977 3540 2032 successoribus

1903 2066 2111 2121 amodo
2158 2066 2372 2121 fuerint
2418 2066 2792 2121 contributa:
2840 2068 3163 2120 statuentes
3218 2064 3539 2136 apostolica

1904 2170 2168 2220 censura,
2220 2155 2328 2209 sub
2377 2154 2554 2207 divini
2591 2153 2803 2223 judicii
2848 2152 3250 2219 obtestatione,
3284 2156 3346 2208 ut
3375 2152 3539 2209 nulla

1901 2242 2204 2297 hominum
2238 2259 2505 2314 persona,
2540 2258 2752 2314 magna
2779 2242 2868 2297 vel
2898 2258 3093 2312 parva,
3133 2243 3538 2313 cujuscunque

1903 2331 1980 2385 sit
2009 2331 2308 2401 dignitatis
2338 2331 2422 2387 vel
2456 2330 2698 2397 ordinis,
2722 2330 3125 2401 cujuscunque
3154 2330 3233 2385 sit
3261 2346 3434 2386 sexus
3481 2334 3541 2386 et

1902 2419 2110 2481 aetatis,
2155 2424 2358 2474 contra
2414 2419 2524 2474 hoc
2580 2418 2763 2474 nostri
2820 2418 3122 2491 apostolici
3175 2417 3542 2491 privilegium

1902 2508 2097 2563 venire
2144 2512 2447 2577 pertentet.
2509 2508 2670 2573 Quod
2720 2507 2821 2579 qui
2882 2524 3062 2562 ausus
3111 2506 3305 2572 fuerit,
3357 2507 3541 2564 nostri

1904 2596 2293 2651 anathematis
2324 2595 2516 2667 gladio
2536 2612 2720 2666 usque
2734 2595 2804 2650 ad
2823 2595 3060 2667 dignam
3085 2595 3541 2652 satisfactionem

1903 2685 1978 2739 sit
2008 2700 2352 2754 percussus;
2388 2683 2486 2753 qui
2517 2700 2651 2738 vero
2691 2682 2834 2738 illud
2883 2682 3292 2753 observaverit,
3324 2683 3543 2740 illaesus

1902 2777 1958 2829 et
1990 2774 2043 2826 in
2073 2773 2230 2827 omni
2262 2775 2423 2843 parte
2448 2771 2854 2836 inconcussus,
2879 2770 3087 2826 divinas
3120 2771 3540 2828 benedictionis

1902 2860 2147 2933 gratiam
2179 2864 2472 2915 mereatur
2500 2864 2555 2914 et
2583 2863 2806 2914 interna)
2844 2859 2972 2915 vita:
3013 2859 3301 2931 particeps
3331 2859 3543 2916 efficia-

1902 2953 2016 3003 tur.

1977 3037 2085 3090 Leo
2135 3053 2301 3107 papa.
2331 3035 2526 3090 Gloria
2548 3034 2779 3091 Domini
2810 3033 2982 3106 plena
3031 3037 3120 3088 est
3162 3036 3335 3089 terra.
3386 3033 3541 3090 Bene

1904 3124 2106 3180 valete.

1979 3219 2005 3279 τι
2042 3214 2187 3267 Data
2215 3231 2293 3268 vn
2338 3212 2462 3268 Kal.
2514 3214 2654 3268 Nov.
2704 3230 2808 3284 per
2835 3211 3067 3268 "manus
3110 3211 3263 3267 Petri
3312 3211 3541 3267 diaconi

144 3304 208 3355 et
265 3304 454 3369 prato;
515 3300 584 3353 ad
638 3300 917 3355 Milleium
968 3308 1186 3372 septem
1244 3283 1572 3373 quartarios
1628 3308 1793 3357 terra":
1825 3283 1867 3348 Ο
1905 3301 2327 3357 bibliothecarii
2362 3306 2419 3357 et
2448 3283 2989 3357 cancellarisanctaz
3012 3297 3338 3371 apostolica;
3360 3298 3538 3369 sedis,

145 3404 292 3443 cum
325 3386 471 3442 silva
514 3393 570 3442 et
618 3395 819 3458 prato;
870 3391 940 3444 ad
992 3391 1377 3446 Salmoreium
1428 3392 1794 3445 medietatem

141 3476 329 3532 unius
360 3474 643 3543 ecclesiae;
681 3478 943 3532 Lineium
998 3495 1133 3534 cum
1182 3480 1425 3534 ecclesia
1458 3485 1514 3534 et
1555 3479 1797 3533 dimidio

141 3563 519 3630 molendino;
556 3564 811 3619 Fontane
867 3583 998 3620 sum
1057 3567 1302 3622 ecclesia
1329 3572 1385 3621 et
1423 3567 1795 3633 molendino;

140 3650 591 3710 Heraldi-mons
613 3669 744 3707 cum
764 3653 1008 3709 ecclesia
1025 3644 1082 3709 et
1099 3655 1372 3711 omnibus
1402 3654 1758 3726 appendiciis
1782 3674 1795 3719 ;

142 3740 584 3796 Wandersaltis
616 3759 750 3796 eum
782 3743 1024 3797 ecclesia
1039 3749 1095 3798 et
1113 3744 1387 3799 omnibus
1409 3744 1796 3815 appendiciis;

144 3826 335 3886 Merla
365 3845 493 3884 cum
530 3829 792 3895 ecclesia,
827 3831 1159 3887 molendino
1187 3839 1243 3887 et
1272 3833 1545 3887 omnibus
1579 3849 1796 3903 appen-

144 3916 356 3983 diciis;
392 3917 1004 3990 Superiacum-majus
1055 3925 1111 3974 et
1160 3920 1621 3975 Subterior-villa
1667 3936 1799 3974 cum

143 4004 420 4072 ecclesia,
456 4005 808 4060 molendinis
840 4012 896 4062 et
926 4009 1202 4063 omnibus
1232 4009 1623 4080 appendiciis;
1655 4010 1800 4064 Con-

143 4094 475 4150 sauradum
529 4110 662 4149 cum
713 4095 979 4166 ecclesia,
1022 4097 1377 4153 molendinis
1428 4101 1482 4152 et
1529 4098 1802 4153 omnibus

145 4181 558 4255 appendiciis;
619 4183 689 4237 ad
744 4184 1139 4240 Braibannum
1206 4191 1427 4257 septem
1479 4185 1805 4258 quartarios

146 4276 326 4328 terra:
358 4287 490 4325 cum
524 4272 692 4326 vinea
725 4276 781 4326 et
811 4273 984 4340 silva;
1018 4274 1338 4329 Moslavilla
1371 4292 1502 4330 cum
1542 4274 1804 4338 ecclesia,

150 4358 501 4415 molendino
580 4364 637 4414 et
696 4361 971 4417 omnibus
1010 4362 1402 4434 appendiciis;
1474 4363 1805 4418 Flahasium

150 4466 299 4504 cum
352 4447 625 4509 ecclesia;
680 4450 1043 4506 Haudimons
1100 4468 1232 4506 cum
1293 4451 1482 4515 silvis;
1535 4451 1603 4505 ad
1662 4455 1804 4505 Jun-

150 4536 461 4593 chereium
496 4537 747 4602 mansi,
780 4554 911 4592 cum
947 4540 1140 4594 hanno
1172 4543 1228 4593 et
1258 4542 1532 4604 centana;
1566 4538 1809 4594 Anselli-

1907 3406 2060 3445 anno
2092 3389 2293 3444 domui
2324 3389 2528 3443 Leonis
2554 3388 2690 3444 noni
2723 3404 2881 3459 papae
2914 3389 2957 3454 I,
2988 3387 3187 3442 indict.
3223 3403 3306 3441 III.

1978 3479 2225 3548 Appcnsa
2279 3481 2359 3531 est
2386 3477 2641 3547 plumbea
2673 3474 2829 3531 bulla
2856 3491 2983 3530 cum
3006 3476 3107 3530 hac
3136 3476 3491 3545 inscriptione
3521 3490 3540 3528 :

1909 3567 2119 3621 Laoms
2152 3582 2327 3619 Pam.

2624 3669 2818 3726 XXVI.

1907 3760 1961 3815 S.
1997 3762 2099 3814 Leo
2132 3760 2202 3814 IX
2230 3759 2427 3813 Veteris
2458 3759 2766 3814 Monasterii
2795 3758 2848 3814 S.
2883 3757 3074 3815 Maria:
3117 3757 3485 3824 Virdunensis,
3515 3773 3548 3812 a

2146 3846 2260 3885 sese
2288 3832 2609 3897 consecrati,
2640 3831 2999 3900 possessiones
3027 3829 3334 3899 conﬁrmat.

2528 3920 2715 3985 (Anno
2746 3918 2928 3988 4049.)

1993 4008 2160 4077 [Dom
2191 4005 2434 4073 Calmet,
2471 4007 2713 4061 Histoire
2740 4006 2805 4062 de
2834 4007 3112 4070 Lorrainc,
3146 4006 3189 4073 Ι,
3219 4006 3474 4071 Preuves,

2578 4094 2708 4149 pag.
2742 4077 2890 4147 423.]

1985 4185 2095 4239 Lso
2124 4184 2454 4255 episcopus,
2481 4200 2682 4239 servus
2713 4198 3014 4239 servorum
3043 4182 3168 4252 Dei,
3182 4181 3346 4238 fratri
3373 4182 3552 4238 THEO-

1915 4290 2124 4329 oonico
2152 4271 2503 4327 Virdunensi
2536 4272 2791 4343 praesuli,
2834 4276 2893 4328 et
2942 4271 3067 4327 suis
3114 4269 3552 4328 successoribus

1916 4364 1975 4417 in
2000 4365 2369 4433 perpetuum.

1987 4451 2047 4506 Si
2097 4449 2317 4505 devotis
2370 4450 2463 4504 Dei
2513 4449 2773 4505 ﬁdelium
2818 4449 3198 4520 petitionibus
3242 4460 3551 4504 assensum

1918 4539 2272 4604 dederimus,
2305 4539 2571 4594 videlicet
2601 4543 2663 4593 ut
2694 4554 2786 4594 res
2812 4541 3145 4593 sanctarum
3176 4535 3553 4592 ecclesiarum

148 4629 391 4681 sartum
426 4641 560 4679 cum
594 4625 837 4681 ecclesia
869 4632 925 4682 et
958 4629 1231 4683 omnibus
1254 4627 1808 4699 appendiciis;Post-
1844 4643 1889 4707 ι)
1919 4644 2121 4683 eorum
2167 4626 2559 4698 procurationi
2603 4626 2969 4691 commissas,
3001 4625 3157 4681 unde
3200 4622 3419 4695 duplici
3465 4640 3555 4678 re-

147 4712 368 4769 villare
418 4729 552 4767 cum
599 4713 863 4782 ecclesia,
898 4715 1153 4771 molend.
1187 4721 1245 4771 et
1275 4716 1549 4771 omnibus
1597 4732 1807 4788 appen-

151 4800 373 4868 diciis;
432 4801 718 4857 Morcium
780 4820 910 4859 cum
978 4804 1225 4859 ecclesia
1275 4810 1331 4859 et
1383 4805 1655 4860 omnibus
1714 4822 1812 4875 ap-

148 4880 489 4963 pendiciis;
542 4890 611 4944 ad
666 4891 900 4946 Areium
965 4898 1252 4963 quantum
1312 4892 1390 4946 ibi
1451 4893 1624 4948 habet
1681 4910 1814 4948 cum

151 4983 339 5052 portu
371 4980 428 5032 et
459 4977 757 5049 piscariis;
793 4979 1043 5034 Bcslaric
1075 4997 1208 5034 cum
1260 4980 1490 5035 duabus
1521 4981 1813 5048 ecclesiis;

154 5069 237 5124 ad
276 5066 695 5122 Haudicurlem
728 5068 917 5123 mansi
950 5071 1015 5135 3;
1059 5068 1127 5122 ad
1185 5068 1474 5124 Balareias
1522 5086 1711 5125 mans.
1756 5072 1814 5135 1;

160 5155 457 5212 medietas
480 5154 637 5209 silvae
661 5158 844 5211 sancti
869 5156 1103 5211 Martini
1128 5161 1185 5211 et
1205 5158 1522 5226 prmbcndze
1547 5159 1816 5223 fratrum,

158 5243 583 5301 advocationes
634 5249 688 5298 et
738 5245 945 5300 altaria
986 5246 1056 5300 de
1106 5243 1364 5299 ecclesiis
1413 5244 1656 5311 nostris;
1692 5263 1813 5301 mo-

156 5332 476 5389 lendinum
538 5348 714 5403 super
774 5333 1112 5389 Braceolum
1174 5333 1232 5386 in
1296 5334 1487 5387 media
1544 5332 1813 5398 civitate;

154 5419 595 5479 Junchercium
628 5426 759 5475 ante
790 5421 1096 5477 castellum
1148 5421 1523 5485 Ramerudis;
1578 5421 1649 5475 ad
1701 5428 1815 5477 Ars

154 5525 304 5567 vero
367 5509 580 5563 mansi.
640 5510 671 5561 4
721 5526 855 5564 cum
916 5511 937 5565 Ι
1006 5510 1316 5581 quartario,
1378 5508 1540 5574 silva,
1600 5510 1813 5574 hanno,

157 5603 445 5663 centana,
477 5596 660 5651 vineis
704 5603 761 5652 et
811 5598 1148 5655 molendino
1202 5615 1213 5652 :
1262 5614 1387 5668 qua:
1418 5595 1609 5652 omnia
1655 5596 1816 5653 llado

155 5688 281 5764 piae
324 5685 620 5741 memoria:
678 5685 986 5758 episcopus
1033 5684 1414 5740 Virdunensis
1460 5682 1717 5739 Ecclesia:
1750 5700 1817 5738 ea

1923 4716 2189 4771 factionis
2217 4720 2387 4787 pastu
2419 4715 2733 4771 sustentari
2774 4715 2979 4770 debeat
3015 4731 3153 4787 grex
3193 4711 3555 4780 Dominicus,

1923 4804 2103 4859 nostri
2124 4803 2426 4875 apostolici
2441 4804 2719 4876 privilegii
2740 4803 3082 4859 auctoritate
3107 4799 3559 4866 ﬁrmaverimus,

1923 4892 2271 4948 universalis
2301 4892 2563 4947 Ecclesiae
2594 4892 2768 4947 statui
2801 4892 3175 4964 profuturum
3197 4889 3441 4946 minime
3462 4890 3567 4946 du-

1924 4981 2201 5045 bitamus,
2232 4980 2352 5035 imo
2402 4981 2473 5036 ab
2522 4981 2649 5051 ipso
2701 4981 2906 5035 divinae
2957 4978 3371 5036 misericordias
3409 4979 3568 5035 fonte

1924 5070 2281 5124 remunerari
2315 5069 2629 5125 credimus.
2657 5069 2820 5125 Unde
2849 5070 3117 5125 omnium
3148 5066 3567 5124 catholicorum
3648 5106 3655 5107 κ

1925 5159 2156 5227 Deoque
2187 5156 2542 5227 placentium
2591 5158 2944 5212 universitas
2992 5157 3239 5223 noverit,
3262 5158 3392 5229 jam
3429 5154 3568 5212 dicti

1923 5244 2259 5301 Theoderici
2276 5244 2638 5299 dilectissimi
2662 5246 2925 5317 praesulis
2944 5249 3318 5311 consensu,et
3335 5244 3568 5299 Ermen-

1926 5334 2067 5389 i‘redi
2104 5334 2487 5388 Virdunensis
2528 5333 2922 5389 archidiaconi
2970 5335 3314 5396 interventu,
3347 5329 3558 5396 locum,

1924 5423 2104 5477 Vetus
2160 5422 2577 5476 Monasterium
2638 5422 2961 5494 antiquitus
3013 5422 3254 5482 dictum,
3304 5417 3376 5471 ab
3433 5416 3560 5487 ipso

1926 5509 2300 5564 Ermenfredo
2333 5509 2600 5564 funditus
2623 5514 2988 5574 renovatum;
3020 5506 3134 5560 imo
3159 5520 3193 5558 a
3222 5518 3316 5557 me
3342 5503 3470 5574 ipso
3498 5502 3557 5557 in

1926 5597 2143 5653 honore
2174 5602 2353 5652 senta:
2387 5598 2578 5652 Mariae
2610 5597 2957 5667 Magdalenen
3002 5594 3200 5647 devote
3227 5590 3554 5646 dedicatum

1927 5690 1986 5742 et
2015 5690 2437 5752 consecratum,
2469 5702 2563 5741 me
2592 5684 2914 5757 apostolicze
2962 5677 3323 5737 auctoritatis
3361 5679 3556 5735 muni-
