  <div class='ocr_page' id='page_1' title='image "/cluster/home/n/w/nwhite01/storage/ocr_20150623/142-143/uc1.31175018423130/1056.png"; bbox 0 0 3952 6332; ppageno 0'>
   <div class='ocr_carea' id='block_1_1' title="bbox 118 418 233 482">
    <p class='ocr_par' dir='ltr' id='par_1_1' title="bbox 118 418 233 482">
     <span class='ocr_line' id='line_1_1' title="bbox 118 418 233 482; baseline -0.017 0"><span class='ocrx_word' id='word_1_1' title='bbox 118 418 233 482; x_wconf 82' lang='lat'><strong>633</strong></span> 
     </span>
    </p>
   </div>
   <div class='ocr_carea' id='block_1_2' title="bbox 1087 413 2554 501">
    <p class='ocr_par' dir='ltr' id='par_1_2' title="bbox 1087 413 2554 501">
     <span class='ocr_line' id='line_1_2' title="bbox 1087 413 2554 501; baseline -0.001 -23"><span class='ocrx_word' id='word_1_2' title='bbox 1087 416 1493 480; x_wconf 66' lang='lat' dir='ltr'><strong>EPISTOLE</strong></span> <span class='ocrx_word' id='word_1_3' title='bbox 1536 416 1637 486; x_wconf 85' lang='lat' dir='ltr'><strong>ET</strong></span> <span class='ocrx_word' id='word_1_4' title='bbox 1681 413 2044 476; x_wconf 80' lang='lat' dir='ltr'><strong>DECRETA</strong></span> <span class='ocrx_word' id='word_1_5' title='bbox 2085 414 2554 501; x_wconf 71' lang='lat' dir='ltr'><strong>PONTIFICIA.</strong></span> 
     </span>
    </p>
   </div>
   <div class='ocr_carea' id='block_1_3' title="bbox 3401 419 3520 480">
    <p class='ocr_par' dir='ltr' id='par_1_3' title="bbox 3401 419 3520 480">
     <span class='ocr_line' id='line_1_3' title="bbox 3401 419 3520 480; baseline 0 0"><span class='ocrx_word' id='word_1_6' title='bbox 3401 419 3520 480; x_wconf 68' lang='grc'><strong>634</strong></span> 
     </span>
    </p>
   </div>
   <div class='ocr_carea' id='block_1_4' title="bbox 119 547 3523 623">
    <p class='ocr_par' dir='ltr' id='par_1_4' title="bbox 119 547 3523 623">
     <span class='ocr_line' id='line_1_4' title="bbox 119 547 3523 623; baseline -0 -15"><span class='ocrx_word' id='word_1_7' title='bbox 119 550 232 608; x_wconf 89' lang='lat' dir='ltr'><strong>Deo</strong></span> <span class='ocrx_word' id='word_1_8' title='bbox 268 547 504 622; x_wconf 85' lang='lat' dir='ltr'><strong>proprio</strong></span> <span class='ocrx_word' id='word_1_9' title='bbox 552 547 753 606; x_wconf 82' lang='lat' dir='ltr'><strong>labore</strong></span> <span class='ocrx_word' id='word_1_10' title='bbox 799 549 1011 608; x_wconf 89' lang='lat' dir='ltr'><strong>addere</strong></span> <span class='ocrx_word' id='word_1_11' title='bbox 1058 547 1372 622; x_wconf 81' lang='lat' dir='ltr'><strong>potuerint,</strong></span> <span class='ocrx_word' id='word_1_12' title='bbox 1421 549 1631 606; x_wconf 89' lang='lat' dir='ltr'><strong>amodo</strong></span> <span class='ocrx_word' id='word_1_13' title='bbox 1663 564 1762 604; x_wconf 89' lang='lat' dir='ltr'><strong>eas</strong></span> <span class='ocrx_word' id='word_1_14' title='bbox 1790 548 1846 615; x_wconf 82' lang='lat' dir='ltr'><strong>A</strong></span> <span class='ocrx_word' id='word_1_15' title='bbox 1945 547 2242 605; x_wconf 76' lang='lat' dir='ltr'><strong>Praeclaris</strong></span> <span class='ocrx_word' id='word_1_16' title='bbox 2309 547 2458 606; x_wconf 90' lang='lat' dir='ltr'><strong>votis</strong></span> <span class='ocrx_word' id='word_1_17' title='bbox 2521 547 2720 605; x_wconf 89' lang='lat' dir='ltr'><strong>divina</strong></span> <span class='ocrx_word' id='word_1_18' title='bbox 2786 547 3163 606; x_wconf 76' lang='lat' dir='ltr'><strong>miseratione</strong></span> <span class='ocrx_word' id='word_1_19' title='bbox 3215 554 3523 623; x_wconf 75' lang='lat' dir='ltr'><strong>praastatur</strong></span> 
     </span>
    </p>
   </div>
   <div class='ocr_carea' id='block_1_5' title="bbox 121 637 1763 710">
    <p class='ocr_par' dir='ltr' id='par_1_5' title="bbox 121 637 1763 710">
     <span class='ocr_line' id='line_1_5' title="bbox 121 637 1763 710; baseline -0.002 -14"><span class='ocrx_word' id='word_1_20' title='bbox 121 637 438 698; x_wconf 70' lang='lat' dir='ltr'><strong>oblationes</strong></span> <span class='ocrx_word' id='word_1_21' title='bbox 486 639 696 696; x_wconf 76' lang='lat' dir='ltr'><strong>fratres</strong></span> <span class='ocrx_word' id='word_1_22' title='bbox 722 640 782 695; x_wconf 89' lang='lat' dir='ltr'><strong>in</strong></span> <span class='ocrx_word' id='word_1_23' title='bbox 813 656 1124 696; x_wconf 85' lang='lat' dir='ltr'><strong>commune</strong></span> <span class='ocrx_word' id='word_1_24' title='bbox 1152 639 1425 695; x_wconf 76' lang='lat' dir='ltr'><strong>habeant.</strong></span> <span class='ocrx_word' id='word_1_25' title='bbox 1460 640 1544 707; x_wconf 89' lang='lat' dir='ltr'><strong>Et,</strong></span> <span class='ocrx_word' id='word_1_26' title='bbox 1579 655 1763 710; x_wconf 86' lang='lat' dir='ltr'><strong>quan-</strong></span> 
     </span>
    </p>
   </div>
   <div class='ocr_carea' id='block_1_6' title="bbox 120 726 1768 800">
    <p class='ocr_par' dir='ltr' id='par_1_6' title="bbox 120 726 1768 800">
     <span class='ocr_line' id='line_1_6' title="bbox 120 726 1768 800; baseline -0.001 -16"><span class='ocrx_word' id='word_1_27' title='bbox 120 730 426 800; x_wconf 89' lang='lat' dir='ltr'><strong>docunque</strong></span> <span class='ocrx_word' id='word_1_28' title='bbox 471 727 748 800; x_wconf 68' lang='lat' dir='ltr'><strong>praelatus</strong></span> <span class='ocrx_word' id='word_1_29' title='bbox 779 729 1048 799; x_wconf 82' lang='lat' dir='ltr'><strong>ejusdem</strong></span> <span class='ocrx_word' id='word_1_30' title='bbox 1080 726 1345 784; x_wconf 71' lang='lat' dir='ltr'><strong>Ecclesia:</strong></span> <span class='ocrx_word' id='word_1_31' title='bbox 1379 745 1412 783; x_wconf 92' lang='lat' dir='ltr'><strong>a</strong></span> <span class='ocrx_word' id='word_1_32' title='bbox 1447 727 1561 782; x_wconf 83' lang='lat' dir='ltr'><strong>Deo</strong></span> <span class='ocrx_word' id='word_1_33' title='bbox 1595 726 1768 782; x_wconf 85' lang='lat' dir='ltr'><strong>fuerit</strong></span> 
     </span>
    </p>
   </div>
   <div class='ocr_carea' id='block_1_7' title="bbox 120 816 1769 889">
    <p class='ocr_par' dir='ltr' id='par_1_7' title="bbox 120 816 1769 889">
     <span class='ocr_line' id='line_1_7' title="bbox 120 816 1769 889; baseline -0.002 -16"><span class='ocrx_word' id='word_1_34' title='bbox 120 820 378 884; x_wconf 83' lang='lat' dir='ltr'><strong>vocatus,</strong></span> <span class='ocrx_word' id='word_1_35' title='bbox 413 834 586 888; x_wconf 89' lang='lat' dir='ltr'><strong>quem</strong></span> <span class='ocrx_word' id='word_1_36' title='bbox 618 816 721 872; x_wconf 88' lang='lat' dir='ltr'><strong>illa</strong></span> <span class='ocrx_word' id='word_1_37' title='bbox 751 817 1122 889; x_wconf 73' lang='lat' dir='ltr'><strong>congregatio</strong></span> <span class='ocrx_word' id='word_1_38' title='bbox 1147 833 1215 872; x_wconf 76' lang='lat' dir='ltr'><strong>ex</strong></span> <span class='ocrx_word' id='word_1_39' title='bbox 1244 833 1370 871; x_wconf 80' lang='lat' dir='ltr'><strong>sese</strong></span> <span class='ocrx_word' id='word_1_40' title='bbox 1411 816 1769 871; x_wconf 81' lang='lat' dir='ltr'><strong>unanimiter</strong></span> 
     </span>
    </p>
   </div>
   <div class='ocr_carea' id='block_1_8' title="bbox 118 905 1769 978">
    <p class='ocr_par' dir='ltr' id='par_1_8' title="bbox 118 905 1769 978">
     <span class='ocr_line' id='line_1_8' title="bbox 118 905 1769 978; baseline -0.002 -15"><span class='ocrx_word' id='word_1_41' title='bbox 118 905 373 978; x_wconf 81' lang='lat' dir='ltr'><strong>elegerit,</strong></span> <span class='ocrx_word' id='word_1_42' title='bbox 398 905 746 978; x_wconf 69' lang='lat' dir='ltr'><strong>praepositus</strong></span> <span class='ocrx_word' id='word_1_43' title='bbox 779 907 1150 977; x_wconf 85' lang='lat' dir='ltr'><strong>subrogetur,</strong></span> <span class='ocrx_word' id='word_1_44' title='bbox 1183 909 1240 960; x_wconf 91' lang='lat' dir='ltr'><strong>et</strong></span> <span class='ocrx_word' id='word_1_45' title='bbox 1259 906 1330 960; x_wconf 88' lang='lat' dir='ltr'><strong>ad</strong></span> <span class='ocrx_word' id='word_1_46' title='bbox 1363 905 1570 960; x_wconf 89' lang='lat' dir='ltr'><strong>altaria</strong></span> <span class='ocrx_word' id='word_1_47' title='bbox 1600 905 1769 960; x_wconf 88' lang='lat' dir='ltr'><strong>bene-</strong></span> 
     </span>
    </p>
   </div>
   <div class='ocr_carea' id='block_1_9' title="bbox 121 994 1765 1066">
    <p class='ocr_par' dir='ltr' id='par_1_9' title="bbox 121 994 1765 1066">
     <span class='ocr_line' id='line_1_9' title="bbox 121 994 1765 1066; baseline -0.001 -16"><span class='ocrx_word' id='word_1_48' title='bbox 121 995 382 1061; x_wconf 86' lang='lat' dir='ltr'><strong>dicenda,</strong></span> <span class='ocrx_word' id='word_1_49' title='bbox 435 994 523 1051; x_wconf 87' lang='lat' dir='ltr'><strong>vel</strong></span> <span class='ocrx_word' id='word_1_50' title='bbox 569 1012 768 1051; x_wconf 90' lang='lat' dir='ltr'><strong>sacros</strong></span> <span class='ocrx_word' id='word_1_51' title='bbox 813 995 1050 1051; x_wconf 87' lang='lat' dir='ltr'><strong>ordines</strong></span> <span class='ocrx_word' id='word_1_52' title='bbox 1106 994 1540 1066; x_wconf 89' lang='lat' dir='ltr'><strong>principiendos</strong></span> <span class='ocrx_word' id='word_1_53' title='bbox 1590 1010 1765 1065; x_wconf 88' lang='lat' dir='ltr'><strong>quem</strong></span> 
     </span>
    </p>
   </div>
   <div class='ocr_carea' id='block_1_10' title="bbox 117 1082 1768 1156">
    <p class='ocr_par' dir='ltr' id='par_1_10' title="bbox 117 1082 1768 1156">
     <span class='ocr_line' id='line_1_10' title="bbox 117 1082 1768 1156; baseline -0.001 -17"><span class='ocrx_word' id='word_1_54' title='bbox 117 1083 406 1139; x_wconf 86' lang='lat' dir='ltr'><strong>voluerint</strong></span> <span class='ocrx_word' id='word_1_55' title='bbox 450 1083 796 1156; x_wconf 80' lang='lat' dir='ltr'><strong>episcopum</strong></span> <span class='ocrx_word' id='word_1_56' title='bbox 841 1087 1132 1154; x_wconf 82' lang='lat' dir='ltr'><strong>expetant,</strong></span> <span class='ocrx_word' id='word_1_57' title='bbox 1180 1082 1458 1154; x_wconf 89' lang='lat' dir='ltr'><strong>nullaque</strong></span> <span class='ocrx_word' id='word_1_58' title='bbox 1509 1082 1768 1138; x_wconf 82' lang='lat' dir='ltr'><strong>Ecclesia</strong></span> 
     </span>
    </p>
   </div>
   <div class='ocr_carea' id='block_1_11' title="bbox 121 1171 1768 1244">
    <p class='ocr_par' dir='ltr' id='par_1_11' title="bbox 121 1171 1768 1244">
     <span class='ocr_line' id='line_1_11' title="bbox 121 1171 1768 1244; baseline -0.001 -18"><span class='ocrx_word' id='word_1_59' title='bbox 121 1172 440 1244; x_wconf 80' lang='lat' dir='ltr'><strong>quidquam</strong></span> <span class='ocrx_word' id='word_1_60' title='bbox 472 1189 748 1244; x_wconf 86' lang='lat' dir='ltr'><strong>separare</strong></span> <span class='ocrx_word' id='word_1_61' title='bbox 776 1172 864 1227; x_wconf 87' lang='lat' dir='ltr'><strong>vel</strong></span> <span class='ocrx_word' id='word_1_62' title='bbox 886 1173 1112 1227; x_wconf 86' lang='lat' dir='ltr'><strong>auferre</strong></span> <span class='ocrx_word' id='word_1_63' title='bbox 1143 1172 1217 1227; x_wconf 89' lang='lat' dir='ltr'><strong>ab</strong></span> <span class='ocrx_word' id='word_1_64' title='bbox 1236 1171 1322 1228; x_wconf 90' lang='lat' dir='ltr'><strong>eis</strong></span> <span class='ocrx_word' id='word_1_65' title='bbox 1342 1174 1679 1243; x_wconf 72' lang='lat' dir='ltr'><strong>praesumat,</strong></span> <span class='ocrx_word' id='word_1_66' title='bbox 1711 1176 1768 1226; x_wconf 89' lang='lat' dir='ltr'><strong>et</strong></span> 
     </span>
    </p>
   </div>
   <div class='ocr_carea' id='block_1_12' title="bbox 123 1260 1767 1332">
    <p class='ocr_par' dir='ltr' id='par_1_12' title="bbox 123 1260 1767 1332">
     <span class='ocr_line' id='line_1_12' title="bbox 123 1260 1767 1332; baseline -0.002 -14"><span class='ocrx_word' id='word_1_67' title='bbox 123 1261 355 1328; x_wconf 85' lang='lat' dir='ltr'><strong>nemini,</strong></span> <span class='ocrx_word' id='word_1_68' title='bbox 391 1261 514 1316; x_wconf 86' lang='lat' dir='ltr'><strong>nisi</strong></span> <span class='ocrx_word' id='word_1_69' title='bbox 536 1261 878 1316; x_wconf 86' lang='lat' dir='ltr'><strong>invitatione</strong></span> <span class='ocrx_word' id='word_1_70' title='bbox 899 1264 1001 1316; x_wconf 87' lang='lat' dir='ltr'><strong>aut</strong></span> <span class='ocrx_word' id='word_1_71' title='bbox 1019 1260 1405 1332; x_wconf 88' lang='lat' dir='ltr'><strong>permissione</strong></span> <span class='ocrx_word' id='word_1_72' title='bbox 1429 1261 1610 1315; x_wconf 89' lang='lat' dir='ltr'><strong>totius</strong></span> <span class='ocrx_word' id='word_1_73' title='bbox 1637 1277 1767 1315; x_wconf 76' lang='lat' dir='ltr'><strong>con~</strong></span> 
     </span>
    </p>
   </div>
   <div class='ocr_carea' id='block_1_13' title="bbox 120 1348 1765 1423">
    <p class='ocr_par' dir='ltr' id='par_1_13' title="bbox 120 1348 1765 1423">
     <span class='ocr_line' id='line_1_13' title="bbox 120 1348 1765 1423; baseline -0.001 -18"><span class='ocrx_word' id='word_1_74' title='bbox 120 1349 497 1423; x_wconf 85' lang='lat' dir='ltr'><strong>gregationis,</strong></span> <span class='ocrx_word' id='word_1_75' title='bbox 529 1349 703 1406; x_wconf 89' lang='lat' dir='ltr'><strong>liceat</strong></span> <span class='ocrx_word' id='word_1_76' title='bbox 741 1350 1081 1406; x_wconf 84' lang='lat' dir='ltr'><strong>monasterii</strong></span> <span class='ocrx_word' id='word_1_77' title='bbox 1112 1348 1298 1421; x_wconf 88' lang='lat' dir='ltr'><strong>ipsius</strong></span> <span class='ocrx_word' id='word_1_78' title='bbox 1336 1354 1501 1420; x_wconf 87' lang='lat' dir='ltr'><strong>septa</strong></span> <span class='ocrx_word' id='word_1_79' title='bbox 1528 1349 1765 1404; x_wconf 86' lang='lat' dir='ltr'><strong>intrare.</strong></span> 
     </span>
    </p>
   </div>
   <div class='ocr_carea' id='block_1_14' title="bbox 122 1438 1770 1510">
    <p class='ocr_par' dir='ltr' id='par_1_14' title="bbox 122 1438 1770 1510">
     <span class='ocr_line' id='line_1_14' title="bbox 122 1438 1770 1510; baseline -0.001 -17"><span class='ocrx_word' id='word_1_80' title='bbox 122 1439 274 1504; x_wconf 86' lang='lat' dir='ltr'><strong>Quod</strong></span> <span class='ocrx_word' id='word_1_81' title='bbox 322 1438 372 1493; x_wconf 88' lang='lat' dir='ltr'><strong>si</strong></span> <span class='ocrx_word' id='word_1_82' title='bbox 425 1438 680 1508; x_wconf 88' lang='lat' dir='ltr'><strong>quilibet</strong></span> <span class='ocrx_word' id='word_1_83' title='bbox 722 1439 1092 1510; x_wconf 91' lang='lat' dir='ltr'><strong>pontiﬁcum,</strong></span> <span class='ocrx_word' id='word_1_84' title='bbox 1139 1439 1210 1494; x_wconf 90' lang='lat' dir='ltr'><strong>ab</strong></span> <span class='ocrx_word' id='word_1_85' title='bbox 1255 1438 1338 1494; x_wconf 89' lang='lat' dir='ltr'><strong>eis</strong></span> <span class='ocrx_word' id='word_1_86' title='bbox 1379 1439 1770 1493; x_wconf 88' lang='lat' dir='ltr'><strong>communiter</strong></span> 
     </span>
    </p>
   </div>
   <div class='ocr_carea' id='block_1_15' title="bbox 120 1525 1764 1599">
    <p class='ocr_par' dir='ltr' id='par_1_15' title="bbox 120 1525 1764 1599">
     <span class='ocr_line' id='line_1_15' title="bbox 120 1525 1764 1599; baseline -0.001 -16"><span class='ocrx_word' id='word_1_87' title='bbox 120 1525 466 1599; x_wconf 80' lang='lat' dir='ltr'><strong>postulatus,</strong></span> <span class='ocrx_word' id='word_1_88' title='bbox 521 1544 626 1598; x_wconf 89' lang='lat' dir='ltr'><strong>pro</strong></span> <span class='ocrx_word' id='word_1_89' title='bbox 655 1527 922 1599; x_wconf 87' lang='lat' dir='ltr'><strong>ipsorum</strong></span> <span class='ocrx_word' id='word_1_90' title='bbox 952 1527 1204 1583; x_wconf 79' lang='lat' dir='ltr'><strong>utilitate</strong></span> <span class='ocrx_word' id='word_1_91' title='bbox 1247 1527 1578 1594; x_wconf 89' lang='lat' dir='ltr'><strong>accesserit,</strong></span> <span class='ocrx_word' id='word_1_92' title='bbox 1612 1543 1764 1594; x_wconf 81' lang='lat' dir='ltr'><strong>mox,</strong></span> 
     </span>
    </p>
   </div>
   <div class='ocr_carea' id='block_1_16' title="bbox 121 1616 1769 1690">
    <p class='ocr_par' dir='ltr' id='par_1_16' title="bbox 121 1616 1769 1690">
     <span class='ocr_line' id='line_1_16' title="bbox 121 1616 1769 1690; baseline -0.002 -16"><span class='ocrx_word' id='word_1_93' title='bbox 121 1617 439 1674; x_wconf 86' lang='lat' dir='ltr'><strong>secundum</strong></span> <span class='ocrx_word' id='word_1_94' title='bbox 488 1616 856 1673; x_wconf 78' lang='lat' dir='ltr'><strong>voluntatem.</strong></span> <span class='ocrx_word' id='word_1_95' title='bbox 891 1617 1360 1690; x_wconf 83' lang='lat' dir='ltr'><strong>congregationis</strong></span> <span class='ocrx_word' id='word_1_96' title='bbox 1408 1616 1632 1688; x_wconf 86' lang='lat' dir='ltr'><strong>expleto</strong></span> <span class='ocrx_word' id='word_1_97' title='bbox 1663 1632 1769 1672; x_wconf 91' lang='lat' dir='ltr'><strong>suo</strong></span> 
     </span>
    </p>
   </div>
   <div class='ocr_carea' id='block_1_17' title="bbox 121 1705 1772 1778">
    <p class='ocr_par' dir='ltr' id='par_1_17' title="bbox 121 1705 1772 1778">
     <span class='ocr_line' id='line_1_17' title="bbox 121 1705 1772 1778; baseline -0.002 -17"><span class='ocrx_word' id='word_1_98' title='bbox 121 1705 466 1775; x_wconf 78' lang='lat' dir='ltr'><strong>ministerio,</strong></span> <span class='ocrx_word' id='word_1_99' title='bbox 481 1705 850 1777; x_wconf 85' lang='lat' dir='ltr'><strong>prandioque</strong></span> <span class='ocrx_word' id='word_1_100' title='bbox 863 1723 993 1762; x_wconf 91' lang='lat' dir='ltr'><strong>sum</strong></span> <span class='ocrx_word' id='word_1_101' title='bbox 1003 1710 1098 1778; x_wconf 90' lang='lat' dir='ltr'><strong>pto</strong></span> <span class='ocrx_word' id='word_1_102' title='bbox 1111 1707 1282 1762; x_wconf 87' lang='lat' dir='ltr'><strong>abeat</strong></span> <span class='ocrx_word' id='word_1_103' title='bbox 1296 1707 1519 1776; x_wconf 87' lang='lat' dir='ltr'><strong>absque</strong></span> <span class='ocrx_word' id='word_1_104' title='bbox 1533 1722 1669 1776; x_wconf 91' lang='lat' dir='ltr'><strong>requ</strong></span> <span class='ocrx_word' id='word_1_105' title='bbox 1681 1705 1772 1760; x_wconf 91' lang='lat' dir='ltr'><strong>isi-</strong></span> 
     </span>
    </p>
   </div>
   <div class='ocr_carea' id='block_1_18' title="bbox 121 1792 1774 1866">
    <p class='ocr_par' dir='ltr' id='par_1_18' title="bbox 121 1792 1774 1866">
     <span class='ocr_line' id='line_1_18' title="bbox 121 1792 1774 1866; baseline 0.001 -17"><span class='ocrx_word' id='word_1_106' title='bbox 121 1793 266 1850; x_wconf 85' lang='lat' dir='ltr'><strong>tione</strong></span> <span class='ocrx_word' id='word_1_107' title='bbox 295 1792 484 1850; x_wconf 85' lang='lat' dir='ltr'><strong>ullius</strong></span> <span class='ocrx_word' id='word_1_108' title='bbox 517 1794 804 1860; x_wconf 86' lang='lat' dir='ltr'><strong>muneris,</strong></span> <span class='ocrx_word' id='word_1_109' title='bbox 835 1799 1127 1866; x_wconf 79' lang='lat' dir='ltr'><strong>quatenus</strong></span> <span class='ocrx_word' id='word_1_110' title='bbox 1158 1795 1368 1850; x_wconf 87' lang='lat' dir='ltr'><strong>fratres</strong></span> <span class='ocrx_word' id='word_1_111' title='bbox 1400 1795 1472 1849; x_wconf 90' lang='lat' dir='ltr'><strong>de</strong></span> <span class='ocrx_word' id='word_1_112' title='bbox 1502 1797 1774 1866; x_wconf 85' lang='lat' dir='ltr'><strong>perc-cpta</strong></span> 
     </span>
    </p>
   </div>
   <div class='ocr_carea' id='block_1_19' title="bbox 123 1882 1850 1982">
    <p class='ocr_par' dir='ltr' id='par_1_19' title="bbox 123 1882 1850 1982">
     <span class='ocr_line' id='line_1_19' title="bbox 123 1882 1850 1982; baseline 0 -44"><span class='ocrx_word' id='word_1_113' title='bbox 123 1882 326 1955; x_wconf 85' lang='lat' dir='ltr'><strong>quiete,</strong></span> <span class='ocrx_word' id='word_1_114' title='bbox 349 1884 606 1982; x_wconf 72' lang='lat' dir='ltr'><strong>juvante</strong></span> <span class='ocrx_word' id='word_1_115' title='bbox 636 1883 904 1982; x_wconf 72' lang='lat' dir='ltr'><strong>Dominoz</strong></span> <span class='ocrx_word' id='word_1_116' title='bbox 938 1901 1039 1954; x_wconf 90' lang='lat' dir='ltr'><strong>per</strong></span> <span class='ocrx_word' id='word_1_117' title='bbox 1068 1888 1334 1982; x_wconf 86' lang='lat' dir='ltr'><strong>tempora</strong></span> <span class='ocrx_word' id='word_1_118' title='bbox 1372 1882 1686 1951; x_wconf 78' lang='lat' dir='ltr'><strong>exsultent,</strong></span> <span class='ocrx_word' id='word_1_119' title='bbox 1718 1887 1776 1938; x_wconf 89' lang='lat' dir='ltr'><strong>et</strong></span> <span class='ocrx_word' id='word_1_120' title='bbox 1805 1917 1850 1982; x_wconf 79' lang='grc' dir='ltr'>Β</span> 
     </span>
    </p>
   </div>
   <div class='ocr_carea' id='block_1_20' title="bbox 123 1971 1767 2044">
    <p class='ocr_par' dir='ltr' id='par_1_20' title="bbox 123 1971 1767 2044">
     <span class='ocr_line' id='line_1_20' title="bbox 123 1971 1767 2044; baseline -0.001 -16"><span class='ocrx_word' id='word_1_121' title='bbox 123 1988 218 2044; x_wconf 87' lang='lat' dir='ltr'><strong>pro</strong></span> <span class='ocrx_word' id='word_1_122' title='bbox 234 1974 396 2028; x_wconf 79' lang='lat' dir='ltr'><strong>statu</strong></span> <span class='ocrx_word' id='word_1_123' title='bbox 416 1971 698 2028; x_wconf 72' lang='lat' dir='ltr'><strong>Ecclesiae</strong></span> <span class='ocrx_word' id='word_1_124' title='bbox 720 1971 1009 2027; x_wconf 72' lang='lat' dir='ltr'><strong>catholicae</strong></span> <span class='ocrx_word' id='word_1_125' title='bbox 1035 1971 1288 2042; x_wconf 87' lang='lat' dir='ltr'><strong>quietius</strong></span> <span class='ocrx_word' id='word_1_126' title='bbox 1311 1972 1496 2027; x_wconf 87' lang='lat' dir='ltr'><strong>Deum</strong></span> <span class='ocrx_word' id='word_1_127' title='bbox 1511 1976 1767 2027; x_wconf 87' lang='lat' dir='ltr'><strong>exorent.</strong></span> 
     </span>
    </p>
   </div>
   <div class='ocr_carea' id='block_1_21' title="bbox 123 2059 1770 2132">
    <p class='ocr_par' dir='ltr' id='par_1_21' title="bbox 123 2059 1770 2132">
     <span class='ocr_line' id='line_1_21' title="bbox 123 2059 1770 2132; baseline 0 -16"><span class='ocrx_word' id='word_1_128' title='bbox 123 2061 177 2117; x_wconf 90' lang='lat' dir='ltr'><strong>Si</strong></span> <span class='ocrx_word' id='word_1_129' title='bbox 207 2063 404 2117; x_wconf 85' lang='lat' dir='ltr'><strong>autem</strong></span> <span class='ocrx_word' id='word_1_130' title='bbox 433 2060 706 2132; x_wconf 87' lang='lat' dir='ltr'><strong>aliquam</strong></span> <span class='ocrx_word' id='word_1_131' title='bbox 738 2061 1264 2132; x_wconf 72' lang='lat' dir='ltr'><strong>transgressionem</strong></span> <span class='ocrx_word' id='word_1_132' title='bbox 1296 2078 1414 2117; x_wconf 63' lang='lat' dir='ltr'><strong>sua:</strong></span> <span class='ocrx_word' id='word_1_133' title='bbox 1444 2059 1658 2132; x_wconf 75' lang='lat' dir='ltr'><strong>regulae</strong></span> <span class='ocrx_word' id='word_1_134' title='bbox 1691 2060 1770 2116; x_wconf 76' lang='lat' dir='ltr'><strong>fe-</strong></span> 
     </span>
    </p>
   </div>
   <div class='ocr_carea' id='block_1_22' title="bbox 125 2148 1772 2222">
    <p class='ocr_par' dir='ltr' id='par_1_22' title="bbox 125 2148 1772 2222">
     <span class='ocr_line' id='line_1_22' title="bbox 125 2148 1772 2222; baseline -0.001 -16"><span class='ocrx_word' id='word_1_135' title='bbox 125 2149 315 2218; x_wconf 86' lang='lat' dir='ltr'><strong>cerint,</strong></span> <span class='ocrx_word' id='word_1_136' title='bbox 343 2154 404 2206; x_wconf 88' lang='lat' dir='ltr'><strong>et</strong></span> <span class='ocrx_word' id='word_1_137' title='bbox 433 2167 472 2205; x_wconf 88' lang='lat' dir='ltr'><strong>a</strong></span> <span class='ocrx_word' id='word_1_138' title='bbox 492 2149 736 2222; x_wconf 89' lang='lat' dir='ltr'><strong>proprio</strong></span> <span class='ocrx_word' id='word_1_139' title='bbox 758 2154 989 2220; x_wconf 81' lang='lat' dir='ltr'><strong>pastore</strong></span> <span class='ocrx_word' id='word_1_140' title='bbox 1008 2149 1304 2220; x_wconf 88' lang='lat' dir='ltr'><strong>objurgari</strong></span> <span class='ocrx_word' id='word_1_141' title='bbox 1329 2148 1639 2216; x_wconf 90' lang='lat' dir='ltr'><strong>noluerint,</strong></span> <span class='ocrx_word' id='word_1_142' title='bbox 1665 2166 1772 2205; x_wconf 90' lang='lat' dir='ltr'><strong>nec</strong></span> 
     </span>
    </p>
   </div>
   <div class='ocr_carea' id='block_1_23' title="bbox 128 2237 1772 2312">
    <p class='ocr_par' dir='ltr' id='par_1_23' title="bbox 128 2237 1772 2312">
     <span class='ocr_line' id='line_1_23' title="bbox 128 2237 1772 2312; baseline 0 -19"><span class='ocrx_word' id='word_1_143' title='bbox 128 2256 230 2294; x_wconf 89' lang='lat' dir='ltr'><strong>non</strong></span> <span class='ocrx_word' id='word_1_144' title='bbox 252 2239 560 2312; x_wconf 66' lang='lat' dir='ltr'><strong>praelatus,</strong></span> <span class='ocrx_word' id='word_1_145' title='bbox 581 2237 683 2310; x_wconf 89' lang='lat' dir='ltr'><strong>qui</strong></span> <span class='ocrx_word' id='word_1_146' title='bbox 705 2242 770 2292; x_wconf 90' lang='lat' dir='ltr'><strong>et</strong></span> <span class='ocrx_word' id='word_1_147' title='bbox 785 2238 940 2293; x_wconf 90' lang='lat' dir='ltr'><strong>idem</strong></span> <span class='ocrx_word' id='word_1_148' title='bbox 958 2255 1159 2294; x_wconf 88' lang='lat' dir='ltr'><strong>eorum</strong></span> <span class='ocrx_word' id='word_1_149' title='bbox 1182 2237 1512 2309; x_wconf 87' lang='lat' dir='ltr'><strong>episcopus,</strong></span> <span class='ocrx_word' id='word_1_150' title='bbox 1538 2238 1772 2294; x_wconf 89' lang='lat' dir='ltr'><strong>seditio-</strong></span> 
     </span>
    </p>
   </div>
   <div class='ocr_carea' id='block_1_24' title="bbox 129 2326 1772 2400">
    <p class='ocr_par' dir='ltr' id='par_1_24' title="bbox 129 2326 1772 2400">
     <span class='ocr_line' id='line_1_24' title="bbox 129 2326 1772 2400; baseline -0.001 -17"><span class='ocrx_word' id='word_1_151' title='bbox 129 2344 249 2384; x_wconf 86' lang='lat' dir='ltr'><strong>nem</strong></span> <span class='ocrx_word' id='word_1_152' title='bbox 276 2326 764 2400; x_wconf 81' lang='lat' dir='ltr'><strong>congregationis</strong></span> <span class='ocrx_word' id='word_1_153' title='bbox 793 2327 998 2382; x_wconf 87' lang='lat' dir='ltr'><strong>sedare</strong></span> <span class='ocrx_word' id='word_1_154' title='bbox 1027 2343 1129 2398; x_wconf 87' lang='lat' dir='ltr'><strong>per</strong></span> <span class='ocrx_word' id='word_1_155' title='bbox 1151 2343 1224 2394; x_wconf 80' lang='lat' dir='ltr'><strong>se</strong></span> <span class='ocrx_word' id='word_1_156' title='bbox 1254 2326 1599 2398; x_wconf 84' lang='lat' dir='ltr'><strong>nequiverit,</strong></span> <span class='ocrx_word' id='word_1_157' title='bbox 1631 2331 1772 2382; x_wconf 89' lang='lat' dir='ltr'><strong>tunc</strong></span> 
     </span>
    </p>
   </div>
   <div class='ocr_carea' id='block_1_25' title="bbox 130 2415 1772 2487">
    <p class='ocr_par' dir='ltr' id='par_1_25' title="bbox 130 2415 1772 2487">
     <span class='ocr_line' id='line_1_25' title="bbox 130 2415 1772 2487; baseline -0.004 -11"><span class='ocrx_word' id='word_1_158' title='bbox 130 2417 262 2476; x_wconf 81' lang='lat' dir='ltr'><strong>alios</strong></span> <span class='ocrx_word' id='word_1_159' title='bbox 291 2419 402 2473; x_wconf 70' lang='lat' dir='ltr'><strong>sub</strong></span> <span class='ocrx_word' id='word_1_160' title='bbox 437 2416 651 2473; x_wconf 87' lang='lat' dir='ltr'><strong>eadem</strong></span> <span class='ocrx_word' id='word_1_161' title='bbox 686 2415 888 2487; x_wconf 82' lang='lat' dir='ltr'><strong>regula</strong></span> <span class='ocrx_word' id='word_1_162' title='bbox 905 2415 1224 2471; x_wconf 86' lang='lat' dir='ltr'><strong>servientes</strong></span> <span class='ocrx_word' id='word_1_163' title='bbox 1246 2417 1318 2471; x_wconf 91' lang='lat' dir='ltr'><strong>ad</strong></span> <span class='ocrx_word' id='word_1_164' title='bbox 1348 2415 1542 2487; x_wconf 91' lang='lat' dir='ltr'><strong>ipsum</strong></span> <span class='ocrx_word' id='word_1_165' title='bbox 1571 2433 1772 2471; x_wconf 89' lang='lat' dir='ltr'><strong>mona-</strong></span> 
     </span>
    </p>
   </div>
   <div class='ocr_carea' id='block_1_26' title="bbox 131 2504 1772 2577">
    <p class='ocr_par' dir='ltr' id='par_1_26' title="bbox 131 2504 1772 2577">
     <span class='ocr_line' id='line_1_26' title="bbox 131 2504 1772 2577; baseline -0.001 -15"><span class='ocrx_word' id='word_1_166' title='bbox 131 2507 366 2562; x_wconf 82' lang='lat' dir='ltr'><strong>sterium</strong></span> <span class='ocrx_word' id='word_1_167' title='bbox 393 2508 704 2570; x_wconf 87' lang='lat' dir='ltr'><strong>convocet,</strong></span> <span class='ocrx_word' id='word_1_168' title='bbox 722 2504 1407 2577; x_wconf 77' lang='lat' dir='ltr'><strong>quisententiaregulari</strong></span> <span class='ocrx_word' id='word_1_169' title='bbox 1428 2505 1772 2560; x_wconf 79' lang='lat' dir='ltr'><strong>scandalum</strong></span> 
     </span>
    </p>
   </div>
   <div class='ocr_carea' id='block_1_27' title="bbox 130 2593 1776 2666">
    <p class='ocr_par' dir='ltr' id='par_1_27' title="bbox 130 2593 1776 2666">
     <span class='ocr_line' id='line_1_27' title="bbox 130 2593 1776 2666; baseline -0.001 -15"><span class='ocrx_word' id='word_1_170' title='bbox 130 2596 442 2666; x_wconf 79' lang='lat' dir='ltr'><strong>deprimere</strong></span> <span class='ocrx_word' id='word_1_171' title='bbox 452 2598 690 2661; x_wconf 89' lang='lat' dir='ltr'><strong>curent,</strong></span> <span class='ocrx_word' id='word_1_172' title='bbox 705 2593 877 2664; x_wconf 91' lang='lat' dir='ltr'><strong>cujus</strong></span> <span class='ocrx_word' id='word_1_173' title='bbox 891 2593 969 2648; x_wconf 89' lang='lat' dir='ltr'><strong>rei</strong></span> <span class='ocrx_word' id='word_1_174' title='bbox 989 2594 1424 2649; x_wconf 86' lang='lat' dir='ltr'><strong>concessionem</strong></span> <span class='ocrx_word' id='word_1_175' title='bbox 1446 2593 1538 2648; x_wconf 91' lang='lat' dir='ltr'><strong>his</strong></span> <span class='ocrx_word' id='word_1_176' title='bbox 1557 2594 1776 2649; x_wconf 89' lang='lat' dir='ltr'><strong>nostris</strong></span> 
     </span>
    </p>
   </div>
   <div class='ocr_carea' id='block_1_28' title="bbox 131 2681 1773 2756">
    <p class='ocr_par' dir='ltr' id='par_1_28' title="bbox 131 2681 1773 2756">
     <span class='ocr_line' id='line_1_28' title="bbox 131 2681 1773 2756; baseline -0.001 -18"><span class='ocrx_word' id='word_1_177' title='bbox 131 2683 381 2756; x_wconf 88' lang='lat' dir='ltr'><strong>apicibus</strong></span> <span class='ocrx_word' id='word_1_178' title='bbox 430 2683 892 2739; x_wconf 84' lang='lat' dir='ltr'><strong>corroboramus</strong></span> <span class='ocrx_word' id='word_1_179' title='bbox 941 2687 1000 2738; x_wconf 92' lang='lat' dir='ltr'><strong>et</strong></span> <span class='ocrx_word' id='word_1_180' title='bbox 1039 2683 1480 2749; x_wconf 88' lang='lat' dir='ltr'><strong>conﬁrmamus,</strong></span> <span class='ocrx_word' id='word_1_181' title='bbox 1511 2687 1568 2737; x_wconf 90' lang='lat' dir='ltr'><strong>et</strong></span> <span class='ocrx_word' id='word_1_182' title='bbox 1598 2681 1773 2737; x_wconf 87' lang='lat' dir='ltr'><strong>etiam</strong></span> 
     </span>
    </p>
   </div>
   <div class='ocr_carea' id='block_1_29' title="bbox 132 2770 1777 2842">
    <p class='ocr_par' dir='ltr' id='par_1_29' title="bbox 132 2770 1777 2842">
     <span class='ocr_line' id='line_1_29' title="bbox 132 2770 1777 2842; baseline -0.001 -14"><span class='ocrx_word' id='word_1_183' title='bbox 132 2777 317 2828; x_wconf 64' lang='lat' dir='ltr'><strong>cetera</strong></span> <span class='ocrx_word' id='word_1_184' title='bbox 346 2774 533 2838; x_wconf 90' lang='lat' dir='ltr'><strong>bona,</strong></span> <span class='ocrx_word' id='word_1_185' title='bbox 559 2775 682 2827; x_wconf 87' lang='lat' dir='ltr'><strong>tam</strong></span> <span class='ocrx_word' id='word_1_186' title='bbox 707 2770 948 2827; x_wconf 87' lang='lat' dir='ltr'><strong>mobilia</strong></span> <span class='ocrx_word' id='word_1_187' title='bbox 965 2788 1142 2842; x_wconf 91' lang='lat' dir='ltr'><strong>quam</strong></span> <span class='ocrx_word' id='word_1_188' title='bbox 1161 2770 1508 2839; x_wconf 88' lang='lat' dir='ltr'><strong>immobilia,</strong></span> <span class='ocrx_word' id='word_1_189' title='bbox 1532 2771 1777 2826; x_wconf 82' lang='lat' dir='ltr'><strong>ubicun-</strong></span> 
     </span>
    </p>
   </div>
   <div class='ocr_carea' id='block_1_30' title="bbox 133 2859 1774 2932">
    <p class='ocr_par' dir='ltr' id='par_1_30' title="bbox 133 2859 1774 2932">
     <span class='ocr_line' id='line_1_30' title="bbox 133 2859 1774 2932; baseline -0.001 -16"><span class='ocrx_word' id='word_1_190' title='bbox 133 2877 232 2932; x_wconf 86' lang='lat' dir='ltr'><strong>que</strong></span> <span class='ocrx_word' id='word_1_191' title='bbox 250 2860 579 2927; x_wconf 86' lang='lat' dir='ltr'><strong>manentia,</strong></span> <span class='ocrx_word' id='word_1_192' title='bbox 606 2876 732 2931; x_wconf 67' lang='lat' dir='ltr'><strong>quae</strong></span> <span class='ocrx_word' id='word_1_193' title='bbox 755 2860 930 2914; x_wconf 90' lang='lat' dir='ltr'><strong>modo</strong></span> <span class='ocrx_word' id='word_1_194' title='bbox 952 2859 1128 2915; x_wconf 86' lang='lat' dir='ltr'><strong>habet</strong></span> <span class='ocrx_word' id='word_1_195' title='bbox 1147 2863 1204 2915; x_wconf 89' lang='lat' dir='ltr'><strong>et</strong></span> <span class='ocrx_word' id='word_1_196' title='bbox 1225 2859 1484 2931; x_wconf 87' lang='lat' dir='ltr'><strong>possidet</strong></span> <span class='ocrx_word' id='word_1_197' title='bbox 1504 2859 1632 2930; x_wconf 87' lang='lat' dir='ltr'><strong>ipsa</strong></span> <span class='ocrx_word' id='word_1_198' title='bbox 1653 2863 1774 2927; x_wconf 90' lang='lat' dir='ltr'><strong>tua,</strong></span> 
     </span>
    </p>
   </div>
   <div class='ocr_carea' id='block_1_31' title="bbox 132 2936 1777 3020">
    <p class='ocr_par' dir='ltr' id='par_1_31' title="bbox 132 2936 1777 3020">
     <span class='ocr_line' id='line_1_31' title="bbox 132 2936 1777 3020; baseline 0.001 -16"><span class='ocrx_word' id='word_1_199' title='bbox 132 2953 180 3004; x_wconf 84' lang='lat'><strong>8.</strong></span> <span class='ocrx_word' id='word_1_200' title='bbox 209 2936 483 3017; x_wconf 86' lang='lat' dir='ltr'><strong>Deodate,</strong></span> <span class='ocrx_word' id='word_1_201' title='bbox 522 2948 793 3015; x_wconf 86' lang='lat' dir='ltr'><strong>ecclesia,</strong></span> <span class='ocrx_word' id='word_1_202' title='bbox 817 2953 876 3004; x_wconf 92' lang='lat' dir='ltr'><strong>et</strong></span> <span class='ocrx_word' id='word_1_203' title='bbox 896 2965 1082 3020; x_wconf 89' lang='lat' dir='ltr'><strong>usque</strong></span> <span class='ocrx_word' id='word_1_204' title='bbox 1103 2948 1164 3002; x_wconf 89' lang='lat' dir='ltr'><strong>in</strong></span> <span class='ocrx_word' id='word_1_205' title='bbox 1187 2952 1534 3020; x_wconf 86' lang='lat' dir='ltr'><strong>perpetuum</strong></span> <span class='ocrx_word' id='word_1_206' title='bbox 1563 2948 1777 3005; x_wconf 90' lang='lat' dir='ltr'><strong>habere</strong></span> 
     </span>
    </p>
   </div>
   <div class='ocr_carea' id='block_1_32' title="bbox 132 3036 1776 3110">
    <p class='ocr_par' dir='ltr' id='par_1_32' title="bbox 132 3036 1776 3110">
     <span class='ocr_line' id='line_1_32' title="bbox 132 3036 1776 3110; baseline -0.001 -15"><span class='ocrx_word' id='word_1_207' title='bbox 132 3039 346 3110; x_wconf 83' lang='lat' dir='ltr'><strong>poterit,</strong></span> <span class='ocrx_word' id='word_1_208' title='bbox 377 3038 472 3095; x_wconf 86' lang='lat' dir='ltr'><strong>vel</strong></span> <span class='ocrx_word' id='word_1_209' title='bbox 497 3054 610 3110; x_wconf 89' lang='lat' dir='ltr'><strong>per</strong></span> <span class='ocrx_word' id='word_1_210' title='bbox 631 3054 1012 3109; x_wconf 88' lang='lat' dir='ltr'><strong>quoscunque</strong></span> <span class='ocrx_word' id='word_1_211' title='bbox 1032 3037 1244 3093; x_wconf 88' lang='lat' dir='ltr'><strong>Christi</strong></span> <span class='ocrx_word' id='word_1_212' title='bbox 1269 3036 1492 3104; x_wconf 90' lang='lat' dir='ltr'><strong>ﬁdeles,</strong></span> <span class='ocrx_word' id='word_1_213' title='bbox 1520 3038 1776 3108; x_wconf 87' lang='lat' dir='ltr'><strong>majores</strong></span> 
     </span>
    </p>
   </div>
   <div class='ocr_carea' id='block_1_33' title="bbox 131 3126 1779 3198">
    <p class='ocr_par' dir='ltr' id='par_1_33' title="bbox 131 3126 1779 3198">
     <span class='ocr_line' id='line_1_33' title="bbox 131 3126 1779 3198; baseline -0.001 -16"><span class='ocrx_word' id='word_1_214' title='bbox 131 3126 204 3184; x_wconf 86' lang='lat' dir='ltr'><strong>vel</strong></span> <span class='ocrx_word' id='word_1_215' title='bbox 233 3127 488 3184; x_wconf 89' lang='lat' dir='ltr'><strong>minores</strong></span> <span class='ocrx_word' id='word_1_216' title='bbox 523 3127 836 3198; x_wconf 87' lang='lat' dir='ltr'><strong>utriusque</strong></span> <span class='ocrx_word' id='word_1_217' title='bbox 852 3143 1030 3182; x_wconf 78' lang='lat' dir='ltr'><strong>sexus</strong></span> <span class='ocrx_word' id='word_1_218' title='bbox 1055 3126 1682 3198; x_wconf 69' lang='lat' dir='ltr'><strong>cujuscunquezetatis,</strong></span> <span class='ocrx_word' id='word_1_219' title='bbox 1717 3133 1779 3181; x_wconf 91' lang='lat' dir='ltr'><strong>ut</strong></span> 
     </span>
    </p>
   </div>
   <div class='ocr_carea' id='block_1_34' title="bbox 136 3215 1774 3288">
    <p class='ocr_par' dir='ltr' id='par_1_34' title="bbox 136 3215 1774 3288">
     <span class='ocr_line' id='line_1_34' title="bbox 136 3215 1774 3288; baseline 0.001 -18"><span class='ocrx_word' id='word_1_220' title='bbox 136 3216 334 3272; x_wconf 77' lang='lat' dir='ltr'><strong>nemini</strong></span> <span class='ocrx_word' id='word_1_221' title='bbox 365 3216 550 3272; x_wconf 87' lang='lat' dir='ltr'><strong>liceat</strong></span> <span class='ocrx_word' id='word_1_222' title='bbox 581 3216 810 3271; x_wconf 84' lang='lat' dir='ltr'><strong>auferre</strong></span> <span class='ocrx_word' id='word_1_223' title='bbox 832 3216 1156 3288; x_wconf 79' lang='lat' dir='ltr'><strong>quidquam</strong></span> <span class='ocrx_word' id='word_1_224' title='bbox 1178 3215 1264 3271; x_wconf 89' lang='lat' dir='ltr'><strong>vel</strong></span> <span class='ocrx_word' id='word_1_225' title='bbox 1285 3215 1611 3271; x_wconf 88' lang='lat' dir='ltr'><strong>diminuere</strong></span> <span class='ocrx_word' id='word_1_226' title='bbox 1632 3233 1774 3287; x_wconf 89' lang='lat' dir='ltr'><strong>quo-</strong></span> 
     </span>
    </p>
   </div>
   <div class='ocr_carea' id='block_1_35' title="bbox 136 3283 1851 3376">
    <p class='ocr_par' dir='ltr' id='par_1_35' title="bbox 136 3283 1851 3376">
     <span class='ocr_line' id='line_1_35' title="bbox 136 3283 1851 3376; baseline 0.002 -19"><span class='ocrx_word' id='word_1_227' title='bbox 136 3302 260 3360; x_wconf 82' lang='lat' dir='ltr'><strong>libet</strong></span> <span class='ocrx_word' id='word_1_228' title='bbox 288 3305 462 3361; x_wconf 90' lang='lat' dir='ltr'><strong>modo</strong></span> <span class='ocrx_word' id='word_1_229' title='bbox 495 3321 572 3360; x_wconf 80' lang='lat' dir='ltr'><strong>ex</strong></span> <span class='ocrx_word' id='word_1_230' title='bbox 602 3302 772 3360; x_wconf 89' lang='lat' dir='ltr'><strong>bonis</strong></span> <span class='ocrx_word' id='word_1_231' title='bbox 803 3283 966 3375; x_wconf 74' lang='lat' dir='ltr'><strong>ipsis,</strong></span> <span class='ocrx_word' id='word_1_232' title='bbox 995 3283 1120 3359; x_wconf 79' lang='lat' dir='ltr'><strong>tam</strong></span> <span class='ocrx_word' id='word_1_233' title='bbox 1162 3305 1549 3375; x_wconf 70' lang='lat' dir='ltr'><strong>praesentibus</strong></span> <span class='ocrx_word' id='word_1_234' title='bbox 1598 3283 1775 3376; x_wconf 79' lang='lat' dir='ltr'><strong>quam</strong></span> <span class='ocrx_word' id='word_1_235' title='bbox 1808 3283 1851 3350; x_wconf 67' lang='grc' dir='ltr'><strong>Ο</strong></span> 
     </span>
    </p>
   </div>
   <div class='ocr_carea' id='block_1_36' title="bbox 137 3392 1778 3465">
    <p class='ocr_par' dir='ltr' id='par_1_36' title="bbox 137 3392 1778 3465">
     <span class='ocr_line' id='line_1_36' title="bbox 137 3392 1778 3465; baseline 0.001 -19"><span class='ocrx_word' id='word_1_236' title='bbox 137 3393 362 3462; x_wconf 80' lang='lat' dir='ltr'><strong>futuris;</strong></span> <span class='ocrx_word' id='word_1_237' title='bbox 397 3397 736 3450; x_wconf 85' lang='lat' dir='ltr'><strong>statuentes</strong></span> <span class='ocrx_word' id='word_1_238' title='bbox 775 3392 1096 3465; x_wconf 85' lang='lat' dir='ltr'><strong>apostolica</strong></span> <span class='ocrx_word' id='word_1_239' title='bbox 1137 3408 1403 3462; x_wconf 85' lang='lat' dir='ltr'><strong>censura,</strong></span> <span class='ocrx_word' id='word_1_240' title='bbox 1454 3394 1564 3448; x_wconf 91' lang='lat' dir='ltr'><strong>sub</strong></span> <span class='ocrx_word' id='word_1_241' title='bbox 1595 3393 1778 3448; x_wconf 86' lang='lat' dir='ltr'><strong>divini</strong></span> 
     </span>
    </p>
   </div>
   <div class='ocr_carea' id='block_1_37' title="bbox 131 3480 1777 3553">
    <p class='ocr_par' dir='ltr' id='par_1_37' title="bbox 131 3480 1777 3553">
     <span class='ocr_line' id='line_1_37' title="bbox 131 3480 1777 3553; baseline 0.001 -17"><span class='ocrx_word' id='word_1_242' title='bbox 131 3481 320 3552; x_wconf 82' lang='lat' dir='ltr'><strong>judicii</strong></span> <span class='ocrx_word' id='word_1_243' title='bbox 339 3481 759 3547; x_wconf 85' lang='lat' dir='ltr'><strong>obtestatione,</strong></span> <span class='ocrx_word' id='word_1_244' title='bbox 781 3484 846 3536; x_wconf 85' lang='lat' dir='ltr'><strong>ut</strong></span> <span class='ocrx_word' id='word_1_245' title='bbox 868 3480 1345 3536; x_wconf 90' lang='lat' dir='ltr'><strong>nullahominum</strong></span> <span class='ocrx_word' id='word_1_246' title='bbox 1363 3498 1630 3553; x_wconf 88' lang='lat' dir='ltr'><strong>persona,</strong></span> <span class='ocrx_word' id='word_1_247' title='bbox 1655 3499 1777 3537; x_wconf 88' lang='lat' dir='ltr'><strong>ma-</strong></span> 
     </span>
    </p>
   </div>
   <div class='ocr_carea' id='block_1_38' title="bbox 136 3559 1775 3644">
    <p class='ocr_par' dir='ltr' id='par_1_38' title="bbox 136 3559 1775 3644">
     <span class='ocr_line' id='line_1_38' title="bbox 136 3559 1775 3644; baseline 0.001 -19"><span class='ocrx_word' id='word_1_248' title='bbox 136 3584 237 3640; x_wconf 82' lang='lat' dir='ltr'><strong>gna</strong></span> <span class='ocrx_word' id='word_1_249' title='bbox 260 3571 348 3627; x_wconf 89' lang='lat' dir='ltr'><strong>vel</strong></span> <span class='ocrx_word' id='word_1_250' title='bbox 393 3588 601 3644; x_wconf 86' lang='lat' dir='ltr'><strong>parva,</strong></span> <span class='ocrx_word' id='word_1_251' title='bbox 648 3573 853 3625; x_wconf 86' lang='lat' dir='ltr'><strong>contra</strong></span> <span class='ocrx_word' id='word_1_252' title='bbox 889 3559 1056 3624; x_wconf 34' lang='lat' dir='ltr'><strong>hanc.</strong></span> <span class='ocrx_word' id='word_1_253' title='bbox 1084 3573 1344 3625; x_wconf 88' lang='lat' dir='ltr'><strong>nostram</strong></span> <span class='ocrx_word' id='word_1_254' title='bbox 1397 3571 1775 3641; x_wconf 87' lang='lat' dir='ltr'><strong>apostolicam</strong></span> 
     </span>
    </p>
   </div>
   <div class='ocr_carea' id='block_1_39' title="bbox 138 3657 1774 3730">
    <p class='ocr_par' dir='ltr' id='par_1_39' title="bbox 138 3657 1774 3730">
     <span class='ocr_line' id='line_1_39' title="bbox 138 3657 1774 3730; baseline 0.001 -17"><span class='ocrx_word' id='word_1_255' title='bbox 138 3659 564 3716; x_wconf 84' lang='lat' dir='ltr'><strong>concessionem</strong></span> <span class='ocrx_word' id='word_1_256' title='bbox 599 3663 660 3713; x_wconf 89' lang='lat' dir='ltr'><strong>et</strong></span> <span class='ocrx_word' id='word_1_257' title='bbox 689 3657 1192 3714; x_wconf 83' lang='lat' dir='ltr'><strong>conﬁrmationem</strong></span> <span class='ocrx_word' id='word_1_258' title='bbox 1214 3658 1444 3714; x_wconf 84' lang='lat' dir='ltr'><strong>obviare</strong></span> <span class='ocrx_word' id='word_1_259' title='bbox 1467 3663 1774 3730; x_wconf 86' lang='lat' dir='ltr'><strong>pertentet.</strong></span> 
     </span>
    </p>
   </div>
   <div class='ocr_carea' id='block_1_40' title="bbox 98 3740 1778 3820">
    <p class='ocr_par' dir='ltr' id='par_1_40' title="bbox 98 3740 1778 3820">
     <span class='ocr_line' id='line_1_40' title="bbox 98 3740 1778 3820; baseline -0.001 -17"><span class='ocrx_word' id='word_1_260' title='bbox 98 3740 104 3747; x_wconf 76' lang='grc'><strong>’</strong></span> <span class='ocrx_word' id='word_1_261' title='bbox 137 3747 278 3811; x_wconf 81' lang='lat' dir='ltr'><strong>Quod</strong></span> <span class='ocrx_word' id='word_1_262' title='bbox 291 3748 836 3820; x_wconf 85' lang='lat' dir='ltr'><strong>quicunqueausus</strong></span> <span class='ocrx_word' id='word_1_263' title='bbox 853 3746 1219 3818; x_wconf 81' lang='lat' dir='ltr'><strong>fueritusque</strong></span> <span class='ocrx_word' id='word_1_264' title='bbox 1231 3748 1303 3802; x_wconf 89' lang='lat' dir='ltr'><strong>ad</strong></span> <span class='ocrx_word' id='word_1_265' title='bbox 1324 3747 1667 3819; x_wconf 86' lang='lat' dir='ltr'><strong>condignam</strong></span> <span class='ocrx_word' id='word_1_266' title='bbox 1688 3764 1778 3803; x_wconf 91' lang='lat' dir='ltr'><strong>sa-</strong></span> 
     </span>
    </p>
   </div>
   <div class='ocr_carea' id='block_1_41' title="bbox 135 3827 1771 3908">
    <p class='ocr_par' dir='ltr' id='par_1_41' title="bbox 135 3827 1771 3908">
     <span class='ocr_line' id='line_1_41' title="bbox 135 3827 1771 3908; baseline 0.004 -22"><span class='ocrx_word' id='word_1_267' title='bbox 135 3833 510 3892; x_wconf 83' lang='lat' dir='ltr'><strong>tistactionem</strong></span> <span class='ocrx_word' id='word_1_268' title='bbox 536 3835 726 3891; x_wconf 85' lang='lat' dir='ltr'><strong>nostri</strong></span> <span class='ocrx_word' id='word_1_269' title='bbox 751 3835 1144 3891; x_wconf 87' lang='lat' dir='ltr'><strong>anathematis</strong></span> <span class='ocrx_word' id='word_1_270' title='bbox 1167 3827 1462 3906; x_wconf 84' lang='lat' dir='ltr'><strong>subjaceat</strong></span> <span class='ocrx_word' id='word_1_271' title='bbox 1475 3837 1771 3908; x_wconf 89' lang='lat' dir='ltr'><strong>periculis.</strong></span> 
     </span>
    </p>
   </div>
   <div class='ocr_carea' id='block_1_42' title="bbox 135 3923 1774 3997">
    <p class='ocr_par' dir='ltr' id='par_1_42' title="bbox 135 3923 1774 3997">
     <span class='ocr_line' id='line_1_42' title="bbox 135 3923 1774 3997; baseline 0.002 -20"><span class='ocrx_word' id='word_1_272' title='bbox 135 3923 226 3986; x_wconf 87' lang='lat' dir='ltr'><strong>Qui</strong></span> <span class='ocrx_word' id='word_1_273' title='bbox 249 3942 379 3982; x_wconf 80' lang='lat' dir='ltr'><strong>vero</strong></span> <span class='ocrx_word' id='word_1_274' title='bbox 402 3928 616 3981; x_wconf 88' lang='lat' dir='ltr'><strong>custos</strong></span> <span class='ocrx_word' id='word_1_275' title='bbox 645 3927 702 3979; x_wconf 88' lang='lat' dir='ltr'><strong>et</strong></span> <span class='ocrx_word' id='word_1_276' title='bbox 727 3924 1065 3980; x_wconf 84' lang='lat' dir='ltr'><strong>observator</strong></span> <span class='ocrx_word' id='word_1_277' title='bbox 1084 3925 1263 3997; x_wconf 85' lang='lat' dir='ltr'><strong>hujus</strong></span> <span class='ocrx_word' id='word_1_278' title='bbox 1292 3929 1503 3981; x_wconf 64' lang='lat' dir='ltr'><strong>nostra:</strong></span> <span class='ocrx_word' id='word_1_279' title='bbox 1534 3942 1774 3982; x_wconf 89' lang='lat' dir='ltr'><strong>conces-</strong></span> 
     </span>
    </p>
   </div>
   <div class='ocr_carea' id='block_1_43' title="bbox 135 4010 1770 4082">
    <p class='ocr_par' dir='ltr' id='par_1_43' title="bbox 135 4010 1770 4082">
     <span class='ocr_line' id='line_1_43' title="bbox 135 4010 1770 4082; baseline 0.004 -17"><span class='ocrx_word' id='word_1_280' title='bbox 135 4010 298 4069; x_wconf 84' lang='lat' dir='ltr'><strong>sionis</strong></span> <span class='ocrx_word' id='word_1_281' title='bbox 339 4019 399 4070; x_wconf 91' lang='lat' dir='ltr'><strong>et</strong></span> <span class='ocrx_word' id='word_1_282' title='bbox 438 4013 942 4070; x_wconf 88' lang='lat' dir='ltr'><strong>corroborationis</strong></span> <span class='ocrx_word' id='word_1_283' title='bbox 978 4013 1173 4082; x_wconf 89' lang='lat' dir='ltr'><strong>fuerit,</strong></span> <span class='ocrx_word' id='word_1_284' title='bbox 1207 4032 1241 4068; x_wconf 92' lang='lat' dir='ltr'><strong>a</strong></span> <span class='ocrx_word' id='word_1_285' title='bbox 1271 4015 1618 4070; x_wconf 86' lang='lat' dir='ltr'><strong>retributore</strong></span> <span class='ocrx_word' id='word_1_286' title='bbox 1648 4032 1770 4071; x_wconf 86' lang='lat' dir='ltr'><strong>om-</strong></span> 
     </span>
    </p>
   </div>
   <div class='ocr_carea' id='block_1_44' title="bbox 135 4099 1769 4172">
    <p class='ocr_par' dir='ltr' id='par_1_44' title="bbox 135 4099 1769 4172">
     <span class='ocr_line' id='line_1_44' title="bbox 135 4099 1769 4172; baseline 0.004 -19"><span class='ocrx_word' id='word_1_287' title='bbox 135 4099 277 4156; x_wconf 86' lang='lat' dir='ltr'><strong>nium</strong></span> <span class='ocrx_word' id='word_1_288' title='bbox 307 4104 606 4160; x_wconf 88' lang='lat' dir='ltr'><strong>bonorum</strong></span> <span class='ocrx_word' id='word_1_289' title='bbox 628 4102 1029 4172; x_wconf 82' lang='lat' dir='ltr'><strong>benedicatur,</strong></span> <span class='ocrx_word' id='word_1_290' title='bbox 1052 4107 1110 4158; x_wconf 90' lang='lat' dir='ltr'><strong>et</strong></span> <span class='ocrx_word' id='word_1_291' title='bbox 1127 4106 1403 4158; x_wconf 67' lang='lat' dir='ltr'><strong>aeternam</strong></span> <span class='ocrx_word' id='word_1_292' title='bbox 1435 4102 1612 4159; x_wconf 89' lang='lat' dir='ltr'><strong>vitam</strong></span> <span class='ocrx_word' id='word_1_293' title='bbox 1635 4121 1769 4161; x_wconf 92' lang='lat' dir='ltr'><strong>con-</strong></span> 
     </span>
    </p>
   </div>
   <div class='ocr_carea' id='block_1_45' title="bbox 134 4190 636 4260">
    <p class='ocr_par' dir='ltr' id='par_1_45' title="bbox 134 4190 636 4260">
     <span class='ocr_line' id='line_1_45' title="bbox 134 4190 636 4260; baseline 0.004 -18"><span class='ocrx_word' id='word_1_294' title='bbox 134 4190 277 4260; x_wconf 83' lang='lat' dir='ltr'><strong>sequi</strong></span> <span class='ocrx_word' id='word_1_295' title='bbox 309 4195 636 4248; x_wconf 85' lang='lat' dir='ltr'><strong>mereatur.</strong></span> 
     </span>
    </p>
   </div>
   <div class='ocr_carea' id='block_1_46' title="bbox 191 4277 1769 4352">
    <p class='ocr_par' dir='ltr' id='par_1_46' title="bbox 191 4277 1769 4352">
     <span class='ocr_line' id='line_1_46' title="bbox 191 4277 1769 4352; baseline 0 -16"><span class='ocrx_word' id='word_1_296' title='bbox 191 4277 399 4342; x_wconf 78' lang='lat' dir='ltr'><strong>Datum.</strong></span> <span class='ocrx_word' id='word_1_297' title='bbox 424 4299 523 4336; x_wconf 66' lang='lat' dir='ltr'><strong>xv:</strong></span> <span class='ocrx_word' id='word_1_298' title='bbox 557 4279 690 4334; x_wconf 88' lang='lat' dir='ltr'><strong>Kal.</strong></span> <span class='ocrx_word' id='word_1_299' title='bbox 728 4280 1057 4337; x_wconf 85' lang='lat' dir='ltr'><strong>Decembris</strong></span> <span class='ocrx_word' id='word_1_300' title='bbox 1088 4295 1191 4352; x_wconf 87' lang='lat' dir='ltr'><strong>per</strong></span> <span class='ocrx_word' id='word_1_301' title='bbox 1221 4297 1431 4336; x_wconf 89' lang='lat' dir='ltr'><strong>manus</strong></span> <span class='ocrx_word' id='word_1_302' title='bbox 1462 4280 1612 4336; x_wconf 88' lang='lat' dir='ltr'><strong>Petri</strong></span> <span class='ocrx_word' id='word_1_303' title='bbox 1641 4281 1769 4336; x_wconf 84' lang='lat' dir='ltr'><strong>dia—</strong></span> 
     </span>
    </p>
   </div>
   <div class='ocr_carea' id='block_1_47' title="bbox 134 4369 1767 4442">
    <p class='ocr_par' dir='ltr' id='par_1_47' title="bbox 134 4369 1767 4442">
     <span class='ocr_line' id='line_1_47' title="bbox 134 4369 1767 4442; baseline 0.005 -24"><span class='ocrx_word' id='word_1_304' title='bbox 134 4369 244 4422; x_wconf 89' lang='lat' dir='ltr'><strong>coni</strong></span> <span class='ocrx_word' id='word_1_305' title='bbox 274 4369 714 4426; x_wconf 84' lang='lat' dir='ltr'><strong>bibliothecarii</strong></span> <span class='ocrx_word' id='word_1_306' title='bbox 745 4373 801 4424; x_wconf 90' lang='lat' dir='ltr'><strong>et</strong></span> <span class='ocrx_word' id='word_1_307' title='bbox 819 4369 1152 4426; x_wconf 87' lang='lat' dir='ltr'><strong>cancellarii</strong></span> <span class='ocrx_word' id='word_1_308' title='bbox 1184 4375 1397 4426; x_wconf 69' lang='lat' dir='ltr'><strong>sanctae</strong></span> <span class='ocrx_word' id='word_1_309' title='bbox 1437 4369 1767 4442; x_wconf 76' lang='lat' dir='ltr'><strong>apostolicae</strong></span> 
     </span>
    </p>
   </div>
   <div class='ocr_carea' id='block_1_48' title="bbox 133 4455 1767 4531">
    <p class='ocr_par' dir='ltr' id='par_1_48' title="bbox 133 4455 1767 4531">
     <span class='ocr_line' id='line_1_48' title="bbox 133 4455 1767 4531; baseline 0.005 -24"><span class='ocrx_word' id='word_1_310' title='bbox 133 4455 292 4526; x_wconf 86' lang='lat' dir='ltr'><strong>sed-is,</strong></span> <span class='ocrx_word' id='word_1_311' title='bbox 323 4476 482 4524; x_wconf 84' lang='lat' dir='ltr'><strong>anno</strong></span> <span class='ocrx_word' id='word_1_312' title='bbox 516 4457 747 4515; x_wconf 89' lang='lat' dir='ltr'><strong>domini</strong></span> <span class='ocrx_word' id='word_1_313' title='bbox 795 4457 1003 4514; x_wconf 89' lang='lat' dir='ltr'><strong>Leonis</strong></span> <span class='ocrx_word' id='word_1_314' title='bbox 1034 4459 1107 4513; x_wconf 91' lang='grc' dir='ltr'>1Χ</span> <span class='ocrx_word' id='word_1_315' title='bbox 1135 4475 1296 4531; x_wconf 84' lang='lat' dir='ltr'><strong>papae</strong></span> <span class='ocrx_word' id='word_1_316' title='bbox 1326 4458 1538 4531; x_wconf 88' lang='lat' dir='ltr'><strong>primo,</strong></span> <span class='ocrx_word' id='word_1_317' title='bbox 1579 4458 1767 4515; x_wconf 91' lang='lat' dir='ltr'><strong>indic-</strong></span> 
     </span>
    </p>
   </div>
   <div class='ocr_carea' id='block_1_49' title="bbox 131 4541 1038 4680">
    <p class='ocr_par' dir='ltr' id='par_1_49' title="bbox 131 4541 1038 4680">
     <span class='ocr_line' id='line_1_49' title="bbox 131 4541 1038 4680; baseline 0.012 -85"><span class='ocrx_word' id='word_1_318' title='bbox 131 4541 268 4601; x_wconf 86' lang='lat' dir='ltr'><strong>tione</strong></span> <span class='ocrx_word' id='word_1_319' title='bbox 294 4549 490 4604; x_wconf 83' lang='lat' dir='ltr'><strong>tertia.</strong></span> <span class='ocrx_word' id='word_1_320' title='bbox 849 4618 1038 4680; x_wconf 47' lang='lat' dir='ltr'><strong>XXIX.</strong></span> 
     </span>
    </p>
   </div>
   <div class='ocr_carea' id='block_1_50' title="bbox 131 4701 1758 4777">
    <p class='ocr_par' dir='ltr' id='par_1_50' title="bbox 131 4701 1758 4777">
     <span class='ocr_line' id='line_1_50' title="bbox 131 4701 1758 4777; baseline 0 -14"><span class='ocrx_word' id='word_1_321' title='bbox 131 4701 360 4764; x_wconf 63' lang='lat' dir='ltr'><strong>Bitias.</strong></span> <span class='ocrx_word' id='word_1_322' title='bbox 394 4709 599 4771; x_wconf 70' lang='lat' dir='ltr'><strong>Leonis</strong></span> <span class='ocrx_word' id='word_1_323' title='bbox 639 4708 724 4776; x_wconf 86' lang='lat' dir='ltr'><strong>IX,</strong></span> <span class='ocrx_word' id='word_1_324' title='bbox 757 4707 828 4763; x_wconf 84' lang='lat' dir='ltr'><strong>ad</strong></span> <span class='ocrx_word' id='word_1_325' title='bbox 854 4707 1176 4762; x_wconf 76' lang='lat' dir='ltr'><strong>Mathildem.</strong></span> <span class='ocrx_word' id='word_1_326' title='bbox 1198 4707 1531 4777; x_wconf 71' lang='lat' dir='ltr'><strong>abbatissam</strong></span> <span class='ocrx_word' id='word_1_327' title='bbox 1568 4723 1758 4763; x_wconf 86' lang='lat' dir='ltr'><strong>mona-</strong></span> 
     </span>
    </p>
   </div>
   <div class='ocr_carea' id='block_1_51' title="bbox 184 4778 1764 4851">
    <p class='ocr_par' dir='ltr' id='par_1_51' title="bbox 184 4778 1764 4851">
     <span class='ocr_line' id='line_1_51' title="bbox 184 4778 1764 4851; baseline 0.005 -22"><span class='ocrx_word' id='word_1_328' title='bbox 184 4778 332 4851; x_wconf 69' lang='lat' dir='ltr'><strong>sterii</strong></span> <span class='ocrx_word' id='word_1_329' title='bbox 359 4778 416 4834; x_wconf 91' lang='lat' dir='ltr'><strong>S.</strong></span> <span class='ocrx_word' id='word_1_330' title='bbox 450 4778 696 4834; x_wconf 76' lang='lat' dir='ltr'><strong>Fabiani</strong></span> <span class='ocrx_word' id='word_1_331' title='bbox 723 4786 776 4834; x_wconf 78' lang='lat' dir='ltr'><strong>et</strong></span> <span class='ocrx_word' id='word_1_332' title='bbox 796 4779 1144 4851; x_wconf 64' lang='lat' dir='ltr'><strong>Felicitatis,</strong></span> <span class='ocrx_word' id='word_1_333' title='bbox 1185 4794 1292 4849; x_wconf 82' lang='lat' dir='ltr'><strong>qua</strong></span> <span class='ocrx_word' id='word_1_334' title='bbox 1323 4779 1613 4847; x_wconf 77' lang='lat' dir='ltr'><strong>conﬁrmat</strong></span> <span class='ocrx_word' id='word_1_335' title='bbox 1645 4795 1764 4837; x_wconf 86' lang='lat' dir='ltr'><strong>m0-</strong></span> 
     </span>
    </p>
   </div>
   <div class='ocr_carea' id='block_1_52' title="bbox 187 4850 1765 4921">
    <p class='ocr_par' dir='ltr' id='par_1_52' title="bbox 187 4850 1765 4921">
     <span class='ocr_line' id='line_1_52' title="bbox 187 4850 1765 4921; baseline 0.002 -19"><span class='ocrx_word' id='word_1_336' title='bbox 187 4851 410 4906; x_wconf 77' lang='lat' dir='ltr'><strong>nasterii</strong></span> <span class='ocrx_word' id='word_1_337' title='bbox 442 4851 623 4921; x_wconf 78' lang='lat' dir='ltr'><strong>ipsius</strong></span> <span class='ocrx_word' id='word_1_338' title='bbox 649 4850 974 4921; x_wconf 76' lang='lat' dir='ltr'><strong>privilegia,</strong></span> <span class='ocrx_word' id='word_1_339' title='bbox 1005 4851 1159 4920; x_wconf 82' lang='lat' dir='ltr'><strong>cujus</strong></span> <span class='ocrx_word' id='word_1_340' title='bbox 1177 4851 1463 4921; x_wconf 76' lang='lat' dir='ltr'><strong>ecclesiam</strong></span> <span class='ocrx_word' id='word_1_341' title='bbox 1489 4866 1765 4921; x_wconf 78' lang='lat' dir='ltr'><strong>consecra—</strong></span> 
     </span>
    </p>
   </div>
   <div class='ocr_carea' id='block_1_53' title="bbox 186 4920 1583 4992">
    <p class='ocr_par' dir='ltr' id='par_1_53' title="bbox 186 4920 1583 4992">
     <span class='ocr_line' id='line_1_53' title="bbox 186 4920 1583 4992; baseline 0.001 -20"><span class='ocrx_word' id='word_1_342' title='bbox 186 4929 347 4988; x_wconf 77' lang='lat' dir='ltr'><strong>uerat,</strong></span> <span class='ocrx_word' id='word_1_343' title='bbox 378 4920 653 4976; x_wconf 79' lang='lat' dir='ltr'><strong>translato</strong></span> <span class='ocrx_word' id='word_1_344' title='bbox 687 4922 746 4974; x_wconf 84' lang='lat' dir='ltr'><strong>in</strong></span> <span class='ocrx_word' id='word_1_345' title='bbox 775 4920 1154 4992; x_wconf 70' lang='lat' dir='ltr'><strong>illudcol-pore</strong></span> <span class='ocrx_word' id='word_1_346' title='bbox 1183 4920 1238 4975; x_wconf 88' lang='lat' dir='ltr'><strong>S.</strong></span> <span class='ocrx_word' id='word_1_347' title='bbox 1273 4920 1583 4977; x_wconf 76' lang='lat' dir='ltr'><strong>Richardis.</strong></span> 
     </span>
    </p>
   </div>
   <div class='ocr_carea' id='block_1_54' title="bbox 741 5009 1148 5079">
    <p class='ocr_par' dir='ltr' id='par_1_54' title="bbox 741 5009 1148 5079">
     <span class='ocr_line' id='line_1_54' title="bbox 741 5009 1148 5079; baseline 0 -17"><span class='ocrx_word' id='word_1_348' title='bbox 741 5010 932 5079; x_wconf 82' lang='lat' dir='ltr'><strong>(Anno</strong></span> <span class='ocrx_word' id='word_1_349' title='bbox 963 5009 1148 5078; x_wconf 73' lang='grc'><strong>1049.)</strong></span> 
     </span>
    </p>
   </div>
   <div class='ocr_carea' id='block_1_55' title="bbox 131 5091 1764 5169">
    <p class='ocr_par' dir='ltr' id='par_1_55' title="bbox 131 5091 1764 5169">
     <span class='ocr_line' id='line_1_55' title="bbox 131 5091 1764 5169; baseline 0.002 -21"><span class='ocrx_word' id='word_1_350' title='bbox 131 5091 410 5169; x_wconf 83' lang='lat' dir='ltr'><strong>[Martene,</strong></span> <span class='ocrx_word' id='word_1_351' title='bbox 437 5100 705 5156; x_wconf 81' lang='lat' dir='ltr'><strong>Thcsaur.</strong></span> <span class='ocrx_word' id='word_1_352' title='bbox 762 5097 960 5152; x_wconf 86' lang='lat' dir='ltr'><strong>Anecd.</strong></span> <span class='ocrx_word' id='word_1_353' title='bbox 997 5099 1038 5164; x_wconf 89' lang='grc' dir='ltr'><strong>Ι,</strong></span> <span class='ocrx_word' id='word_1_354' title='bbox 1069 5097 1191 5165; x_wconf 75' lang='grc'><strong>470,</strong></span> <span class='ocrx_word' id='word_1_355' title='bbox 1224 5114 1294 5152; x_wconf 72' lang='lat' dir='ltr'><strong>ex</strong></span> <span class='ocrx_word' id='word_1_356' title='bbox 1324 5099 1536 5155; x_wconf 80' lang='lat' dir='ltr'><strong>schedis</strong></span> <span class='ocrx_word' id='word_1_357' title='bbox 1576 5099 1764 5153; x_wconf 78' lang='lat' dir='ltr'><strong>Stiua-</strong></span> 
     </span>
    </p>
   </div>
   <div class='ocr_carea' id='block_1_56' title="bbox 636 5170 1234 5238">
    <p class='ocr_par' dir='ltr' id='par_1_56' title="bbox 636 5170 1234 5238">
     <span class='ocr_line' id='line_1_56' title="bbox 636 5170 1234 5238; baseline -0.002 -14"><span class='ocrx_word' id='word_1_358' title='bbox 636 5170 844 5238; x_wconf 79' lang='lat' dir='ltr'><strong>giensis</strong></span> <span class='ocrx_word' id='word_1_359' title='bbox 868 5171 1194 5224; x_wconf 76' lang='lat' dir='ltr'><strong>monasterii</strong></span> <span class='ocrx_word' id='word_1_360' title='bbox 1205 5175 1234 5236; x_wconf 95' lang='grc'><strong>.]</strong></span> 
     </span>
    </p>
   </div>
   <div class='ocr_carea' id='block_1_57' title="bbox 188 5253 1759 5329">
    <p class='ocr_par' dir='ltr' id='par_1_57' title="bbox 188 5253 1759 5329">
     <span class='ocr_line' id='line_1_57' title="bbox 188 5253 1759 5329; baseline 0.001 -21"><span class='ocrx_word' id='word_1_361' title='bbox 188 5253 292 5311; x_wconf 72' lang='lat' dir='ltr'><strong>Leo</strong></span> <span class='ocrx_word' id='word_1_362' title='bbox 337 5257 680 5329; x_wconf 88' lang='lat' dir='ltr'><strong>episcopus,</strong></span> <span class='ocrx_word' id='word_1_363' title='bbox 731 5273 934 5313; x_wconf 86' lang='lat' dir='ltr'><strong>servus</strong></span> <span class='ocrx_word' id='word_1_364' title='bbox 965 5274 1261 5314; x_wconf 85' lang='lat' dir='ltr'><strong>servorum</strong></span> <span class='ocrx_word' id='word_1_365' title='bbox 1295 5257 1414 5324; x_wconf 86' lang='lat' dir='ltr'><strong>Dei,</strong></span> <span class='ocrx_word' id='word_1_366' title='bbox 1447 5257 1667 5312; x_wconf 67' lang='lat' dir='ltr'><strong>dilecta:</strong></span> <span class='ocrx_word' id='word_1_367' title='bbox 1701 5258 1759 5311; x_wconf 93' lang='lat' dir='ltr'><strong>in</strong></span> 
     </span>
    </p>
   </div>
   <div class='ocr_carea' id='block_1_58' title="bbox 131 5336 1758 5402">
    <p class='ocr_par' dir='ltr' id='par_1_58' title="bbox 131 5336 1758 5402">
     <span class='ocr_line' id='line_1_58' title="bbox 131 5336 1758 5402; baseline 0.004 -8"><span class='ocrx_word' id='word_1_368' title='bbox 131 5336 332 5400; x_wconf 82' lang='lat' dir='ltr'><strong>Christo</strong></span> <span class='ocrx_word' id='word_1_369' title='bbox 355 5346 490 5401; x_wconf 83' lang='lat' dir='ltr'><strong>ﬁliae</strong></span> <span class='ocrx_word' id='word_1_370' title='bbox 522 5347 815 5402; x_wconf 76' lang='lat' dir='ltr'><strong>MATHILDI</strong></span> <span class='ocrx_word' id='word_1_371' title='bbox 837 5346 1144 5402; x_wconf 69' lang='lat' dir='ltr'><strong>abbatissa:</strong></span> <span class='ocrx_word' id='word_1_372' title='bbox 1176 5345 1523 5402; x_wconf 88' lang='lat' dir='ltr'><strong>venerabilis</strong></span> <span class='ocrx_word' id='word_1_373' title='bbox 1556 5361 1758 5400; x_wconf 81' lang='lat' dir='ltr'><strong>mona-</strong></span> 
     </span>
    </p>
   </div>
   <div class='ocr_carea' id='block_1_59' title="bbox 134 5432 1756 5507">
    <p class='ocr_par' dir='ltr' id='par_1_59' title="bbox 134 5432 1756 5507">
     <span class='ocr_line' id='line_1_59' title="bbox 134 5432 1756 5507; baseline 0.004 -26"><span class='ocrx_word' id='word_1_374' title='bbox 134 5432 270 5486; x_wconf 70' lang='lat' dir='ltr'><strong>nterii</strong></span> <span class='ocrx_word' id='word_1_375' title='bbox 317 5436 516 5492; x_wconf 89' lang='lat' dir='ltr'><strong>Sancti</strong></span> <span class='ocrx_word' id='word_1_376' title='bbox 561 5433 803 5490; x_wconf 86' lang='lat' dir='ltr'><strong>Fabiani</strong></span> <span class='ocrx_word' id='word_1_377' title='bbox 844 5439 1176 5507; x_wconf 68' lang='lat' dir='ltr'><strong>sanctaaque</strong></span> <span class='ocrx_word' id='word_1_378' title='bbox 1220 5434 1554 5502; x_wconf 86' lang='lat' dir='ltr'><strong>Felicitatis,</strong></span> <span class='ocrx_word' id='word_1_379' title='bbox 1603 5435 1756 5506; x_wconf 88' lang='lat' dir='ltr'><strong>quod</strong></span> 
     </span>
    </p>
   </div>
   <div class='ocr_carea' id='block_1_60' title="bbox 132 5520 1755 5597">
    <p class='ocr_par' dir='ltr' id='par_1_60' title="bbox 132 5520 1755 5597">
     <span class='ocr_line' id='line_1_60' title="bbox 132 5520 1755 5597; baseline 0.002 -23"><span class='ocrx_word' id='word_1_380' title='bbox 132 5520 428 5589; x_wconf 77' lang='lat' dir='ltr'><strong>appellatur</strong></span> <span class='ocrx_word' id='word_1_381' title='bbox 455 5523 748 5591; x_wconf 89' lang='lat' dir='ltr'><strong>Helionis,</strong></span> <span class='ocrx_word' id='word_1_382' title='bbox 783 5523 960 5580; x_wconf 89' lang='lat' dir='ltr'><strong>situm</strong></span> <span class='ocrx_word' id='word_1_383' title='bbox 992 5525 1051 5580; x_wconf 91' lang='lat' dir='ltr'><strong>in</strong></span> <span class='ocrx_word' id='word_1_384' title='bbox 1082 5541 1231 5597; x_wconf 83' lang='lat' dir='ltr'><strong>pago</strong></span> <span class='ocrx_word' id='word_1_385' title='bbox 1262 5523 1575 5591; x_wconf 77' lang='lat' dir='ltr'><strong>Helisatiae,</strong></span> <span class='ocrx_word' id='word_1_386' title='bbox 1611 5522 1755 5577; x_wconf 89' lang='lat' dir='ltr'><strong>tuis-</strong></span> 
     </span>
    </p>
   </div>
   <div class='ocr_carea' id='block_1_61' title="bbox 132 5612 1754 5686">
    <p class='ocr_par' dir='ltr' id='par_1_61' title="bbox 132 5612 1754 5686">
     <span class='ocr_line' id='line_1_61' title="bbox 132 5612 1754 5686; baseline 0.004 -24"><span class='ocrx_word' id='word_1_387' title='bbox 132 5619 226 5674; x_wconf 85' lang='lat' dir='ltr'><strong>que</strong></span> <span class='ocrx_word' id='word_1_388' title='bbox 251 5613 703 5671; x_wconf 86' lang='lat' dir='ltr'><strong>successoribus</strong></span> <span class='ocrx_word' id='word_1_389' title='bbox 722 5612 1037 5670; x_wconf 85' lang='lat' dir='ltr'><strong>abbatissis</strong></span> <span class='ocrx_word' id='word_1_390' title='bbox 1067 5621 1406 5686; x_wconf 88' lang='lat' dir='ltr'><strong>perpetuam</strong></span> <span class='ocrx_word' id='word_1_391' title='bbox 1429 5614 1488 5669; x_wconf 91' lang='lat' dir='ltr'><strong>in</strong></span> <span class='ocrx_word' id='word_1_392' title='bbox 1511 5612 1754 5669; x_wconf 89' lang='lat' dir='ltr'><strong>Domino</strong></span> 
     </span>
    </p>
   </div>
   <div class='ocr_carea' id='block_1_62' title="bbox 131 5693 373 5756">
    <p class='ocr_par' dir='ltr' id='par_1_62' title="bbox 131 5693 373 5756">
     <span class='ocr_line' id='line_1_62' title="bbox 131 5693 373 5756; baseline 0.041 -9"><span class='ocrx_word' id='word_1_393' title='bbox 131 5693 351 5755; x_wconf 78' lang='lat' dir='ltr'><strong>salutem</strong></span> <span class='ocrx_word' id='word_1_394' title='bbox 363 5744 373 5756; x_wconf 94' lang='lat'><strong>.</strong></span> 
     </span>
    </p>
   </div>
   <div class='ocr_carea' id='block_1_63' title="bbox 1877 637 3521 713">
    <p class='ocr_par' dir='ltr' id='par_1_63' title="bbox 1877 637 3521 713">
     <span class='ocr_line' id='line_1_63' title="bbox 1877 637 3521 713; baseline 0.002 -20"><span class='ocrx_word' id='word_1_395' title='bbox 1877 637 2136 694; x_wconf 85' lang='lat' dir='ltr'><strong>eﬂectus.</strong></span> <span class='ocrx_word' id='word_1_396' title='bbox 2173 640 2311 694; x_wconf 89' lang='lat' dir='ltr'><strong>Inde</strong></span> <span class='ocrx_word' id='word_1_397' title='bbox 2342 643 2431 695; x_wconf 87' lang='lat' dir='ltr'><strong>est</strong></span> <span class='ocrx_word' id='word_1_398' title='bbox 2460 640 2612 711; x_wconf 89' lang='lat' dir='ltr'><strong>quod</strong></span> <span class='ocrx_word' id='word_1_399' title='bbox 2638 639 2829 707; x_wconf 87' lang='lat' dir='ltr'><strong>nobis,</strong></span> <span class='ocrx_word' id='word_1_400' title='bbox 2861 658 2894 696; x_wconf 90' lang='lat' dir='ltr'><strong>a</strong></span> <span class='ocrx_word' id='word_1_401' title='bbox 2927 641 3146 713; x_wconf 85' lang='lat' dir='ltr'><strong>synodo</strong></span> <span class='ocrx_word' id='word_1_402' title='bbox 3179 657 3355 712; x_wconf 89' lang='lat' dir='ltr'><strong>quam</strong></span> <span class='ocrx_word' id='word_1_403' title='bbox 3400 641 3521 696; x_wconf 85' lang='lat' dir='ltr'><strong>Ma-</strong></span> 
     </span>
    </p>
   </div>
   <div class='ocr_carea' id='block_1_64' title="bbox 1876 728 3520 802">
    <p class='ocr_par' dir='ltr' id='par_1_64' title="bbox 1876 728 3520 802">
     <span class='ocr_line' id='line_1_64' title="bbox 1876 728 3520 802; baseline 0.002 -21"><span class='ocrx_word' id='word_1_404' title='bbox 1876 729 2090 800; x_wconf 80' lang='lat' dir='ltr'><strong>guntiac</strong></span> <span class='ocrx_word' id='word_1_405' title='bbox 2112 728 2431 783; x_wconf 84' lang='lat' dir='ltr'><strong>habuimus</strong></span> <span class='ocrx_word' id='word_1_406' title='bbox 2455 729 2854 798; x_wconf 90' lang='lat' dir='ltr'><strong>redeuntibus,</strong></span> <span class='ocrx_word' id='word_1_407' title='bbox 2877 731 3236 802; x_wconf 86' lang='lat' dir='ltr'><strong>contigitper</strong></span> <span class='ocrx_word' id='word_1_408' title='bbox 3261 735 3520 786; x_wconf 90' lang='lat' dir='ltr'><strong>vestrum</strong></span> 
     </span>
    </p>
   </div>
   <div class='ocr_carea' id='block_1_65' title="bbox 1877 817 3524 881">
    <p class='ocr_par' dir='ltr' id='par_1_65' title="bbox 1877 817 3524 881">
     <span class='ocr_line' id='line_1_65' title="bbox 1877 817 3524 881; baseline 0.003 -11"><span class='ocrx_word' id='word_1_409' title='bbox 1877 817 2298 871; x_wconf 86' lang='lat' dir='ltr'><strong>monasterium</strong></span> <span class='ocrx_word' id='word_1_410' title='bbox 2342 818 2555 881; x_wconf 89' lang='lat' dir='ltr'><strong>venire,</strong></span> <span class='ocrx_word' id='word_1_411' title='bbox 2607 823 2663 873; x_wconf 89' lang='lat' dir='ltr'><strong>et</strong></span> <span class='ocrx_word' id='word_1_412' title='bbox 2697 819 3000 874; x_wconf 83' lang='lat' dir='ltr'><strong>ecclesiam</strong></span> <span class='ocrx_word' id='word_1_413' title='bbox 3060 820 3398 875; x_wconf 89' lang='lat' dir='ltr'><strong>benedicere</strong></span> <span class='ocrx_word' id='word_1_414' title='bbox 3459 837 3524 875; x_wconf 90' lang='lat' dir='ltr'><strong>ac</strong></span> 
     </span>
    </p>
   </div>
   <div class='ocr_carea' id='block_1_66' title="bbox 1877 905 3524 978">
    <p class='ocr_par' dir='ltr' id='par_1_66' title="bbox 1877 905 3524 978">
     <span class='ocr_line' id='line_1_66' title="bbox 1877 905 3524 978; baseline 0.003 -19"><span class='ocrx_word' id='word_1_415' title='bbox 1877 905 2142 960; x_wconf 86' lang='lat' dir='ltr'><strong>dedicare</strong></span> <span class='ocrx_word' id='word_1_416' title='bbox 2173 906 2368 960; x_wconf 90' lang='lat' dir='ltr'><strong>divino</strong></span> <span class='ocrx_word' id='word_1_417' title='bbox 2391 907 2616 961; x_wconf 87' lang='lat' dir='ltr'><strong>numini</strong></span> <span class='ocrx_word' id='word_1_418' title='bbox 2651 925 2826 978; x_wconf 90' lang='lat' dir='ltr'><strong>quam</strong></span> <span class='ocrx_word' id='word_1_419' title='bbox 2859 909 3082 963; x_wconf 91' lang='lat' dir='ltr'><strong>noviter</strong></span> <span class='ocrx_word' id='word_1_420' title='bbox 3121 913 3524 964; x_wconf 87' lang='lat' dir='ltr'><strong>construxera-</strong></span> 
     </span>
    </p>
   </div>
   <div class='ocr_carea' id='block_1_67' title="bbox 1876 993 3526 1070">
    <p class='ocr_par' dir='ltr' id='par_1_67' title="bbox 1876 993 3526 1070">
     <span class='ocr_line' id='line_1_67' title="bbox 1876 993 3526 1070; baseline 0.005 -23"><span class='ocrx_word' id='word_1_421' title='bbox 1876 993 1970 1062; x_wconf 88' lang='lat' dir='ltr'><strong>tis,</strong></span> <span class='ocrx_word' id='word_1_422' title='bbox 2006 995 2104 1049; x_wconf 88' lang='lat' dir='ltr'><strong>sed</strong></span> <span class='ocrx_word' id='word_1_423' title='bbox 2141 996 2419 1050; x_wconf 88' lang='lat' dir='ltr'><strong>mendum</strong></span> <span class='ocrx_word' id='word_1_424' title='bbox 2449 997 2818 1067; x_wconf 86' lang='lat' dir='ltr'><strong>perfeceratis</strong></span> <span class='ocrx_word' id='word_1_425' title='bbox 2854 998 2925 1052; x_wconf 89' lang='lat' dir='ltr'><strong>ad</strong></span> <span class='ocrx_word' id='word_1_426' title='bbox 2958 997 3218 1070; x_wconf 89' lang='lat' dir='ltr'><strong>plenum,</strong></span> <span class='ocrx_word' id='word_1_427' title='bbox 3253 1002 3309 1054; x_wconf 85' lang='lat' dir='ltr'><strong>et</strong></span> <span class='ocrx_word' id='word_1_428' title='bbox 3346 999 3526 1055; x_wconf 88' lang='lat' dir='ltr'><strong>etiam</strong></span> 
     </span>
    </p>
   </div>
   <div class='ocr_carea' id='block_1_68' title="bbox 1875 1082 3524 1159">
    <p class='ocr_par' dir='ltr' id='par_1_68' title="bbox 1875 1082 3524 1159">
     <span class='ocr_line' id='line_1_68' title="bbox 1875 1082 3524 1159; baseline 0.005 -24"><span class='ocrx_word' id='word_1_429' title='bbox 1875 1082 2085 1136; x_wconf 87' lang='lat' dir='ltr'><strong>vestris</strong></span> <span class='ocrx_word' id='word_1_430' title='bbox 2130 1083 2400 1153; x_wconf 87' lang='lat' dir='ltr'><strong>precibus</strong></span> <span class='ocrx_word' id='word_1_431' title='bbox 2431 1084 2568 1138; x_wconf 89' lang='lat' dir='ltr'><strong>illuc</strong></span> <span class='ocrx_word' id='word_1_432' title='bbox 2617 1087 2928 1141; x_wconf 81' lang='lat' dir='ltr'><strong>transferre</strong></span> <span class='ocrx_word' id='word_1_433' title='bbox 2969 1103 3182 1159; x_wconf 91' lang='lat' dir='ltr'><strong>corpus</strong></span> <span class='ocrx_word' id='word_1_434' title='bbox 3212 1087 3390 1142; x_wconf 70' lang='lat' dir='ltr'><strong>beata:</strong></span> <span class='ocrx_word' id='word_1_435' title='bbox 3422 1088 3524 1144; x_wconf 77' lang='lat' dir='ltr'><strong>lli-</strong></span> 
     </span>
    </p>
   </div>
   <div class='ocr_carea' id='block_1_69' title="bbox 1877 1171 3524 1246">
    <p class='ocr_par' dir='ltr' id='par_1_69' title="bbox 1877 1171 3524 1246">
     <span class='ocr_line' id='line_1_69' title="bbox 1877 1171 3524 1246; baseline 0.004 -21"><span class='ocrx_word' id='word_1_436' title='bbox 1877 1171 2101 1226; x_wconf 67' lang='lat' dir='ltr'><strong>charda:</strong></span> <span class='ocrx_word' id='word_1_437' title='bbox 2150 1173 2350 1243; x_wconf 69' lang='lat' dir='ltr'><strong>prima:</strong></span> <span class='ocrx_word' id='word_1_438' title='bbox 2391 1174 2833 1230; x_wconf 78' lang='lat' dir='ltr'><strong>constructricis</strong></span> <span class='ocrx_word' id='word_1_439' title='bbox 2877 1176 3143 1246; x_wconf 86' lang='lat' dir='ltr'><strong>ejusdem</strong></span> <span class='ocrx_word' id='word_1_440' title='bbox 3174 1175 3524 1233; x_wconf 88' lang='lat' dir='ltr'><strong>venerabilis</strong></span> 
     </span>
    </p>
   </div>
   <div class='ocr_carea' id='block_1_70' title="bbox 1874 1258 3524 1338">
    <p class='ocr_par' dir='ltr' id='par_1_70' title="bbox 1874 1258 3524 1338">
     <span class='ocr_line' id='line_1_70' title="bbox 1874 1258 3524 1338; baseline 0.005 -25"><span class='ocrx_word' id='word_1_441' title='bbox 1874 1258 2008 1325; x_wconf 93' lang='lat' dir='ltr'><strong>loci,</strong></span> <span class='ocrx_word' id='word_1_442' title='bbox 2028 1277 2203 1330; x_wconf 87' lang='lat' dir='ltr'><strong>quem</strong></span> <span class='ocrx_word' id='word_1_443' title='bbox 2229 1277 2328 1332; x_wconf 88' lang='lat' dir='ltr'><strong>per</strong></span> <span class='ocrx_word' id='word_1_444' title='bbox 2349 1261 2678 1317; x_wconf 88' lang='lat' dir='ltr'><strong>donationis</strong></span> <span class='ocrx_word' id='word_1_445' title='bbox 2697 1263 2969 1334; x_wconf 80' lang='lat' dir='ltr'><strong>paginam</strong></span> <span class='ocrx_word' id='word_1_446' title='bbox 2993 1282 3108 1319; x_wconf 89' lang='lat' dir='ltr'><strong>una</strong></span> <span class='ocrx_word' id='word_1_447' title='bbox 3125 1282 3260 1320; x_wconf 90' lang='lat' dir='ltr'><strong>cum</strong></span> <span class='ocrx_word' id='word_1_448' title='bbox 3275 1266 3524 1338; x_wconf 87' lang='lat' dir='ltr'><strong>conjuge</strong></span> 
     </span>
    </p>
   </div>
   <div class='ocr_carea' id='block_1_71' title="bbox 1878 1347 3522 1426">
    <p class='ocr_par' dir='ltr' id='par_1_71' title="bbox 1878 1347 3522 1426">
     <span class='ocr_line' id='line_1_71' title="bbox 1878 1347 3522 1426; baseline 0.005 -23"><span class='ocrx_word' id='word_1_449' title='bbox 1878 1365 1984 1403; x_wconf 89' lang='lat' dir='ltr'><strong>suo</strong></span> <span class='ocrx_word' id='word_1_450' title='bbox 2004 1347 2203 1404; x_wconf 85' lang='lat' dir='ltr'><strong>Carolo</strong></span> <span class='ocrx_word' id='word_1_451' title='bbox 2236 1349 2584 1420; x_wconf 87' lang='lat' dir='ltr'><strong>imperatore</strong></span> <span class='ocrx_word' id='word_1_452' title='bbox 2614 1356 2861 1422; x_wconf 87' lang='lat' dir='ltr'><strong>augusto</strong></span> <span class='ocrx_word' id='word_1_453' title='bbox 2893 1353 3264 1409; x_wconf 55' lang='lat' dir='ltr'><strong>contrudit-lit.</strong></span> <span class='ocrx_word' id='word_1_454' title='bbox 3303 1357 3522 1426; x_wconf 83' lang='lat' dir='ltr'><strong>Itaque,</strong></span> 
     </span>
    </p>
   </div>
   <div class='ocr_carea' id='block_1_72' title="bbox 1876 1436 3521 1514">
    <p class='ocr_par' dir='ltr' id='par_1_72' title="bbox 1876 1436 3521 1514">
     <span class='ocr_line' id='line_1_72' title="bbox 1876 1436 3521 1514; baseline 0.005 -23"><span class='ocrx_word' id='word_1_455' title='bbox 1876 1436 2140 1492; x_wconf 88' lang='lat' dir='ltr'><strong>inclinati</strong></span> <span class='ocrx_word' id='word_1_456' title='bbox 2193 1439 2402 1494; x_wconf 89' lang='lat' dir='ltr'><strong>vestris</strong></span> <span class='ocrx_word' id='word_1_457' title='bbox 2464 1439 3004 1508; x_wconf 88' lang='lat' dir='ltr'><strong>intercessionibus,</strong></span> <span class='ocrx_word' id='word_1_458' title='bbox 3063 1443 3132 1496; x_wconf 84' lang='lat' dir='ltr'><strong>ad</strong></span> <span class='ocrx_word' id='word_1_459' title='bbox 3194 1444 3521 1514; x_wconf 84' lang='lat' dir='ltr'><strong>exemplum</strong></span> 
     </span>
    </p>
   </div>
   <div class='ocr_carea' id='block_1_73' title="bbox 1879 1527 3528 1602">
    <p class='ocr_par' dir='ltr' id='par_1_73' title="bbox 1879 1527 3528 1602">
     <span class='ocr_line' id='line_1_73' title="bbox 1879 1527 3528 1602; baseline 0.004 -22"><span class='ocrx_word' id='word_1_460' title='bbox 1879 1527 2368 1598; x_wconf 69' lang='lat' dir='ltr'><strong>praedecessorum</strong></span> <span class='ocrx_word' id='word_1_461' title='bbox 2394 1533 2750 1594; x_wconf 78' lang='lat' dir='ltr'><strong>nostrorum,</strong></span> <span class='ocrx_word' id='word_1_462' title='bbox 2776 1547 2878 1600; x_wconf 91' lang='lat' dir='ltr'><strong>pro</strong></span> <span class='ocrx_word' id='word_1_463' title='bbox 2899 1530 3074 1584; x_wconf 86' lang='lat' dir='ltr'><strong>futuri</strong></span> <span class='ocrx_word' id='word_1_464' title='bbox 3094 1532 3376 1602; x_wconf 88' lang='lat' dir='ltr'><strong>temporis</strong></span> <span class='ocrx_word' id='word_1_465' title='bbox 3399 1549 3528 1586; x_wconf 87' lang='lat' dir='ltr'><strong>cau-</strong></span> 
     </span>
    </p>
   </div>
   <div class='ocr_carea' id='block_1_74' title="bbox 1879 1614 3528 1687">
    <p class='ocr_par' dir='ltr' id='par_1_74' title="bbox 1879 1614 3528 1687">
     <span class='ocr_line' id='line_1_74' title="bbox 1879 1614 3528 1687; baseline 0.002 -16"><span class='ocrx_word' id='word_1_466' title='bbox 1879 1614 1997 1671; x_wconf 87' lang='lat' dir='ltr'><strong>tela</strong></span> <span class='ocrx_word' id='word_1_467' title='bbox 2028 1632 2130 1670; x_wconf 90' lang='lat' dir='ltr'><strong>nec</strong></span> <span class='ocrx_word' id='word_1_468' title='bbox 2162 1633 2276 1671; x_wconf 91' lang='lat' dir='ltr'><strong>non</strong></span> <span class='ocrx_word' id='word_1_469' title='bbox 2307 1616 2625 1672; x_wconf 88' lang='lat' dir='ltr'><strong>stabilitate</strong></span> <span class='ocrx_word' id='word_1_470' title='bbox 2654 1618 2920 1686; x_wconf 79' lang='lat' dir='ltr'><strong>ejusdem</strong></span> <span class='ocrx_word' id='word_1_471' title='bbox 2964 1618 3095 1687; x_wconf 91' lang='lat' dir='ltr'><strong>loci,</strong></span> <span class='ocrx_word' id='word_1_472' title='bbox 3149 1620 3528 1676; x_wconf 89' lang='lat' dir='ltr'><strong>concedimus</strong></span> 
     </span>
    </p>
   </div>
   <div class='ocr_carea' id='block_1_75' title="bbox 1879 1705 3532 1780">
    <p class='ocr_par' dir='ltr' id='par_1_75' title="bbox 1879 1705 3532 1780">
     <span class='ocr_line' id='line_1_75' title="bbox 1879 1705 3532 1780; baseline 0.002 -20"><span class='ocrx_word' id='word_1_473' title='bbox 1879 1709 1937 1760; x_wconf 91' lang='lat' dir='ltr'><strong>et</strong></span> <span class='ocrx_word' id='word_1_474' title='bbox 1966 1705 2384 1761; x_wconf 86' lang='lat' dir='ltr'><strong>conﬁrmamus</strong></span> <span class='ocrx_word' id='word_1_475' title='bbox 2405 1705 2567 1760; x_wconf 90' lang='lat' dir='ltr'><strong>vobis</strong></span> <span class='ocrx_word' id='word_1_476' title='bbox 2591 1706 2746 1761; x_wconf 89' lang='lat' dir='ltr'><strong>idem</strong></span> <span class='ocrx_word' id='word_1_477' title='bbox 2777 1707 3222 1773; x_wconf 88' lang='lat' dir='ltr'><strong>monasterium,</strong></span> <span class='ocrx_word' id='word_1_478' title='bbox 3246 1709 3402 1779; x_wconf 91' lang='lat' dir='ltr'><strong>quod</strong></span> <span class='ocrx_word' id='word_1_479' title='bbox 3429 1725 3532 1780; x_wconf 90' lang='lat' dir='ltr'><strong>per</strong></span> 
     </span>
    </p>
   </div>
   <div class='ocr_carea' id='block_1_76' title="bbox 1882 1791 3532 1867">
    <p class='ocr_par' dir='ltr' id='par_1_76' title="bbox 1882 1791 3532 1867">
     <span class='ocr_line' id='line_1_76' title="bbox 1882 1791 3532 1867; baseline 0.002 -21"><span class='ocrx_word' id='word_1_480' title='bbox 1882 1791 1989 1848; x_wconf 89' lang='lat' dir='ltr'><strong>hoc</strong></span> <span class='ocrx_word' id='word_1_481' title='bbox 2013 1795 2219 1847; x_wconf 86' lang='lat' dir='ltr'><strong>nostrae</strong></span> <span class='ocrx_word' id='word_1_482' title='bbox 2244 1792 2570 1863; x_wconf 67' lang='lat' dir='ltr'><strong>apostolicae</strong></span> <span class='ocrx_word' id='word_1_483' title='bbox 2596 1792 2964 1848; x_wconf 85' lang='lat' dir='ltr'><strong>auctoritatis</strong></span> <span class='ocrx_word' id='word_1_484' title='bbox 2988 1793 3376 1867; x_wconf 79' lang='lat' dir='ltr'><strong>privilegium,</strong></span> <span class='ocrx_word' id='word_1_485' title='bbox 3396 1811 3532 1850; x_wconf 89' lang='lat' dir='ltr'><strong>cum</strong></span> 
     </span>
    </p>
   </div>
   <div class='ocr_carea' id='block_1_77' title="bbox 1885 1881 3533 1955">
    <p class='ocr_par' dir='ltr' id='par_1_77' title="bbox 1885 1881 3533 1955">
     <span class='ocr_line' id='line_1_77' title="bbox 1885 1881 3533 1955; baseline 0.003 -19"><span class='ocrx_word' id='word_1_486' title='bbox 1885 1881 2159 1937; x_wconf 90' lang='lat' dir='ltr'><strong>omnibus</strong></span> <span class='ocrx_word' id='word_1_487' title='bbox 2185 1881 2357 1937; x_wconf 87' lang='lat' dir='ltr'><strong>rebus</strong></span> <span class='ocrx_word' id='word_1_488' title='bbox 2382 1885 2440 1937; x_wconf 90' lang='lat' dir='ltr'><strong>et</strong></span> <span class='ocrx_word' id='word_1_489' title='bbox 2470 1881 2846 1938; x_wconf 83' lang='lat' dir='ltr'><strong>facultatibus</strong></span> <span class='ocrx_word' id='word_1_490' title='bbox 2868 1882 3014 1950; x_wconf 89' lang='lat' dir='ltr'><strong>suis,</strong></span> <span class='ocrx_word' id='word_1_491' title='bbox 3049 1900 3198 1955; x_wconf 89' lang='lat' dir='ltr'><strong>quas</strong></span> <span class='ocrx_word' id='word_1_492' title='bbox 3229 1885 3402 1940; x_wconf 90' lang='lat' dir='ltr'><strong>modo</strong></span> <span class='ocrx_word' id='word_1_493' title='bbox 3432 1884 3533 1941; x_wconf 85' lang='lat' dir='ltr'><strong>ha—</strong></span> 
     </span>
    </p>
   </div>
   <div class='ocr_carea' id='block_1_78' title="bbox 1883 1971 3534 2042">
    <p class='ocr_par' dir='ltr' id='par_1_78' title="bbox 1883 1971 3534 2042">
     <span class='ocr_line' id='line_1_78' title="bbox 1883 1971 3534 2042; baseline 0.004 -16"><span class='ocrx_word' id='word_1_494' title='bbox 1883 1971 2017 2027; x_wconf 90' lang='lat' dir='ltr'><strong>bere</strong></span> <span class='ocrx_word' id='word_1_495' title='bbox 2046 1971 2294 2039; x_wconf 88' lang='lat' dir='ltr'><strong>videtur,</strong></span> <span class='ocrx_word' id='word_1_496' title='bbox 2317 1975 2374 2027; x_wconf 92' lang='lat' dir='ltr'><strong>et</strong></span> <span class='ocrx_word' id='word_1_497' title='bbox 2409 1971 2704 2042; x_wconf 80' lang='lat' dir='ltr'><strong>deinceps,</strong></span> <span class='ocrx_word' id='word_1_498' title='bbox 2729 1972 3046 2028; x_wconf 87' lang='lat' dir='ltr'><strong>auxiliante</strong></span> <span class='ocrx_word' id='word_1_499' title='bbox 3068 1974 3332 2040; x_wconf 87' lang='lat' dir='ltr'><strong>Domino,</strong></span> <span class='ocrx_word' id='word_1_500' title='bbox 3359 1973 3477 2031; x_wconf 90' lang='lat' dir='ltr'><strong>sive</strong></span> <span class='ocrx_word' id='word_1_501' title='bbox 3500 1993 3534 2031; x_wconf 89' lang='lat' dir='ltr'><strong>a</strong></span> 
     </span>
    </p>
   </div>
   <div class='ocr_carea' id='block_1_79' title="bbox 1882 2058 3533 2132">
    <p class='ocr_par' dir='ltr' id='par_1_79' title="bbox 1882 2058 3533 2132">
     <span class='ocr_line' id='line_1_79' title="bbox 1882 2058 3533 2132; baseline 0.004 -19"><span class='ocrx_word' id='word_1_502' title='bbox 1882 2058 2138 2131; x_wconf 84' lang='lat' dir='ltr'><strong>regibus,</strong></span> <span class='ocrx_word' id='word_1_503' title='bbox 2180 2059 2300 2115; x_wconf 89' lang='lat' dir='ltr'><strong>sive</strong></span> <span class='ocrx_word' id='word_1_504' title='bbox 2332 2077 2366 2115; x_wconf 90' lang='lat' dir='ltr'><strong>a</strong></span> <span class='ocrx_word' id='word_1_505' title='bbox 2413 2059 2820 2132; x_wconf 82' lang='lat' dir='ltr'><strong>cujuscunque</strong></span> <span class='ocrx_word' id='word_1_506' title='bbox 2859 2061 3162 2131; x_wconf 83' lang='lat' dir='ltr'><strong>dignitatis</strong></span> <span class='ocrx_word' id='word_1_507' title='bbox 3197 2067 3254 2118; x_wconf 92' lang='lat' dir='ltr'><strong>et</strong></span> <span class='ocrx_word' id='word_1_508' title='bbox 3309 2062 3533 2119; x_wconf 88' lang='lat' dir='ltr'><strong>ordinis</strong></span> 
     </span>
    </p>
   </div>
   <div class='ocr_carea' id='block_1_80' title="bbox 1881 2147 3552 2222">
    <p class='ocr_par' dir='ltr' id='par_1_80' title="bbox 1881 2147 3552 2222">
     <span class='ocr_line' id='line_1_80' title="bbox 1881 2147 3552 2222; baseline 0.002 -18"><span class='ocrx_word' id='word_1_509' title='bbox 1881 2147 2245 2213; x_wconf 87' lang='lat' dir='ltr'><strong>hominibus,</strong></span> <span class='ocrx_word' id='word_1_510' title='bbox 2279 2165 2513 2220; x_wconf 88' lang='lat' dir='ltr'><strong>quoquo</strong></span> <span class='ocrx_word' id='word_1_511' title='bbox 2545 2152 2712 2220; x_wconf 85' lang='lat' dir='ltr'><strong>pacto</strong></span> <span class='ocrx_word' id='word_1_512' title='bbox 2745 2150 3044 2221; x_wconf 88' lang='lat' dir='ltr'><strong>acquirere</strong></span> <span class='ocrx_word' id='word_1_513' title='bbox 3066 2151 3312 2222; x_wconf 88' lang='lat' dir='ltr'><strong>poterit;</strong></span> <span class='ocrx_word' id='word_1_514' title='bbox 3345 2153 3446 2209; x_wconf 86' lang='lat' dir='ltr'><strong>sed</strong></span> <span class='ocrx_word' id='word_1_515' title='bbox 3478 2156 3552 2208; x_wconf 86' lang='lat' dir='ltr'><strong>et-</strong></span> 
     </span>
    </p>
   </div>
   <div class='ocr_carea' id='block_1_81' title="bbox 1882 2235 3531 2307">
    <p class='ocr_par' dir='ltr' id='par_1_81' title="bbox 1882 2235 3531 2307">
     <span class='ocr_line' id='line_1_81' title="bbox 1882 2235 3531 2307; baseline 0.005 -18"><span class='ocrx_word' id='word_1_516' title='bbox 1882 2235 1942 2290; x_wconf 92' lang='lat' dir='ltr'><strong>in</strong></span> <span class='ocrx_word' id='word_1_517' title='bbox 1974 2236 2100 2307; x_wconf 88' lang='lat' dir='ltr'><strong>ipso</strong></span> <span class='ocrx_word' id='word_1_518' title='bbox 2134 2238 2353 2307; x_wconf 76' lang='lat' dir='ltr'><strong>majore</strong></span> <span class='ocrx_word' id='word_1_519' title='bbox 2385 2236 2566 2292; x_wconf 85' lang='lat' dir='ltr'><strong>altare</strong></span> <span class='ocrx_word' id='word_1_520' title='bbox 2598 2255 2755 2292; x_wconf 68' lang='lat' dir='ltr'><strong>nova:</strong></span> <span class='ocrx_word' id='word_1_521' title='bbox 2785 2238 3042 2296; x_wconf 69' lang='lat' dir='ltr'><strong>ecclesiae</strong></span> <span class='ocrx_word' id='word_1_522' title='bbox 3076 2257 3109 2295; x_wconf 88' lang='lat' dir='ltr'><strong>a</strong></span> <span class='ocrx_word' id='word_1_523' title='bbox 3139 2241 3531 2298; x_wconf 86' lang='lat' dir='ltr'><strong>nobiseonse-</strong></span> 
     </span>
    </p>
   </div>
   <div class='ocr_carea' id='block_1_82' title="bbox 1883 2323 3532 2398">
    <p class='ocr_par' dir='ltr' id='par_1_82' title="bbox 1883 2323 3532 2398">
     <span class='ocr_line' id='line_1_82' title="bbox 1883 2323 3532 2398; baseline 0.005 -20"><span class='ocrx_word' id='word_1_524' title='bbox 1883 2327 2061 2393; x_wconf 89' lang='lat' dir='ltr'><strong>erato,</strong></span> <span class='ocrx_word' id='word_1_525' title='bbox 2078 2323 2457 2396; x_wconf 90' lang='lat' dir='ltr'><strong>prohibemus</strong></span> <span class='ocrx_word' id='word_1_526' title='bbox 2471 2325 2643 2380; x_wconf 87' lang='lat' dir='ltr'><strong>alicui</strong></span> <span class='ocrx_word' id='word_1_527' title='bbox 2665 2327 2947 2383; x_wconf 86' lang='lat' dir='ltr'><strong>sacerdoti</strong></span> <span class='ocrx_word' id='word_1_528' title='bbox 2964 2329 3208 2386; x_wconf 88' lang='lat' dir='ltr'><strong>missam</strong></span> <span class='ocrx_word' id='word_1_529' title='bbox 3221 2330 3532 2398; x_wconf 89' lang='lat' dir='ltr'><strong>celebrare,</strong></span> 
     </span>
    </p>
   </div>
   <div class='ocr_carea' id='block_1_83' title="bbox 1883 2410 3530 2487">
    <p class='ocr_par' dir='ltr' id='par_1_83' title="bbox 1883 2410 3530 2487">
     <span class='ocr_line' id='line_1_83' title="bbox 1883 2410 3530 2487; baseline 0.004 -17"><span class='ocrx_word' id='word_1_530' title='bbox 1883 2411 1996 2470; x_wconf 90' lang='lat' dir='ltr'><strong>nisi</strong></span> <span class='ocrx_word' id='word_1_531' title='bbox 2056 2430 2230 2484; x_wconf 88' lang='lat' dir='ltr'><strong>quem</strong></span> <span class='ocrx_word' id='word_1_532' title='bbox 2289 2432 2389 2470; x_wconf 88' lang='lat' dir='ltr'><strong>vos</strong></span> <span class='ocrx_word' id='word_1_533' title='bbox 2439 2415 2738 2487; x_wconf 86' lang='lat' dir='ltr'><strong>vestrique</strong></span> <span class='ocrx_word' id='word_1_534' title='bbox 2797 2433 3166 2474; x_wconf 88' lang='lat' dir='ltr'><strong>successores</strong></span> <span class='ocrx_word' id='word_1_535' title='bbox 3221 2410 3530 2476; x_wconf 67' lang='lat' dir='ltr'><strong>voluerint.</strong></span> 
     </span>
    </p>
   </div>
   <div class='ocr_carea' id='block_1_84' title="bbox 1883 2503 3532 2582">
    <p class='ocr_par' dir='ltr' id='par_1_84' title="bbox 1883 2503 3532 2582">
     <span class='ocr_line' id='line_1_84' title="bbox 1883 2503 3532 2582; baseline 0.004 -25"><span class='ocrx_word' id='word_1_536' title='bbox 1883 2503 2079 2573; x_wconf 88' lang='lat' dir='ltr'><strong>Ipsum</strong></span> <span class='ocrx_word' id='word_1_537' title='bbox 2112 2519 2243 2558; x_wconf 90' lang='lat' dir='ltr'><strong>vero</strong></span> <span class='ocrx_word' id='word_1_538' title='bbox 2277 2505 2698 2560; x_wconf 85' lang='lat' dir='ltr'><strong>monasterium</strong></span> <span class='ocrx_word' id='word_1_539' title='bbox 2724 2506 3040 2578; x_wconf 85' lang='lat' dir='ltr'><strong>integrum,</strong></span> <span class='ocrx_word' id='word_1_540' title='bbox 3063 2508 3356 2581; x_wconf 89' lang='lat' dir='ltr'><strong>sicutjam</strong></span> <span class='ocrx_word' id='word_1_541' title='bbox 3388 2527 3532 2582; x_wconf 66' lang='lat' dir='ltr'><strong>pran-</strong></span> 
     </span>
    </p>
   </div>
   <div class='ocr_carea' id='block_1_85' title="bbox 1883 2591 3535 2666">
    <p class='ocr_par' dir='ltr' id='par_1_85' title="bbox 1883 2591 3535 2666">
     <span class='ocr_line' id='line_1_85' title="bbox 1883 2591 3535 2666; baseline 0.006 -22"><span class='ocrx_word' id='word_1_542' title='bbox 1883 2591 2552 2658; x_wconf 88' lang='lat' dir='ltr'><strong>diximus,concedimus</strong></span> <span class='ocrx_word' id='word_1_543' title='bbox 2583 2595 2746 2649; x_wconf 84' lang='lat' dir='ltr'><strong>vobis</strong></span> <span class='ocrx_word' id='word_1_544' title='bbox 2777 2599 2834 2650; x_wconf 91' lang='lat' dir='ltr'><strong>et</strong></span> <span class='ocrx_word' id='word_1_545' title='bbox 2863 2597 3318 2666; x_wconf 85' lang='lat' dir='ltr'><strong>conﬁrmamus;</strong></span> <span class='ocrx_word' id='word_1_546' title='bbox 3352 2615 3420 2652; x_wconf 88' lang='lat' dir='ltr'><strong>ea</strong></span> <span class='ocrx_word' id='word_1_547' title='bbox 3451 2617 3535 2655; x_wconf 87' lang='lat' dir='ltr'><strong>ra-</strong></span> 
     </span>
    </p>
   </div>
   <div class='ocr_carea' id='block_1_86' title="bbox 1883 2679 3534 2743">
    <p class='ocr_par' dir='ltr' id='par_1_86' title="bbox 1883 2679 3534 2743">
     <span class='ocr_line' id='line_1_86' title="bbox 1883 2679 3534 2743; baseline 0.007 -11"><span class='ocrx_word' id='word_1_548' title='bbox 1883 2679 2040 2735; x_wconf 90' lang='lat' dir='ltr'><strong>tione</strong></span> <span class='ocrx_word' id='word_1_549' title='bbox 2084 2685 2148 2735; x_wconf 91' lang='lat' dir='ltr'><strong>ut</strong></span> <span class='ocrx_word' id='word_1_550' title='bbox 2197 2681 2472 2736; x_wconf 91' lang='lat' dir='ltr'><strong>omnibus</strong></span> <span class='ocrx_word' id='word_1_551' title='bbox 2519 2681 2727 2738; x_wconf 92' lang='lat' dir='ltr'><strong>diebus</strong></span> <span class='ocrx_word' id='word_1_552' title='bbox 2776 2683 2903 2738; x_wconf 70' lang='lat' dir='ltr'><strong>vitae</strong></span> <span class='ocrx_word' id='word_1_553' title='bbox 2952 2689 3158 2740; x_wconf 67' lang='lat' dir='ltr'><strong>vestra:</strong></span> <span class='ocrx_word' id='word_1_554' title='bbox 3200 2687 3311 2741; x_wconf 89' lang='lat' dir='ltr'><strong>sub</strong></span> <span class='ocrx_word' id='word_1_555' title='bbox 3342 2691 3534 2743; x_wconf 88' lang='lat' dir='ltr'><strong>vestra</strong></span> 
     </span>
    </p>
   </div>
   <div class='ocr_carea' id='block_1_87' title="bbox 1885 2767 3528 2841">
    <p class='ocr_par' dir='ltr' id='par_1_87' title="bbox 1885 2767 3528 2841">
     <span class='ocr_line' id='line_1_87' title="bbox 1885 2767 3528 2841; baseline 0.004 -17"><span class='ocrx_word' id='word_1_556' title='bbox 1885 2767 2103 2825; x_wconf 89' lang='lat' dir='ltr'><strong>ditione</strong></span> <span class='ocrx_word' id='word_1_557' title='bbox 2132 2769 2221 2824; x_wconf 91' lang='lat' dir='ltr'><strong>vel</strong></span> <span class='ocrx_word' id='word_1_558' title='bbox 2254 2770 2559 2841; x_wconf 88' lang='lat' dir='ltr'><strong>regimine,</strong></span> <span class='ocrx_word' id='word_1_559' title='bbox 2594 2770 2764 2826; x_wconf 89' lang='lat' dir='ltr'><strong>sicuti</strong></span> <span class='ocrx_word' id='word_1_560' title='bbox 2789 2772 2954 2827; x_wconf 90' lang='lat' dir='ltr'><strong>vobis</strong></span> <span class='ocrx_word' id='word_1_561' title='bbox 2987 2774 3310 2828; x_wconf 88' lang='lat' dir='ltr'><strong>secundum</strong></span> <span class='ocrx_word' id='word_1_562' title='bbox 3345 2775 3528 2831; x_wconf 85' lang='lat' dir='ltr'><strong>Deum</strong></span> 
     </span>
    </p>
   </div>
   <div class='ocr_carea' id='block_1_88' title="bbox 1882 2857 3534 2932">
    <p class='ocr_par' dir='ltr' id='par_1_88' title="bbox 1882 2857 3534 2932">
     <span class='ocr_line' id='line_1_88' title="bbox 1882 2857 3534 2932; baseline 0.004 -20"><span class='ocrx_word' id='word_1_563' title='bbox 1882 2858 2074 2912; x_wconf 89' lang='lat' dir='ltr'><strong>visum</strong></span> <span class='ocrx_word' id='word_1_564' title='bbox 2090 2857 2284 2926; x_wconf 86' lang='lat' dir='ltr'><strong>fuerit,</strong></span> <span class='ocrx_word' id='word_1_565' title='bbox 2307 2859 2617 2930; x_wconf 87' lang='lat' dir='ltr'><strong>disponere</strong></span> <span class='ocrx_word' id='word_1_566' title='bbox 2634 2860 2872 2915; x_wconf 90' lang='lat' dir='ltr'><strong>omnino</strong></span> <span class='ocrx_word' id='word_1_567' title='bbox 2887 2866 3243 2932; x_wconf 86' lang='lat' dir='ltr'><strong>permaneat.</strong></span> <span class='ocrx_word' id='word_1_568' title='bbox 3264 2863 3408 2918; x_wconf 85' lang='lat' dir='ltr'><strong>Cum</strong></span> <span class='ocrx_word' id='word_1_569' title='bbox 3435 2882 3534 2919; x_wconf 81' lang='lat' dir='ltr'><strong>au-</strong></span> 
     </span>
    </p>
   </div>
   <div class='ocr_carea' id='block_1_89' title="bbox 1884 2946 3534 3020">
    <p class='ocr_par' dir='ltr' id='par_1_89' title="bbox 1884 2946 3534 3020">
     <span class='ocr_line' id='line_1_89' title="bbox 1884 2946 3534 3020; baseline 0.005 -20"><span class='ocrx_word' id='word_1_570' title='bbox 1884 2949 2003 3001; x_wconf 88' lang='lat' dir='ltr'><strong>tem</strong></span> <span class='ocrx_word' id='word_1_571' title='bbox 2035 2946 2236 3002; x_wconf 91' lang='lat' dir='ltr'><strong>divina</strong></span> <span class='ocrx_word' id='word_1_572' title='bbox 2279 2947 2578 3003; x_wconf 88' lang='lat' dir='ltr'><strong>vocatione</strong></span> <span class='ocrx_word' id='word_1_573' title='bbox 2612 2949 2680 3004; x_wconf 91' lang='lat' dir='ltr'><strong>de</strong></span> <span class='ocrx_word' id='word_1_574' title='bbox 2712 2949 2978 3020; x_wconf 62' lang='lat' dir='ltr'><strong>praesenti</strong></span> <span class='ocrx_word' id='word_1_575' title='bbox 3014 2949 3122 3006; x_wconf 89' lang='lat' dir='ltr'><strong>hac</strong></span> <span class='ocrx_word' id='word_1_576' title='bbox 3153 2951 3283 3007; x_wconf 88' lang='lat' dir='ltr'><strong>luce</strong></span> <span class='ocrx_word' id='word_1_577' title='bbox 3315 2953 3384 3008; x_wconf 89' lang='lat' dir='ltr'><strong>ad</strong></span> <span class='ocrx_word' id='word_1_578' title='bbox 3418 2953 3534 3007; x_wconf 91' lang='lat' dir='ltr'><strong>Do-</strong></span> 
     </span>
    </p>
   </div>
   <div class='ocr_carea' id='block_1_90' title="bbox 1888 3035 3532 3115">
    <p class='ocr_par' dir='ltr' id='par_1_90' title="bbox 1888 3035 3532 3115">
     <span class='ocr_line' id='line_1_90' title="bbox 1888 3035 3532 3115; baseline 0.006 -27"><span class='ocrx_word' id='word_1_579' title='bbox 1888 3035 2115 3091; x_wconf 89' lang='lat' dir='ltr'><strong>minum</strong></span> <span class='ocrx_word' id='word_1_580' title='bbox 2149 3037 2557 3107; x_wconf 78' lang='lat' dir='ltr'><strong>migraveritis,</strong></span> <span class='ocrx_word' id='word_1_581' title='bbox 2584 3039 2901 3095; x_wconf 88' lang='lat' dir='ltr'><strong>statuimus</strong></span> <span class='ocrx_word' id='word_1_582' title='bbox 2933 3040 3010 3094; x_wconf 89' lang='lat' dir='ltr'><strong>de</strong></span> <span class='ocrx_word' id='word_1_583' title='bbox 3025 3041 3260 3112; x_wconf 89' lang='lat' dir='ltr'><strong>propria</strong></span> <span class='ocrx_word' id='word_1_584' title='bbox 3292 3059 3532 3115; x_wconf 88' lang='lat' dir='ltr'><strong>congre-</strong></span> 
     </span>
    </p>
   </div>
   <div class='ocr_carea' id='block_1_91' title="bbox 1887 3125 3534 3200">
    <p class='ocr_par' dir='ltr' id='par_1_91' title="bbox 1887 3125 3534 3200">
     <span class='ocr_line' id='line_1_91' title="bbox 1887 3125 3534 3200; baseline 0.005 -22"><span class='ocrx_word' id='word_1_585' title='bbox 1887 3125 2137 3196; x_wconf 88' lang='lat' dir='ltr'><strong>gatione,</strong></span> <span class='ocrx_word' id='word_1_586' title='bbox 2173 3141 2352 3196; x_wconf 87' lang='lat' dir='ltr'><strong>quam</strong></span> <span class='ocrx_word' id='word_1_587' title='bbox 2395 3126 2503 3182; x_wconf 89' lang='lat' dir='ltr'><strong>sibi</strong></span> <span class='ocrx_word' id='word_1_588' title='bbox 2541 3127 2901 3184; x_wconf 84' lang='lat' dir='ltr'><strong>unanimitas</strong></span> <span class='ocrx_word' id='word_1_589' title='bbox 2937 3129 3161 3200; x_wconf 71' lang='lat' dir='ltr'><strong>praefati</strong></span> <span class='ocrx_word' id='word_1_590' title='bbox 3194 3133 3534 3188; x_wconf 89' lang='lat' dir='ltr'><strong>monasterii</strong></span> 
     </span>
    </p>
   </div>
   <div class='ocr_carea' id='block_1_92' title="bbox 1887 3213 3531 3292">
    <p class='ocr_par' dir='ltr' id='par_1_92' title="bbox 1887 3213 3531 3292">
     <span class='ocr_line' id='line_1_92' title="bbox 1887 3213 3531 3292; baseline 0.005 -24"><span class='ocrx_word' id='word_1_591' title='bbox 1887 3213 2237 3272; x_wconf 87' lang='lat' dir='ltr'><strong>ancillarum</strong></span> <span class='ocrx_word' id='word_1_592' title='bbox 2273 3214 2366 3271; x_wconf 88' lang='lat' dir='ltr'><strong>Dei</strong></span> <span class='ocrx_word' id='word_1_593' title='bbox 2399 3217 2764 3272; x_wconf 88' lang='lat' dir='ltr'><strong>concorditer</strong></span> <span class='ocrx_word' id='word_1_594' title='bbox 2789 3217 3046 3290; x_wconf 82' lang='lat' dir='ltr'><strong>elegerit,</strong></span> <span class='ocrx_word' id='word_1_595' title='bbox 3081 3220 3531 3292; x_wconf 83' lang='lat' dir='ltr'><strong>absquecujus-</strong></span> 
     </span>
    </p>
   </div>
   <div class='ocr_carea' id='block_1_93' title="bbox 1889 3302 3534 3374">
    <p class='ocr_par' dir='ltr' id='par_1_93' title="bbox 1889 3302 3534 3374">
     <span class='ocr_line' id='line_1_93' title="bbox 1889 3302 3534 3374; baseline 0.005 -18"><span class='ocrx_word' id='word_1_596' title='bbox 1889 3317 2120 3374; x_wconf 90' lang='lat' dir='ltr'><strong>cunque</strong></span> <span class='ocrx_word' id='word_1_597' title='bbox 2169 3302 2424 3358; x_wconf 90' lang='lat' dir='ltr'><strong>hominis</strong></span> <span class='ocrx_word' id='word_1_598' title='bbox 2464 3305 2869 3360; x_wconf 81' lang='lat' dir='ltr'><strong>contrarietate</strong></span> <span class='ocrx_word' id='word_1_599' title='bbox 2909 3305 2991 3360; x_wconf 90' lang='lat' dir='ltr'><strong>vel</strong></span> <span class='ocrx_word' id='word_1_600' title='bbox 3038 3307 3360 3374; x_wconf 86' lang='lat' dir='ltr'><strong>obstaculo,</strong></span> <span class='ocrx_word' id='word_1_601' title='bbox 3407 3309 3534 3364; x_wconf 84' lang='lat' dir='ltr'><strong>ﬁeri</strong></span> 
     </span>
    </p>
   </div>
   <div class='ocr_carea' id='block_1_94' title="bbox 1891 3391 3529 3462">
    <p class='ocr_par' dir='ltr' id='par_1_94' title="bbox 1891 3391 3529 3462">
     <span class='ocr_line' id='line_1_94' title="bbox 1891 3391 3529 3462; baseline 0.004 -16"><span class='ocrx_word' id='word_1_602' title='bbox 1891 3391 2272 3456; x_wconf 84' lang='lat' dir='ltr'><strong>abbatissam,</strong></span> <span class='ocrx_word' id='word_1_603' title='bbox 2305 3397 2617 3462; x_wconf 82' lang='lat' dir='ltr'><strong>praestante</strong></span> <span class='ocrx_word' id='word_1_604' title='bbox 2646 3393 2912 3448; x_wconf 82' lang='lat' dir='ltr'><strong>videlicet</strong></span> <span class='ocrx_word' id='word_1_605' title='bbox 2945 3395 3115 3450; x_wconf 91' lang='lat' dir='ltr'><strong>nobis</strong></span> <span class='ocrx_word' id='word_1_606' title='bbox 3145 3399 3201 3450; x_wconf 86' lang='lat' dir='ltr'><strong>et</strong></span> <span class='ocrx_word' id='word_1_607' title='bbox 3229 3413 3529 3453; x_wconf 86' lang='lat' dir='ltr'><strong>successo-</strong></span> 
     </span>
    </p>
   </div>
   <div class='ocr_carea' id='block_1_95' title="bbox 1889 3478 3530 3556">
    <p class='ocr_par' dir='ltr' id='par_1_95' title="bbox 1889 3478 3530 3556">
     <span class='ocr_line' id='line_1_95' title="bbox 1889 3478 3530 3556; baseline 0.003 -21"><span class='ocrx_word' id='word_1_608' title='bbox 1889 3478 2051 3535; x_wconf 87' lang='lat' dir='ltr'><strong>ribus</strong></span> <span class='ocrx_word' id='word_1_609' title='bbox 2084 3479 2298 3535; x_wconf 85' lang='lat' dir='ltr'><strong>nostris</strong></span> <span class='ocrx_word' id='word_1_610' title='bbox 2329 3479 2662 3534; x_wconf 84' lang='lat' dir='ltr'><strong>annualiter</strong></span> <span class='ocrx_word' id='word_1_611' title='bbox 2688 3484 2805 3536; x_wconf 89' lang='lat' dir='ltr'><strong>tres</strong></span> <span class='ocrx_word' id='word_1_612' title='bbox 2837 3499 3062 3552; x_wconf 87' lang='lat' dir='ltr'><strong>pannos</strong></span> <span class='ocrx_word' id='word_1_613' title='bbox 3083 3482 3268 3540; x_wconf 89' lang='lat' dir='ltr'><strong>lineos</strong></span> <span class='ocrx_word' id='word_1_614' title='bbox 3298 3486 3530 3556; x_wconf 86' lang='lat' dir='ltr'><strong>pontiﬁ-</strong></span> 
     </span>
    </p>
   </div>
   <div class='ocr_carea' id='block_1_96' title="bbox 1887 3567 3532 3640">
    <p class='ocr_par' dir='ltr' id='par_1_96' title="bbox 1887 3567 3532 3640">
     <span class='ocr_line' id='line_1_96' title="bbox 1887 3567 3532 3640; baseline 0.006 -18"><span class='ocrx_word' id='word_1_615' title='bbox 1887 3567 1996 3623; x_wconf 90' lang='lat' dir='ltr'><strong>cali</strong></span> <span class='ocrx_word' id='word_1_616' title='bbox 2027 3568 2158 3624; x_wconf 90' lang='lat' dir='ltr'><strong>usui</strong></span> <span class='ocrx_word' id='word_1_617' title='bbox 2191 3572 2378 3640; x_wconf 90' lang='lat' dir='ltr'><strong>aptos.</strong></span> <span class='ocrx_word' id='word_1_618' title='bbox 2412 3571 2574 3634; x_wconf 88' lang='lat' dir='ltr'><strong>Quod</strong></span> <span class='ocrx_word' id='word_1_619' title='bbox 2607 3569 2654 3624; x_wconf 91' lang='lat' dir='ltr'><strong>si</strong></span> <span class='ocrx_word' id='word_1_620' title='bbox 2685 3569 2743 3624; x_wconf 92' lang='lat' dir='ltr'><strong>in</strong></span> <span class='ocrx_word' id='word_1_621' title='bbox 2785 3571 3021 3626; x_wconf 91' lang='lat' dir='ltr'><strong>biennio</strong></span> <span class='ocrx_word' id='word_1_622' title='bbox 3054 3577 3155 3628; x_wconf 90' lang='lat' dir='ltr'><strong>aut</strong></span> <span class='ocrx_word' id='word_1_623' title='bbox 3192 3573 3250 3628; x_wconf 92' lang='lat' dir='ltr'><strong>in</strong></span> <span class='ocrx_word' id='word_1_624' title='bbox 3282 3573 3532 3632; x_wconf 90' lang='lat' dir='ltr'><strong>triennio</strong></span> 
     </span>
    </p>
   </div>
   <div class='ocr_carea' id='block_1_97' title="bbox 1887 3656 3534 3732">
    <p class='ocr_par' dir='ltr' id='par_1_97' title="bbox 1887 3656 3534 3732">
     <span class='ocr_line' id='line_1_97' title="bbox 1887 3656 3534 3732; baseline 0.007 -22"><span class='ocrx_word' id='word_1_625' title='bbox 1887 3656 2249 3728; x_wconf 88' lang='lat' dir='ltr'><strong>persolutum</strong></span> <span class='ocrx_word' id='word_1_626' title='bbox 2273 3675 2388 3712; x_wconf 89' lang='lat' dir='ltr'><strong>non</strong></span> <span class='ocrx_word' id='word_1_627' title='bbox 2411 3658 2604 3724; x_wconf 83' lang='lat' dir='ltr'><strong>fuerit,</strong></span> <span class='ocrx_word' id='word_1_628' title='bbox 2619 3657 2988 3716; x_wconf 85' lang='lat' dir='ltr'><strong>solummodo</strong></span> <span class='ocrx_word' id='word_1_629' title='bbox 3012 3661 3403 3732; x_wconf 87' lang='lat' dir='ltr'><strong>persolvatur;</strong></span> <span class='ocrx_word' id='word_1_630' title='bbox 3429 3683 3534 3722; x_wconf 92' lang='lat' dir='ltr'><strong>nec</strong></span> 
     </span>
    </p>
   </div>
   <div class='ocr_carea' id='block_1_98' title="bbox 1885 3746 3532 3826">
    <p class='ocr_par' dir='ltr' id='par_1_98' title="bbox 1885 3746 3532 3826">
     <span class='ocr_line' id='line_1_98' title="bbox 1885 3746 3532 3826; baseline 0.006 -25"><span class='ocrx_word' id='word_1_631' title='bbox 1885 3762 1923 3801; x_wconf 91' lang='lat' dir='ltr'><strong>a</strong></span> <span class='ocrx_word' id='word_1_632' title='bbox 1948 3746 2386 3801; x_wconf 88' lang='lat' dir='ltr'><strong>successoribus</strong></span> <span class='ocrx_word' id='word_1_633' title='bbox 2421 3747 2635 3802; x_wconf 89' lang='lat' dir='ltr'><strong>nostris</strong></span> <span class='ocrx_word' id='word_1_634' title='bbox 2663 3747 2886 3819; x_wconf 86' lang='lat' dir='ltr'><strong>aliquid</strong></span> <span class='ocrx_word' id='word_1_635' title='bbox 2910 3750 3166 3822; x_wconf 88' lang='lat' dir='ltr'><strong>amplius</strong></span> <span class='ocrx_word' id='word_1_636' title='bbox 3185 3753 3356 3808; x_wconf 89' lang='lat' dir='ltr'><strong>modo</strong></span> <span class='ocrx_word' id='word_1_637' title='bbox 3388 3771 3532 3826; x_wconf 90' lang='lat' dir='ltr'><strong>quo-</strong></span> 
     </span>
    </p>
   </div>
   <div class='ocr_carea' id='block_1_99' title="bbox 1884 3832 3532 3913">
    <p class='ocr_par' dir='ltr' id='par_1_99' title="bbox 1884 3832 3532 3913">
     <span class='ocr_line' id='line_1_99' title="bbox 1884 3832 3532 3913; baseline 0.007 -26"><span class='ocrx_word' id='word_1_638' title='bbox 1884 3832 2025 3890; x_wconf 90' lang='lat' dir='ltr'><strong>libet</strong></span> <span class='ocrx_word' id='word_1_639' title='bbox 2054 3833 2404 3905; x_wconf 89' lang='lat' dir='ltr'><strong>requiratur.</strong></span> <span class='ocrx_word' id='word_1_640' title='bbox 2438 3836 2801 3906; x_wconf 82' lang='lat' dir='ltr'><strong>Quapropter</strong></span> <span class='ocrx_word' id='word_1_641' title='bbox 2824 3841 3094 3909; x_wconf 68' lang='lat' dir='ltr'><strong>prazsenti</strong></span> <span class='ocrx_word' id='word_1_642' title='bbox 3119 3840 3349 3896; x_wconf 83' lang='lat' dir='ltr'><strong>decreto</strong></span> <span class='ocrx_word' id='word_1_643' title='bbox 3358 3843 3532 3913; x_wconf 88' lang='lat' dir='ltr'><strong>jube-</strong></span> 
     </span>
    </p>
   </div>
   <div class='ocr_carea' id='block_1_100' title="bbox 1884 3922 3530 4002">
    <p class='ocr_par' dir='ltr' id='par_1_100' title="bbox 1884 3922 3530 4002">
     <span class='ocr_line' id='line_1_100' title="bbox 1884 3922 3530 4002; baseline 0.005 -25"><span class='ocrx_word' id='word_1_644' title='bbox 1884 3939 2017 3977; x_wconf 90' lang='lat' dir='ltr'><strong>mus</strong></span> <span class='ocrx_word' id='word_1_645' title='bbox 2049 3927 2113 3977; x_wconf 91' lang='lat' dir='ltr'><strong>ut</strong></span> <span class='ocrx_word' id='word_1_646' title='bbox 2144 3922 2796 3995; x_wconf 89' lang='lat' dir='ltr'><strong>nullusimperatorum,</strong></span> <span class='ocrx_word' id='word_1_647' title='bbox 2828 3925 2913 3980; x_wconf 89' lang='lat' dir='ltr'><strong>vel</strong></span> <span class='ocrx_word' id='word_1_648' title='bbox 2947 3943 3170 3998; x_wconf 89' lang='lat' dir='ltr'><strong>regum,</strong></span> <span class='ocrx_word' id='word_1_649' title='bbox 3205 3933 3305 3983; x_wconf 87' lang='lat' dir='ltr'><strong>aut</strong></span> <span class='ocrx_word' id='word_1_650' title='bbox 3333 3932 3530 4002; x_wconf 87' lang='lat' dir='ltr'><strong>cujus-</strong></span> 
     </span>
    </p>
   </div>
   <div class='ocr_carea' id='block_1_101' title="bbox 1882 4011 3531 4091">
    <p class='ocr_par' dir='ltr' id='par_1_101' title="bbox 1882 4011 3531 4091">
     <span class='ocr_line' id='line_1_101' title="bbox 1882 4011 3531 4091; baseline 0.006 -25"><span class='ocrx_word' id='word_1_651' title='bbox 1882 4028 2111 4083; x_wconf 89' lang='lat' dir='ltr'><strong>cunque</strong></span> <span class='ocrx_word' id='word_1_652' title='bbox 2137 4011 2438 4084; x_wconf 83' lang='lat' dir='ltr'><strong>dignitatis</strong></span> <span class='ocrx_word' id='word_1_653' title='bbox 2459 4012 2540 4067; x_wconf 87' lang='lat' dir='ltr'><strong>vel</strong></span> <span class='ocrx_word' id='word_1_654' title='bbox 2565 4013 2788 4068; x_wconf 89' lang='lat' dir='ltr'><strong>ordinis</strong></span> <span class='ocrx_word' id='word_1_655' title='bbox 2811 4013 2986 4069; x_wconf 86' lang='lat' dir='ltr'><strong>homo</strong></span> <span class='ocrx_word' id='word_1_656' title='bbox 3009 4017 3238 4087; x_wconf 87' lang='lat' dir='ltr'><strong>audeat,</strong></span> <span class='ocrx_word' id='word_1_657' title='bbox 3263 4019 3372 4073; x_wconf 91' lang='lat' dir='ltr'><strong>sub</strong></span> <span class='ocrx_word' id='word_1_658' title='bbox 3391 4037 3531 4091; x_wconf 92' lang='lat' dir='ltr'><strong>quo-</strong></span> 
     </span>
    </p>
   </div>
   <div class='ocr_carea' id='block_1_102' title="bbox 1881 4100 3527 4177">
    <p class='ocr_par' dir='ltr' id='par_1_102' title="bbox 1881 4100 3527 4177">
     <span class='ocr_line' id='line_1_102' title="bbox 1881 4100 3527 4177; baseline 0.006 -23"><span class='ocrx_word' id='word_1_659' title='bbox 1881 4100 2022 4156; x_wconf 88' lang='lat' dir='ltr'><strong>libet</strong></span> <span class='ocrx_word' id='word_1_660' title='bbox 2040 4101 2280 4156; x_wconf 90' lang='lat' dir='ltr'><strong>obtentu</strong></span> <span class='ocrx_word' id='word_1_661' title='bbox 2297 4100 2382 4156; x_wconf 90' lang='lat' dir='ltr'><strong>vel</strong></span> <span class='ocrx_word' id='word_1_662' title='bbox 2409 4101 2734 4164; x_wconf 88' lang='lat' dir='ltr'><strong>occasione,</strong></span> <span class='ocrx_word' id='word_1_663' title='bbox 2757 4103 3060 4173; x_wconf 82' lang='lat' dir='ltr'><strong>praefatum</strong></span> <span class='ocrx_word' id='word_1_664' title='bbox 3084 4107 3527 4177; x_wconf 89' lang='lat' dir='ltr'><strong>monasterium,</strong></span> 
     </span>
    </p>
   </div>
   <div class='ocr_carea' id='block_1_103' title="bbox 1881 4190 3528 4261">
    <p class='ocr_par' dir='ltr' id='par_1_103' title="bbox 1881 4190 3528 4261">
     <span class='ocr_line' id='line_1_103' title="bbox 1881 4190 3528 4261; baseline 0.006 -17"><span class='ocrx_word' id='word_1_665' title='bbox 1881 4190 2033 4260; x_wconf 91' lang='lat' dir='ltr'><strong>quod</strong></span> <span class='ocrx_word' id='word_1_666' title='bbox 2062 4207 2164 4261; x_wconf 91' lang='lat' dir='ltr'><strong>pro</strong></span> <span class='ocrx_word' id='word_1_667' title='bbox 2182 4205 2380 4244; x_wconf 89' lang='lat' dir='ltr'><strong>amore</strong></span> <span class='ocrx_word' id='word_1_668' title='bbox 2397 4190 2701 4245; x_wconf 89' lang='lat' dir='ltr'><strong>beatorum</strong></span> <span class='ocrx_word' id='word_1_669' title='bbox 2715 4191 3112 4261; x_wconf 88' lang='lat' dir='ltr'><strong>apostolorum</strong></span> <span class='ocrx_word' id='word_1_670' title='bbox 3130 4195 3279 4250; x_wconf 86' lang='lat' dir='ltr'><strong>Petri</strong></span> <span class='ocrx_word' id='word_1_671' title='bbox 3295 4199 3528 4254; x_wconf 56' lang='lat' dir='ltr'><strong>et-Pa-uli</strong></span> 
     </span>
    </p>
   </div>
   <div class='ocr_carea' id='block_1_104' title="bbox 1880 4277 3531 4350">
    <p class='ocr_par' dir='ltr' id='par_1_104' title="bbox 1880 4277 3531 4350">
     <span class='ocr_line' id='line_1_104' title="bbox 1880 4277 3531 4350; baseline 0.006 -17"><span class='ocrx_word' id='word_1_672' title='bbox 1880 4295 1946 4334; x_wconf 87' lang='lat' dir='ltr'><strong>ac</strong></span> <span class='ocrx_word' id='word_1_673' title='bbox 1983 4278 2341 4350; x_wconf 86' lang='lat' dir='ltr'><strong>sempiterna</strong></span> <span class='ocrx_word' id='word_1_674' title='bbox 2386 4277 2607 4334; x_wconf 88' lang='lat' dir='ltr'><strong>scilicet</strong></span> <span class='ocrx_word' id='word_1_675' title='bbox 2655 4279 2862 4334; x_wconf 69' lang='lat' dir='ltr'><strong>animae</strong></span> <span class='ocrx_word' id='word_1_676' title='bbox 2897 4299 3015 4335; x_wconf 71' lang='lat' dir='ltr'><strong>suae</strong></span> <span class='ocrx_word' id='word_1_677' title='bbox 3060 4287 3531 4344; x_wconf 85' lang='lat' dir='ltr'><strong>remuneratione</strong></span> 
     </span>
    </p>
   </div>
   <div class='ocr_carea' id='block_1_105' title="bbox 1878 4367 3530 4443">
    <p class='ocr_par' dir='ltr' id='par_1_105' title="bbox 1878 4367 3530 4443">
     <span class='ocr_line' id='line_1_105' title="bbox 1878 4367 3530 4443; baseline 0.007 -22"><span class='ocrx_word' id='word_1_678' title='bbox 1878 4367 2178 4439; x_wconf 68' lang='lat' dir='ltr'><strong>praelibata</strong></span> <span class='ocrx_word' id='word_1_679' title='bbox 2228 4367 2654 4438; x_wconf 85' lang='lat' dir='ltr'><strong>gloriosissima</strong></span> <span class='ocrx_word' id='word_1_680' title='bbox 2695 4368 3034 4440; x_wconf 87' lang='lat' dir='ltr'><strong>imperatrix</strong></span> <span class='ocrx_word' id='word_1_681' title='bbox 3068 4372 3375 4443; x_wconf 77' lang='lat' dir='ltr'><strong>Ilicliarda,</strong></span> <span class='ocrx_word' id='word_1_682' title='bbox 3412 4393 3530 4432; x_wconf 87' lang='lat' dir='ltr'><strong>una</strong></span> 
     </span>
    </p>
   </div>
   <div class='ocr_carea' id='block_1_106' title="bbox 1877 4456 3526 4530">
    <p class='ocr_par' dir='ltr' id='par_1_106' title="bbox 1877 4456 3526 4530">
     <span class='ocr_line' id='line_1_106' title="bbox 1877 4456 3526 4530; baseline 0.006 -18"><span class='ocrx_word' id='word_1_683' title='bbox 1877 4473 2013 4512; x_wconf 91' lang='lat' dir='ltr'><strong>cum</strong></span> <span class='ocrx_word' id='word_1_684' title='bbox 2053 4456 2404 4512; x_wconf 87' lang='lat' dir='ltr'><strong>charissimo</strong></span> <span class='ocrx_word' id='word_1_685' title='bbox 2451 4459 2698 4530; x_wconf 89' lang='lat' dir='ltr'><strong>conjuge</strong></span> <span class='ocrx_word' id='word_1_686' title='bbox 2741 4475 2847 4514; x_wconf 89' lang='lat' dir='ltr'><strong>suo</strong></span> <span class='ocrx_word' id='word_1_687' title='bbox 2897 4458 3099 4516; x_wconf 84' lang='lat' dir='ltr'><strong>Carolo</strong></span> <span class='ocrx_word' id='word_1_688' title='bbox 3149 4463 3526 4522; x_wconf 82' lang='lat' dir='ltr'><strong>serenissima</strong></span> 
     </span>
    </p>
   </div>
   <div class='ocr_carea' id='block_1_107' title="bbox 1876 4546 3526 4625">
    <p class='ocr_par' dir='ltr' id='par_1_107' title="bbox 1876 4546 3526 4625">
     <span class='ocr_line' id='line_1_107' title="bbox 1876 4546 3526 4625; baseline 0.005 -25"><span class='ocrx_word' id='word_1_689' title='bbox 1876 4546 2226 4618; x_wconf 89' lang='lat' dir='ltr'><strong>imperatore</strong></span> <span class='ocrx_word' id='word_1_690' title='bbox 2255 4549 2540 4618; x_wconf 82' lang='lat' dir='ltr'><strong>Augusto,</strong></span> <span class='ocrx_word' id='word_1_691' title='bbox 2573 4550 2629 4600; x_wconf 90' lang='lat' dir='ltr'><strong>et</strong></span> <span class='ocrx_word' id='word_1_692' title='bbox 2659 4547 2815 4617; x_wconf 91' lang='lat' dir='ltr'><strong>quod</strong></span> <span class='ocrx_word' id='word_1_693' title='bbox 2846 4547 3014 4602; x_wconf 85' lang='lat' dir='ltr'><strong>beato</strong></span> <span class='ocrx_word' id='word_1_694' title='bbox 3061 4554 3229 4605; x_wconf 75' lang='lat' dir='ltr'><strong>Petro</strong></span> <span class='ocrx_word' id='word_1_695' title='bbox 3278 4551 3526 4625; x_wconf 88' lang='lat' dir='ltr'><strong>principi</strong></span> 
     </span>
    </p>
   </div>
   <div class='ocr_carea' id='block_1_108' title="bbox 1795 4634 3522 4720">
    <p class='ocr_par' dir='ltr' id='par_1_108' title="bbox 1795 4634 3522 4720">
     <span class='ocr_line' id='line_1_108' title="bbox 1795 4634 3522 4720; baseline 0.005 -31"><span class='ocrx_word' id='word_1_696' title='bbox 1795 4656 1843 4720; x_wconf 78' lang='grc' dir='ltr'><strong>Ι)</strong></span> <span class='ocrx_word' id='word_1_697' title='bbox 1876 4635 2272 4707; x_wconf 82' lang='lat' dir='ltr'><strong>apostolorum</strong></span> <span class='ocrx_word' id='word_1_698' title='bbox 2323 4651 2423 4707; x_wconf 90' lang='lat' dir='ltr'><strong>per</strong></span> <span class='ocrx_word' id='word_1_699' title='bbox 2470 4634 2802 4690; x_wconf 84' lang='lat' dir='ltr'><strong>donationis</strong></span> <span class='ocrx_word' id='word_1_700' title='bbox 2842 4636 3129 4708; x_wconf 86' lang='lat' dir='ltr'><strong>paginam</strong></span> <span class='ocrx_word' id='word_1_701' title='bbox 3164 4638 3522 4713; x_wconf 89' lang='lat' dir='ltr'><strong>obtulerunt,</strong></span> 
     </span>
    </p>
   </div>
   <div class='ocr_carea' id='block_1_109' title="bbox 1872 4723 3527 4803">
    <p class='ocr_par' dir='ltr' id='par_1_109' title="bbox 1872 4723 3527 4803">
     <span class='ocr_line' id='line_1_109' title="bbox 1872 4723 3527 4803; baseline 0.006 -25"><span class='ocrx_word' id='word_1_702' title='bbox 1872 4723 2203 4796; x_wconf 86' lang='lat' dir='ltr'><strong>inquietare</strong></span> <span class='ocrx_word' id='word_1_703' title='bbox 2250 4723 2337 4779; x_wconf 92' lang='lat' dir='ltr'><strong>vel</strong></span> <span class='ocrx_word' id='word_1_704' title='bbox 2388 4723 2760 4796; x_wconf 87' lang='lat' dir='ltr'><strong>aliquatenus</strong></span> <span class='ocrx_word' id='word_1_705' title='bbox 2813 4725 3144 4797; x_wconf 88' lang='lat' dir='ltr'><strong>molestare,</strong></span> <span class='ocrx_word' id='word_1_706' title='bbox 3195 4732 3299 4783; x_wconf 85' lang='lat' dir='ltr'><strong>aut</strong></span> <span class='ocrx_word' id='word_1_707' title='bbox 3325 4731 3396 4785; x_wconf 88' lang='lat' dir='ltr'><strong>ad</strong></span> <span class='ocrx_word' id='word_1_708' title='bbox 3423 4732 3527 4803; x_wconf 89' lang='lat' dir='ltr'><strong>jus</strong></span> 
     </span>
    </p>
   </div>
   <div class='ocr_carea' id='block_1_110' title="bbox 1875 4812 3526 4888">
    <p class='ocr_par' dir='ltr' id='par_1_110' title="bbox 1875 4812 3526 4888">
     <span class='ocr_line' id='line_1_110' title="bbox 1875 4812 3526 4888; baseline 0.005 -20"><span class='ocrx_word' id='word_1_709' title='bbox 1875 4829 2050 4868; x_wconf 89' lang='lat' dir='ltr'><strong>suum</strong></span> <span class='ocrx_word' id='word_1_710' title='bbox 2082 4812 2170 4868; x_wconf 91' lang='lat' dir='ltr'><strong>vel</strong></span> <span class='ocrx_word' id='word_1_711' title='bbox 2193 4812 2448 4868; x_wconf 86' lang='lat' dir='ltr'><strong>alienum</strong></span> <span class='ocrx_word' id='word_1_712' title='bbox 2472 4814 2807 4881; x_wconf 84' lang='lat' dir='ltr'><strong>transferre,</strong></span> <span class='ocrx_word' id='word_1_713' title='bbox 2831 4815 2932 4870; x_wconf 89' lang='lat' dir='ltr'><strong>sed</strong></span> <span class='ocrx_word' id='word_1_714' title='bbox 2967 4832 3155 4888; x_wconf 90' lang='lat' dir='ltr'><strong>neque</strong></span> <span class='ocrx_word' id='word_1_715' title='bbox 3184 4817 3244 4872; x_wconf 90' lang='lat' dir='ltr'><strong>in</strong></span> <span class='ocrx_word' id='word_1_716' title='bbox 3275 4817 3526 4876; x_wconf 88' lang='lat' dir='ltr'><strong>homini-</strong></span> 
     </span>
    </p>
   </div>
   <div class='ocr_carea' id='block_1_111' title="bbox 1874 4901 3528 4975">
    <p class='ocr_par' dir='ltr' id='par_1_111' title="bbox 1874 4901 3528 4975">
     <span class='ocr_line' id='line_1_111' title="bbox 1874 4901 3528 4975; baseline 0.007 -19"><span class='ocrx_word' id='word_1_717' title='bbox 1874 4902 1985 4957; x_wconf 91' lang='lat' dir='ltr'><strong>bus</strong></span> <span class='ocrx_word' id='word_1_718' title='bbox 2025 4918 2090 4957; x_wconf 88' lang='lat' dir='ltr'><strong>ac</strong></span> <span class='ocrx_word' id='word_1_719' title='bbox 2124 4901 2501 4957; x_wconf 84' lang='lat' dir='ltr'><strong>facultatibus</strong></span> <span class='ocrx_word' id='word_1_720' title='bbox 2534 4903 2661 4973; x_wconf 90' lang='lat' dir='ltr'><strong>ejus</strong></span> <span class='ocrx_word' id='word_1_721' title='bbox 2694 4903 2892 4975; x_wconf 87' lang='lat' dir='ltr'><strong>aliqua</strong></span> <span class='ocrx_word' id='word_1_722' title='bbox 2924 4907 3386 4965; x_wconf 87' lang='lat' dir='ltr'><strong>contradictione</strong></span> <span class='ocrx_word' id='word_1_723' title='bbox 3425 4916 3528 4966; x_wconf 88' lang='lat' dir='ltr'><strong>aut</strong></span> 
     </span>
    </p>
   </div>
   <div class='ocr_carea' id='block_1_112' title="bbox 1874 4990 3524 5066">
    <p class='ocr_par' dir='ltr' id='par_1_112' title="bbox 1874 4990 3524 5066">
     <span class='ocr_line' id='line_1_112' title="bbox 1874 4990 3524 5066; baseline 0.007 -22"><span class='ocrx_word' id='word_1_724' title='bbox 1874 4990 2172 5046; x_wconf 88' lang='lat' dir='ltr'><strong>invasione</strong></span> <span class='ocrx_word' id='word_1_725' title='bbox 2203 5008 2440 5062; x_wconf 91' lang='lat' dir='ltr'><strong>quoquo</strong></span> <span class='ocrx_word' id='word_1_726' title='bbox 2462 4996 2725 5064; x_wconf 88' lang='lat' dir='ltr'><strong>tempore</strong></span> <span class='ocrx_word' id='word_1_727' title='bbox 2751 4994 2937 5049; x_wconf 85' lang='lat' dir='ltr'><strong>facere</strong></span> <span class='ocrx_word' id='word_1_728' title='bbox 2955 5001 3298 5066; x_wconf 75' lang='lat' dir='ltr'><strong>praesumat,</strong></span> <span class='ocrx_word' id='word_1_729' title='bbox 3323 5000 3423 5055; x_wconf 90' lang='lat' dir='ltr'><strong>sed</strong></span> <span class='ocrx_word' id='word_1_730' title='bbox 3455 4999 3524 5056; x_wconf 92' lang='lat' dir='ltr'><strong>li-</strong></span> 
     </span>
    </p>
   </div>
   <div class='ocr_carea' id='block_1_113' title="bbox 1873 5079 3534 5160">
    <p class='ocr_par' dir='ltr' id='par_1_113' title="bbox 1873 5079 3534 5160">
     <span class='ocr_line' id='line_1_113' title="bbox 1873 5079 3534 5160; baseline 0.005 -26"><span class='ocrx_word' id='word_1_731' title='bbox 1873 5081 2135 5151; x_wconf 85' lang='lat' dir='ltr'><strong>ceatjam</strong></span> <span class='ocrx_word' id='word_1_732' title='bbox 2158 5079 2330 5134; x_wconf 90' lang='lat' dir='ltr'><strong>dictis</strong></span> <span class='ocrx_word' id='word_1_733' title='bbox 2355 5080 2581 5135; x_wconf 87' lang='lat' dir='ltr'><strong>ancillis</strong></span> <span class='ocrx_word' id='word_1_734' title='bbox 2608 5081 2702 5136; x_wconf 90' lang='lat' dir='ltr'><strong>Dei</strong></span> <span class='ocrx_word' id='word_1_735' title='bbox 2727 5099 2859 5136; x_wconf 91' lang='lat' dir='ltr'><strong>cum</strong></span> <span class='ocrx_word' id='word_1_736' title='bbox 2887 5083 3186 5141; x_wconf 88' lang='lat' dir='ltr'><strong>abbatissa</strong></span> <span class='ocrx_word' id='word_1_737' title='bbox 3207 5087 3443 5160; x_wconf 85' lang='lat' dir='ltr'><strong>propria</strong></span> <span class='ocrx_word' id='word_1_738' title='bbox 3465 5089 3534 5143; x_wconf 92' lang='lat' dir='ltr'><strong>in-</strong></span> 
     </span>
    </p>
   </div>
   <div class='ocr_carea' id='block_1_114' title="bbox 1873 5168 3524 5248">
    <p class='ocr_par' dir='ltr' id='par_1_114' title="bbox 1873 5168 3524 5248">
     <span class='ocr_line' id='line_1_114' title="bbox 1873 5168 3524 5248; baseline 0.005 -25"><span class='ocrx_word' id='word_1_739' title='bbox 1873 5169 1972 5223; x_wconf 90' lang='lat' dir='ltr'><strong>Dei</strong></span> <span class='ocrx_word' id='word_1_740' title='bbox 2004 5168 2423 5241; x_wconf 86' lang='lat' dir='ltr'><strong>omnipotentis</strong></span> <span class='ocrx_word' id='word_1_741' title='bbox 2456 5169 2688 5225; x_wconf 83' lang='lat' dir='ltr'><strong>servitio</strong></span> <span class='ocrx_word' id='word_1_742' title='bbox 2720 5172 2929 5248; x_wconf 41' lang='lat' dir='ltr'><strong>quiete.</strong></span> <span class='ocrx_word' id='word_1_743' title='bbox 2951 5174 3142 5230; x_wconf 91' lang='lat' dir='ltr'><strong>vivere</strong></span> <span class='ocrx_word' id='word_1_744' title='bbox 3173 5192 3238 5231; x_wconf 90' lang='lat' dir='ltr'><strong>ac</strong></span> <span class='ocrx_word' id='word_1_745' title='bbox 3280 5177 3389 5231; x_wconf 89' lang='lat' dir='ltr'><strong>sub</strong></span> <span class='ocrx_word' id='word_1_746' title='bbox 3421 5177 3524 5232; x_wconf 88' lang='lat' dir='ltr'><strong>dc-</strong></span> 
     </span>
    </p>
   </div>
   <div class='ocr_carea' id='block_1_115' title="bbox 1872 5258 3524 5332">
    <p class='ocr_par' dir='ltr' id='par_1_115' title="bbox 1872 5258 3524 5332">
     <span class='ocr_line' id='line_1_115' title="bbox 1872 5258 3524 5332; baseline 0.004 -20"><span class='ocrx_word' id='word_1_747' title='bbox 1872 5258 2132 5313; x_wconf 86' lang='lat' dir='ltr'><strong>fensione</strong></span> <span class='ocrx_word' id='word_1_748' title='bbox 2165 5262 2376 5313; x_wconf 69' lang='lat' dir='ltr'><strong>sanctae</strong></span> <span class='ocrx_word' id='word_1_749' title='bbox 2410 5258 2741 5330; x_wconf 68' lang='lat' dir='ltr'><strong>apostolicae</strong></span> <span class='ocrx_word' id='word_1_750' title='bbox 2767 5261 3054 5332; x_wconf 68' lang='lat' dir='ltr'><strong>Ecclesiae,</strong></span> <span class='ocrx_word' id='word_1_751' title='bbox 3080 5265 3171 5319; x_wconf 92' lang='lat' dir='ltr'><strong>cui</strong></span> <span class='ocrx_word' id='word_1_752' title='bbox 3199 5270 3308 5319; x_wconf 90' lang='lat' dir='ltr'><strong>Deo</strong></span> <span class='ocrx_word' id='word_1_753' title='bbox 3330 5269 3524 5318; x_wconf 88' lang='lat' dir='ltr'><strong>aucto-</strong></span> 
     </span>
    </p>
   </div>
   <div class='ocr_carea' id='block_1_116' title="bbox 1870 5346 3514 5424">
    <p class='ocr_par' dir='ltr' id='par_1_116' title="bbox 1870 5346 3514 5424">
     <span class='ocr_line' id='line_1_116' title="bbox 1870 5346 3514 5424; baseline 0.002 -24"><span class='ocrx_word' id='word_1_754' title='bbox 1870 5363 1930 5400; x_wconf 90' lang='lat' dir='ltr'><strong>re</strong></span> <span class='ocrx_word' id='word_1_755' title='bbox 1979 5346 2362 5415; x_wconf 90' lang='lat' dir='ltr'><strong>deservimus,</strong></span> <span class='ocrx_word' id='word_1_756' title='bbox 2399 5347 2608 5420; x_wconf 87' lang='lat' dir='ltr'><strong>degere</strong></span> <span class='ocrx_word' id='word_1_757' title='bbox 2639 5349 3037 5423; x_wconf 85' lang='lat' dir='ltr'><strong>securiterque</strong></span> <span class='ocrx_word' id='word_1_758' title='bbox 3068 5367 3423 5424; x_wconf 86' lang='lat' dir='ltr'><strong>permanere.</strong></span> <span class='ocrx_word' id='word_1_759' title='bbox 3457 5351 3514 5404; x_wconf 90' lang='lat' dir='ltr'><strong>Si</strong></span> 
     </span>
    </p>
   </div>
   <div class='ocr_carea' id='block_1_117' title="bbox 1869 5436 3516 5508">
    <p class='ocr_par' dir='ltr' id='par_1_117' title="bbox 1869 5436 3516 5508">
     <span class='ocr_line' id='line_1_117' title="bbox 1869 5436 3516 5508; baseline 0.001 -18"><span class='ocrx_word' id='word_1_760' title='bbox 1869 5441 2065 5491; x_wconf 87' lang='lat' dir='ltr'><strong>autem</strong></span> <span class='ocrx_word' id='word_1_761' title='bbox 2097 5437 2252 5508; x_wconf 91' lang='lat' dir='ltr'><strong>quod</strong></span> <span class='ocrx_word' id='word_1_762' title='bbox 2293 5436 2469 5491; x_wconf 86' lang='lat' dir='ltr'><strong>absit!</strong></span> <span class='ocrx_word' id='word_1_763' title='bbox 2513 5443 2572 5492; x_wconf 91' lang='lat' dir='ltr'><strong>et</strong></span> <span class='ocrx_word' id='word_1_764' title='bbox 2621 5439 2742 5494; x_wconf 89' lang='lat' dir='ltr'><strong>ﬁeri</strong></span> <span class='ocrx_word' id='word_1_765' title='bbox 2785 5458 2896 5494; x_wconf 90' lang='lat' dir='ltr'><strong>non</strong></span> <span class='ocrx_word' id='word_1_766' title='bbox 2945 5441 3255 5504; x_wconf 88' lang='lat' dir='ltr'><strong>credimus,</strong></span> <span class='ocrx_word' id='word_1_767' title='bbox 3303 5437 3516 5508; x_wconf 88' lang='lat' dir='ltr'><strong>aliquis</strong></span> 
     </span>
    </p>
   </div>
   <div class='ocr_carea' id='block_1_118' title="bbox 1869 5523 3508 5598">
    <p class='ocr_par' dir='ltr' id='par_1_118' title="bbox 1869 5523 3508 5598">
     <span class='ocr_line' id='line_1_118' title="bbox 1869 5523 3508 5598; baseline -0.001 -21"><span class='ocrx_word' id='word_1_768' title='bbox 1869 5528 2070 5578; x_wconf 88' lang='lat' dir='ltr'><strong>contra</strong></span> <span class='ocrx_word' id='word_1_769' title='bbox 2087 5524 2196 5579; x_wconf 89' lang='lat' dir='ltr'><strong>hoc</strong></span> <span class='ocrx_word' id='word_1_770' title='bbox 2220 5529 2484 5580; x_wconf 87' lang='lat' dir='ltr'><strong>nostrum</strong></span> <span class='ocrx_word' id='word_1_771' title='bbox 2507 5526 2891 5596; x_wconf 86' lang='lat' dir='ltr'><strong>apostolicum</strong></span> <span class='ocrx_word' id='word_1_772' title='bbox 2908 5526 3270 5598; x_wconf 87' lang='lat' dir='ltr'><strong>privilegium</strong></span> <span class='ocrx_word' id='word_1_773' title='bbox 3295 5523 3508 5591; x_wconf 88' lang='lat' dir='ltr'><strong>venire,</strong></span> 
     </span>
    </p>
   </div>
   <div class='ocr_carea' id='block_1_119' title="bbox 1868 5609 3507 5682">
    <p class='ocr_par' dir='ltr' id='par_1_119' title="bbox 1868 5609 3507 5682">
     <span class='ocr_line' id='line_1_119' title="bbox 1868 5609 3507 5682; baseline -0.001 -16"><span class='ocrx_word' id='word_1_774' title='bbox 1868 5613 2077 5681; x_wconf 85' lang='lat' dir='ltr'><strong>facere,</strong></span> <span class='ocrx_word' id='word_1_775' title='bbox 2108 5613 2198 5668; x_wconf 93' lang='lat' dir='ltr'><strong>vel</strong></span> <span class='ocrx_word' id='word_1_776' title='bbox 2233 5631 2378 5670; x_wconf 89' lang='lat' dir='ltr'><strong>ausu</strong></span> <span class='ocrx_word' id='word_1_777' title='bbox 2405 5616 2711 5670; x_wconf 77' lang='lat' dir='ltr'><strong>temerario</strong></span> <span class='ocrx_word' id='word_1_778' title='bbox 2735 5615 3057 5682; x_wconf 86' lang='lat' dir='ltr'><strong>tentaverit,</strong></span> <span class='ocrx_word' id='word_1_779' title='bbox 3083 5609 3338 5682; x_wconf 89' lang='lat' dir='ltr'><strong>perpetui</strong></span> <span class='ocrx_word' id='word_1_780' title='bbox 3371 5627 3507 5664; x_wconf 81' lang='lat' dir='ltr'><strong>ana-</strong></span> 
     </span>
    </p>
   </div>
   <div class='ocr_carea' id='block_1_120' title="bbox 1866 5695 3511 5773">
    <p class='ocr_par' dir='ltr' id='par_1_120' title="bbox 1866 5695 3511 5773">
     <span class='ocr_line' id='line_1_120' title="bbox 1866 5695 3511 5773; baseline -0.001 -19"><span class='ocrx_word' id='word_1_781' title='bbox 1866 5700 2144 5758; x_wconf 87' lang='lat' dir='ltr'><strong>thematis</strong></span> <span class='ocrx_word' id='word_1_782' title='bbox 2177 5702 2409 5758; x_wconf 89' lang='lat' dir='ltr'><strong>vinculo</strong></span> <span class='ocrx_word' id='word_1_783' title='bbox 2429 5704 2760 5769; x_wconf 86' lang='lat' dir='ltr'><strong>innodatus,</strong></span> <span class='ocrx_word' id='word_1_784' title='bbox 2778 5719 2844 5758; x_wconf 89' lang='lat' dir='ltr'><strong>ac</strong></span> <span class='ocrx_word' id='word_1_785' title='bbox 2857 5703 3132 5773; x_wconf 88' lang='lat' dir='ltr'><strong>perpetua</strong></span> <span class='ocrx_word' id='word_1_786' title='bbox 3146 5695 3364 5750; x_wconf 89' lang='lat' dir='ltr'><strong>ultione</strong></span> <span class='ocrx_word' id='word_1_787' title='bbox 3376 5712 3511 5752; x_wconf 89' lang='lat' dir='ltr'><strong>cum</strong></span> 
     </span>
    </p>
   </div>
  </div>
