3952 6354
417 404 535 472 635

1481 410 1544 478 S.
1589 411 1872 478 LEONIS
1914 413 1996 478 1X
2039 414 2266 480 ΡΛΡιΕ
2305 415 2740 488 OPUSGULA.

3727 423 3834 492 636

417 535 1010 630 Judatraditore,nisi
1025 543 1350 618 resipuerit,
1370 547 2053 606 maneatcondemnatus.
2084 548 2138 617 Α
2168 555 2378 608 nostrae
2399 551 2708 624 parentelse
2730 555 3052 621 recurrant,
3073 550 3350 628 indeque
3374 552 3497 612 sibi
3525 570 3835 630 quemcun-

417 629 527 694 Qui
555 635 750 687 autem
780 649 952 688 verus
982 639 1178 690 custos
1208 652 1272 690 ac
1293 635 1626 691 observator
1650 636 2057 705 exstiterit,be-

419 719 768 776 nedictionis
790 721 1036 792 gratiam
1055 740 1121 778 ac
1135 723 1467 779 misericord
1478 725 1592 778 iam
1619 741 1652 778 a
1675 724 1922 779 Domino
1949 730 2056 781 Deo

419 812 618 865 nostro
649 811 923 883 consequi
955 817 1262 868 mereatur.

1149 938 1312 993 XXX.

419 1021 473 1077 S.
507 1023 717 1100 I.eo__IX
739 1025 1130 1096 parlhmmzem
1174 1027 1227 1083 S.
1283 1028 1495 1100 Crucisi
1521 1027 2056 1100 li’offcnheimensem

489 1095 555 1148 ab
594 1095 830 1165 "agone,
870 1113 967 1151 suo
1004 1101 1182 1163 patre,
1234 1095 1635 1167 "clivum/iique
1666 1107 1839 1153 matre
1866 1099 2054 1154 condi-

486 1169 622 1232 tum,
654 1167 770 1222 sedi
797 1169 1100 1238 apostolica:
1119 1171 1336 1235 subiicit
1364 1171 1776 1240 privilt'gz'z'sque
1801 1177 1980 1224 ornat.

1026 1265 1217 1334 (Anno
1253 1266 1430 1337 1409.)

487 1350 652 1422 [Dom
686 1351 926 1419 Calmet,
959 1355 1196 1409 Histoire
1223 1354 1288 1409 de
1330 1357 1611 1420 Lorrm'ne,
1647 1356 1688 1426 l,
1747 1357 1976 1410 Prmvcs

1082 1441 1214 1496 pag.
1249 1427 1394 1493 425.]

489 1529 604 1582 Lex
635 1528 966 1600 episcopus,
992 1547 1194 1586 servus
1223 1548 1520 1588 servorum
1550 1532 1668 1588 Dei.

487 1615 532 1672 Ο
563 1621 762 1673 sancta
783 1621 841 1671 et
861 1618 1222 1673 admirabilis
1253 1637 1410 1684 crux,
1433 1625 1460 1684 1
1485 1620 1542 1675 in
1567 1637 1681 1692 qua
1705 1621 1878 1679 Jesus
1899 1624 2056 1680 Chri-

415 1708 544 1761 stus
564 1705 848 1761 Dominus
865 1711 1064 1761 noster
1078 1707 1350 1778 pependit
1370 1708 1382 1763 l
1411 1708 1677 1764 Devictus
1699 1727 1914 1776 amore,
1937 1713 2052 1770 imo

416 1794 764 1850 constrictus
789 1795 1002 1858 debito,
1028 1795 1329 1852 ecclesiam
1349 1798 1531 1869 patris
1556 1799 1665 1853 mei
1689 1799 1969 1869 Hugonis,
1995 1807 2054 1857 et

2166 656 2280 712 que
2309 643 2787 716 propinquiorem
2806 641 2987 700 velint
3003 643 3074 699 ad
3085 647 3374 700 vocatum
3402 645 3760 720 suscipiant,
3778 653 3836 703 ut

2167 747 2396 802 semper
2437 730 2567 804 ipsa
2613 731 2914 788 advocatia
2959 737 3195 788 maneat
3240 733 3312 789 in
3350 738 3568 791 nostro
3617 751 3831 808 genere.

2165 823 2448 876 Praeterea
2479 821 2598 876 sive
2617 821 2728 877 sub
2756 821 2866 876 hoc
2890 821 3137 877 Henrico
3157 827 3393 894 nepote
3418 839 3582 889 meo,
3616 823 3701 879 vel
3731 827 3829 880 sub

2165 907 2425 980 quolibet
2469 909 2879 964 advocatorum
2912 909 3279 973 futurorum,
3327 911 3545 982 ipsum
3580 913 3642 968 in
3673 913 3834 969 rebus

2163 997 2420 1068 amplius
2433 997 2673 1053 creverit
2688 997 3132 1068 monasterium,
3147 999 3517 1072 quicunque
3529 1001 3832 1058 advocatus

2163 1085 2354 1154 fuerit,
2406 1091 2640 1158 excepto
2681 1084 3057 1142 villicationis
3113 1085 3288 1144 lucro
3321 1088 3486 1142 villae
3531 1089 3832 1161 praedictae,

2161 1191 2278 1230 non
2309 1173 2442 1247 plus
2471 1173 2846 1230 emolumenti
2877 1191 2947 1230 ex
2980 1175 3110 1246 ipso
3137 1175 3531 1232 incremento
3563 1177 3676 1232 sibi
3705 1193 3829 1232 ven~

2162 1261 2357 1317 dicare
2385 1263 2596 1318 audeat
2621 1278 2797 1334 quam
2819 1263 3233 1319 duodecimam
3270 1269 3518 1336 partem
3542 1282 3558 1330 ;
3581 1265 3666 1320 ita
3685 1270 3764 1332 ut,
3785 1266 3831 1320 si

2163 1351 2360 1406 minus
2391 1367 2568 1422 quam
2599 1350 2907 1406 duodecim
2937 1351 3129 1406 mansi
3153 1351 3308 1420 sint,
3343 1358 3476 1408 tam
3510 1353 3615 1409 diu
3663 1354 3828 1409 susti-

2162 1444 2296 1495 neat
2333 1440 2648 1495 advocatus
2693 1440 2874 1494 donec
2921 1438 3246 1511 impleatur
3279 1457 3590 1498 numerus
3619 1443 3828 1498 duode-

2161 1527 2373 1592 cimus,
2404 1531 2461 1583 et
2478 1531 2618 1582 tunc
2642 1527 2818 1582 talem
2852 1543 3126 1584 mansum
3159 1529 3434 1600 accipiat
3462 1530 3704 1602 qualem
3734 1531 3825 1585 ab-

2163 1616 2389 1672 batissa
2435 1616 2486 1672 ei
2527 1615 2773 1685 dederit,
2817 1615 2938 1672 sive
2985 1616 3044 1671 in
3094 1616 3230 1689 ipso
3265 1617 3406 1674 loco
3439 1619 3569 1674 sive
3605 1619 3665 1674 in
3694 1619 3821 1685 alio,

2159 1704 2422 1775 ejusdem
2470 1703 2762 1760 utilitatis.
2801 1708 2924 1760 Hoc
2971 1704 3150 1761 etiam
3201 1705 3290 1762 sit
3337 1724 3352 1762 :
3391 1707 3445 1762 si
3478 1705 3619 1780 plus
3657 1723 3821 1780 quam

2159 1794 2466 1850 duodecim
2489 1792 2704 1848 fuerint
2725 1793 2784 1847 in
2809 1792 2882 1850 iis
2903 1809 3032 1865 quae
3059 1800 3400 1866 supersunt
3422 1797 3499 1852 ad
3522 1795 3820 1852 duodecim

415 1881 622 1938 matris
691 1899 830 1937 mea;
891 1882 1260 1955 llfilwilgdis,
1317 1886 1739 1957 amborumque
1805 1887 2049 1945 fratrum
2082 1913 2128 1979 Β
2159 1897 2404 1979 quinque
2449 1897 2550 1979 res.
2578 1881 2716 1947 sint,
2763 1880 2884 1979 sive
2929 1881 2989 1936 in
3036 1881 3216 1979 villis,
3270 1883 3402 1939 sive
3451 1884 3734 1979 iri-terris
3764 1900 3822 1939 ac

415 1985 679 2025 meorum
699 1969 935 2025 Gerardi
972 1974 1029 2026 et
1048 1971 1310 2043 Hugonis
1329 1972 1729 2043 videlicetjam
1753 1975 2048 2031 defuncto-

413 2073 566 2124 rum,
615 2057 848 2129 meique
877 2074 1104 2114 memor
1133 2061 1323 2116 adhuc
1351 2060 1616 2128 viventis,
1650 2067 1708 2118 et
1735 2063 2052 2135 apostolica

412 2145 570 2211 sede,
603 2145 1188 2219 licetindignissime,
1212 2153 1406 2204 tamen
1434 2150 1710 2214 sedentis,
1737 2152 1810 2206 ab
1828 2152 2050 2208 eisdem

411 2234 560 2290 meis
583 2235 922 2306 parentibus
938 2237 1260 2300 fundatam,
1285 2243 1342 2294 et
1357 2255 1464 2294 suo
1485 2240 1678 2296 studio
1700 2241 2051 2311 dedicatam,

412 2321 812 2394 mihiquejure
825 2323 1188 2380 hereditario
1201 2325 1833 2398 delegatam,pra3ditus
1850 2329 2053 2398 legalis

413 2411 804 2467 successionis
825 2412 979 2482 jure,
1003 2417 1212 2467 nostrae
1243 2413 1570 2484 apostolicae
1601 2415 1722 2470 sedi
1757 2418 2052 2474 substituo

412 2501 472 2555 et
490 2499 958 2555 substituendam
982 2501 1312 2571 perenniter
1325 2502 1394 2557 ad
1411 2503 1833 2560 defendendam
1853 2511 2055 2563 contra

413 2603 618 2642 omnes
650 2586 918 2643 homines
939 2587 988 2644 ei
1021 2589 1430 2646 adversaturos
1453 2591 1540 2646 vel
1563 2593 1857 2649 adversari
1889 2611 2054 2650 cona-

413 2677 596 2744 turos,
621 2680 684 2731 ut
713 2675 933 2731 scilicet
962 2675 1123 2732 nulla
1157 2677 1555 2748 quorumlibet
1584 2679 1890 2737 hominum
1921 2698 2051 2754 per-

411 2779 558 2819 sona
587 2764 906 2836 quidquam
937 2765 1024 2820 vel
1058 2767 1388 2821 exercendas
1420 2769 1729 2838 potestatis
1760 2770 1816 2824 in
1849 2771 2049 2826 eodem

410 2850 536 2908 loco
578 2853 749 2924 eique
797 2854 1263 2924 appendentihus
1311 2854 1454 2910 locis
1502 2856 1611 2911 sibi
1647 2863 1914 2929 usurpet,
1947 2860 2048 2914 sed

411 2940 606 3012 quiete
634 2945 690 2995 et
709 2941 890 2996 libere
911 2946 1028 2996 tam
1060 2943 1132 2997 ab
1154 2943 1312 2997 omni
1331 2945 1468 3013 jure
1495 2944 1753 3000 humano
1778 2963 1954 3017 quam
1978 2949 2048 3002 ab

412 3028 570 3084 omni
594 3027 962 3084 infestatione
983 3047 1214 3102 semper
1229 3035 1458 3086 maneat
1486 3049 1604 3086 sua:
1625 3033 1860 3103 integra:
1883 3035 2050 3090 liber-

411 3116 516 3172 tati
546 3117 820 3180 donatus.
852 3117 1113 3190 nullique
1143 3119 1253 3175 nisi
1289 3124 1500 3175 nostris
1553 3121 1879 3191 apostolica:
1924 3125 2048 3179 sedi

413 3205 736 3293 subjectus.
768 3207 826 3261 Si
856 3209 1050 3262 autem
1069 3206 1397 3279 episcOpus,
1421 3207 1476 3262 in
1498 3209 1667 3280 cujus
1688 3210 1918 3266 direcesi
1937 3215 2044 3278 est,

410 3281 876 3350 conss-orationes
900 3294 1169 3350 altarium
1189 3312 1290 3350 seu
1322 3297 1834 3353 sanctimonalium
1866 3300 2046 3372 gratis
2078 3271 2121 3338 Ο

409 3381 597 3438 facere
639 3381 905 3445 voluerit.
942 3383 1152 3444 faciat;
1186 3383 1442 3456 alioquin
1485 3402 1518 3440 a
1549 3402 1900 3459 quocunque
1927 3387 2048 3460 epi-

407 3487 582 3544 scopo
610 3470 747 3528 velit
777 3471 1092 3542 abbatissa,
1125 3473 1422 3536 ecclesias,
1466 3478 1524 3529 et
1572 3475 2048 3532 sanctimoniales

408 3573 551 3616 suas
578 3560 838 3616 benedici
872 3561 1062 3628 faciat,
1088 3579 1154 3616 eo
1176 3567 1370 3618 tamen
1397 3563 1606 3618 ftedere
1627 3567 1710 3629 ut,
1735 3581 1840 3619 nec
1870 3565 2048 3637 hujus

405 3644 693 3703 libertatis
723 3663 829 3702 nec
860 3647 1112 3714 alicujus
1135 3648 1378 3705 alterius
1409 3649 1490 3704 rei
1523 3651 1850 3720 occasione,
1879 3651 2050 3708 liceat

409 3732 552 3805 regi,
583 3733 671 3789 vel
719 3733 1076 3806 imperatori,
1129 3735 1421 3808 episcopo,
1466 3737 1554 3792 vel
1591 3738 2047 3811 archiepiscopo,

411 3827 513 3879 aut
531 3820 779 3893 alicujus
809 3823 960 3879 alius
983 3823 1286 3895 dignitatis
1316 3823 1400 3879 vel
1419 3824 1770 3882 conditionis
1795 3825 2049 3896 homini,

409 3911 630 3983 aliquid
675 3911 918 3968 dominii
970 3912 1029 3967 in
1077 3914 1279 3968 eodem
1320 3913 1465 3976 loco,
1512 3914 1688 3986 inque
1721 3915 1892 3971 rebus
1920 3916 2052 3986 ejus

409 4016 689 4064 exercere.
729 4017 832 4056 seu
883 4001 1316 4057 advocationem
1367 4001 1624 4073 aliquam
1672 4002 1911 4068 habere;
1947 4005 2046 4060 sed

407 4088 536 4160 ipsa
565 4088 884 4154 advocatia,
903 4089 1058 4145 sicut
1077 4105 1232 4144 nunc
1254 4105 1382 4144 eam
1407 4089 1676 4146 commisi
1701 4091 1895 4162 nepoti
1920 4108 2048 4148 meo

405 4176 652 4232 Henrico
683 4181 942 4233 castrum
985 4176 1372 4248 Hegensheim
1403 4177 1660 4240 habenti.
1705 4178 1788 4234 ita
1817 4195 2052 4252 semper

408 4264 550 4320 dum
571 4264 775 4320 vixerit
797 4266 852 4320 in
870 4282 936 4320 eo
958 4265 1262 4330 consistat,
1285 4282 1388 4320 nec
1405 4281 1506 4336 pro
1531 4266 1657 4337 ipsa
1679 4267 2052 4324 advocatione

408 4352 545 4426 plus
574 4352 686 4409 nisi
734 4353 888 4425 quod
921 4353 992 4408 de
1031 4351 1381 4408 villicatione
1410 4370 1534 4424 quae
1566 4355 1780 4410 dicitur
1825 4356 2047 4425 Orbeis,

398 4443 564 4514 juste
594 4441 906 4512 suscipiat;
936 4441 1020 4497 ita
1049 4445 1242 4497 tamen
1275 4445 1340 4496 ut
1368 4459 1522 4498 unus
1541 4442 1792 4499 villanus
1822 4461 2053 4516 semper

406 4535 706 4588 remaneat
745 4531 993 4587 idoneus
1023 4547 1154 4586 cum
1189 4531 1469 4586 beneficio
1501 4548 1628 4597 suo,
1663 4531 1764 4604 qui
1795 4524 2052 4602 decimas

2159 1969 2365 2034 vineis,
2382 1968 2616 2024 interim
2637 1972 2927 2040 exspectet
2946 1986 3136 2042 usque
3155 1971 3310 2027 dum
3335 1972 3712 2044 compleatur
3727 1989 3818 2027 nu-
3844 2013 3854 2021 .

2160 2074 2376 2114 merus.
2401 2055 2462 2112 Si
2483 2060 2678 2112 autem
2699 2057 2771 2111 de
2793 2057 3072 2113 omnibus
3088 2060 3453 2116 monasterii
3477 2060 3679 2126 rebus,
3707 2059 3818 2116 sive

2159 2145 2478 2203 mobilibus
2491 2145 2609 2200 sive
2631 2145 3055 2212 immobilibus,
3072 2146 3208 2218 plus
3221 2165 3416 2220 quam
3439 2149 3812 2205 constitutum

2161 2238 2250 2291 est
2278 2233 2388 2290 sibi
2431 2250 2714 2305 usurpare
2734 2234 3199 2307 praesumpserit,
3235 2240 3299 2292 et
3327 2237 3493 2294 infra
3518 2236 3814 2293 duodecim

2159 2321 2558 2378 hebdomadas
2588 2327 2678 2378 est
2705 2321 3064 2390 admonitus,
3093 2327 3203 2380 aut
3243 2326 3530 2382 eamdem
3573 2342 3693 2383 rem
3731 2323 3811 2378 vel

2160 2409 2360 2476 aliam,
2386 2409 2836 2466 existimationis
2864 2411 3130 2481 ejusdem
3163 2413 3287 2485 ipsi
3318 2413 3648 2470 venerabili
3675 2412 3812 2475 loco,

2160 2497 2561 2554 sacratissima
2606 2513 2747 2553 crux
2797 2503 2854 2564 1,
2901 2515 3017 2555 non
3074 2500 3434 2568 reddiderit,
3485 2499 3812 2558 tuncliceat

2159 2586 2470 2642 abbatissae
2493 2589 2753 2642 nostram
2777 2587 2974 2642 sedem
2999 2587 3325 2659 appellare,
3351 2593 3411 2646 et
3431 2591 3592 2662 apud
3618 2589 3812 2644 Roma-

2160 2690 2302 2730 num
2315 2690 2526 2746 papam
2549 2675 2837 2746 deponere
2849 2675 3288 2746 querimoniam
3316 2695 3505 2750 super
3517 2674 3808 2748 injustitiis

2159 2762 2512 2842 monasterio
2543 2779 2650 2819 suo
2679 2763 2752 2819 ab
2782 2763 3059 2820 advocato
3096 2763 3307 2822 illatis.
3360 2767 3530 2832 Quod
3563 2765 3612 2822 si
3643 2763 3807 2819 advo-

2157 2855 2325 2908 catus
2371 2867 2533 2922 papa
2563 2851 2790 2922 judicio
2827 2853 2988 2922 juste
3031 2867 3154 2908 rem
3197 2853 3556 2910 inclinantis
3585 2851 3804 2924 culpam

2158 2939 2488 3003 correxerit,
2519 2938 2822 2996 advocatis
2848 2938 2907 2995 in
2939 2955 3007 2996 eo
3037 2947 3380 3011 remaneat;
3416 2942 3468 2998 si
3502 2957 3639 2998 vero
3668 2939 3807 2994 refu-

2156 3025 2382 3092 taverit,
2408 3026 2594 3097 Iliceat
2631 3026 2942 3083 abbatissa
2980 3029 3234 3102 ejusque
3274 3027 3714 3104 congregationi
3742 3025 3806 3080 de

2158 3119 2358 3170 nostro
2402 3129 2614 3188 genere
2645 3115 3147 3188 propinquiorem,
3183 3119 3292 3191 qui
3325 3120 3526 3192 magis
3568 3118 3800 3172 idoneus

2157 3203 2343 3274 possit
2362 3202 2630 3272 inveniri,
2653 3203 2996 3260 advocatum
3016 3206 3329 3278 acquirere
3351 3206 3541 3264 alium
3573 3203 3702 3261 sibi.
3733 3207 3803 3258 De

2157 3291 2436 3348 electione
2447 3308 2582 3347 vero
2593 3291 2902 3350 abbatissa
2916 3298 3050 3364 post
3059 3301 3318 3352 mortem
3334 3295 3530 3368 ipsius
3544 3295 3800 3349 Kuentw

2157 3395 2334 3452 quam
2367 3395 2468 3450 per
2497 3396 2605 3436 nos
2627 3380 2738 3452 ipsi
2760 3381 3192 3451 benediximus,
3221 3384 3338 3440 ista
3369 3380 3802 3444 constituimus,

2157 3472 2222 3524 ut
2250 3469 2328 3525 sit
2356 3468 2416 3524 in
2451 3469 2714 3541 ipsarum
2744 3486 3011 3526 sororum
3055 3471 3304 3530 arbitrio
3336 3487 3518 3545 quam
3551 3469 3700 3524 inter
3743 3481 3798 3520 se

2157 3556 2388 3630 eligere,
2420 3557 2651 3629 sibique
2675 3557 2998 3614 secundum
3021 3559 3206 3616 Deum
3240 3575 3583 3634 praeponere
3609 3555 3798 3619 velint,

2157 3645 2206 3700 si
2239 3645 2391 3701 inter
2409 3661 2508 3701 eas
2528 3645 2737 3701 idonea
2755 3645 2941 3717 possit
2962 3645 3251 3718 inveniri;
3285 3647 3551 3720 alioquin
3573 3641 3796 3701 aliunde
3828 3643 3836 3652 '

2157 3733 2269 3789 sibi
2297 3737 2570 3806 expetant
2596 3749 3011 3806 quamcunque
3060 3735 3370 3794 meliorem
3418 3734 3676 3792 invenire
3702 3746 3796 3785 va-

2156 3821 2332 3878 leant.
2357 3821 2823 3878 Benedictionem
2839 3839 2974 3878 vero
2998 3823 3314 3882 abbatissae
3330 3830 3391 3882 et
3409 3825 3628 3880 donum
3659 3815 3793 3874 nulli

2157 3908 2257 3966 alii
2288 3909 2400 3965 nisi
2429 3909 2758 3982 apostolica
2789 3915 3000 3967 nostra
3029 3913 3156 3968 sedi
3204 3913 3616 3977 concedimus;
3656 3911 3712 3963 et
3737 3904 3793 3959 in

2158 3997 2593 4055 consecratione
2614 3998 2952 4066 abbatissa,
3001 4000 3052 4055 si
3095 3999 3298 4073 aliqua
3331 3996 3686 4072 negligentia
3727 3992 3794 4046 de

2157 4102 2340 4159 penso
2371 4087 2581 4142 subtus
2609 4087 2912 4144 nominato
2941 4087 3136 4154 fuerit,
3167 4090 3436 4146 districto
3461 4081 3792 4144 determine-

2156 4179 2272 4230 tur.
2335 4175 2444 4230 Pro
2500 4174 2811 4231 donatione
2877 4175 3060 4249 igitur
3133 4177 3429 4235 libertatis
3503 4172 3693 4240 istius,
3763 4181 3794 4220 ο

2159 4279 2300 4318 crux
2333 4268 2362 4329 1
2407 4263 2536 4334 ipso
2577 4261 2696 4319 sole
2741 4263 3000 4333 nitidior,
3051 4266 3404 4338 cunctisque
3444 4261 3650 4320 creatis
3677 4270 3791 4329 pre-

2158 4351 2379 4417 tiosior,
2431 4356 2598 4407 Petro
2645 4351 2906 4424 apostolo
2947 4351 3076 4424 ipso
3125 4359 3229 4410 tuo
3274 4349 3628 4410 monasterio
3665 4359 3790 4401 con-

2159 4455 2322 4496 cesso
2353 4456 2457 4512 pro
2495 4441 2685 4497 salute
2714 4439 2923 4496 animai
2955 4455 3119 4508 meae,
3165 4454 3553 4512 meorumque
3594 4447 3786 4508 paren-

2157 4531 2305 4595 tum,
2354 4527 2573 4583 ibidem
2619 4527 2679 4582 in
2727 4527 2960 4584 Christo
3007 4534 3110 4586 tuo
3155 4531 3403 4587 Domino
3443 4530 3638 4584 nostro
3667 4521 3788 4576 dor-

407 4619 661 4676 ecclesia:
691 4618 839 4675 villas
870 4620 1058 4690 ipsius
1085 4619 1395 4691 ipsamque
1411 4618 1716 4676 ecclesiam
1741 4619 2049 4689 custodiat,
2081 4632 2128 4696 D
2162 4616 2491 4684 mientium,
2549 4631 2731 4688 penso
2786 4617 3091 4674 annuatim
3165 4619 3482 4675 constituto
3544 4616 3785 4696 ιετηροιῄθ

405 4708 518 4780 ipsi
569 4712 672 4764 tuo
719 4707 1035 4764 venerabili
1079 4707 1205 4764 loco
1238 4712 1441 4763 sancta
1469 4724 1535 4763 ac
1568 4708 1789 4764 viviﬁca
1825 4725 1965 4763 crux
1995 4714 2052 4778 1,

405 4795 509 4868 qui
536 4795 726 4852 etiam
757 4796 831 4851 ab
861 4795 1021 4851 omni
1053 4796 1316 4852 advocati
1347 4795 1568 4852 ditione
1606 4797 1684 4854 sit
1723 4796 2052 4864 absolutus,

406 4885 471 4936 ut
504 4897 678 4936 suum
721 4899 924 4938 secure
955 4883 1245 4954 persolvat
1265 4883 1544 4939 officium.
1575 4888 1888 4956 Postquam
1921 4901 2053 4941 vero

410 4967 694 5023 Henricus
710 4985 891 5039 nepos
914 4987 1081 5026 meus
1105 4971 1256 5025 dicm
1275 4971 1550 5027 clauserit
1574 4975 1917 5031 extremum.
1939 4972 2054 5045 ipsi

408 5055 508 5128 qui
525 5056 713 5126 major
723 5061 810 5111 est
825 5061 961 5111 natu
978 5057 1128 5112 inter
1141 5075 1505 5130 possessores
1521 5061 1697 5116 castri
1710 5061 2054 5132 supradicti,

407 5145 456 5200 si
480 5143 677 5216 plures
701 5143 1362 5212 exstiterint,advocatia
1391 5149 1689 5219 debeatur,
1721 5153 1778 5204 et
1805 5153 1945 5204 tunc
1977 5149 2054 5204 sit

407 5233 468 5288 in
499 5231 779 5288 electione
816 5231 1122 5288 abbatissae
1157 5235 1344 5306 ipsius
1383 5236 1465 5288 tui
1503 5235 1606 5290 loci
1648 5253 1797 5305 saepe
1829 5253 2047 5292 memo-

407 5321 590 5377 randa
619 5318 1042 5392 gloriosissima
1061 5338 1202 5377 crux
1236 5328 1290 5390 1,
1321 5327 1550 5394 tuaeque
1581 5325 2050 5394 congregationis

407 5425 580 5480 quem
615 5408 727 5463 sibi
760 5423 959 5467 eorum
982 5406 1287 5465 instituere
1307 5408 1503 5464 velint.
1536 5409 1636 5464 Cui
1661 5425 1775 5465 non
1806 5410 1941 5481 plus
1969 5416 2050 5466 at-

404 5495 587 5550 tineat
607 5512 710 5567 pro
727 5495 1034 5550 advocatus
1057 5496 1341 5559 mercede,
1362 5511 1538 5565 quam
1559 5498 1712 5567 quod
1743 5499 2045 5567 praefatum

405 5585 495 5635 est
536 5586 592 5635 et
628 5583 1012 5636 constitutum
1047 5587 1133 5635 est
1165 5599 1267 5650 pro
1300 5581 1563 5637 Henrico.
1596 5585 1756 5650 Quod
1791 5587 1838 5640 si
1874 5601 2044 5643 nemo

409 5671 703 5734 superstes
732 5667 904 5722 fuerit
933 5666 1135 5736 haeres,
1159 5675 1296 5721 tunc
1329 5683 1442 5724 non
1465 5668 1601 5738 alio,
1635 5672 1735 5726 sed
1767 5673 1835 5728 ad
1859 5689 2046 5744 genus

2161 4709 2373 4760 nostras
2402 4703 2736 4776 apostolicis
2764 4704 2888 4761 sedi
2911 4705 2985 4761 ab
3016 4705 3321 4763 abbatissa
3341 4703 3528 4778 ipsius
3555 4696 3662 4755 loci
3685 4692 3787 4748 sol-

2157 4793 2428 4858 vendam,
2460 4792 2674 4847 Rosam
2703 4791 2975 4848 videlicet
3017 4809 3280 4862 auream,
3325 4807 3504 4866 penso
3547 4787 3782 4842 duarum

2161 4882 2554 4938 Romanarum
2577 4881 2906 4952 unciarum,
2928 4886 3032 4936 aut
3059 4883 3276 4940 factam
3303 4883 3456 4938 sicut
3483 4873 3602 4932 ﬁeri
3628 4866 3780 4927 solet.

2161 4974 2264 5026 aut
2299 4969 2666 5024 tantumdem
2699 4969 2772 5024 ad
2820 4968 3147 5025 faciendam
3177 4975 3438 5042 tempore
3467 4960 3781 5028 ουειάηιεθ-

2162 5059 2346 5124 simae,
2377 5057 2723 5114 mittendam
2764 5061 2966 5114 octavo
2996 5057 3090 5113 die
3119 5063 3438 5130 antequam
3483 5069 3517 5108 a
3545 5044 3702 5105 nobis
3731 5043 3781 5094 et

2161 5145 2602 5204 successoribus
2648 5144 2864 5201 nostris
2905 5150 3184 5202 consuete
3231 5141 3446 5218 portari
3491 5139 3551 5194 in
3589 5131 3782 5206 quarta

2156 5233 2459 5291 Dominica
2483 5234 2860 5308 praecedente,
2891 5232 3157 5290 videlicet
3186 5235 3280 5288 die
3309 5226 3625 5291 Dominica,
3654 5228 3774 5273 cum

2157 5329 2426 5380 cantatur
2453 5323 2774 5390 Introitus;
2809 5322 2966 5380 Oculi
2991 5323 3104 5378 mei
3131 5337 3341 5393 semper
3377 5317 3447 5374 ad

2155 5413 2274 5468 Hoc
2327 5416 2522 5468 autem
2579 5426 2812 5483 semper
2880 5410 3220 5467 memoriale
3274 5403 3557 5465 libertatis
3589 5399 3772 5488 istius

2155 5501 2400 5557 existere
2455 5499 2702 5567 decrevi,
2765 5503 2851 5567 ut,
2929 5499 3067 5570 quia
3121 5515 3190 5555 eo
3244 5502 3500 5566 tempore
3551 5485 3776 5579 γίίξιοτξα

2154 5593 2490 5646 recensetur
2535 5587 2765 5646 Domini
2812 5569 3001 5644 nostri
3047 5586 3188 5643 Jesu
3218 5581 3452 5647 Christi,
3483 5575 3580 5648 qui
3623 5570 3677 5624 in
3723 5569 3770 5617 te

2153 5693 2366 5750 passus
2406 5681 2517 5746 est,
2559 5693 2594 5734 ο
2633 5692 2774 5733 crux
2812 5679 2844 5743 1
2897 5674 3314 5740 sacratissima,
3337 5675 3474 5728 tunc
3509 5653 3768 5720 timenda,
