3952 6342
174 423 289 489 631

1159 420 1559 486 EPISTOLE
1600 420 1701 483 ΕΤ
1743 416 2108 481 DECRETA
2153 417 2633 483 PONTIFICIA.

3475 421 3598 486 638

180 574 333 616 nunc
354 555 690 629 appelenda
718 562 775 615 et
803 555 1069 615 colenda.
1102 557 1209 613 Tui
1242 574 1474 630 quoque
1495 555 1829 614 monasterii
1861 554 1918 619 Α
1946 568 2087 609 nera
2111 576 2130 606 υ
2164 569 2176 609 :
2211 568 2315 609 nos
2350 552 2747 627 aMaguntina
2766 550 2988 627 synodo
3019 552 3242 610 Roman
3280 571 3483 611 versus
3504 574 3593 612 re-

178 648 238 705 in
259 663 383 704 meo
404 646 765 720 patrimonio
788 647 909 715 siti,
931 652 989 705 et
1011 665 1045 703 a
1067 664 1160 704 me
1180 647 1522 704 omnimoda
1542 647 1828 716 libertate,

180 741 244 794 ut
262 735 531 809 superius
552 736 781 792 dictum
803 742 913 804 est,
947 737 1170 806 donati,
1194 737 1390 793 Romae
1434 754 1550 793 non
1571 737 1671 792 ﬁat
1691 736 1831 793 obli-

178 825 290 893 vio,
320 824 419 881 ubi
447 829 627 898 caput
676 825 791 882 sibi
837 826 1096 882 vindicat
1144 826 1337 882 omnis
1388 825 1609 898 religio,
1643 830 1701 882 ct
1735 825 1831 881 ubi

179 914 508 972 immeritus
537 914 725 971 vicem
758 916 987 987 sumpsi
1035 913 1417 988 apostolatus.
1467 915 1542 971 Ut
1571 932 1701 971 vero
1734 916 1832 970 fir-

181 1021 343 1062 mum
374 1008 430 1060 et
447 1003 870 1061 inconcussum
894 1008 1105 1061 nostrae
1124 1004 1509 1061 ordinationis
1531 1005 1829 1061 decretum

180 1096 525 1168 perseveret,
559 1097 774 1149 nostrae
821 1093 1149 1166 apostolica:
1193 1093 1556 1150 auctoritatis
1584 1110 1832 1150 censura

180 1181 495 1240 statuimus
513 1199 586 1239 ne
607 1182 743 1254 quis
767 1199 1034 1255 unquam
1055 1184 1270 1239 audeat
1296 1183 1654 1257 pretergredi
1680 1182 1833 1238 ultra

179 1288 351 1344 quam
380 1270 482 1327 hic
511 1271 802 1343 scriptum
833 1271 1101 1337 habetur,
1126 1277 1183 1328 et
1204 1288 1275 1327 ne
1298 1289 1705 1344 unquamquis
1726 1272 1832 1327 im-

178 1361 306 1434 pius
334 1364 659 1417 temerator
693 1363 997 1433 tyrannico
1046 1378 1196 1418 ausu
1253 1361 1581 1434 quidquam
1629 1377 1831 1433 rapere

177 1450 402 1522 sibique
436 1466 728 1523 usurpare
758 1451 828 1506 de
859 1451 1036 1506 rebus
1065 1451 1332 1523 ejusdem
1375 1449 1652 1517 ecclesiae,
1684 1467 1831 1521 quas

178 1540 223 1596 ei
251 1538 338 1597 vel
370 1538 494 1595 mei
524 1543 800 1612 parentes
848 1538 1242 1609 contulerunt,
1292 1539 1381 1596 vel
1426 1539 1555 1612 ipse
1585 1538 1829 1605 contuli,

176 1632 270 1686 aut
299 1627 556 1700 quilibet
585 1627 1057 1684 Christianorum
1084 1628 1165 1684 ibi
1195 1628 1517 1685 collaturus
1542 1632 1649 1696 est,
1687 1646 1830 1701 prae-

176 1721 383 1775 sumat.
400 1717 573 1784 Quod
588 1716 948 1790 quicumque
986 1718 1390 1786 tentaverit,ad
1403 1718 1624 1790 usqued
1636 1718 1832 1789 ignam

176 1805 661 1870 satisfactionem,
681 1806 864 1861 nostri
883 1806 1187 1879 apostolici
1203 1807 1593 1864 anathematis
1611 1805 1830 1877 obliga-

1941 642 2206 710 deuntes,
2241 641 2311 696 ad
2350 642 2542 715 ipsum
2590 642 2683 698 Dei
2733 641 3021 716 templum
3068 642 3263 698 venire
3308 642 3593 709 invitavit,

1941 731 2095 803 quod
2128 748 2162 786 a
2196 731 2363 787 nobis
2394 749 2457 787 III
2483 731 2629 787 Non.
2654 731 2926 788 Deeemb.
2952 732 3159 787 merito
3183 731 3404 787 honore
3425 732 3591 787 dedi-

1940 824 2157 886 catum,
2200 820 2246 875 si
2280 820 2514 876 tandem
2556 820 2685 876 Juri
2729 820 2928 876 S.R.E.
2974 824 3031 875 et
3062 819 3403 875 beatissimo
3425 824 3594 876 Petro

1940 908 2201 981 apostolo
2234 914 2503 981 prompto
2548 910 2783 964 donavit
2830 914 2888 965 et
2917 908 3130 965 obtulit
3177 909 3393 979 animo,
3426 914 3596 982 teque

1941 998 2122 1053 filiam
2146 1015 2335 1065 suam,
2365 1015 2538 1070 quam
2556 999 2683 1069 jam
2710 1003 2821 1055 Deo
2852 1000 2907 1054 in
2934 999 3257 1053 monastiea
3281 1015 3592 1055 conversa-

1938 1087 2096 1142 tione
2125 1096 2181 1141 et
2201 1087 2405 1143 habitu
2440 1093 2788 1156 sacraverat,
2814 1088 3076 1160 ejusdem
3123 1088 3345 1160 rogavit
3371 1105 3403 1144 a
3428 1088 3597 1145 nobis

1939 1175 2064 1231 ﬁeri
2141 1174 2498 1231 abbatissam
2562 1174 2690 1231 loci.
2745 1177 2806 1231 Id
2857 1176 3095 1248 auspice
3142 1176 3280 1243 Deo,
3325 1176 3592 1245 fecimus,

1940 1264 2303 1342 attendentes
2338 1264 2393 1318 in
2427 1269 2502 1330 te,
2539 1268 2827 1336 quantum
2877 1263 3101 1319 homini
3155 1269 3240 1321 est
3294 1265 3594 1337 possibile,

1939 1354 2211 1407 timorem
2237 1352 2358 1417 Dei,
2392 1352 2582 1406 cordis
2606 1353 3138 1424 compunctionem,
3162 1354 3377 1410 mentis
3399 1354 3592 1410 humi-

1937 1441 2185 1509 litatem,
2212 1457 2443 1497 morum
2459 1439 2828 1512 gravitatem,
2847 1441 2903 1495 in
2930 1440 3595 1498 adolescentibnsmem-

1941 1530 2063 1586 bris
2077 1530 2663 1601 praetendentemjam
2681 1533 3063 1584 senectutem.
3082 1531 3150 1583 Et
3173 1532 3597 1586 constituentes

1941 1620 2216 1676 eumdem
2247 1618 2441 1675 locum
2473 1636 2600 1674 esse
2634 1618 2687 1672 in
2726 1622 3074 1691 perpetuum
3124 1618 3469 1675 ancillarum
3504 1621 3598 1675 Dei

1943 1709 2389 1773 monasterium,
2424 1707 2522 1763 ubi
2556 1712 2612 1762 tu
2647 1708 2717 1763 de
2748 1711 2805 1763 te
2834 1711 2889 1762 et
2909 1708 3212 1762 sororibus
3232 1706 3350 1764 tuis
3372 1708 3593 1781 primas

1940 1798 2057 1853 Deo
2087 1797 2377 1870 primitias
2402 1797 2630 1869 ~offeras
2671 1795 2992 1869 religionis,
3044 1797 3252 1853 merita
3284 1797 3596 1867 castitatis,

174 1896 382 1953 tionem
402 1896 702 1959 incurrat,
734 1900 792 1951 et
823 1912 857 1951 a
884 1901 959 1959 te,
993 1914 1025 1952 o
1058 1914 1199 1952 crux
1230 1902 1255 1963 ’ί
1283 1896 1619 1962 metuenda,
1654 1895 1829 1952 male-
1864 1922 1910 1986 Β
1943 1886 2258 1957 omnisque
2291 1886 2595 1985 bonitati?-

173 1985 492 2043 dictionem
517 2002 531 2039 :
567 1985 670 2057 qui
696 2000 831 2042 vero
861 1987 933 2041 ab
964 1986 1073 2041 hac
1107 1986 1431 2042 temeritate
1458 1984 1703 2041 consilio
1734 2002 1832 2041 sa-

174 2075 312 2131 niori
340 2092 404 2132 se
444 2073 787 2141 servaverit,
821 2074 915 2130 hic
947 2080 1157 2129 nostra:
1192 2074 1613 2131 benedictionis
1643 2075 1830 2131 abun-

173 2165 363 2221 dantia
388 2164 625 2238 dignus
654 2163 784 2232 erit,
808 2169 867 2219 et
902 2164 1320 2235 omnipotentis
1368 2163 1467 2220 Dei
1497 2163 1685 2237 gratia
1714 2182 1831 2219 non

173 2254 395 2311 carebit.
1332 2278 1337 2281 λ

233 2344 461 2401 Datum
494 2342 721 2398 decimo
751 2345 960 2413 quarto
1005 2340 1297 2398 Kalendas
1342 2342 1697 2407 Decembris,
1731 2360 1833 2414 per

174 2451 373 2491 manus
395 2431 572 2489 Petri
620 2430 870 2496 diaconi,
920 2430 1345 2487 bibliothecarii
1393 2436 1449 2488 et
1500 2431 1830 2488 caneellarii

178 2528 381 2580 sanctae
406 2519 751 2594 apostolicae
791 2519 970 2588 sedis,
1009 2537 1160 2576 anno
1193 2520 1416 2576 domini
1440 2520 1645 2576 Leonis
1668 2538 1828 2593 papae

180 2612 377 2685 primo,
408 2608 742 2667 indictione
772 2609 965 2665 tertia.

928 2716 1116 2771 XXXI.

181 2808 229 2864 S.
258 2809 356 2862 Leo
377 2808 444 2863 IX
470 2807 806 2861 monasterii
833 2805 1168 2873 Alter/tensis
1200 2807 1262 2859 in
1290 2805 1504 2860 Alsau'a
1551 2806 1828 2873 inferiori,

243 2895 277 2934 a
300 2880 415 2933 suis
441 2894 547 2949 pa)
561 2877 789 2949 antibus,
808 2876 1037 2949 conditi,
1062 2877 1201 2931 bona
1219 2876 1464 2948 juraque
1491 2876 1828 2949 corroborat,

246 2951 426 3021 ibique
442 2947 646 3004 'altare
679 2948 733 3004 S.
768 2947 1031 3019 Stephani
1074 2955 1335 3003 memorat
1371 2947 1411 3002 7a
1458 2964 1572 3003 sese
1611 2947 1830 3003 dedim-

246 3030 355 3077 tum
382 3036 522 3077 esse.

818 3090 1006 3161 (Anno
1036 3090 1219 3160 1049.)

187 3180 569 3248 [Grandidier.
612 3180 847 3234 Hislozre
876 3178 1135 3234 d’Alsace.
1170 3179 1212 3242 Ι,
1244 3180 1369 3233 255.
1403 3183 1459 3233 et
1500 3178 1831 3247 Sehaapﬂin,

244 3254 448 3309 Αιςαίία
477 3251 845 3322 diptomatica
875 3252 918 3306 Ι.
952 3251 1076 3313 164,
1111 3253 1259 3306 teste
1285 3250 1454 3305 Jall‘e.
1487 3281 1553 3290 —
1585 3272 1613 3301 «
1645 3252 1836 3307 Sacrae

246 3322 590 3381 devotionis.
629 3321 681 3392 η]

906 3408 1123 3465 XXXII.

189 3500 236 3557 S.
266 3502 363 3559 Leo
390 3502 458 3558 IX
481 3499 780 3569 canﬁrmat
802 3498 1184 3569 fundationem
1205 3501 1254 3553 et
1274 3497 1613 3554 advocatiam
1640 3515 1835 3557 mona-

590 3571 751 3627 sterii
782 3569 834 3624 S.
875 3569 1063 3625 Crucis
1094 3571 1154 3624 in
1186 3569 1425 3625 Werdea.

813 3658 997 3729 (Anno
1031 3658 1209 3730 1049.)

282 3748 711 3823 [Cocquelines,
742 3748 959 3817 nullar,
990 3746 1159 3818 ampl.
1195 3746 1433 3816 Coum!"
1466 3746 1510 3814 Ι,
1541 3747 1692 3818 366.]

252 3839 360 3894 Leo
376 3839 721 3912 episcopus,
744 3852 947 3891 servus
966 3852 1266 3892 servorum
1285 3835 1407 3901 Dei,
1423 3836 1837 3892 Guxosaaaom

191 3926 397 3985 dilectae
429 3928 490 3984 in
524 3926 761 3984 Christo
794 3924 923 3980 ﬁlim
954 3941 988 3980 a
1017 3924 1189 3980 nobis
1231 3924 1510 3980 ordinata:
1542 3928 1600 3980 et
1627 3942 1835 3982 conse-

192 4022 346 4073 cratae
366 4016 619 4083 noviter,
644 4015 795 4071 facto
818 4031 851 4070 a
874 4018 1037 4088 patre
1057 4018 1157 4070 tuo
1180 4013 1522 4086 Manegoldo
1549 4015 1607 4071 S.
1633 4015 1834 4072 Crucis

194 4106 554 4175 monasterio,
576 4104 805 4176 tibique
830 4100 1190 4159 successuris
1210 4103 1542 4176 perenniter
1570 4104 1831 4161 abbatis-

187 4193 277 4263 sis,
308 4199 656 4268 perpetuam
688 4191 749 4247 in
803 4192 1050 4249 Domino
1081 4190 1354 4248 salutem.

246 4282 425 4339 Sacrae
455 4280 791 4339 devotionis
811 4280 995 4350 labor,
1020 4279 1160 4353 quia
1177 4295 1410 4354 semper
1425 4280 1620 4338 divino
1641 4281 1832 4340 favore

179 4370 419 4440 juvatur,
454 4387 696 4444 semper
721 4374 921 4442 optata
948 4369 1060 4426 fine
1089 4369 1463 4425 terminatur.
1501 4370 1656 4441 Ideo,
1687 4369 1826 4438 filia,

184 4458 257 4514 tui
279 4461 458 4534 patris
478 4458 686 4533 ampla
708 4458 768 4514 in
791 4459 906 4514 Deo
924 4459 1150 4515 devotio
1178 4458 1532 4515 laudabilem
1570 4460 1827 4516 fructum

182 4549 465 4620 produxit;
489 4566 630 4605 cum
649 4547 1026 4621 proportione
1049 4551 1262 4609 saneta:
1283 4552 1339 4604 et
1359 4548 1597 4605 vivificaa
1612 4549 1823 4617 crucis,

2012 1977 2046 2029 3
2060 1976 2177 2031 Hoc
2191 1979 2386 2031 tamen
2404 1974 2639 2030 nomine
2656 1978 2866 2029 nostrae
2885 1973 3218 2046 apostolicae
3237 1974 3360 2031 sedi
3391 1991 3601 2048 parens

1940 2068 2082 2121 tuus
2111 2065 2377 2120 eamdem
2402 2062 2535 2119 fecit
2559 2062 2940 2133 oblationem,
2982 2069 3068 2133 ut,
3100 2064 3241 2119 dum
3285 2064 3410 2137 ipse
3440 2065 3599 2135 vivit,

1941 2153 2129 2226 ipsius
2160 2152 2269 2209 loci
2313 2153 2674 2209 advccatiam
2721 2152 2976 2222 haheat;
3030 2152 3305 2209 similiter
3354 2158 3432 2223 et,
3467 2159 3601 2226 post

1944 2246 2190 2298 mortem
2223 2242 2432 2314 ipsius,
2465 2260 2637 2315 quem
2671 2258 2828 2297 nunc
2860 2241 3036 2297 habet
3063 2241 3244 2298 filius.
3298 2243 3406 2307 Qui
3439 2244 3597 2300 {ilius

1941 2331 1993 2387 si
2023 2332 2308 2386 hzsredem
2340 2331 2631 2393 habuerit,
2658 2330 2782 2402 ipse
2806 2347 3038 2402 quoque
3076 2332 3392 2387 advocatus
3414 2332 3511 2388 sit.
3537 2332 3597 2388 Si

1938 2437 2072 2476 vero
2102 2420 2188 2476 vel
2222 2419 2334 2492 ipsi
2367 2418 2730 2492 Manegoldo,
2760 2419 2844 2475 vel
2879 2420 3007 2490 ejus
3039 2420 3218 2476 filiolo
3243 2436 3412 2477 nemo
3438 2420 3595 2477 (ilius

1941 2514 2239 2581 superstes
2270 2509 2577 2576 exstiterit,
2618 2512 2760 2564 tunc
2804 2509 2975 2564 liceat
3019 2509 3330 2565 abbatissae
3365 2510 3595 2583 ipsique

1940 2597 2376 2670 congregationi
2408 2598 2754 2653 advocatum
2786 2597 2896 2653 sibi
2930 2599 3257 2653 secundum
3281 2599 3462 2655 Deum
3497 2598 3598 2655 eli-

1939 2703 2092 2761 gere,
2130 2686 2444 2759 petendum
2474 2690 2670 2741 tamen
2703 2687 2776 2741 ab
2809 2686 3128 2758 apostolica
3156 2687 3311 2742 sede.

2014 2777 2064 2830 4.
2102 2776 2215 2831 Lex
2245 2792 2375 2831 vero
2409 2774 2680 2831 omnium
2714 2774 3129 2829 advocatorum
3157 2778 3287 2846 post
3307 2774 3598 2847 Manegol-

1947 2865 2088 2920 dum
2111 2864 2243 2920 talis
2264 2864 2408 2919 erit:
2436 2867 2501 2919 ut
2521 2862 2796 2936 quisquis
2818 2863 3212 2935 eorumdigne
3225 2880 3337 2918 non
3353 2862 3603 2919 admini-

1941 2952 2209 3009 straverit
2226 2952 2622 3008 advocationis
2642 2950 2835 3007 offieiu
2847 2969 2898 3006 m
2909 2995 2922 3020 ,
2946 2950 3119 3007 liceat
3132 2951 3441 3007 abbatissae
3464 2952 3604 3024 ipsi-

1944 3058 2057 3114 que
2080 3040 2509 3114 congregationi
2540 3040 2609 3095 dc
2630 3056 2696 3094 eo
2710 3039 2862 3111 apud
2888 3055 3097 3110 papam
3115 3038 3411 3110 conqueri.
3429 3039 3603 3104 Quisi

1943 3134 2181 3187 vocatus
2206 3130 2277 3186 ab
2299 3147 2365 3186 eo
2387 3129 2562 3186 fuerit
2581 3134 2638 3185 et
2662 3128 3015 3184 monasterio
3035 3128 3403 3197 satisfecerit,
3426 3129 3603 3186 advo-

1948 3218 2234 3275 cationem
2264 3236 2434 3274 suam
2467 3218 2732 3275 retineat.
2766 3217 2927 3282 Quod
2965 3216 3013 3272 si
3061 3217 3255 3272 venire
3285 3216 3601 3285 distulerit,

1868 3288 1913 3355 C
1957 3312 2060 3364 aut
2090 3307 2138 3363 si
2171 3306 2391 3363 venerit
2420 3312 2478 3363 et
2509 3324 2622 3363 non
2654 3306 3022 3374 satisfecerit,
3055 3309 3195 3360 tunc
3234 3304 3405 3361 liceat
3434 3306 3610 3361 abba-

1944 3398 2104 3453 tissae
2125 3397 2355 3469 ipsique
2384 3396 2817 3467 congregationi
2839 3411 2906 3449 ex
2926 3410 3218 3457 consensu
3241 3409 3403 3465 papae
3426 3392 3604 3449 talem

1947 3486 2059 3542 sibi
2108 3486 2453 3541 advocatum
2505 3483 2719 3555 eligere
2767 3483 2867 3554 qui
2914 3482 3239 3538 secundum
3290 3481 3470 3537 Deum
3504 3481 3600 3538 sit.

1947 3578 2084 3630 Post
2113 3573 2336 3629 obitum
2359 3589 2491 3628 vero
2514 3576 2705 3639 tuum,
2730 3572 2800 3627 de
2822 3570 2951 3642 ipsa
2971 3570 3446 3643 congregatione,
3473 3586 3602 3642 qua:

1947 3662 2155 3719 melior
2184 3662 2278 3731 sit,
2313 3660 2582 3734 eligatur,
2617 3660 2664 3717 si
2697 3660 2907 3716 idonea
2936 3660 3172 3716 inventa
3196 3659 3390 3726 fuerit,
3415 3676 3603 3732 eoque

1944 3752 2166 3807 donum
2196 3755 2254 3806 et
2282 3749 2776 3806 consecrationem
2809 3748 3054 3805 abbatiaa
3077 3766 3110 3804 a
3142 3765 3289 3820 pape
3316 3747 3560 3820 recipiat
3583 3767 3596 3805 :

1944 3839 2174 3912 alioque
2193 3841 2262 3894 de
2280 3838 2391 3894 alia
2408 3839 2857 3912 congregatione
2871 3838 3079 3892 idonea
3099 3837 3368 3909 eligatur,
3393 3854 3426 3891 a
3444 3854 3596 3910 papa

1944 3928 2215 3985 similiter
2244 3927 2516 3983 donanda
2545 3932 2603 3983 et
2631 3927 3052 3991 consecranda.

2011 4016 2048 4073 5
2092 4016 2493 4083 Decernimus,
2554 4020 2851 4088 praeterea,
2918 4018 2983 4069 ut
3033 4015 3093 4069 in
3145 4012 3318 4069 altari
3362 4014 3595 4086 majori,

1942 4107 2097 4178 quod
2117 4123 2223 4162 nos
2246 4104 2350 4178 ipsi
2370 4106 2862 4173 eonsecravimus,
2892 4103 3089 4159 nullus
3113 4104 3328 4158 audeat
3349 4101 3593 4159 missam

1940 4194 2253 4264 celebrare,
2306 4193 2415 4249 nisi
2470 4194 2546 4248 sit
2594 4193 2903 4266 episcopus
2960 4192 3046 4249 vel
3098 4192 3301 4260 abbas,
3358 4194 3593 4264 tresque

1941 4284 2270 4340 sacerdotes
2303 4282 2746 4338 hebdomadarii
2784 4282 2852 4338 ad
2889 4282 2996 4337 hoc
3028 4281 3286 4337 officium
3312 4280 3597 4353 deputati,

1939 4389 2260 4444 eorumque
2292 4387 2683 4427 successores.
2721 4372 3044 4443 Episcopus
3068 4387 3320 4443 quoque,
3345 4369 3402 4424 in
3427 4371 3599 4441 cujus

1939 4460 2215 4535 parochia
2244 4460 2407 4516 locus
2436 4465 2544 4527 est,
2572 4459 2715 4515 nihil
2740 4459 2848 4515 sibi
2878 4459 2933 4513 in
2957 4476 3023 4514 eo
3045 4458 3338 4513 vindicare
3364 4458 3597 4524 audeat,

1937 4548 2581 4623 pralerordinalionem
2599 4548 2784 4603 facere
2798 4546 3141 4603 clericorum
3163 4544 3593 4615 etmonialium,

182 4635 233 4691 in
259 4654 370 4710 qua
393 4639 683 4696 Dominus
715 4640 912 4694 noster
939 4637 1114 4694 Jesus
1142 4636 1411 4693 Christus
1442 4637 1603 4695 salus
1626 4642 1826 4695 nostra
1857 4657 1903 4722 Β
1938 4638 1985 4694 si
2030 4643 2227 4694 tamen
2273 4638 2457 4711 gratis
2502 4636 2721 4692 fecerit.
2773 4637 2873 4692 Sin
2924 4640 3141 4703 autem,
3196 4633 3594 4690 ordinationes

180 4728 457 4798 pependit,
491 4728 773 4784 decenter
799 4742 942 4783 auro
972 4730 1029 4781 et
1057 4725 1307 4799 gemmis
1339 4730 1564 4796 ornata,
1588 4730 1729 4783 tunc
1751 4726 1824 4783 ab

181 4818 561 4874 auctocratore
610 4813 1195 4887 ConstantinOpoleos
1252 4814 1489 4870 nomine
1555 4813 1816 4871 Romano

181 4900 315 4959 dono
330 4904 484 4961 data.
507 4905 658 4961 Cum
682 4903 754 4959 ad
779 4919 914 4959 eum
932 4902 1181 4959 missum
1200 4903 1446 4959 essetab
1469 4902 1816 4976 imperatore

182 4985 510 5049 Chuonrado
542 4996 611 5047 ut
657 4990 836 5047 filiam
887 5008 1056 5047 suam
1108 4995 1359 5064 nuptum
1406 4991 1661 5047 traderet
1689 4994 1816 5064 ejus

182 5075 308 5149 filio,
326 5081 591 5137 fundavit
606 5079 914 5136 ecclesiam
936 5081 995 5136 in
1015 5084 1198 5153 petra,
1223 5080 1361 5153 quia
1376 5097 1492 5136 non
1510 5081 1821 5137 aediﬁcavit

181 5180 586 5239 superarenam
604 5186 617 5225 :
638 5169 1191 5226 utincumbentihus
1214 5169 1420 5236 ventis,
1450 5170 1817 5226 venientibus

184 5252 372 5327 ﬂuviis,
413 5258 911 5316 descendentibus
948 5257 1190 5331 pluviis,
1248 5258 1402 5330 quod
1454 5259 1817 5327 aedificasset,

184 5339 325 5417 [non]
355 5352 572 5417 rueret,
608 5348 710 5403 sed
736 5347 980 5403 firmiret
1000 5347 1309 5403 fundatum
1338 5346 1671 5421 perenniter
1689 5366 1817 5420 per-

186 5440 445 5492 maneret.

242 5523 289 5575 2.
320 5523 389 5579 Ut
414 5542 552 5581 vero
582 5528 786 5581 votum
817 5542 934 5581 suae
962 5523 1412 5581 constructionis
1434 5524 1550 5581 Deo
1572 5524 1820 5581 solveret

186 5614 488 5670 secundum
503 5613 677 5670 illum
694 5613 791 5686 qui
807 5614 968 5671 dixit:
981 5638 1001 5664 α
1019 5614 1252 5685 Vovete,
1268 5618 1324 5670 et
1336 5614 1558 5671 reddite
1571 5614 1816 5671 Domino

185 5693 285 5755 Deo
312 5707 498 5759 vestro
531 5720 766 5773 omnes,
799 5704 897 5775 qui
931 5704 988 5761 in
1021 5703 1247 5760 circuiti
1278 5704 1407 5776 ejus
1430 5703 1650 5760 aﬂ‘ertis
1683 5720 1810 5759 mu-

1936 4732 2205 4800 expetent
2235 4727 2307 4782 ab
2338 4726 2452 4783 alio
2484 4743 2834 4799 quocunque
2867 4724 3044 4781 velint
3084 4723 3375 4796 episcopo.

1995 4816 2129 4871 6.Ut
2152 4813 2461 4871 verolocus
2483 4815 2677 4888 ipsein
2702 4812 3191 4888 quadragesimali
3209 4816 3468 4885 tempore
3484 4810 3597 4868 sol-

1926 4908 2024 4959 vat
2044 4922 2205 4977 papa:
2230 4921 2489 4960 annuam
2512 4904 2880 4976 pensionem,
2904 4902 3107 4958 statuit
3128 4902 3283 4958 idem
3301 4901 3598 4974 Manegol-

1928 4994 2040 5049 dus
2058 4993 2396 5066 pensionem
2416 4993 2603 5065 ipsam
2626 5010 2754 5049 esse
2772 4992 3208 5066 anabolagium,
3235 4992 3289 5047 id
3311 4995 3400 5047 est
3441 4992 3601 5049 fano-

1928 5099 2086 5149 nem,
2107 5082 2318 5138 stolam
2344 5098 2475 5137 cum
2500 5081 3043 5159 auro,manipulum
3065 5087 3123 5138 et
3153 5080 3596 5155 cingulum.Nos

1929 5189 2083 5239 vero,
2100 5170 2239 5243 quia
2264 5169 2428 5226 locus
2456 5171 2581 5243 ipse
2616 5172 2891 5227 conditus
2924 5176 3013 5228 est
3034 5175 3272 5245 propter
3292 5187 3444 5237 eam,
3467 5186 3596 5241 quae

1933 5278 2111 5332 supra
2133 5259 2285 5314 dicta
2310 5265 2417 5326 est,
2436 5264 2651 5315 sanctzc
2676 5261 2983 5316 etvivificm
3001 5261 3205 5317 Crucis
3232 5259 3553 5332 portionem
3579 5275 3593 5326 ;

1930 5349 2194 5406 eamdem
2232 5347 2377 5407 inibi
2403 5364 2637 5420 semper
2663 5365 2901 5406 manere
2926 5351 3218 5414 volumus,
3246 5346 3515 5417 cupimus
3536 5349 3595 5398 et

1929 5443 2227 5511 optamus,
2251 5440 2308 5492 et
2336 5454 2369 5491 a
2394 5437 2627 5494 nemine
2651 5438 2869 5496 auferri
2895 5456 2907 5493 :
2934 5440 3254 5493 statuentes
3276 5430 3593 5505 apostolica

1928 5543 2179 5583 censura
2199 5526 2309 5582 sub
2332 5524 2513 5581 divini
2529 5528 2743 5598 judicii
2759 5526 3168 5587 obtestatione,
3188 5524 3252 5575 ut
3270 5517 3588 5573 nullusim-

1926 5619 2179 5688 perator,
2196 5613 2395 5669 nullus
2417 5631 2533 5680 rex,
2552 5616 2752 5673 nullus
2769 5616 3098 5689 episcopus,
3127 5605 3286 5663 nulla
3303 5609 3585 5674 potestas,

1926 5702 2090 5761 nulla
2120 5706 2398 5777 presterea
2446 5720 2659 5776 magna
2709 5717 2998 5778 parvaque
3050 5707 3296 5769 persona
3325 5691 3569 5746 eandem
3669 5736 3686 5752 .
