3898 6352
405 459 526 527 639

1486 445 1554 513 S.
1598 444 1880 513 LEONIS
1920 445 2002 509 IX
2043 440 2272 510 PAPE
2305 435 2740 510 OPUSGULA.

3691 434 3790 504 θω

401 596 609 656 viviﬁci
638 593 782 670 ligni
813 591 1136 666 portionem
1166 586 1238 645 ab
1267 585 1394 660 ipso
1424 581 1776 642 monasterio
1823 581 2034 638 audeat
2060 585 2116 656 Α
2143 580 2455 670 concedere
2483 582 2542 636 et
2558 575 2879 651 petentium
2897 573 3206 634 desideriis
3229 587 3577 649 congruum
3601 569 3792 648 imper-

411 689 638 747 auferre
667 683 926 756 quolibet
966 681 1160 745 modo,
1201 677 1288 732 vel
1339 675 1560 747 aliquid
1615 674 1799 728 facere
1839 675 2042 726 contra

405 777 604 834 omnia
626 792 752 847 quae
783 771 1053 844 superius
1090 767 1308 838 scripta
1336 768 1513 831 sunt;
1559 763 1658 819 sed
1709 777 1812 816 nec
1865 760 2040 816 etiam

405 865 622 938 aliquid
641 863 964 920 diminuere
989 855 1240 912 debonis
1261 855 1519 927 ejusdem
1541 849 1898 912 monasterii,
1914 865 2040 920 quae

407 937 578 1011 modo
607 953 801 1014 habet,
823 954 880 1004 et
905 963 1090 1019 usque
1113 947 1170 1000 in
1192 949 1475 999 aeternum
1499 939 1756 1006 habebit,
1783 937 2043 1010 quolibet

407 1046 582 1112 furto,
614 1039 871 1114 quolibet
919 1041 1110 1108 raptu,
1159 1033 1416 1106 quolibet
1449 1027 1814 1085 alienationis
1845 1027 2036 1082 modo.

409 1133 468 1188 Id
501 1131 599 1204 qui
629 1124 1083 1202 praesumpserit,
1101 1125 1284 1178 donec
1315 1120 1487 1190 digne
1519 1116 2043 1180 satisfecerit,ana-

405 1221 603 1280 thema
631 1220 725 1274 sit.
759 1217 870 1282 Qui
899 1231 1032 1270 vero
1056 1213 1148 1284 pio
1173 1211 1387 1264 intuitu
1409 1211 1608 1262 custos
1633 1209 1690 1260 et
1709 1205 2044 1260 observator

355 1349 362 1354 -
404 1311 584 1384 hujus
633 1307 815 1366 nostri
867 1300 1149 1378 privilegii
1213 1296 1513 1358 exstiterit,
1559 1312 1590 1349 a
1636 1293 1882 1348 Domino
1931 1295 2040 1346 Deo

403 1379 874 1456 Benedictionem
887 1391 1356 1460 consequatur,et
1373 1388 1598 1439 aeternas
1613 1382 1738 1436 vitae
1754 1379 2040 1452 particeps

402 1489 706 1546 efﬁciatur.
738 1491 819 1555 »χι

474 1582 617 1633 Data
645 1593 706 1630 tu
738 1575 864 1628 Non
897 1567 1198 1625 Decembr.
1231 1579 1333 1636 per
1363 1577 1573 1616 manus
1606 1557 1756 1614 Petri
1789 1555 2037 1621 diaconi,

406 1660 828 1722 bibliothecarii
863 1661 919 1714 et
939 1653 1262 1712 cnncellarii
1287 1655 1497 1706 sanctae
1516 1645 1840 1720 apostolicae
1863 1644 2035 1701 sedis.

405 1761 574 1814 Anno
606 1749 825 1808 domini
859 1745 1066 1804 Leonis
1090 1743 1178 1808 IX,
1210 1758 1371 1814 papae
1404 1757 1420 1794 1
1451 1739 1618 1810 (126).

1107 1849 1340 1904 XXXIII.

404 1953 466 2012 S.
493 1949 688 2008 Leonis
717 1947 781 2003 IX
807 1943 1036 2016 epistola
1065 1939 1134 1996 ad
1164 1935 1487 2016 Edwqrdum
1524 1930 1823 2016 Anglorum
1853 1945 2034 1998 legem
2063 1949 2112 2014 Β

822 2009 923 2088 pro
938 2011 1262 2069 monasterio
1293 2009 1607 2063 Exom’ensi.

1023 2121 1212 2192 (Anno
1243 2114 1421 2186 1049.)

507 2235 852 2310 [Monasticon
882 2229 1245 2298 Anglicanam
1278 2267 1294 2292 ,
1333 2226 1478 2278 tom.
1514 2222 1558 2286 Ι,
1604 2234 1734 2290 pag.
1785 2215 1935 2284 221.]

476 2349 586 2398 an
613 2340 942 2413 episcopus,
975 2349 1176 2390 servus
1225 2345 1520 2388 servorum
1572 2326 1694 2393 Dei,
1746 2325 2042 2380 Enwanno

405 2430 724 2503 Anglorum
778 2424 919 2497 regi,
968 2423 1214 2480 salutem
1261 2416 1648 2476 charissimon
1699 2429 1832 2468 cum
1867 2413 2041 2468 bene-

405 2519 660 2578 dictione
691 2512 1024 2588 apostolica.

476 2609 534 2665 Si
565 2607 712 2662 bene
741 2603 923 2660 babes
953 2605 1009 2656 et
1037 2600 1183 2654 bene
1210 2595 1391 2657 vales,
1439 2592 1574 2646 inde
1621 2607 1734 2645 non
1785 2588 2042 2644 modicas

404 2695 650 2754 Domino
677 2693 814 2750 Jesu
841 2687 1066 2746 Christo
1088 2685 1394 2742 referimus
1415 2680 1654 2753 gratias,
1675 2683 1733 2734 et
1751 2678 1860 2732 hoc
1876 2681 2042 2748 opta-

403 2802 538 2842 mus
565 2787 631 2840 ut
661 2783 742 2838 ita
771 2777 1100 2836 luculenter
1126 2774 1426 2848 possideas
1457 2768 1620 2840 regni
1649 2765 2046 2840 gubernacula

403 2879 469 2930 ut
494 2873 556 2929 in
587 2877 800 2927 aeterna
832 2881 1072 2922 maneas
1101 2857 1499 2918 tabernacula.
1532 2858 1619 2925 Et,
1652 2855 1790 2927 quia
1821 2853 2044 2909 audivi-

405 2977 541 3018 mus
570 2966 628 3016 te
665 2959 818 3014 circa
848 2955 945 3011 Dei
991 2951 1280 3009 Ecclesiae
1326 2952 1383 3002 et
1429 2943 1853 3002 ecclesiasticos
1889 2941 2044 2997 viros

408 3049 739 3106 studiosum
768 3049 826 3100 et
854 3041 1189 3112 religiosum
1222 3052 1372 3102 esse,
1394 3035 1530 3089 inde
1549 3032 1798 3088 multum
1828 3031 2045 3102 gaude-

414 3153 568 3202 mus,
600 3139 658 3190 et
684 3134 794 3189 hoc
816 3131 1202 3186 admonemus
1221 3129 1396 3195 atque
1416 3122 1664 3194 benigne
1686 3135 1960 3190 rogamus
1983 3122 2046 3172 ut

409 3226 492 3282 ita
521 3225 578 3280 in
611 3221 708 3278 Dei
735 3236 904 3292 opere
926 3231 1289 3290 perseverare
1311 3213 1565 3276 studeas,
1589 3213 1876 3280 quatenus
1903 3207 2043 3277 Regi

409 3329 611 3386 regum
636 3311 750 3366 Deo
781 3308 1010 3381 placere
1037 3303 1251 3368 valeas,
1273 3306 1446 3372 atque
1470 3315 1604 3353 cum
1626 3295 1724 3351 illo
1745 3295 1805 3350 in
1827 3293 2044 3350 caelesti
2074 3308 2118 3374 ρ

407 3382 584 3475 regno
615 3412 976 3472 permaneas.
1010 3394 1222 3449 Notum
1252 3390 1450 3460 itaque
1479 3389 1566 3442 est
1603 3387 1813 3440 nostrae
1847 3382 2045 3455 pietati

409 3471 659 3565 qualiter
706 3485 999 3542 Leofricus
1047 3481 1356 3553 episcOpus
1405 3476 1531 3531 sine
1579 3473 1809 3529 civitate
1847 3471 2044 3527 sedem

409 3560 801 3652 pontiﬁcalem
831 3577 1008 3638 tenet,
1041 3569 1196 3624 unde
1225 3566 1480 3622 multum
1511 3561 1816 3628 miramur,
1839 3560 2047 3652 nonde

411 3646 513 3724 illo
543 3664 691 3731 solo,
721 3663 823 3716 sed
852 3667 911 3716 et
939 3661 1010 3714 de
1039 3657 1312 3714 omnibus
1333 3653 1450 3709 illis
1477 3649 1764 3723 episcopis
1788 3649 1888 3720 qui
1909 3646 2048 3702 talia

415 3772 522 3827 agu
532 3758 614 3809 nt.
630 3758 771 3806 Cum
784 3765 917 3804 vero
929 3749 999 3802 ad
1019 3763 1121 3802 vos
1136 3751 1403 3800 nostrum
1417 3740 1752 3796 miserimus
1765 3737 2045 3809 legatum,

414 3826 486 3900 de
517 3841 648 3898 aliis
677 3839 896 3901 dicens,
928 3851 1084 3892 nunc
1125 3837 1322 3889 autem
1367 3831 1438 3886 de
1484 3831 1680 3884 nostro
1722 3827 1901 3882 fratre
1921 3826 2046 3896 jam

412 3932 565 3986 dicto
598 3927 852 3984 Leoi‘rico
881 3923 1250 3997 praecipimus
1281 3924 1454 3990 atque
1500 3931 1775 3988 rogamus
1803 3917 1890 3979 ut,
1922 3930 2051 3984 pro-

413 4026 543 4093 pter
571 4014 800 4074 Domini
829 4019 887 4068 et
915 4011 1096 4068 nostri
1128 4008 1348 4066 amoris
1393 4021 1654 4070 causam,
1689 4001 2048 4072 adjutorium

413 4091 692 4180 praebeas,
723 4107 788 4158 ut
815 4119 849 4158 a
877 4097 1240 4158 Cridionensi
1269 4093 1469 4150 villula
1497 4092 1570 4148 ad
1593 4091 1886 4146 civitatem
1914 4093 2051 4144 Exo-

415 4177 572 4253 niam
593 4193 791 4249 sedem
812 4187 1201 4262 episcopalem
1225 4183 1409 4256 possit
1429 4185 1676 4236 mutare.
1701 4183 1833 4234 Haec
1855 4182 1910 4233 et
1934 4177 2052 4233 alia

415 4285 568 4340 bona
595 4296 768 4352 opera
796 4278 881 4334 ita
906 4292 1078 4348 agere
1107 4273 1364 4337 studeas,
1399 4273 1464 4324 ut
1493 4285 1528 4324 a
1556 4267 1784 4323 Christo
1807 4266 2052 4322 Domino

417 4379 694 4431 internum
713 4381 958 4436 regnum
972 4361 1272 4434 acquirere
1283 4357 1497 4414 valeas.
1516 4355 1674 4422 Vale,
1689 4353 2053 4421 charissima,

415 4477 647 4533 semper
674 4458 736 4512 in
769 4453 1031 4510 Domino.

1321 4557 1341 4588 Υ

1321 4557 1341 4588 Υ

609 4651 774 4708 Bulla
803 4648 858 4704 S.
891 4645 1082 4702 Leonis
1111 4553 1542 4714 ἐξιχῃξῖᾇὸὺαιίδ
1573 4639 1858 4692 Electensi.

1035 4733 1224 4804 (Anno
1263 4728 1448 4800 1050.)

703 4827 870 4898 [Gall.
907 4823 1130 4888 Christ.,
1161 4819 1256 4886 VI,
1302 4821 1600 4885 lnstrum.,
1628 4815 1775 4885 406.]

494 4937 609 4994 Leo
635 4932 961 5004 episcopus,
989 4943 1190 4984 servus
1217 4939 1511 4980 servorum
1538 4921 1654 4990 Dei,
1678 4917 2060 4976 dilectissimo

425 5021 546 5078 ﬁlio
577 5021 643 5076 G.
675 5015 987 5074 venerabili
1031 5013 1224 5070 abbati
1277 5009 1613 5068 monasterii
1656 5010 1836 5065 beatae
1868 5007 2061 5064 Mariae

425 5108 691 5182 virginis,
723 5106 877 5177 quod
909 5101 1403 5167 vocaturEtelsus,
1433 5105 1489 5155 et
1503 5116 1603 5172 per
1618 5102 1672 5152 te
1685 5096 1913 5152 cunctis
1931 5111 2062 5152 suc-

425 5195 758 5255 cessoribus
788 5191 1096 5246 abbatibus
1128 5189 1186 5244 in
1219 5194 1585 5260 perpetuum.

499 5285 735 5352 Quoties
765 5279 866 5336 illa
883 5297 914 5335 a
935 5279 1100 5336 nobis
1119 5277 1298 5336 tribui
1316 5273 1688 5349 postulantur
1709 5288 1839 5343 quae
1858 5271 2063 5326 incun-

427 5380 662 5433 ctanter
682 5369 889 5426 rationi
921 5367 1292 5435 conveniunt,
1321 5363 1516 5419 animo
1539 5376 1644 5415 nos
1670 5359 1836 5414 decet
1863 5356 2068 5414 libenti

500 5514 648 5586 (126)
681 5513 1014 5586 Gretserus,_
1037 5509 1096 5563 in
1127 5511 1244 5562 fine
1273 5506 1543 5586 notarum
1565 5500 1626 5554 in
1649 5498 1800 5581 hanc
1821 5497 2064 5586 bullam,

431 5570 821 5651 assumtum
839 5570 1040 5651 essuri,
1059 5592 1289 5651 crucem
1303 5570 1592 5651 inclusam
1607 5571 1840 5651 gemino
1852 5570 2068 5651 circulo

434 5641 627 5734 cujus-
642 5651 978 5734 peripheriee
1021 5647 1372 5734 inscriptum
1414 5641 1669 5714 legitur:
1695 5641 2070 5734 1Illisecicord‘ia

436 5711 660 5780 ι)οῆἱηὶ
686 5711 855 5794 pléna
898 5728 976 5775 est
1017 5711 1309 5772 terrafln
1356 5711 1499 5784 ipso'
1534 5711 1786 5768 circulo:
1833 5713 1934 5767 Leo
1976 5719 2070 5781 P.,-

2151 666 2246 724 tiri
2269 667 2634 741 suffragium.
2657 668 2726 723 Et
2747 666 2874 724 ideo
2899 664 3246 739 postulastis
3269 681 3303 721 a
3321 663 3506 720 nobis
3534 667 3602 719 ut
3619 663 3790 734 prmia-

2149 761 2275 812 tum
2304 757 2725 814 monasterium
2747 754 3076 828 apostolicis
3100 753 3490 810 auctoritatis
3513 751 3662 808 serie
3681 768 3789 807 mu-

2150 847 2431 912 niremus,
2465 851 2522 901 et
2571 845 2769 901 omnia
2819 844 2948 915 ejus
2995 841 3354 916 pertinentia
3405 841 3648 913 perenni
3682 842 3790 910 jure

2149 933 2365 990 ibidem
2381 933 2792 990 inviolabiliter
2802 931 3199 1006 permanendo
3216 930 3729 996 conﬂrmaremus,
3746 932 3790 983 et

2149 1027 2216 1078 ut
2244 1024 2464 1096 absque
2495 1022 2650 1079 omni
2677 1023 2820 1095 jugo
2850 1038 2953 1078 seu
2986 1021 3210 1076 ditione
3243 1019 3663 1090 cujuscunque
3682 1033 3783 1088 per-

2151 1128 2305 1167 sonze
2336 1110 2710 1167 constabilire
2723 1110 2904 1166 nostri
2917 1106 3201 1181 privilegii
3222 1107 3450 1179 pagina
3475 1107 3788 1161 corrobora-

2150 1216 2368 1255 remus.
2400 1201 2731 1272 Propterea,
2777 1197 2898 1254 tuis
2941 1197 3074 1254 ﬂexi
3123 1195 3448 1268 praecibus,
3503 1209 3608 1266 per
3633 1193 3787 1264 hujus

2150 1293 2362 1343 nostrai
2377 1287 2738 1343 auctoritatis
2770 1285 3142 1358 privilegium
3179 1285 3542 1351 statuentes,
3559 1280 3788 1336 decemi-

2150 1394 2282 1432 mus
2313 1381 2378 1432 ut
2406 1380 2611 1432 cuncta
2643 1374 2768 1431 loca
2800 1374 3028 1430 urbana
3056 1373 3141 1428 vel
3177 1371 3431 1437 rustica,
3455 1370 3518 1426 id
3539 1373 3644 1436 est,
3675 1386 3784 1424 cur-

2147 1469 2254 1532 tes,
2291 1482 2550 1532 mansos,
2581 1463 2759 1532 salas,
2792 1461 3052 1528 castella,
3083 1460 3328 1528 casales,
3361 1459 3597 1522 vineas,
3627 1460 3787 1513 terras

2148 1553 2493 1626 diversaque
2509 1547 2752 1626 praedia:-
2761 1551 2919 1608 culta
2936 1549 3024 1606 vel
3047 1549 3292 1613 inculta,
3313 1565 3456 1605 cum
3481 1545 3696 1602 colonis
3713 1544 3784 1600 vel

2147 1641 2488 1710 colonabus,
2512 1641 2690 1700 servis
2705 1646 2763 1698 et
2787 1639 3040 1708 ancillis,
3065 1656 3195 1713 quae
3221 1637 3296 1696 ab
3319 1637 3632 1710 aliquibus
3651 1633 3786 1690 Chri-

2146 1730 2354 1787 stianis
2385 1731 2574 1788 eidem
2598 1729 2950 1786 monasterio
2971 1743 3252 1784 concessa
3285 1729 3460 1792 sunt,
3495 1723 3584 1782 vel
3605 1739 3722 1797 quis
3740 1726 3785 1778 et

2145 1834 2248 1890 per
2269 1819 2466 1891 aliqua
2493 1817 2824 1874 munimina
2852 1817 2925 1873 ad
2954 1817 3228 1872 eumdem
3259 1815 3434 1887 pium
3449 1812 3646 1869 locum
3675 1828 3786 1883 per-

2141 1905 2323 1962 tinere
2335 1907 2424 1962 vid
2433 1911 2763 1970 entur,cum
2775 1921 2989 1977 magna
2999 1903 3316 1960 securitate
3327 1903 3540 1975 quiete
3557 1898 3783 1958 debeatis

2153 1996 2470 2068 possidere,
2501 2000 2559 2051 et
2579 2013 2682 2068 per
2698 1999 2754 2052 te
2775 1993 3032 2050 universi
3056 2007 3442 2048 successores
3459 1991 3549 2046 tui
3571 1991 3782 2046 abbates

2150 2085 2209 2140 in
2243 2089 2612 2156 perpetuum,
2654 2082 2874 2140 scilicet
2923 2081 3350 2137 monasterium
3406 2079 3596 2136 sancti
3645 2077 3779 2134 Pauli

2149 2173 2535 2240 Vallonensis,
2567 2177 2624 2228 et
2653 2173 2711 2227 S.
2749 2170 2942 2226 Mariae
2972 2169 3252 2226 Urbionis
3269 2173 3328 2224 et
3358 2173 3538 2236 terra,
3571 2166 3781 2240 Ceplats

2148 2263 2416 2328 vocitata,
2451 2266 2506 2318 et
2526 2261 2862 2332 ubicunque
2915 2257 3155 2331 reperiri
3181 2255 3776 2330 poteruntquazeidem

2151 2355 2351 2408 sancto
2366 2350 2490 2406 loco
2497 2350 2629 2421 jure
2646 2349 2948 2414 debentur,
2964 2347 3187 2419 absque
3199 2345 3322 2402 ulla
3333 2344 3776 2402 contradictione

2149 2440 2455 2496 hominum
2475 2455 2574 2494 seu
2601 2437 2973 2504 feminarum,
3003 2434 3326 2508 apostolica
3347 2434 3688 2490 auctoritate
3705 2433 3777 2488 iu-

2150 2529 2492 2584 terdicimus
2523 2530 2588 2582 ut
2616 2541 2848 2599 semper
2877 2529 3072 2580 teneat
3101 2523 3199 2579 ille
3250 2523 3424 2580 locus
3458 2519 3778 2596 gloriosissi-

2153 2633 2284 2672 mus
2313 2615 2392 2671 ita
2423 2619 2488 2671 ut
2516 2614 2715 2670 nullus
2755 2612 3250 2686 archiepiscopus,
3293 2612 3635 2684 episcopus,
3663 2610 3777 2676 dux,

2152 2705 2433 2772 marchio,
2486 2721 2702 2770 comes,
2752 2702 3062 2768 viccomes,
3113 2717 3214 2755 seu
3265 2699 3549 2772 qualibet
3592 2715 3779 2771 magna

2152 2802 2440 2866 parvaque
2470 2808 2719 2864 persona
2748 2790 2962 2847 abhinc
2992 2794 3051 2845 et
3076 2789 3136 2844 in
3167 2793 3342 2844 antea
3383 2788 3602 2844 habeat
3627 2787 3778 2843 lieen-

2151 2883 2294 2938 tiam
2325 2879 2746 2937 monasterium
2772 2879 2916 2934 illud
2966 2877 3234 2944 vendere,
3289 2893 3399 2932 nec
3455 2875 3777 2950 adpreciari,

2153 2972 2253 3026 sed
2285 2987 2473 3042 neque
2503 2987 2568 3026 ex
2612 2967 2870 3042 prmfaris
2921 2967 3198 3022 omnibus
3246 2966 3466 3033 rebus,
3506 2981 3630 3038 quae
3658 2961 3777 3019 inibi

2151 3059 2439 3132 pertinere
2477 3057 2767 3124 videntur,
2819 3056 3032 3112 audeat
3073 3055 3371 3120 invadere,
3427 3053 3778 3109 molestare...

2153 3146 2650 3204 consecrationem
2671 3145 2918 3200 libenter
2931 3143 3248 3215 impertiat.
3269 3142 3538 3198 Abbatss
3553 3157 3778 3214 quoque,

2154 3237 2334 3310 quiin
2357 3236 2558 3292 eodem
2579 3235 2706 3292 loco
2729 3233 3110 3290 consecrandi
3138 3237 3298 3302 sunt,
3321 3233 3398 3287 de
3418 3232 3558 3304 ipsa
3571 3245 3782 3302 congre-

2155 3325 2386 3398 gatione
2405 3323 2702 3380 communi
2720 3321 2962 3379 consilio
2978 3319 3296 3392 eligantur,
3320 3323 3382 3376 et
3399 3337 3525 3376 non
3549 3318 3778 3384 aliunde,

2154 3413 2266 3470 nisi
2288 3415 2522 3486 propter
2545 3409 2932 3484 indigentiam
2960 3409 3252 3464 bonarum
3282 3424 3668 3480 personarum
3698 3421 3781 3478 pe-

2155 3506 2376 3558 tantur.

2224 3591 2314 3656 Et,
2338 3591 2387 3645 si
2409 3587 2700 3645 discordia
2719 3585 2966 3659 eligendi
2990 3586 3142 3642 inter
3157 3602 3258 3640 eos
3279 3585 3609 3654 emerserit,
3630 3598 3780 3655 quem

2156 3681 2343 3751 major
2362 3695 2495 3752 pars
2517 3693 2757 3734 numero
2775 3691 2840 3732 ac
2861 3675 3170 3730 sanctitate
3192 3673 3440 3747 elegerit
3481 3675 3584 3730 fiat
3604 3672 3780 3730 abbas.

2156 3768 2316 3834 Quod
2349 3767 2396 3823 si
2425 3765 2732 3836 episcopus
2762 3761 2974 3834 aliquis
3004 3763 3384 3818 donationem
3415 3778 3491 3817 ex
3513 3774 3783 3818 consecra-

2154 3856 2312 3912 tione
2357 3853 2712 3926 requisierit,
2776 3868 2843 3908 ac
2889 3867 3080 3923 neque
3139 3867 3487 3908 consecrare
3542 3847 3780 3911 voluerit,

2157 3943 2326 3999 liceat
2345 3941 2525 3999 electo
2547 3940 2741 3996 abbati
2765 3939 2924 3995 adire
2947 3939 3018 3995 ad
3043 3956 3229 3994 unum
3243 3939 3589 4012 episcopum
3603 3950 3776 4010 quem-

2157 4047 2406 4103 cumque
2434 4029 2682 4085 voluerit
2709 4027 2988 4093 vicinum,
3022 4031 3078 4084 et
3100 4027 3601 4082 consecrationem
3621 4021 3776 4097 gratis

2157 4119 2436 4190 accipere.
2471 4119 2716 4189 Insuper
2743 4115 3084 4172 auctoritate
3113 4113 3440 4186 apostolica
3478 4114 3781 4186 judicamus

2159 4212 2227 4264 ut
2255 4206 2402 4262 nulli
2427 4205 2921 4277 archiepiscorum
2952 4202 3039 4260 vel
3070 4203 3489 4276 episcoporum
3521 4202 3780 4258 monaste-

2162 4297 2316 4352 rium
2347 4296 2566 4367 ipsum,
2591 4294 2680 4349 vel
2711 4294 2980 4349 abbatem
3013 4292 3114 4363 qui
3160 4293 3382 4348 ibidem
3434 4293 3568 4360 fuit,
3601 4287 3780 4346 abhinc

2163 4386 2416 4450 inantea,
2451 4398 2552 4439 seu
2584 4381 2838 4454 aliquem
2860 4397 2928 4436 ex
2949 4379 3420 4453 congregatione,
3444 4379 3537 4436 vel
3561 4377 3780 4449 aliquem

2167 4472 2548 4546 pertinentem
2569 4471 2639 4526 ad
2654 4470 2847 4542 ipsum
2866 4469 3295 4524 monasterium
3307 4466 3784 4524 excommunicare

2165 4559 2251 4617 vel
2273 4557 2664 4616 anathematis
2682 4555 2914 4612 vinculo
2931 4555 3236 4624 innodare,
3273 4572 3404 4624 seu,
3423 4555 3654 4630 aliquod
3668 4551 3784 4609 alta-

2089 4672 2137 4736 D
2167 4651 2322 4706 rium
2351 4647 2613 4720 ejusdem
2645 4645 2756 4701 loci
2784 4643 2874 4701 vel
2925 4643 3184 4716 aliquam
3216 4644 3531 4702 ecclesiam
3559 4637 3782 4702 exconci-

2169 4737 2312 4793 liare
2348 4736 2538 4790 liceat.
2592 4731 2754 4797 Quod
2805 4732 2854 4788 si
2907 4731 3123 4805 aliquis
3180 4733 3640 4808 prasumpserit,
3682 4729 3782 4800 ipse

2166 4821 2763 4884 excommunicatione
2789 4829 2988 4878 nostra
3017 4821 3446 4896 contringatur,
3497 4825 3555 4879 et
3597 4819 3782 4876 dictum

2168 4912 2586 4970 monasterium
2619 4925 2752 4965 cum
2785 4909 2994 4966 abbate
3023 4915 3082 4966 et
3111 4911 3394 4968 omnibus
3424 4911 3554 4968 suis
3584 4904 3783 4965 absolu-

2168 5009 2295 5060 tum
2327 5003 2398 5058 ab
2425 4997 2704 5072 imposita
2723 4997 2833 5054 sibi
2858 4997 3468 5054 excommunicatione
3509 4991 3785 5071 apostolica

2171 5091 2514 5148 auctoritate
2545 5090 2795 5142 maneat.
2829 5087 3184 5154 Statuentes,
3216 5086 3544 5158 apostolica
3577 5091 3784 5141 censura

2173 5181 2283 5237 sub
2313 5177 2492 5234 divini
2515 5174 2726 5248 judicii
2748 5174 3132 5230 obtestatione
3153 5180 3210 5230 et
3231 5173 3784 5232 anathematisinter-

2170 5267 2442 5332 dictione,
2458 5269 2524 5320 ut
2538 5261 2683 5319 nulli
2700 5277 2965 5335 unquam
2983 5279 3354 5319 summorum
3369 5263 3700 5336 pontiﬁcum
3713 5251 3783 5309 vel

2174 5357 2300 5413 alia:
2331 5353 2572 5411 cuilibet
2609 5367 2836 5424 magna;
2857 5367 3162 5424 parvaque
3185 5369 3448 5424 personae
3486 5356 3677 5409 contra
3699 5346 3784 5400 hoc

2175 5503 2383 5556 caetera
2405 5511 2538 5552 vero
2567 5493 2914 5566 antiquitate
2942 5497 3294 5566 consumpta
3339 5510 3495 5550 reor.
3546 5493 3636 5566 Sic
3659 5485 3783 5566 enim

2176 5567 2598 5646 restituendam
2619 5563 2759 5646 puto
2788 5563 3256 5646 inscriptionem,
3287 5567 3392 5622 Leo
3421 5567 3537 5632 PP,
3566 5564 3650 5630 IX,
3671 5563 3782 5616 utin

2178 5641 2309 5698 aliis
2341 5635 2557 5712 sigillis
2586 5635 2852 5694 notatum
2883 5635 3022 5692 vidi.
