3898 6452
119 498 230 560 197

1339 495 1754 560 EXPOSITIO
1795 494 2271 560 PSALMDRUM
2283 541 2297 556 .

3400 498 3516 567 198

120 633 238 690 tare
268 629 330 686 in
360 629 522 698 orbe,
556 633 620 686 ut
650 629 712 685 in
737 631 864 702 ejus
896 629 1198 690 sceleratis
1226 645 1342 688 non
1387 629 1763 703 implicentur
1787 629 1842 710 Α
1902 631 1938 681 7
2007 633 2201 696 Frater
2226 645 2335 685 non
2363 628 2606 696 redemit,
2636 628 2867 686 redimet
2894 629 3090 688 homo?

119 719 434 778 erroribus.

149 828 184 878 2
258 825 472 897 Quique
499 826 793 895 terrigenae
820 832 872 881 et
899 825 1011 895 ﬁlii
1041 825 1326 882 hominum
1353 843 1370 878 :

255 914 321 968 In
347 929 525 969 unum
552 913 700 972 dives
730 922 782 969 et
806 929 1035 988 pauper.

179 1003 221 1054 C
250 1001 478 1072 Quique
508 1001 832 1073 terrigenae,
867 1017 968 1072 per
1010 1001 1116 1055 hoc
1166 999 1606 1073 intelligendum
1648 1005 1758 1071 est,

116 1089 272 1159 quod
303 1105 514 1146 omnes
539 1089 896 1148 habitatores
926 1089 1189 1154 terra,ad
1211 1089 1566 1146 audiendum
1587 1091 1761 1146 verba

117 1177 209 1231 Dei
243 1182 543 1234 vocentur.
567 1183 606 1232 C
633 1177 958 1251 Terrigenae
984 1181 1313 1249 peccatores
1337 1179 1606 1250 sunt,qui
1625 1177 1763 1233 vitia

115 1270 345 1320 terrena
401 1269 714 1322 sectantur.
777 1263 902 1320 Filii
961 1264 1269 1322 hominum
1303 1267 1540 1335 :justos
1597 1265 1759 1337 dicit,

116 1352 397 1423 quoniam
448 1357 506 1409 et
553 1353 679 1424 ipse
721 1352 991 1408 Christus
1043 1353 1226 1410 Filius
1258 1352 1515 1410 hominis
1545 1355 1756 1410 dictus.

115 1439 156 1498 li
189 1439 300 1498 Per
345 1440 583 1498 divitem
633 1445 690 1496 et
733 1457 1045 1512 pauperem
1095 1440 1240 1496 liber
1280 1445 1337 1496 et
1379 1457 1581 1497 servus
1612 1443 1760 1498 accio

117 1527 380 1598 piuntur.

145 1633 177 1684 8
251 1631 326 1688 0s
351 1649 535 1689 mum
562 1635 814 1705 loquetur
840 1634 1174 1704 sapientiam
1194 1651 1213 1688 :

250 1721 325 1776 Et
346 1721 632 1777 meditatio
661 1721 838 1776 cordis
865 1723 978 1775 mei
1002 1720 1370 1792 prudentiam.

176 1813 218 1862 (ι
245 1808 328 1864 Os
360 1809 575 1864 Christi
600 1808 862 1880 loquitur
883 1809 1249 1880 sapientiam,
1266 1810 1323 1864 id
1344 1813 1451 1878 est,
1468 1812 1538 1866 ad
1561 1812 1760 1868 divina

114 1896 397 1966 mysteria
427 1896 796 1962 declaranda,
830 1913 954 1967 quae
1006 1896 1231 1952 occulta
1278 1904 1415 1953 sunt
1450 1900 1522 1954 ab
1580 1899 1758 1971 hujus

114 1983 314 2037 saeculi
370 1983 758 2055 sapientibus.
798 1984 1128 2042 Prudentia-
1154 1985 1401 2055 pertinet
1449 1986 1518 2040 ad
1571 2001 1761 2043 mores

114 2069 454 2141 probabiles
477 2070 883 2134 instituendos,
915 2071 999 2126 sic
1047 2071 1237 2126 omnis
1287 2072 1519 2127 divinus
1567 2090 1760 2132 sermo

112 2159 196 2214 his
229 2157 472 2214 duabus
501 2157 813 2214 virtutibus
843 2157 1177 2230 plenissime
1204 2159 1506 2215 indicatur.
1526 2161 1569 2215 li
1601 2161 1760 2216 86m—

114 2263 212 2318 per
242 2247 302 2300 in
338 2247 514 2302 corde
566 2247 908 2313 meditabor,
943 2250 1006 2301 ut
1049 2245 1318 2302 homines
1364 2247 1762 2319 relinquentes

113 2333 354 2390 stultam
407 2333 744 2405 vanitatem,
777 2334 989 2390 Christi
1041 2335 1410 2406 prudentiam
1450 2353 1762 2408 sequeren-

111 2427 227 2477 tur.

147 2530 177 2583 4
251 2528 538 2584 Inclinabo
570 2529 627 2583 in
646 2528 967 2599 parabolam
1000 2544 1189 2584 aurem
1216 2545 1393 2585 meam
1421 2547 1440 2584 :

248 2616 504 2687 Aperiam
540 2618 600 2670 in
622 2617 889 2687 psalterio
917 2618 1340 2688 propositionem
1367 2635 1565 2673 meam.

177 2706 455 2760 CAurem
507 2703 929 2760 inclinaturum
979 2722 1040 2760 se
1070 2703 1341 2776 promisit
1388 2707 1674 2773 Christus,
1703 2714 1766 2764 ut

110 2796 490 2864 cognosceret
522 2792 572 2848 si
607 2792 1080 2864 praedicationem
1102 2794 1229 2864 ejus
1253 2794 1504 2866 populus
1526 2797 1766 2853 devotus

114 2879 398 2951 impleret.
438 2879 502 2935 ln
553 2879 886 2952 parsbolam
921 2897 934 2935 :
970 2880 1294 2936 similitudo
1337 2883 1491 2938 enim
1533 2883 1616 2939 rei
1645 2885 1764 2939 veri

115 2967 360 3024 imitatio
391 2972 504 3034 est,
537 2972 594 3023 et
623 2973 714 3022 est
744 2985 954 3024 sensus
985 2973 1049 3022 ut
1077 2969 1233 3039 quod
1265 2970 1430 3025 nobis
1461 2973 1532 3026 ad
1573 2989 1764 3028 exem-

121 3055 279 3126 plum
311 3057 521 3112 datum
551 3059 659 3124 cst,
689 3057 894 3112 devota
937 3056 1304 3112 aemulatione
1347 3064 1611 3130 prompte
1658 3065 1767 3115 Do-

125 3145 278 3200 mino
306 3149 636 3218 praestante
656 3145 961 3200 faciamus.
996 3145 1227 3217 Aperire
1252 3162 1312 3202 se
1341 3145 1486 3201 dixit
1512 3146 1572 3202 in
1616 3149 1769 3221 psal-

125 3231 261 3287 terio
288 3233 777 3306 propositionem,
810 3233 867 3288 id
897 3239 987 3288 est
1014 3233 1442 3290 declaraturum
1490 3243 1773 3310 praecepta

122 3319 437 3391 divinitatis
461 3321 523 3376 in
556 3322 868 3376 sanctitate
899 3321 1118 3394 proprii
1141 3322 1422 3394 corporis,
1455 3329 1518 3378 ut
1565 3327 1772 3396 proba-

124 3412 271 3462 retur
316 3409 527 3466 docere
573 3411 748 3465 verbo
798 3414 855 3464 et
903 3409 1186 3481 exemplo.
1221 3411 1564 3467 Psalterium
1607 3414 1764 3470 enim

124 3497 286 3564 (sicut
315 3514 472 3570 saepe
501 3498 786 3569 diximus)
815 3498 1074 3570 corporis
1105 3499 1333 3555 Domini
1363 3501 1572 3558 decora
1601 3501 1764 3558 simi-

126 3583 299 3642 litudo
331 3592 442 3643 est.

151 3692 186 3744 5
254 3692 365 3747 Cur
393 3692 617 3748 timebo.
649 3695 720 3750 In
743 3693 832 3748 die
857 3693 1029 3756 mala.

248 3782 526 3854 Iniquiias
553 3783 804 3838 calcanei
830 3785 941 3844 mei
965 3782 1327 3840 circumdabit
1357 3800 1460 3840 me.

183 3871 220 3921 C
240 3872 353 3924 Cur
380 3870 626 3932 timebo.
658 3870 778 3925 Sub
810 3870 1260 3942 interrogatione
1300 3877 1355 3927 et
1385 3875 1760 3946 responsione

124 3956 340 4027 propria
363 3975 574 4019 versus
607 3957 718 4014 iste
748 3963 838 4014 est
866 3960 1358 4032 pronuntiandus,
1382 3961 1439 4016 id
1469 3966 1559 4020 est
1583 3980 1761 4036 quare

122 4042 491 4102 formidolosa
522 4047 874 4118 cogitatione
905 4049 1248 4114 confundar,
1272 4049 1330 4105 in
1361 4049 1451 4106 die
1483 4051 1678 4107 mala?
1700 4053 1758 4108 in

122 4130 201 4185 die
224 4133 442 4189 scilicet
468 4135 788 4207 passionis,
821 4153 946 4207 quae
978 4135 1134 4191 mala
1159 4136 1399 4206 Judaeis,
1433 4139 1585 4194 bona
1617 4140 1761 4196 iide-

122 4215 257 4274 libns
289 4222 418 4279 fuit.
453 4223 559 4280 Ille
591 4222 750 4278 enim
791 4224 964 4280 debet
1009 4225 1214 4280 timere
1261 4226 1437 4281 finem
1484 4228 1632 4297 vitaz,
1665 4228 1759 4302 qai

123 4315 472 4373 peccatorum
506 4311 910 4368 recordatione
935 4313 1254 4370 mordetur.
1269 4313 1532 4371 Christus
1563 4321 1757 4372 autem

125 4401 347 4456 mortem
379 4400 596 4456 timere
629 4417 743 4456 non
776 4404 1205 4476 poterat,quem
1227 4418 1341 4456 non
1365 4402 1761 4459 circumdabat

126 4479 381 4554 iniquitas
413 4487 702 4556 calcanei,
723 4489 1223 4560 quemadmodum
1255 4489 1402 4545 solet
1426 4492 1759 4564 contingere

126 4575 386 4636 peccatori
438 4576 500 4632 in
556 4575 675 4632 {ine
705 4575 852 4644 vitae,
884 4581 947 4631 ut
977 4581 1116 4632 tunc
1147 4577 1430 4648 iniquitas
1479 4579 1758 4635 scelerato

126 4656 220 4712 ﬁne
245 4661 422 4719 vitam
452 4663 895 4719 claudat.AVel
919 4663 1165 4736 quilibet
1194 4664 1367 4722 homo
1395 4682 1504 4721 sua
1523 4672 1759 4738 peccata

125 4758 419 4813 agnoscens
449 4752 626 4820 dicit,
655 4768 762 4807 cur
813 4751 1030 4807 timebo
1075 4751 1136 4806 in
1191 4751 1282 4808 die
1331 4753 1523 4810 mala?
1552 4753 1609 4809 id
1654 4759 1761 4823 est,

121 4830 316 4897 iudicii.
349 4839 417 4895 Et
449 4841 796 4914 respondet,
831 4839 982 4907 ideo,
1016 4841 1158 4911 quia
1199 4839 1478 4914 iniquitas
1509 4842 1762 4900 calcanei

128 4922 217 4974 mei
244 4925 637 4986 circumdabit
663 4928 839 4984 me.H
873 4928 934 4984 Id
967 4933 1056 4984 est
1085 4932 1390 5000 peccatum
1423 4930 1649 4988 actuale
1670 4930 1758 4987 vel

134 5008 398 5081 originale.

157 5114 184 5165 6
246 5119 341 5187 Qui
364 5124 660 5195 conﬁdunt
688 5125 750 5178 in
780 5125 986 5179 virtute
1009 5139 1112 5181 sua
1140 5142 1158 5177 :

245 5209 301 5263 Et
331 5213 386 5264 in
416 5209 794 5274 multitudine
821 5211 1148 5270 divitiarum
1175 5227 1400 5266 suarum
1429 5212 1758 5281 gloriantur.

191 5291 227 5347 ll
256 5298 354 5362 Qui
380 5301 701 5358 conﬁdunt
732 5299 788 5353 in
837 5299 1053 5354 virtute
1105 5314 1231 5365 sua,
1268 5297 1350 5352 illi
1397 5297 1676 5362 labuntur
1703 5302 1759 5356 in

142 5377 379 5442 calcaneo.
415 5393 455 5444 C
486 5390 556 5450 Et
591 5388 655 5444 in
701 5385 1079 5441 multitudine
1111 5385 1442 5442 divitiarum
1474 5378 1756 5444 suarum:

146 5478 333 5527 necesse
357 5481 440 5542 est
469 5476 637 5531 enim
673 5477 740 5533 ut
768 5471 916 5529 tales
943 5472 1190 5527 timeant
1220 5472 1418 5542 linem,
1447 5474 1548 5548 qui
1593 5475 1762 5534 dese-

148 5565 241 5608 rere
260 5562 546 5619 mundana
578 5561 816 5628 nolunt,
850 5565 906 5616 et
937 5564 1307 5634 peccatorum
1350 5578 1591 5616 suorum
1641 5580 1760 5638 pcn-

150 5653 225 5693 nas
252 5646 568 5707 formidant.
608 5651 904 5705 Virtutem
929 5665 1063 5703 vero
1096 5647 1241 5701 dixit
1269 5650 1532 5722 corporis
1583 5651 1756 5720 vires,

152 5729 290 5792 mimi
315 5741 504 5814 robur,
537 5740 766 5818 lingua:
790 5733 1286 5795 disertitudinem.

2009 717 2126 772 Non
2154 717 2305 772 dabit
2335 718 2440 772 Deo
2464 717 2826 788 placationem
2854 735 3012 773 suam
3041 739 3060 773 :

1942 805 1983 859 ll
2019 805 2218 861 Frater
2247 821 2363 860 non
2404 804 2670 871 redemit,
2704 805 2759 860 id
2794 811 2902 871 est,
2934 807 3138 874 Adam,
3172 808 3313 880 quia
3357 825 3512 872 mor-

1867 896 2004 947 tuus
2036 893 2158 963 ipse
2190 909 2304 948 non
2337 892 2605 960 surrexit,
2632 892 2720 948 vel
2766 894 2946 949 frater
2997 911 3109 952 non
3160 897 3426 964 redemit,
3456 897 3512 952 id

1867 984 1954 1035 est
1984 981 2228 1052 Moyses.
2253 981 2516 1035 Redimet
2546 981 2813 1048 homo,id
2844 986 2934 1038 cst
2959 982 3221 1042 Christus
3245 985 3510 1052 redimet,

1867 1085 2014 1139 quos
2046 1069 2273 1140 Moyses
2304 1085 2420 1123 non
2446 1069 2707 1126 redemit.
2733 1068 2832 1126 Ille
2851 1086 2965 1130 non
2988 1071 3147 1130 dabit
3167 1071 3283 1132 Deo
3317 1073 3514 1144 placa-

1868 1157 2108 1224 tionom,
2141 1156 2240 1228 qui
2270 1173 2384 1214 non
2411 1157 2534 1228 agit
2562 1156 2963 1227 paenitentiam
2997 1176 3010 1218 :
3043 1177 3145 1231 per
3176 1177 3356 1231 quam
3387 1162 3514 1234 pla—-

1867 1249 2031 1298 catur
2056 1243 2340 1302 Christus.
2357 1247 2397 1298 C
2416 1243 2518 1300 Vel
2551 1246 2660 1302 sub
2692 1245 3074 1306 admiratione
3094 1247 3402 1319 legendum
3427 1255 3518 1318 ost

1871 1332 1958 1388 sic
1991 1349 2003 1386 :
2041 1332 2164 1388 Non
2192 1332 2436 1388 redimet
2464 1331 2551 1387 vel
2579 1334 2772 1400 frater,
2808 1333 3054 1402 redemit,
3087 1335 3306 1391 scilicet
3334 1338 3520 1400 Chris-

1868 1424 1984 1486 tus,
2001 1419 2264 1487 redimet,
2284 1419 2582 1477 scilicetne
2612 1421 2825 1478 homo?
2849 1421 3070 1477 scilicet
3095 1423 3280 1480 Adam
3305 1441 3318 1479 :
3346 1440 3518 1496 quasi

1868 1508 2105 1574 diceret,
2135 1508 2184 1563 si
2214 1507 2480 1566 Christus
2511 1525 2624 1572 non
2657 1509 2902 1566 redemit
2931 1509 3019 1566 vel
3067 1510 3328 1581 redimet,
3349 1529 3520 1574 nemo

1867 1596 2130 1660 redimet,
2164 1596 2318 1650 unde
2348 1597 2613 1669 negative
2641 1597 2975 1669 legendum.
3011 1597 3135 1653 Non
3167 1597 3332 1656 dabit
3373 1600 3516 1672 Deo,

1867 1687 2000 1750 etc.,
2034 1683 2188 1739 ullus
2218 1683 2414 1752 homo.

1899 1789 1934 1842 8
2003 1789 2068 1843 El
2093 1790 2331 1860 pretium
2360 1789 2745 1860 redemptionis
2774 1791 2976 1845 animo:
3003 1806 3139 1847 suae.

2005 1881 2072 1933 Et
2099 1877 2368 1932 laborabit
2414 1879 2472 1932 in
2517 1882 2785 1940 internum
2830 1882 2882 1933 et
2928 1879 3176 1957 viveloxo
3196 1880 3376 1937 adhuc
3403 1901 3423 1938 :
3457 1883 3518 1937 in

2187 1983 2260 2020 m.

2187 1983 2260 2020 m.

1902 2053 1938 2107 9
2009 1966 2360 2110 Nofinfiidebit
2391 2056 2676 2112 interitum
2714 2072 2840 2110 cum
2870 2054 3068 2112 videbit
3094 2055 3366 2127 sapientes
3412 2072 3522 2113 πων

2079 2143 2280 2198 rientes
2311 2161 2331 2198 .·

2009 2229 2187 2285 Simul
2217 2231 2487 2301 insipiens
2509 2237 2562 2286 el
2591 2231 2790 2287 stultus
2811 2233 3090 2302 peribunt.

1942 2326 1987 2380 Η
2018 2327 2084 2382 Et
2113 2327 2364 2398 pretium
2398 2328 2816 2399 redemptionis
2851 2343 2862 2382 :
2894 2327 3245 2382 subauditur
3276 2345 3390 2383 non
3418 2329 3519 2383 da-

1872 2413 1975 2479 bit,
2009 2414 2145 2484 quia
2175 2431 2288 2469 non
2317 2415 2452 2470 fecit
2481 2414 2873 2488 elemosynam
2923 2432 3023 2487 per
3063 2432 3241 2487 quam
3291 2417 3524 2487 peccata

1871 2501 2155 2557 delentur.
2185 2501 2492 2557 Laborabit
2519 2501 2578 2557 in
2623 2507 2924 2570 aeternum,
2960 2503 3017 2558 in
3048 2503 3360 2560 tormentis
3390 2521 3519 2575 per-

1873 2589 2063 2661 petuis
2094 2591 2343 2661 positus,
2364 2595 2422 2644 et
2451 2589 2598 2651 vivet
2627 2590 2686 2645 in
2718 2590 3070 2662 finem,quia
3097 2607 3215 2646 non
3247 2591 3522 2648 interﬁoi~

1873 2682 1987 2744 tur,
2022 2679 2122 2732 sed
2155 2695 2386 2750 semper
2411 2683 2715 2750 reparatur
2744 2679 2816 2732 ad
2848 2695 3100 2750 pinnam.

1944 2765 1988 2819 Η
2021 2765 2144 2820 Non
2173 2766 2388 2822 videbit
2439 2766 2762 2832 interitum,
2797 2767 2905 2822 hoc
2944 2773 3052 2834 est,
3086 2784 3200 2822 non
3250 2766 3524 2839 intelligit

1875 2854 1986 2908 sibi
2018 2854 2324 2910 imminere
2354 2859 2664 2910 tormenta.
2697 2855 2840 2910 Cum
2869 2855 3078 2911 viderit
3107 2855 3404 2911 hominem
3459 2855 3521 2910 in

1875 2941 1990 2997 Deo
2021 2942 2366 3013 sapientem,
2399 2943 2473 2998 ab
2502 2943 2610 2998 hoc
2640 2944 2861 2998 mundo
2894 2943 3163 3015 migrare,
3195 2943 3356 3009 dicit,
3375 2943 3518 3015 quid

1875 3029 2011 3084 huic
2034 3030 2437 3102 jejunia,quid
2467 3031 2726 3095 castitas,
2741 3031 2881 3102 quid
2913 3031 3256 3104 elemosyna
3286 3032 3520 3103 profue-

1878 3123 2034 3184 runt,
2051 3134 2242 3174 nonne
2266 3123 2322 3173 et
2352 3119 2478 3190 ipse
2508 3124 2778 3174 mortuus
2807 3119 2933 3175 est?
2955 3119 3092 3174 Tale
3116 3119 3394 3190 quiddam
3420 3119 3526 3175 Rea

1879 3206 2165 3277 demptori
2196 3211 2394 3261 nostro
2423 3207 2606 3261 Judaei
2637 3206 2988 3262 insultantes
3013 3207 3318 3262 dicebant:
3353 3207 3518 3263 Nunv

1884 3295 2023 3366 quid
2055 3298 2115 3348 tu
2148 3296 2337 3365 major
2362 3311 2423 3350 es
2447 3299 2607 3366 patre
2628 3298 2826 3348 nostro
2854 3293 3145 3348 Abraham
3168 3295 3338 3364 \Joan.
3359 3293 3526 3365 vni)?

1827 3379 1845 3434 ἓ
1883 3387 1922 3437 C
1952 3383 2239 3455 Incipiens
2270 3387 2360 3438 est
2395 3383 2496 3454 qui
2546 3382 3056 3454 praedicationibus
3101 3381 3524 3453 prophetarum

1873 3472 2238 3543 acquiescere
2267 3489 2384 3528 non
2416 3470 2558 3526 vult.
2587 3471 2816 3526 Stultus
2843 3487 2976 3526 vero
3005 3469 3197 3525 dictus
3230 3487 3244 3526 :
3279 3470 3381 3541 qui
3412 3486 3515 3525 nec

1870 3559 2065 3632 ipsum
2096 3559 2408 3615 Dominum
2438 3559 2765 3615 venientem
2794 3557 2918 3614 vult
2953 3557 3226 3630 recipere.
3263 3558 3328 3614 Hi
3381 3574 3518 3630 ergo

1871 3646 2047 3704 simul
2086 3647 2377 3719 peribunt,
2407 3647 2686 3719 quoniam
2734 3647 2792 3703 in
2839 3647 3033 3702 intum
3072 3645 3298 3717 judicio
3353 3646 3518 3704 dam-

1870 3735 2046 3792 nandi
2077 3741 2235 3792 sunt.

1874 3843 1939 3896 10
2009 3843 2076 3896 Et
2102 3842 2408 3913 relinquent
2436 3843 2636 3897 alienis
2669 3841 2892 3897 divitias
2922 3858 3054 3896 suas
3085 3859 3103 3896 :

1955 3933 2044 4008 ἧς
2064 3931 2126 3985 Ει
2165 3935 2180 3988 ζ
2221 3931 2464 4001 sepulcra
2483 3947 2670 3986 eorum
2694 3930 2880 3985 domus
2893 3930 3116 3984 illorum
3139 3931 3197 3985 in
3217 3937 3519 3985 aeternum.

1940 4031 1985 4086 Η
2015 4028 2122 4094 Qui
2149 4028 2208 4082 in
2241 4027 2460 4082 divitiis
2496 4031 2552 4081 et
2581 4044 2697 4081 non
2728 4025 2789 4080 in
2821 4025 3066 4080 Domino
3098 4029 3354 4096 sperant,
3387 4041 3522 4095 per-

1869 4119 2018 4174 dunt
2038 4120 2446 4186 utrumque,et
2474 4114 2705 4169 divitias
2744 4119 2800 4168 et
2830 4113 2930 4168 Dei
2961 4112 3340 4183 adjutorium.
3365 4111 3520 4166 Divi-

1869 4207 1980 4262 tias
2009 4206 2138 4260 ideo
2171 4202 2594 4275 perdunt,quia
2625 4202 2703 4256 ibi
2735 4205 3058 4276 posuerunt
3079 4200 3176 4255 ubi
3202 4201 3367 4254 fures
3389 4201 3523 4255 eil’o-

1869 4295 2036 4350 diunt
2069 4310 2081 4348 :
2117 4292 2216 4347 Dei
2247 4289 2624 4362 adjutorium,
2658 4288 2796 4360 quia
2824 4288 2993 4343 illum
3042 4291 3408 4359 spreverunt.
3456 4287 3522 4342 Et

1869 4381 2098 4438 divitias
2131 4396 2278 4451 quas
2307 4394 2656 4450 magnopere
2686 4375 3026 4449 diligebant,
3060 4392 3174 4430 non
3224 4375 3370 4444 suis,
3410 4376 3522 4430 sed

1868 4470 2048 4543 (quod
2081 4468 2316 4541 gravius
2347 4470 2499 4534 uret)
2526 4464 2815 4520 extraneis
2840 4463 3246 4534 derelinquant
3278 4467 3514 4534 propter

1869 4575 2018 4630 quas
2049 4557 2248 4612 omnia
2274 4559 2511 4628 peccata
2540 4552 3060 4609 commiserant.Et
3085 4551 3373 4607 fabricant
3402 4549 3514 4606 sibi

1873 4646 2143 4718 sepulcra
2189 4646 2259 4701 de
2307 4660 2597 4699 marmore
2631 4659 2643 4697 :
2677 4643 2867 4710 ﬁrma,
2913 4657 3128 4713 magna
3169 4644 3226 4695 et
3273 4637 3522 4712 pulchra

1795 4707 1844 4784 D
1874 4707 2040 4809 quasi
2088 4736 2299 4790 domus
2346 4733 2405 4787 in
2459 4737 2740 4788 aeternum
2791 4745 3120 4786 mansuras.
3154 4729 3297 4784 Ecce
3342 4727 3519 4783 etiam

1875 4824 2250 4880 morientium
2281 4837 2513 4894 pompa.

1875 4933 1935 4986 11
2019 4929 2395 4986 Tabernacnla
2425 4943 2611 4983 eorum
2643 4929 2703 4982 in
2727 4927 2990 4999 progenie
3016 4932 3068 4980 et
3088 4924 3349 4996 progenie
3384 4940 3401 4976 :

2019 5021 2347 5075 Vocaverunt
2371 5018 2598 5072 nomina
2626 5032 2727 5071 sua
2759 5018 2814 5070 in
2849 5019 3007 5070 terris
3037 5015 3172 5068 suis.

1942 5126 1986 5181 ll
2019 5125 2146 5180 Haec
2178 5124 2287 5181 erit
2314 5121 2432 5178 illis
2463 5126 2742 5194 perpetua
2770 5119 3073 5187 habitatio,
3105 5119 3243 5194 quia
3269 5135 3384 5176 non
3424 5135 3511 5176 re-

1870 5218 2122 5286 surgunt
2145 5217 2209 5272 ut
2238 5211 2492 5268 habeant
2521 5209 2701 5268 vitam
2723 5209 3126 5280 aeternam,sed
3149 5215 3211 5264 ut
3233 5208 3520 5268 damnen-

1869 5307 1967 5358 tur
1986 5301 2044 5354 in
2072 5316 2323 5372 poenam.
2346 5297 2728 5365 Vocaverunt,
2749 5313 2900 5369 sazpe
2920 5295 3074 5352 enim
3100 5295 3310 5369 pagani
3334 5310 3523 5365 supra

1869 5390 2277 5448 defunctorum
2311 5385 2626 5464 epulantur
2647 5385 2935 5458 sepulcra,
2951 5389 3009 5440 et
3029 5385 3088 5442 in
3110 5383 3348 5440 nomine
3373 5397 3526 5436 mor-

1868 5482 2107 5532 tuorum
2138 5473 2634 5539 bibentes,inania
2663 5474 2932 5545 quaedam
2963 5489 3099 5529 cum
3119 5467 3521 5526 modulatione

1870 5568 2110 5628 canunt.
2144 5563 2185 5618 C
2211 5566 2398 5633 Atque
2438 5561 2709 5616 invocant
2760 5561 2997 5620 nomina
3039 5563 3432 5617 mortuorum,
3464 5555 3526 5608 et

1869 5654 2114 5708 credunt
2134 5651 2240 5706 hoc
2273 5648 2390 5704 illis
2419 5647 2713 5720 prodesse.
2746 5647 2790 5702 H
2824 5647 2936 5703 Sed
2967 5645 3114 5702 nihil
3162 5642 3402 5716 prodest
3448 5636 3507 5689 in

1868 5743 2093 5801 interno
2124 5735 2436 5808 damnatis,
2469 5739 2526 5794 et
2553 5734 2635 5793 ita
2682 5750 2784 5808 per
2820 5739 3026 5802 terras,
3061 5729 3332 5806 sepulcra
3379 5723 3527 5780 acci-
