3898 6414
51 467 208 532 641

1083 476 1491 545 EPISTOLIE
1528 482 1631 543 ET
1675 478 2040 545 DECRETA
2083 475 2555 545 PONTIFICIA.

3390 484 3507 553 642

49 609 790 680 nnstrumapostolicum
821 611 1189 685 privilegium
1227 614 1422 668 venire
1460 612 1546 666 vel
1582 630 1753 667 usur—
1786 625 1835 690 Α
1868 612 2782 669 diil‘errvnondebebit.Similiter
2798 614 3508 672 altariumetbasilicarum

54 709 242 761 puro
285 694 483 752 liccat.
518 698 575 753 Si
610 700 742 771 quis
777 705 973 755 autem
1004 702 1312 757 temerario
1344 720 1511 765 ausu,
1544 707 1651 756 etc.

144 779 406 839 Datum
438 803 494 841 v1
526 785 663 843 Idus
692 788 932 860 Aprilis,
964 807 1068 861 per
1097 807 1307 846 manus
1347 789 1497 845 Petri
1533 789 1759 845 diaconi

44 868 542 929 bibliothecarii
565 879 622 930 et
643 876 949 932 cancellari
973 882 1184 933 sancta:
1206 878 1533 950 apostolicae
1579 879 1757 945 sedis,

44 974 251 1015 anno
291 962 500 1018 domui
536 964 740 1021 Leonis
763 966 898 1021 noni
924 966 1027 1022 PP.
1057 985 1115 1034 ιι,
1167 967 1483 1023 indictione
1503 985 1558 1022 ιν
1588 968 1756 1038 (127).

828 1072 1047 1127 XXXV.

50 1154 119 1208 S.
167 1156 299 1212 Leo
336 1160 418 1223 _IX
470 1162 732 1230 approbat
785 1162 1245 1234 praedecessorum
1303 1165 1598 1234 privilegia
1650 1177 1761 1218 mo-

507 1234 761 1287 masterio
792 1232 1104 1289 Corbct'ensi
1121 1232 1386 1291 concessa.

743 1322 930 1392 (Anno
961 1322 1143 1392 1050.)

501 1408 835 1481 [D’Achery,
868 1412 1055 1482 Spi'cil.
1091 1412 1183 1478 IlI,
1225 1412 1377 1483 349.)

146 1494 288 1549 Lao
326 1496 663 1569 episcopus,
693 1517 895 1556 servus
918 1518 1215 1556 servorum
1240 1501 1359 1568 Dei,
1391 1503 1641 1557 Fumom
1664 1502 1762 1556 ab-

56 1582 202 1636 bati
248 1584 605 1641 Corbeiensi
640 1588 1087 1642 monasteriisiti
1110 1589 1164 1642 in
1188 1605 1332 1661 pago
1358 1589 1755 1657 Ambianensi,

59 1676 460 1743 perpetuam
494 1674 553 1730 in
585 1675 831 1731 Domino
865 1676 1139 1733 salutem.

145 1760 468 1818 Convenit
488 1763 802 1836 apostolico
821 1765 1202 1821 moderamini
1234 1764 1617 1838 piareligione
1639 1765 1761 1838 pol-

62 1848 372 1907 lentibus
401 1851 680 1908 benevola
711 1853 1115 1924 compassione
1142 1871 1501 1919 succurrere,
1561 1859 1617 1909 ct
1662 1872 1761 1925 pe-

61 1938 362 1994 tentium
399 1939 707 1997 desideriis
733 1958 1057 2012 congruum
1081 1942 1366 2014 impartiri
1393 1943 1762 2011 suffragium.

66 2028 145 2083 Et
164 2027 497 2100 ideo,quia
511 2030 821 2102 postulasti
837 2048 869 2085 a
884 2031 1054 2087 nobis
1068 2032 1648 2103 quatenus,exempla
1666 2050 1762 2086 an-

67 2120 479 2187 tecessorum
512 2124 844 2174 nostrorum
881 2120 1520 2192 sequentes,privilegio
1553 2125 1763 2175 nostris

77 2205 458 2279 apostolicae
478 2208 843 2263 auctoritatis
866 2210 1287 2265 monasterium
1303 2214 1561 2264 vestrum
1608 2211 1764 2281 ejus-

72 2310 198 2365 que
215 2294 397 2350 bona
429 2297 599 2367 [tam)
623 2298 933 2368 prmsentia
952 2314 1130 2369 quam
1155 2297 1351 2354 futura
1372 2297 1759 2366 muniremus,

77 2388 137 2439 et
169 2384 374 2440 etiam
400 2385 987 2458 prmrogativamﬂpsi
1013 2386 1367 2441 monasterio
1386 2386 1658 2442 collatam
1690 2388 1760 2443 ab

78 2472 404 2545 episcopis
427 2474 921 2530 Ambianensibus
953 2478 1011 2530 et
1041 2473 1494 2547 archiepiscopis
1520 2475 1762 2531 Remen-

84 2560 261 2616 sibus
277 2577 394 2615 nec
413 2578 529 2616 non
547 2560 883 2633 apostolicis
896 2560 1037 2617 viris
1054 2561 1490 2617 antecessoribu
1504 2579 1531 2617 s
1546 2561 1762 2618 nostris

82 2650 566 2706 corroboramus
590 2668 602 2706 :
631 2650 888 2705 inclinati
907 2651 1176 2722 precibus
1192 2650 1440 2722 tuis,per
1460 2650 1612 2707 hanc
1631 2668 1760 2707 nos-

91 2744 199 2794 tra:
223 2739 576 2811 apostolicis
608 2740 973 2796 auctoritatis
994 2756 1300 2795 censuram
1340 2740 1758 2796 conﬁrmamus

91 2833 150 2884 et
174 2830 653 2885 corroboramus
685 2828 970 2901 quidquid
1001 2829 1298 2885 invenitur
1337 2830 1397 2884 in
1435 2829 1756 2901 privilegiis

92 2917 1496 2985 antecessorumnostrorum,Benedicti,Nicolai,
1511 2918 1759 2974 Christo-

91 3005 367 3078 phori,ut
400 3005 630 3063 scilicet
662 3008 967 3079 prmt‘atum
998 3010 1260 3061 vestrum
1310 3007 1755 3073 monasterium,

96 3112 296 3151 rerum
331 3113 586 3151 suarum
616 3095 859 3150 liberam
891 3096 1153 3151 obtineat
1183 3095 1669 3164 dominationem,
1702 3102 1760 3151 et

98 3201 480 3256 quiscunque
511 3185 696 3239 eidem
734 3184 1091 3239 monasterio
1123 3184 1180 3239 in
1214 3201 1377 3249 auro,
1402 3184 1459 3239 in
1494 3190 1754 3257 argento,

102 3273 157 3328 in
199 3274 385 3347 agris,
421 3273 487 3328 in
511 3274 768 3338 famulis,
800 3274 856 3328 in
889 3272 1248 3344 quibuslibet
1270 3272 1401 3328 aliis
1430 3274 1602 3330 rebus
1634 3274 1754 3331 fue-

1874 703 2369 756 (,‘Ullatt'l‘tttiuttclil
2399 708 2513 757 tam
2548 704 2606 757 in
2640 704 2767 775 ipso
2809 704 3168 760 monasterio
3227 721 3404 775 quam
3454 707 3512 762 in

1876 791 2349 858 possessionibus
2369 793 2633 862 ejusdem
2660 810 2671 847 :
2697 792 2955 849 chrisma
2984 810 3218 865 qnequc
3242 799 3300 849 et
3321 793 3515 850 oleum

1872 882 2275 933 consecratum
2308 880 2561 952 singulis
2591 882 2782 947 annis,
2808 899 2914 937 nec
2952 882 3192 954 aliquod
3214 888 3520 955 propterea

1868 981 2084 1021 munus
2104 983 2431 1039 eiiposcere.

1942 1053 2369 1111 Constituentes
2399 1057 2574 1112 etiam
2608 1063 2673 1112 ut
2692 1055 2892 1113 nullus
2921 1075 3022 1130 per
3043 1058 3363 1116 Galliarum
3383 1060 3517 1116 Ger-

1867 1142 2317 1215 maniarumque
2331 1145 2802 1217 provincias,sive
2818 1145 3002 1202 laicus
3016 1147 3223 1203 sitsive
3243 1147 3515 1217 clericus,

1869 1229 1930 1283 in
1962 1230 2244 1298 ecclesiis,
2278 1236 2433 1305 agris
2463 1233 2551 1289 vel
2581 1234 2816 1291 famulis
2837 1236 3096 1307 aliquam
3125 1254 3292 1291 suam
3318 1237 3517 1293 volun-

1868 1321 2049 1373 tatem
2081 1327 2374 1389 exerceat,
2406 1329 2612 1394 praeter
2640 1324 2997 1379 voluntatem
3030 1325 3255 1380 abbatis
3288 1331 3346 1382 et
3395 1327 3510 1381 fra-

1869 1408 2286 1474 trum,etiamsi
2320 1428 2418 1465 rex
2450 1414 2543 1478 sit,
2577 1413 2712 1479 dux,
2735 1414 3015 1481 niarchio,
3038 1414 3513 1487 archiepiscopus

1867 1494 1955 1549 vel
1988 1497 2319 1568 episcopus.

1941 1584 2251 1640 Sancimns
2286 1593 2564 1657 praeterea
2596 1590 2745 1643 inter
2775 1607 2834 1643 se
2868 1590 3139 1645 abbatem
3163 1589 3373 1661 eligere
3401 1591 3515 1646 fra-

1868 1678 1987 1728 tres
2013 1674 2334 1730 secundum
2378 1677 2583 1744 Deum,
2617 1696 2721 1733 nec
2752 1679 3007 1749 aliquem
3039 1678 3361 1751 principem
3412 1677 3520 1734 hoc

1872 1764 2085 1819 audere
2108 1782 2295 1838 agere,
2326 1782 2429 1820 nec
2446 1767 2637 1838 ipsum
2664 1768 2935 1823 abbatem
2958 1772 3276 1841 postquam
3301 1766 3519 1825 electus

1874 1851 2065 1923 fuerit,
2098 1855 2210 1909 nisi
2236 1854 2295 1909 in
2327 1855 2611 1926 probabili
2638 1855 2881 1911 crimine
2905 1855 3402 1927 deprehendatur,
3424 1856 3521 1912 de-

1864 1939 1968 2008 jici
1993 1958 2007 2006 ;
2038 1942 2136 1996 sed
2163 1943 2437 1999 canonice
2456 1944 2821 1998 examinctur
2840 1948 2897 1999 et
2917 1943 3296 2015 dijudicetur.
3332 1947 3519 2011 Quam

1877 2034 2133 2084 nostram
2166 2031 2524 2087 sanctionem
2556 2032 2608 2087 si
2632 2033 2763 2104 quis
2783 2031 3099 2101 violaverit,
3130 2032 3520 2089 admoneatur

1874 2118 2290 2174 satisfactionis
2322 2120 2392 2173 ab
2422 2121 2797 2175 Ambianensi
2822 2120 3094 2193 episcopo
3120 2138 3133 2189 ;
3168 2120 3219 2176 si
3247 2136 3381 2177 vero
3398 2132 3517 2177 non

1874 2206 2176 2271 obedierit,
2209 2208 2383 2263 etiam
2415 2225 2449 2263 a
2505 2209 2775 2263 Rttmeitsi
2832 2208 3303 2281 archiepiscopo:
3358 2208 3515 2281 quod

1874 2293 1922 2348 si
1956 2311 2057 2349 nec
2086 2295 2244 2350 hunc
2268 2297 2537 2362 audierit,
2560 2295 2738 2352 liceat
2760 2297 3390 2354 fratribusmonasterii
3414 2298 3521 2355 Ro-

1874 2400 2107 2438 manam
2136 2386 2331 2439 sedem
2367 2384 2681 2457 appellare,
2715 2390 2769 2441 et
2800 2385 3380 2459 Romanuspontil'ex
3398 2403 3516 2443 non

1871 2471 2100 2529 differat
2133 2474 2404 2530 eumdem
2434 2474 2772 2531 violatorem
2806 2491 2900 2530 ore
2922 2474 3155 2548 proprio
3173 2475 3521 2533 anathema-

1872 2561 2066 2618 tizare.

1943 2650 2177 2718 Ultimo,
2210 2651 2350 2723 quia
2372 2651 2441 2707 ad
2471 2651 2849 2723 apostalicam
2885 2653 3081 2708 sedem
3104 2657 3227 2709 tam
3250 2652 3516 2722 devotus,

1868 2739 1949 2792 ﬁli
1974 2738 2344 2808 clxarissime,
2367 2741 2597 2809 venisti,
2622 2740 2842 2812 placuit
2863 2741 3283 2798 muniﬁcentiae
3301 2745 3512 2798 nostra

1868 2844 2039 2881 usum
2073 2827 2175 2882 tibi
2208 2828 2532 2884 dalmaticaz
2564 2835 2619 2885 et
2649 2828 3049 2886 sandaliorum
3074 2829 3416 2898 concedere,
3447 2845 3516 2886 ea

1866 2920 2057 2971 tamen
2092 2919 2313 2973 ratione
2344 2921 2411 2973 ut
2438 2933 2554 2973 non
2586 2917 2848 2991 negligas
2879 2918 3049 2973 annis
3082 2916 3335 2991 singulis
3357 2934 3508 2973 nun-

1868 3004 2012 3059 tium
2047 3006 2114 3059 ad
2152 3005 2529 3078 apostolicam
2562 3007 2759 3063 sedem
2793 3006 3043 3078 dirigere
3064 3006 3270 3077 tuique
3299 3022 3511 3062 conve-

1868 3093 2037 3149 niens
2060 3095 2398 3151 monasterii
2431 3096 2758 3163 notiﬁcare,
2790 3099 2854 3151 ut
2880 3112 2981 3151 vos
3012 3094 3318 3151 valeamus
3337 3094 3387 3150 si
3417 3108 3516 3151 ne-

1864 3198 2025 3237 cesse
2058 3184 2229 3238 fuerit
2257 3184 2551 3255 adjuvare.
2584 3187 2912 3239 Statuentes
2944 3182 3260 3256 apostolica
3273 3198 3521 3240 censura

1867 3288 1937 3326 ne
1971 3274 2103 3343 quis
2138 3290 2397 3345 unquam
2433 3271 2793 3341 mortalium,
2826 3272 2943 3327 sive
2984 3273 3061 3326 sit
3100 3289 3196 3328 rex
3252 3273 3371 3327 sive
3420 3288 3516 3328 co-
3555 3267 3566 3277 ’

101 3363 525 3427 rintoblata,in
558 3367 656 3417 tua
683 3368 1035 3433 tuorumque
1055 3363 1752 3419 successorumabbatum
1798 3355 1841 3423 C
1881 3378 2025 3428 mes,
2058 3362 2533 3435 archiepiscopus
2591 3361 2677 3417 vel
2726 3361 3052 3434 episcopus,
3107 3361 3287 3416 aliave
3339 3377 3513 3432 parva

104 3450 480 3523 fratrumque
512 3458 787 3505 maneant
816 3450 1201 3521 dispositione
1253 3454 1311 3505 et
1366 3449 1550 3506 libera
1597 3456 1757 3523 pote-

110 3544 294 3595 state:
331 3557 440 3595 nec
471 3538 644 3594 liceat
675 3540 947 3611 episcopo
1004 3538 1378 3594 Ambianensi
1436 3540 1763 3611 quidquam

112 3628 396 3698 portionis
428 3644 499 3684 ex
528 3628 612 3683 eis
644 3628 906 3698 accipere
930 3626 1014 3683 vel
1048 3644 1394 3698 exposcere;
1431 3644 1536 3683 nec
1569 3629 1627 3683 in
1661 3630 1761 3684 ab-

114 3716 239 3773 bate
266 3716 357 3774 vel
388 3717 449 3772 in
485 3717 767 3772 fratribus
788 3717 870 3771 vel
902 3717 959 3771 in
982 3715 1107 3788 ipso
1131 3716 1389 3772 coenobio
1414 3722 1757 3789 potestatem

115 3821 394 3876 exercere,
418 3805 543 3862 sive
572 3805 629 3859 in
664 3804 823 3859 cellis
872 3805 1136 3871 ejusdem
1188 3804 1550 3871 monasterii,
1600 3806 1755 3861 vide-

114 3892 236 3950 licet
267 3894 723 3961 Busco,Braczo,
748 3896 991 3959 'l‘aneta,
1027 3893 1265 3961 Naurdi,
1300 3893 1491 3961 Uscia,
1514 3895 1752 3962 Thenis,

119 3982 230 4039 sive
257 3983 318 4038 in
348 3982 580 4038 clericis
602 3982 688 4037 vel
712 3982 769 4036 in
797 3982 982 4047 laicis,
1010 3982 1099 4037 vel
1117 3983 1174 4037 in
1190 3983 1429 4039 famulis
1458 3984 1757 4041 omnibus-

122 4085 222 4139 que
238 4071 689 4142 possessionhns
703 4073 771 4125 ad
791 4076 1049 4142 respectu
1062 4088 1116 4125 m
1131 4071 1395 4137 ejusdem
1415 4074 1753 4129 monasterii

124 4157 357 4231 ejusque
374 4159 654 4215 cellarum
677 4159 1125 4231 pertinentibus,
1160 4160 1439 4233 sicutipsi
1461 4168 1753 4222 monaste-

128 4244 201 4298 rio
222 4249 343 4318 jam
365 4249 593 4303 dudum
625 4248 1446 4319 concessumcognovimus,et
1466 4251 1756 4309 collauda-

128 4334 242 4389 tum
269 4337 342 4392 ab
367 4336 660 4409 episcopis
690 4337 1184 4394 Ambianensibus
1214 4342 1271 4393 et
1299 4338 1753 4414 archiepiscopis

133 4419 501 4481 Remensibus
531 4426 868 4497 cazterisque
900 4426 1191 4482 universis
1213 4427 1505 4500 episcopis
1537 4428 1750 4487 Gallia-

133 4524 268 4567 rum.

195 4599 555 4659 Prohibentes
588 4622 659 4659 ne
680 4604 1078 4675 quisunquam
1101 4604 1512 4662 Ambianensis
1533 4608 1749 4680 episco-

1879 3466 2208 3522 magnaque
2238 3466 2486 3522 persona
2502 3455 2703 3505 contra
2730 3450 2837 3504 hoc
2852 3454 3113 3503 nostrum
3146 3448 3512 3522 privilegium

1872 3538 2066 3593 venire
2104 3542 2365 3593 attentet.
2420 3538 2581 3601 Quod
2613 3537 2712 3609 qui
2773 3536 2991 3604 fecerit,
3051 3538 3123 3592 ad
3183 3550 3368 3609 usque
3420 3536 3509 3593 di-

1870 3643 2045 3699 gnam
2078 3626 2535 3682 satisl‘actionem
2567 3624 2797 3681 vinculo
2828 3625 3222 3681 anathematis
3262 3626 3509 3682 innoda-

1867 3719 1964 3770 tus
1995 3715 2091 3770 sit.
2126 3715 2231 3781 Qui
2264 3732 2395 3770 vero
2449 3714 2742 3769 illibatum
2800 3715 3166 3783 custodierit,
3199 3731 3233 3771 a
3263 3715 3510 3771 Domino

1867 3803 1982 3859 Deo
2012 3804 2394 3859 benedicatur
2418 3808 2475 3859 et
2504 3811 2728 3859 aeternas
2744 3804 2868 3858 vitae
2890 3804 3181 3876 particeps
3198 3804 3504 3862 efﬁciatur.

1866 3897 2073 3947 Amen.

1935 3982 2080 4037 Data
2106 4000 2201 4037 x1v
2222 3981 2346 4037 Kal.
2380 3982 2558 4038 Maias
2590 3998 2690 4054 per
2722 3997 2933 4036 manus
2963 3982 3114 4036 Petri
3137 3981 3389 4050 diaconi,
3423 3982 3508 4037 bi-

1862 4069 2220 4126 bliothecarii
2253 4075 2309 4126 et
2339 4070 2669 4126 cancellarii
2702 4074 2915 4126 sancta:
2945 4070 3281 4141 apostolicae
3312 4070 3493 4138 sedis,

1863 4176 2017 4215 anno
2047 4160 2267 4215 domini
2298 4160 2504 4217 Leonis
2536 4158 2606 4214 ΙΧ
2638 4176 2799 4232 papae
2848 4160 3126 4227 secundo,
3189 4158 3505 4216 indictione

1862 4254 2070 4321 quarta
2090 4250 2256 4320 (128).

2554 4336 2801 4393 XXXVI.

1860 4428 2220 4498 Privilegium
2250 4427 2302 4483 S.
2338 4428 2529 4482 Leonis
2545 4428 2613 4481 IX
2634 4442 2736 4498 pro
2758 4427 3087 4482 monasterio
3123 4426 3500 4484 Viseliacensi.

1932 4516 2042 4571 Lao
2061 4516 2365 4588 episcopus
2396 4531 2600 4570 servus
2622 4530 2921 4569 servorum
2945 4513 3375 4581 Dei,Gauraiuo
3396 4514 3498 4570 ab-

1858 4605 1978 4661 bati
2007 4605 2414 4661 Vizeliacensis
2435 4603 2863 4675 coanobii,quod
2895 4608 2987 4658 est
3015 4602 3074 4657 in
3104 4602 3321 4658 honore
3380 4601 3498 4659 Do-

136 4699 229 4783 pus
257 4695 596 4759 potestatem
631 4693 841 4747 habeat
873 4694 1017 4765 ipse,
1049 4693 1137 4748 vel
1168 4695 1631 4763 mconomus,vel
1655 4715 1745 4753 ar-
1776 4720 1822 4783 υ
1860 4694 2003 4749 mini
2036 4694 2216 4749 nosiri
2243 4693 2382 4748 Jesu
2436 4691 2652 4748 Christi
2705 4698 2763 4746 et
2819 4690 3186 4746 veneratione
3229 4690 3495 4761 ejusdem

139 4770 523 4851 chipresbyter,
560 4787 663 4836 aut
694 4782 1143 4837 archidiaconus
1173 4784 1641 4853 ejus,accedendi
1673 4788 1744 4842 ad

134 4868 363 4921 vestrum
392 4871 819 4925 monasterium
842 4872 1088 4942 ejusque
1118 4872 1324 4939 cellas,
1356 4873 1467 4928 nisi
1498 4874 1643 4931 forte
1659 4875 1745 4931 vel

140 4954 444 5011 necessitate
471 4956 554 5012 vel
593 4958 902 5015 dilectione
934 4960 1005 5015 ab
1023 4960 1231 5016 abbate
1262 4962 1599 5018 monasterii
1620 4965 1746 5020 fue-

138 5034 196 5090 rit
220 5049 438 5100 vocatus
466 5063 478 5101 :
512 5063 591 5102 ea
622 5053 816 5103 tamen
850 5049 1071 5104 ratione
1102 5054 1167 5104 ut
1213 5066 1317 5105 nec
1375 5050 1434 5105 in
1485 5052 1745 5110 ecclesiis

143 5121 300 5183 eidem
321 5136 673 5192 monasterio
692 5154 757 5192 su
768 5137 1084 5206 bjectis,vel
1107 5138 1163 5192 in
1186 5141 1524 5195 earumdem
1564 5142 1742 5197 eccle-

150 5209 336 5273 Siamm
362 5218 1061 5281 clericismolestationem
1105 5226 1192 5280 vel
1242 5228 1739 5297 perturbationem

157 5310 291 5366 agere
306 5310 522 5379 audeat;
545 5314 631 5367 vel
658 5332 863 5369 novam
885 5316 1369 5370 consuetudinem
1415 5318 1610 5371 abbati
1650 5319 1740 5374 vel

157 5381 966 5475 fratribusstatuat,disponens
987 5402 1208 5475 aliquid
1231 5407 1432 5460 contra
1467 5404 1739 5461 volunta-

166 5471 252 5529 lem
265 5493 462 5541 eorum:
478 5489 571 5560 qui
584 5493 779 5547 tamen
796 5491 1216 5548 monachorum
1226 5491 1312 5548 vel
1324 5492 1735 5551 canonicorum

166 5560 344 5633 etquae
362 5573 529 5633 abbas
560 5593 693 5635 cum
744 5580 1024 5638 fratribus
1071 5581 1302 5655 petierit
1337 5582 1735 5642 ordinationes

222 5734 341 5818 (128)
368 5747 491 5830 Leg.
520 5753 637 5817 ind.
670 5772 755 5816 in.
777 5757 951 5820 ἔλειπε

1856 4783 2164 4838 Genitricis
2193 4788 2250 4837 et
2280 4783 2584 4837 beatorum
2607 4779 3011 4853 apostolorum
3035 4778 3184 4834 Petri
3217 4786 3275 4834 ct
3303 4778 3493 4848 Pauli,

1853 4877 1910 4927 et
1932 4873 2107 4926 beata}
2141 4871 2332 4926 Mariae
2367 4869 2715 4942 Magdalenaa
2748 4871 2994 4940 ejusque
3051 4869 3498 4926 successoribus

1855 4962 1914 5016 in
1949 4964 2314 5033 perpetuum.

1922 5049 2207 5116 Quoniam
2235 5048 2578 5120 postulastis
2610 5065 2643 5102 a
2674 5048 2938 5103 Romana
2962 5047 3119 5116 sede,
3154 5046 3247 5102 cui
3266 5047 3384 5104 Deo
3403 5065 3501 5105 au-

1852 5144 2007 5195 ctore
2037 5137 2593 5200 deservimus,vobis
2624 5136 2955 5191 conﬁrmari
2987 5135 3291 5209 privilegia
3312 5137 3384 5194 ab
3404 5154 3501 5195 an-

1853 5228 2244 5283 tecessoribus
2262 5227 2478 5281 nostris
2494 5231 2694 5280 vestrae
2711 5224 2965 5280 ecclesiis
2997 5224 3226 5292 collata,
3250 5225 3495 5297 dignum

1855 5318 1889 5371 d
1901 5317 2131 5371 uximus
2143 5322 2391 5370 vestram
2410 5314 2746 5386 petitionem
2764 5313 3363 5386 adimplere.Proinde
3377 5328 3493 5366 mo-

1851 5408 2174 5461 nasterium
2209 5403 2552 5475 praedictum
2585 5403 2644 5458 in
2676 5419 2822 5474 pago
2852 5401 3122 5458 Avalensi
3153 5402 3210 5455 in
3270 5399 3486 5454 ﬁnibus

1849 5494 2200 5567 Burgundiie
2213 5496 2616 5548 constructum
2630 5491 2956 5564 opibusque
2968 5490 3214 5545 ditatum
3234 5501 3482 5557 quorum

1846 5584 1984 5641 dam
2014 5587 2231 5639 sancite
2260 5578 2937 5653 Ecclesiae...,privilegio
2984 5580 3191 5633 nostrae
3249 5576 3479 5646 aposto-

1910 5760 2060 5840 (128)
2091 5759 2227 5836 Leg.
2253 5758 2440 5818 tertia.
2471 5756 2661 5820 Jun.
