3898 6356
333 497 452 559 643

1397 495 1461 556 s.
1510 493 1787 556 LEONIS
1833 492 1911 556 1x
1955 487 2184 554 PAPE
2225 455 2661 556 opuscuL-A.

3675 487 3803 550 644

333 629 456 684 licia
477 625 838 682 auctoritatis
860 625 1086 682 decreto
1107 627 1491 699 indulgentes,
1515 627 1677 682 vobis
1700 625 1959 681 conoedi-
1990 629 2044 694 Α
2075 631 2357 681 turutnec
2369 625 2677 698 pluralitas
2690 625 3129 698 penuriam,nec
3143 621 3800 698 paucitasinhabian-

335 733 488 784 mus,
522 715 966 781 conﬁrmamus,
997 715 1466 782 corroboramus,
1495 714 1716 769 utnulli
1746 731 1968 785 regum,

323 803 481 876 .nulli
513 803 862 870 antistitum,
899 802 1042 857 nulli
1075 821 1433 876 qnzecunque
1482 803 1720 875 praedito
1781 802 1972 875 digni-

330 897 468 962 tate,
499 891 670 948 liceat
699 891 895 964 ipsum
934 893 1358 947 monasterium
1389 893 1748 964 perturbare,
1779 890 1864 945 vel
1905 907 1973 947 ea

333 999 459 1054 qua:
492 980 570 1036 ibi
596 997 630 1036 a
651 981 774 1052 jam
809 980 980 1036 dictis
1012 981 1444 1046 fundatoribus,
1475 979 1561 1035 vel
1588 981 1659 1034 ab
1682 978 1812 1034 aliis
1838 979 1974 1035 ﬁde-

331 1070 485 1126 libus
507 1069 700 1124 oblata
723 1074 882 1137 sunt,
915 1069 1002 1123 vel
1029 1070 1084 1123 in
1124 1071 1386 1124 futurum
1417 1069 1610 1124 offerri
1643 1068 1967 1140 contigerit,

331 1158 441 1216 sub
463 1157 776 1229 cujuslibet
805 1174 1016 1224 causae,
1047 1157 1443 1214 occasionisve
1473 1157 1684 1228 specie,
1708 1157 1971 1212 minuere

329 1247 414 1303 vel
447 1248 672 1302 auferre
707 1247 827 1301 sive
857 1245 982 1301 suis
1013 1247 1220 1300 usibus
1253 1244 1565 1318 applicare,
1600 1245 1700 1298 sed
1735 1245 1858 1299 sine
1879 1243 1966 1298 in-

329 1335 671 1407 quietudine
706 1334 758 1387 in
795 1334 1221 1389 sustentatione
1251 1333 1514 1403 ejusdem
1550 1332 1971 1398 monasterii,et

332 1423 534 1478 nsibus
552 1422 829 1477 abbatum
864 1426 923 1475 et
953 1421 1380 1476 monachorum
1413 1422 1522 1474 sub
1556 1419 1754 1492 regula
1783 1421 1969 1475 sancti

332 1512 518 1568 Patris
549 1509 846 1564 Benedicti
880 1510 956 1563 ibi
989 1509 1104 1564 Deo
1137 1509 1512 1563 militantium
1543 1508 1810 1564 volumus
1828 1526 1894 1563 ea
1913 1515 1970 1564 et

330 1597 704 1671 prmcipimus
739 1597 1060 1668 possideri:
1091 1614 1158 1652 ea
1213 1596 1480 1653 videlicet
1533 1598 1860 1653 conditione
1905 1602 1969 1653 ut

330 1685 528 1742 nullus
570 1702 974 1742 successorum
1011 1690 1340 1740 nostrorum
1372 1686 1710 1758 pontiﬁcum
1743 1685 1797 1741 in
1857 1686 1966 1742 hac

329 1779 533 1830 sancta
563 1775 718 1841 sede,
753 1773 846 1828 cui
875 1778 1104 1828 auctore
1126 1773 1240 1828 Deo
1259 1775 1565 1840 servimus,
1587 1792 1847 1846 unquam
1877 1773 1963 1829 vel

331 1879 581 1934 usquam
612 1863 888 1934 quiddam
919 1879 988 1917 ex
1017 1861 1236 1918 eisdem
1259 1863 1432 1917 rebus
1453 1861 1726 1933 cuiquam
1749 1863 1963 1918 beneﬁ-

326 1952 884 2018 ciare,commutare,
907 1956 1007 2006 aut
1037 1951 1150 2005 sub
1164 1967 1341 2006 censu
1373 1950 1632 2022 quolibet
1654 1952 1964 2007 concedere

325 2059 425 2114 per
455 2040 650 2094 futura
684 2044 944 2110 tempora
975 2039 1247 2111 patiatur,
1282 2039 1380 2094 sed
1415 2055 1655 2094 censum
1701 2043 1959 2095 tantum-

323 2129 492 2184 modo
507 2129 562 2183 in
580 2133 923 2184 testamento
947 2127 1278 2182 traditionis
1295 2143 1330 2182 a
1352 2127 1761 2182 fundatoribus
1783 2125 1962 2198 quiex

321 2219 524 2273 eodem
557 2216 908 2271 monasterio
938 2215 1088 2270 hanc
1119 2220 1385 2271 sanctam
1421 2215 1699 2270 hzeredem
1747 2216 1960 2269 Roma-

323 2323 458 2361 nam
490 2307 750 2360 feccrunt
780 2303 1116 2367 Ecclesium,
1141 2303 1314 2358 etiam
1373 2303 1730 2374 delegatum,
1782 2320 1960 2359 unam

322 2392 601 2449 videlicet
627 2391 838 2446 libram
869 2391 1090 2462 argenti
1124 2391 1294 2446 annis
1326 2392 1575 2462 singulis
1597 2409 1960 2447 successores

324 2480 506 2536 nostri
539 2478 1746 2551 accipientes,perpaternitatissuﬂ'ragium
1771 2479 1959 2534 eidem

325 2567 679 2624 monasterio
702 2567 1090 2622 sollicitudine
1121 2567 1396 2640 pastorali
1427 2568 1733 2640 vigilanter
1761 2572 1962 2623 contra

323 2674 526 2712 omnes
550 2656 889 2712 infestantes
910 2656 1243 2727 impendere
1265 2657 1558 2712 studeant.
1586 2658 1726 2711 Item
1749 2657 1961 2712 consti-

321 2747 546 2801 tuimus
578 2750 660 2812 ut,
693 2745 942 2800 obeunte
964 2745 1170 2800 abbate
1191 2745 1823 2817 pra-:dictimonasterii,
1844 2763 1956 2801 non

322 2834 474 2890 alius
504 2835 586 2890 ibi
620 2835 969 2906 quacunque
1001 2835 1358 2906 obreptionis
1389 2833 1606 2889 astutia
1635 2834 1955 2900 ordinetur,

324 2923 432 2978 nisi
466 2939 639 2992 quem
660 2939 979 2978 consensus
1003 2921 1419 2976 monachorum
1445 2923 1765 2976 secundum
1789 2923 1955 2976 timo-

325 3026 447 3065 rem
479 3008 578 3064 Dei
609 3013 665 3064 et
694 3008 1120 3064 institutionem
1144 3009 1375 3082 Regulae
1425 3009 1608 3064 sancti
1663 3009 1956 3065 Benedicti

324 3097 644 3169 elegerit,et
673 3095 851 3166 hujus
882 3097 1208 3168 apostolica:
1235 3099 1390 3153 sedis
1411 3098 1664 3169 pontifex
1683 3099 1955 3169 praevide-

324 3185 399 3240 rit
429 3185 844 3252 ordinandum,
871 3189 971 3240 aut
992 3185 1363 3258 suggestione
1381 3185 1797 3241 monachorum
1821 3203 1956 3242 con-

327 3273 582 3328 senserit
609 3272 964 3328 ordinatum.

2081 715 2226 770 tium
2243 715 2679 770 destitutionem
2693 714 2802 770 loci
2816 715 3092 771 inducere
3105 711 3794 785 valeant.Privilegium

2081 819 2312 874 quoque
2333 819 2367 856 a
2404 803 2824 873 prredecessore
2857 806 3056 857 nostro
3087 801 3198 874 pia:
3233 799 3564 858 memorias
3629 815 3793 872 papa

2077 888 2308 944 Nicolao
2329 891 2516 945 eidem
2548 890 2901 945 monasterio
2931 889 3216 946 collatum
3251 895 3472 946 nostra
3507 888 3788 944 auctori-

2076 983 2193 1034 tate
2222 979 2902 1049 conﬁrmamus,excepto
2927 977 3216 1033 duntaxat
3250 979 3412 1050 quod
3477 977 3624 1050 ipse
3667 977 3784 1033 sub

2079 1065 2314 1120 nomine
2343 1065 2686 1120 ancillarum
2714 1065 2812 1120 Dei
2871 1082 2998 1138 quas
3057 1065 3277 1121 ibidem
3351 1083 3469 1140 pro
3535 1067 3783 1123 crebris

2079 1153 2556 1209 infestationibus
2575 1153 2769 1209 saeculi
2791 1170 2945 1208 nunc
2956 1154 3369 1211 ordinabiliter
3385 1171 3661 1211 manere
3673 1171 3779 1212 ne-

2080 1247 2330 1314 queunt,
2351 1241 2494 1296 illud
2513 1241 2800 1313 delegavit
2824 1260 2837 1298 :
2863 1259 2968 1298 nos
2998 1259 3152 1310 vero,
3185 1243 3436 1315 aptioris
3462 1242 3768 1299 utilitatis

2077 1331 2284 1402 gratia,
2319 1331 2430 1385 sub
2459 1330 2663 1384 habitu
2695 1330 3118 1385 monachorum
3151 1347 3282 1386 esse
3342 1336 3773 1404 congruentrr

2078 1420 2466 1474 decernimus.
2520 1419 2575 1472 Si
2635 1419 2768 1490 quis
2816 1435 2950 1473 vero
3003 1435 3230 1490 regum,
3289 1420 3767 1493 episcoporum,

2075 1508 2467 1575 sacerdotum,
2523 1507 2823 1575 abbatum,
2880 1507 3176 1579 judicum,
3232 1509 3564 1576 comitum,
3657 1515 3768 1565 aut

2075 1596 2439 1652 smcularium
2473 1613 2876 1668 personarum,
2909 1603 3115 1652 contra
3145 1596 3298 1652 hanc
3321 1603 3554 1653 nostra:
3591 1597 3770 1654 insti-

2076 1684 2316 1740 tutionis
2339 1685 2611 1756 paginam
2643 1685 2837 1739 venire
2869 1685 3196 1749 tentaverit,
3225 1701 3564 1756 percussus
3608 1703 3761 1759 apo-

2074 1773 2278 1828 stolico
2293 1773 2992 1844 anathemate,potestatis
3008 1772 3321 1830 honorisve
3333 1773 3431 1829 sui
3448 1773 3765 1847 dignitate

2073 1867 2284 1929 careat,
2318 1877 2598 1931 reumque
2617 1878 2676 1916 se
2695 1877 2888 1917 coram
2913 1862 3110 1917 divino
3129 1861 3359 1933 judicio
3391 1868 3762 1936 cognoscat,

2072 1955 2128 2005 et
2159 1949 2270 2004 nisi
2302 1966 2370 2004 ea
2394 1967 2518 2021 qua:
2549 1967 2584 2004 a
2613 1966 2674 2004 se
2723 1949 2876 2005 male
2927 1955 3057 2005 acta
3112 1954 3252 2006 sunt
3311 1951 3662 2021 deﬂeverit,
3724 1969 3764 2009 a

2070 2037 2466 2094 sacratissimo
2495 2054 2734 2110 corpore
2781 2037 3014 2094 Domini
3073 2039 3262 2094 nostri
3307 2039 3462 2095 Jesu
3518 2040 3758 2097 Christi

2069 2126 2294 2182 alienus
2325 2128 2622 2198 ﬁat,atque
2644 2130 2860 2182 aateruo
2881 2125 3139 2181 examini
3168 2125 3460 2182 districta:
3489 2127 3757 2185 ultionis

2069 2216 2385 2285 subjaccat.
2420 2215 2658 2269 Cunctis
2688 2219 2882 2269 autem
2915 2215 3106 2270 eidem
3140 2214 3268 2270 loco
3292 2215 3467 2285 justa
3493 2232 3757 2272 servan-

2071 2307 2224 2359 tibus
2257 2303 2332 2358 sit
2362 2320 2469 2375 pax
2499 2302 2728 2358 Domini
2759 2303 2943 2358 nostri
2973 2302 3114 2359 Jesu
3135 2303 3377 2370 Christi,
3427 2309 3753 2376 quatenus

2068 2399 2124 2449 ct
2154 2393 2248 2448 hic
2297 2393 2548 2447 fructum
2596 2391 2762 2446 bona;
2811 2391 3056 2446 actionis
3106 2391 3420 2464 recipiant,
3455 2398 3523 2449 et
3578 2395 3751 2467 apud

2069 2483 2401 2537 districtum
2415 2480 2680 2536 Judicem
2695 2481 2930 2551 premis
2955 2485 3184 2536 azternaa
3207 2480 3370 2552 pacis
3393 2482 3746 2540 inveniant.

2139 2571 2284 2626 Data
2311 2587 2345 2624 v
2366 2568 2652 2624 Kalendas
2683 2569 2815 2623 Maii
2849 2586 2949 2639 per
2979 2585 3192 2625 manus
3225 2569 3374 2626 Petri
3400 2570 3657 2626 diaconi
3689 2575 3753 2628 et

2068 2657 2489 2714 bibliothecarii
2520 2666 2734 2711 sanctae
2764 2657 2920 2712 Sedis
2950 2657 3304 2728 apostolicae,
3337 2675 3503 2714 anno
3541 2677 3586 2714 ιι
3641 2661 3751 2716 do-

2069 2749 2210 2803 mini
2233 2747 2442 2802 Leonis
2473 2745 2540 2802 IX
2571 2762 2756 2818 papae,
2786 2744 2990 2800 indict.
3026 2763 3109 2800 ιιι.

2745 2851 3022 2907 XXXVII.

2071 2945 2124 3000 S.
2155 2944 2258 2998 Leo
2288 2942 2358 2998 IX
2415 2942 2680 2996 Ii'z’llelmo
2731 2941 2921 2995 comiti
2975 2939 3303 2996 Nicer-nerui
3346 2941 3453 2996 sub
3503 2958 3743 2999 excom-

2133 3015 2525 3068 mmu’mtmu’s
2554 3027 2716 3082 pxena
2745 3013 2997 3082 praecipit
3026 3016 3088 3066 ut
3131 3014 3474 3068 monasterio
3501 3013 3564 3072 S.
3601 3017 3744 3072 Ber-

2137 3088 2277 3140 curz’."
2308 3085 2564 3138 Dervcnsi
2590 3084 2774 3137 ablata
2799 3085 3072 3138 restituat.

2689 3170 2876 3240 (Anno
2899 3169 3082 3236 1050.)

2235 3256 2500 3330 [Mabill.,
2532 3257 2732 3312 Annal.
2763 3256 2880 3312 0rd.
2914 3257 2969 3312 S.
2994 3257 3220 3326 Bened.,
3256 3257 3354 3327 IV,
3387 3258 3556 3330 357.]

392 3362 509 3416 Hoc
541 3378 774 3434 quoque
805 3361 1059 3434 capitulo
1091 3361 1361 3434 presenti
1393 3361 1829 3434 snbjungimus,
1890 3367 1955 3419 ut
1983 3352 2026 3418 C
2139 3365 2251 3420 Lao
2281 3365 2608 3437 episcopus,
2643 3380 2846 3420 servus
2872 3379 3174 3420 servorum
3205 3363 3332 3430 Dei,
3382 3363 3740 3424 WILLELIIO

318 3449 508 3506 locum
537 3450 786 3506 avaritiae
805 3449 1436 3517 secludamus,nullum
1459 3451 1528 3506 de
1556 3451 1952 3523 regibus,nul-

317 3539 440 3595 lum
472 3539 542 3594 de
571 3538 860 3611 episcopis
889 3538 976 3595 vel
1009 3539 1432 3605 sacerdotibus,
1465 3538 1550 3596 vel
1585 3541 1654 3596 de
1713 3540 1953 3612 quibus-

317 3643 569 3698 cumque
599 3625 890 3694 tidelibus,
925 3643 1028 3698 per
1057 3645 1139 3696 se,
1163 3627 1597 3699 suppositamve
1621 3645 1952 3700 personam,

318 3715 390 3770 de
419 3713 784 3770 ordinatione
803 3715 1066 3785 ejusdem
1102 3714 1442 3781 abbatis,vel
1473 3713 1956 3777 clericorum.aut

318 3795 810 3875 presbyterorum,
843 3801 929 3857 vel
961 3803 1033 3858 de
1081 3801 1387 3874 largitione
1445 3803 1796 3868 chrismatis,
1857 3809 1958 3859 aut

320 3891 753 3947 consecratione
787 3890 1062 3956 basilicae,
1083 3891 1168 3946 vel
1204 3892 1275 3946 de
1303 3890 1747 3964 quibuscumque
1764 3895 1954 3947 cam-1;:

326 3979 396 4034 ad
419 3979 572 4034 idem
597 3979 1018 4034 monasterium
1041 3979 1490 4051 pertinentibus,
1507 3979 1716 4034 audere
1742 3984 1797 4035 in
1813 3998 1955 4052 qua-

320 4067 462 4122 libet
491 4067 682 4138 specie
712 4067 864 4122 xenii
891 4065 1016 4122 loco
1047 4067 1370 4139 quidquam
1431 4068 1710 4139 accipere,
1771 4085 1959 4141 neque

321 4154 592 4210 eumdem
625 4154 894 4210 abbatem
926 4171 1030 4226 pro
1062 4155 1424 4211 ordinatione
1445 4173 1552 4212 sua
1581 4155 1797 4228 aliquid
1821 4157 1959 4212 dare

328 4258 699 4314 praesumere,
732 4258 826 4308 ne,
857 4241 966 4298 hac
995 4243 1312 4310 occasione,
1345 4261 1414 4299 ea
1469 4261 1595 4316 qua:
1625 4261 1660 4299 a
1689 4243 1961 4300 ﬁdelibus

327 4331 423 4404 pio
455 4329 578 4386 loco
601 4329 923 4386 oil'eruntur
952 4336 1394 4386 consumantur.
1425 4331 1622 4403 Neque
1653 4331 1960 4403 episcopus

322 4418 574 4476 civitatis
605 4418 791 4492 ipsius
822 4418 1126 4492 parochizs,
1161 4420 1271 4474 nisi
1308 4419 1378 4474 ab
1397 4421 1605 4476 abbate
1635 4419 1819 4492 ipsius
1840 4437 1960 4475 mo-

321 4507 563 4565 nasterii
599 4507 898 4576 invitatus,
961 4507 1172 4564 ibidem
1232 4508 1498 4580 publicas
1546 4509 1760 4566 missas
1807 4513 1961 4581 agat,

323 4613 514 4670 neque
545 4597 826 4654 stationes
850 4597 904 4652 in
937 4597 1140 4654 eodem
1173 4597 1434 4652 coenobio
1466 4596 1704 4664 indicat,
1740 4614 1810 4652 ne
1837 4614 1963 4652 ser-

321 4701 534 4742 vorum
593 4687 690 4742 Dei
749 4686 916 4758 quies
987 4685 1279 4758 quomodo
1339 4687 1601 4757 populari
1679 4689 2040 4777 conventuD

321 4775 648 4846 perturbari
678 4775 1083 4846 valeat,neque
1114 4778 1478 4847 paratas,aut
1512 4773 1963 4830 mansionaticos

321 4862 528 4918 exinde
550 4867 865 4934 praesumat
885 4862 1578 4935 exigere.Susceptionem
1601 4867 1798 4918 autem
1824 4863 1960 4919 ﬁde-

323 4949 466 5004 lium
499 4953 556 5004 et
585 4949 990 5021 religiosorum
1013 4952 1270 5006 virorum
1303 4957 1477 5023 atque
1494 4951 1958 5022 beneﬁcentiam,

325 5035 689 5108 quamjubet
703 5037 1016 5108 Apostolus
1039 5037 1266 5094 cunctis
1287 5038 1805 5110 exhibendam,pro
1829 5057 1960 5112 pos-

326 5123 604 5180 sibilitate
633 5121 739 5178 loci
773 5128 831 5178 et
861 5124 1224 5192 facultatum,
1257 5143 1368 5181 non
1403 5127 1803 5182 modoibidem
1841 5128 1962 5183 fieri

327 5213 490 5287 [non]
509 5211 891 5284 denegamus,
913 5229 1112 5268 verum
1131 5215 1304 5269 etiam
1320 5215 1635 5269 suademus
1661 5233 1672 5269 :
1693 5219 1754 5268 ut
1774 5219 1964 5271 tamen

326 5307 381 5360 et
400 5302 610 5358 modus
635 5299 693 5356 in
717 5315 960 5356 numero
981 5302 1446 5374 congregationis
1481 5303 1624 5357 adeo
1671 5316 1964 5357 conserve-

397 5463 544 5536 (129)
579 5463 910 5536 Brunonem
933 5465 1379 5536 anteavocatum
1419 5459 1600 5536 fuisse
1621 5459 1964 5536 Wandelge-

324 5531 850 5606 ruindiscimusgex
888 5534 1072 5606 ipsius
1102 5531 1964 5606 litteris,quibus__concordiam

329 5605 434 5676 init
447 5621 514 5676 eu
526 5622 579 5658 m
594 5603 839 5676 Rodult'o
857 5601 1066 5659 comite
1079 5620 1254 5676 super
1269 5621 1340 5674 qu
1349 5601 1518 5658 adam
1532 5601 1856 5676 silva,apud
1869 5605 1968 5659 vil-

331 5675 450 5760 Lam
473 5674 679 5760 Losam
701 5675 1011 5760 sitamuius
1034 5673 1464 5760 partemgquam
1485 5673 1720 5760 tenebat
1748 5689 1966 5760 comes,

329 5743 720 5810 Dervensibus
749 5741 1010 5821 dimittit,
1034 5741 1128 5804 'uti
1158 5742 1217 5805 et
1246 5741 1351 5804 ﬁlii
1396 5743 1524 5823 ejus
1565 5741 1856 5804 Walter-us
1914 5741 1970 5807 et

2063 3453 2401 3508 Nivernensi
2435 3451 2632 3508 comiti
2663 3450 3042 3524 apostolicam
3070 3451 3576 3509 benedictionem.

2135 3542 2482 3597 Mandamus
2527 3544 2584 3595 et
2630 3539 3004 3612 prmeipimus
3021 3539 3129 3596 tibi
3179 3543 3244 3596 ut
3273 3545 3509 3597 rectum
3535 3542 3739 3602 facias

2063 3631 2200 3698 Deo,
2223 3636 2278 3686 et
2309 3629 2526 3685 sanctis
2555 3627 2838 3701 apostolis
2864 3627 3033 3684 Petro
3061 3631 3120 3684 et
3162 3627 3366 3696 Paulo,
3397 3633 3458 3686 et
3509 3635 3736 3689 sancto

2065 3719 2394 3785 Berchario,
2429 3720 2486 3772 et
2504 3715 2809 3772 monachis
2830 3716 2975 3772 inibi
2998 3717 3561 3785 considentibus,de
3585 3738 3741 3794 pra:-

2065 3808 2176 3862 diis
2201 3805 2453 3877 illorum,
2477 3805 2764 3877 sicutjam
2785 3804 2891 3860 tibi
2913 3805 3396 3878 praecepimus,et
3425 3809 3494 3863 tu
3518 3808 3741 3866 abbati

2067 3896 2300 3950 illorum
2332 3893 2672 3950 convenisti.
2705 3893 2867 3959 Quod
2899 3894 3014 3950 nisi
3045 3894 3273 3962 feceris,
3332 3895 3407 3966 si,
3461 3901 3746 3968 quatuor

2067 3981 2620 4056 proclamationibus
2651 3982 2836 4050 factis,
2861 3982 2932 4038 ad
2966 3999 3060 4039 me
3109 3985 3182 4039 de
3239 3982 3350 4040 hac
3409 4001 3474 4040 re
3515 3986 3742 4059 quinta

2068 4073 2221 4128 facta
2251 4071 2446 4137 fuerit,
2479 4071 2733 4142 profecto
2763 4071 3391 4128 excommunicaberis.
3423 4072 3601 4130 Vale.

2138 4160 2282 4215 Data
2312 4157 2549 4214 Kalend.
2583 4158 2716 4214 Maii
2748 4174 2852 4230 per
2870 4176 3082 4215 manus
3100 4159 3254 4215 Petri
3277 4159 3744 4220 bibliothecarii

2068 4253 2281 4304 sanctae
2312 4248 2468 4304 sedis
2499 4245 2848 4320 apostolica,
2881 4265 3034 4304 anno
3065 4249 3270 4304 domni
3307 4249 3527 4306 Leonis
3579 4253 3730 4308 noni

2072 4353 2232 4409 papa:
2263 4335 2538 4404 secundo,
2573 4333 2890 4392 indictione
2908 4337 3100 4405 tertia,
3133 4336 3332 4392 abbati
3362 4338 3564 4394 sancti
3598 4339 3746 4396 Ber-

2071 4423 2276 4493 charii,
2309 4439 2484 4497 quem
2515 4425 2717 4480 eodem
2749 4423 2844 4480 die
2875 4424 2948 4479 ad
2979 4425 3254 4480 abbatem
3278 4425 3341 4480 in
3371 4426 3613 4498 capella
3633 4445 3748 4485 sua

2080 4511 2454 4568 Lateranensi
2486 4511 2877 4580 benedixerat,
2911 4516 2968 4568 et
2995 4511 3046 4567 ei
3079 4529 3294 4570 nomen
3326 4531 3538 4585 suum,
3573 4517 3742 4588 quod

2076 4599 2188 4656 fuit
2218 4601 2431 4668 Bruno,
2463 4598 2822 4672 imposuerat
2850 4601 3021 4672 (129).

2732 4723 3010 4778 XXXVIII
3021 4765 3035 4779 .

2732 4726 2836 4777 XX
2890 4723 2934 4776 V
3021 4765 3035 4779 .

2071 4814 2128 4869 S.
2163 4817 2264 4868 Leo
2295 4814 2378 4875 IX,
2415 4814 2475 4868 in
2500 4811 2701 4884 synodo
2726 4723 3130 4939 ραίνζὲἇιῖιξὶηιᾳ
3156 4815 3402 4886 quinque

2140 4901 2289 4941 rum.
2323 4883 2643 4941 Gerardum.
2701 4899 2846 4941 auon
2922 4901 2974 4938 m
3019 4901 3340 4941 emsconum
3396 4886 3475 4941 Tu
3526 4905 3738 4941 ensem.

2140 4901 2289 4950 rum,
2323 4883 2661 4956 Gerardam,
2701 4883 2986 4956 quondam
3019 4883 3340 4956 episcopum
3396 4883 3738 4956 Ταὶιεηεέπι,

2139 4955 2466 5081 ῃιῖηἰίηέὺαε
2493 4954 2744 5023 ascribit,
2771 4954 2963 5026 dieque
2989 4954 3062 5010 23
3091 4954 3294 5012 mensis
3364 4958 3589 5029 Aprili:
3637 4954 3748 5017 coli

2142 5043 2202 5081 ιιι
2239 5043 2267 5080 e
2295 5069 2308 5080 .

2133 5043 2308 5098 jubet.

2697 5113 2880 5181 (Anno
2915 5115 3096 5186 1050.)

2266 5201 2483 5273 [MabiL
2507 5205 2637 5258 Acta
2665 5201 2759 5257 SS.
2789 5202 2904 5258 0rd.
2931 5202 2984 5257 S.
3018 5203 3246 5272 Bcned.,
3278 5203 3351 5273 V,
3381 5205 3544 5280 895.]

2073 5309 2184 5364 Leo
2237 5307 2571 5381 episcopus,
2630 5323 2834 5363 servus
2891 5324 3192 5364 servorum
3279 5309 3408 5376 Dei,
3497 5312 3733 5370 cunctis

2073 5469 2296 5543 Simon,
2329 5466 2632 5543 cretei-ique
2660 5465 2942 5543 beet-edes,
2971 5483 3040 5522 ea
3065 5467 3405 5543 conditione
3465 5474 3539 5543 ut
3583 5487 3733 5543 qua-

2075 5540 2215 5596 libet
2243 5539 2502 5595 secunda
2530 5537 2674 5612 feria
2693 5537 3008 5612 cujusbilet
3029 5539 3372 5612 septimanae
3396 5537 3734 5598 celebretur

2075 5613 2256 5667 missa
2277 5627 2381 5682 pro
2409 5625 2516 5682 sua
2541 5608 2954 5682 heredemque
2970 5608 3215 5682 suorum
3242 5610 3459 5678 salute,
3485 5619 3549 5668 et
3573 5629 3728 5670 unus

2075 5679 2297 5815 ἓξὲἓὲΞὲ
2315 5681 2386 5814 ii:
2407 5679 2994 5830 ἕὲῗέἒῗυιέἒηαεῐθινίο
3024 5680 3245 5770 vietum
3268 5684 3728 5757 etpraebendam
