3898 6346
118 484 250 544 645

1092 482 1503 549 EPlS'l‘OL/E
1550 486 1646 545 ET
1692 484 2051 547 DECRETA
2098 480 2567 547 Pth'l‘llt‘lClA.

3406 497 3524 561 646

118 614 427 670 catholicae
458 617 722 673 Ecclesia:
754 615 891 672 ﬁliis
919 616 976 671 in
1008 617 1231 674 Christo
1260 620 1508 672 salutem
1543 621 1597 671 ot
1630 634 1765 687 apo~
1800 621 1849 682 Α
1884 617 2199 681 miraculis,
2232 621 2287 672 et
2319 617 2442 689 ipse
2476 617 2530 671 in
2566 634 2809 674 numero
2842 627 3178 676 sanctorum
3228 624 3421 681 divino
3450 627 3529 684 sit

118 704 397 759 stolicam
429 704 911 761 benedictionem.

197 793 401 847 Virtus
414 793 619 849 divina!
634 793 990 865 operationis
1004 794 1057 847 in
1074 795 1345 849 omnibus
1363 799 1451 849 cst
1465 794 1771 860 mirabilis,

118 881 385 936 maxime
432 885 627 938 tamen
680 882 736 936 in
770 884 992 937 sanctis
1023 882 1168 945 suis,
1202 899 1345 952 quos
1393 882 1680 953 praescivit
1717 887 1775 938 et

114 970 565 1037 praedestinavit
589 971 916 1026 conformes
941 970 1063 1025 ﬁeri
1084 969 1324 1040 imagini
1344 969 1469 1024 Filii
1492 969 1604 1037 sui,
1628 987 1774 1041 quos

116 1057 303 1113 etiam
348 1060 571 1113 vocavit
617 1066 674 1114 et
715 1058 1101 1115 sanctificavit
1148 1060 1324 1129 (Rom.
1371 1076 1495 1126 vm,
1545 1060 1635 1127 29,
1683 1059 1773 1128 30)

117 1150 445 1218 antequam
480 1147 691 1203 sarcula
721 1149 940 1213 fierent,
975 1152 1286 1219 antequam
1318 1146 1428 1219 ipsi
1461 1151 1773 1203 exstarent.

115 1234 193 1289 Et
244 1236 383 1307 quia
427 1235 551 1307 ipse
590 1237 869 1293 Dominus
909 1238 969 1293 in
1010 1236 1319 1307 Evangelio
1366 1236 1510 1291 dicit
1562 1253 1574 1291 :
1615 1237 1779 1291 Pater

113 1340 280 1379 meus
311 1342 481 1396 usque
513 1327 666 1381 modo
698 1336 983 1398 operatur,
1035 1330 1085 1382 et
1120 1343 1214 1397 ego
1252 1342 1445 1396 operor
1491 1325 1666 1395 (Joan.
1718 1342 1774 1390 v,

120 1413 255 1483 17;)
311 1431 515 1469 verum
575 1416 775 1487 procul
832 1415 1011 1470 dubio
1067 1431 1195 1471 esse
1241 1413 1497 1485 quotidie
1527 1412 1781 1468 ostendit

117 1502 365 1572 quando
396 1503 535 1557 dicit
566 1503 787 1559 scilicet
812 1521 910 1559 eos
947 1502 1398 1559 sanctiﬁcandos
1431 1518 1574 1573 quos
1606 1517 1777 1555 voca-

114 1590 224 1655 vit,
260 1608 358 1647 eos
390 1594 679 1648 vocandos
715 1610 864 1665 quos
900 1590 1335 1665 praedestinavit
1364 1590 1486 1646 sola
1516 1590 1777 1661 gratuita:

115 1678 522 1736 miserationis
553 1681 834 1748 bonitate,
874 1698 978 1736 nec
1010 1681 1253 1736 humani
1286 1679 1516 1751 generis
1552 1680 1777 1746 merito,

113 1766 265 1837 quia
295 1768 639 1824 naturaliter
685 1786 891 1825 omnes
936 1786 1144 1825 sumus
1177 1768 1281 1823 tilii
1322 1769 1418 1823 irm
1450 1772 1506 1823 et
1547 1768 1647 1822 lilii
1681 1785 1775 1840 ge-

115 1853 356 1909 hennze.
394 1855 509 1910 Cur
530 1862 723 1913 autem
749 1858 869 1912 haec
898 1857 1090 1913 dicere
1107 1858 1477 1928 ceperimus,
1503 1857 1776 1911 continuo

114 1944 726 2017 patefaciemus,quia
768 1945 922 2002 sicut
958 1962 1114 2001 nemo
1135 1947 1385 2028 accendit
1416 1947 1699 2000 lucernam
1726 1950 1777 1999 et
1807 1984 1853 2047 Β

114 2034 279 2102 ponit
311 2048 432 2087 eam
461 2035 561 2087 sub
591 2034 791 2095 modio.
824 2034 915 2088 sed
944 2050 1104 2105 super
1130 2034 1519 2089 candelabrum
1550 2034 1771 2099 statuit,

116 2128 178 2175 ut
212 2122 397 2175 luceat
426 2123 676 2176 omnibus
716 2126 814 2193 qui
844 2125 901 2177 in
934 2123 1091 2177 domo
1120 2127 1249 2177 sunt
1288 2123 1493 2193 (Matth.
1542 2142 1599 2189 v,
1648 2123 1771 2190 l5);

120 2208 207 2263 sic
258 2214 316 2264 et
362 2210 648 2265 Dominus
693 2216 892 2266 noster
939 2211 1412 2267 JesusChristus
1467 2211 1605 2281 agit,
1646 2211 1773 2266 illos

118 2296 497 2353 clarificando
532 2299 834 2354 miraculis
858 2300 917 2354 in
941 2301 1161 2355 mundo
1193 2317 1339 2371 quos
1366 2317 1565 2355 secum
1590 2300 1775 2355 vivere

118 2391 178 2441 et
208 2386 448 2458 gloriari
497 2389 631 2442 facit
672 2388 730 2442 in
772 2388 935 2455 ccnlo,
972 2393 1055 2455 ut,
1090 2389 1228 2461 quia
1259 2405 1360 2460 per
1398 2390 1769 2460 adOptionom

119 2474 262 2529 facti
306 2479 446 2530 sunt
476 2476 580 2529 lilii
614 2477 737 2541 Dei,
770 2478 1153 2548 preveniente
1199 2477 1386 2548 gratia
1434 2482 1629 2549 pateat
1675 2495 1773 2533 eos

116 2563 384 2618 haeredes
406 2581 535 2619 esse
563 2567 724 2636 regni
749 2567 900 2637 quod
931 2564 1197 2637 promisit
1219 2565 1372 2619 Deus
1395 2564 1773 2637 diligentibus

119 2669 203 2707 se.
252 2652 441 2708 Paulo
485 2654 665 2723 igitur
714 2659 846 2709 ante
895 2671 1001 2709 nos
1031 2653 1091 2707 in
1122 2654 1459 2724 episcopatu
1509 2653 1771 2708 Tullensi

118 2741 304 2811 (unde
337 2745 482 2796 nutu
506 2742 931 2813 Omnipotentis
955 2746 1011 2797 et
1040 2741 1234 2797 omnia
1255 2758 1361 2797 suo
1387 2741 1625 2797 arbitrio
1658 2742 1773 2797 dis-

116 2828 528 2900 ponentis,nec
545 2830 678 2885 ullis
693 2835 1024 2886 nostrorum
1039 2830 1379 2886 meritorum
1396 2831 1769 2902 profectibus,

121 2918 193 2972 ad
229 2917 611 2990 apostolicam
638 2920 834 2973 sedem
856 2917 1122 2974 translati
1150 2920 1379 2988 sumus)
1413 2920 1519 2973 luit
1550 2919 1769 2991 episco-

122 3023 255 3077 pus,
282 3008 521 3062 nomine
540 3008 856 3076 Gcrardus,
871 3008 991 3080 qui,
1010 3008 1126 3062 duo
1142 3007 1378 3075 talenta,
1414 3007 1768 3062 intellectum

121 3100 177 3150 et
226 3095 647 3168 operationem,
682 3114 715 3152 a
745 3097 964 3152 scelesti
997 3097 1422 3152 Patrefamilias
1461 3098 1770 3169 accipiens,

120 3183 606 3255 divinamlegem,
632 3202 808 3257 quam
831 3185 1487 3252 medullitusintellexit,
1504 3185 1585 3242 sic
1604 3204 1774 3257 Opere

122 3272 447 3344 adimplere
497 3274 725 3329 studuit
771 3278 836 3328 ut
874 3274 1036 3329 ﬁeret
1074 3273 1290 3346 dignus
1321 3275 1582 3345 accipere
1611 3275 1767 3330 illam

1882 705 2425 775 di-putruusjudicio
2442 724 2454 770 ;
2472 706 2728 760 nondum
2749 710 2945 761 tamen
2964 707 3019 762 in
3035 709 3293 783 catalogo
3308 717 3531 772 sancto-

1883 810 2009 846 rum
2046 794 2288 848 sortitus
2322 798 2411 848 est
2449 794 2767 850 humanam
2793 798 3349 867 corroborationem,
3372 805 3527 874 quod

1884 880 1980 933 Dei
2016 881 2341 935 miseratrix
2364 881 2669 941 clementia
2708 885 2881 938 nobis
2926 885 3108 939 servis
3140 887 3265 943 suis
3296 888 3533 963 reliquit

1884 970 2308 1040 agendum,ubi
2323 970 2391 1025 ad
2407 971 2631 1025 culmen
2650 974 3528 1047 conscendimusApostolicum.

1886 1056 2295 1111 Residentibus
2317 1074 2449 1129 ergo
2473 1059 2637 1113 nobis
2659 1061 2853 1114 Romae
2877 1061 2932 1113 in
2959 1064 3178 1133 synodo
3206 1065 3263 1119 in
3283 1066 3531 1124 ecclesia

1885 1143 2200 1199 Salvatoris
2249 1162 2380 1199 cum
2433 1146 2635 1201 multis
2683 1150 3039 1219 coepiscopis
3081 1153 3321 1218 nostris,
3373 1156 3529 1213 circa

1888 1237 2046 1285 sexto
2078 1249 2262 1285 nonas
2293 1233 2492 1298 Maias,
2536 1234 2777 1289 relatum
2812 1243 2901 1291 est
2931 1241 3171 1296 aiiribus
3204 1244 3421 1300 nostris
3451 1246 3526 1302 ab

1889 1319 2087 1375 Udone
2126 1320 2383 1375 Tullensi
2435 1324 2760 1393 praeposito,
2821 1327 3020 1383 eadem
3075 1334 3261 1398 nocte,
3325 1332 3523 1405 ipsum

1888 1409 2171 1462 domuum
2206 1409 2525 1463 Gerardum
2561 1410 2615 1463 in
2652 1412 2871 1467 visione
2917 1419 3257 1486 apparuisse
3292 1422 3525 1478 cuidam

1888 1497 2201 1550 venerabili
2235 1498 2539 1565 monacho,
2576 1501 2811 1554 nomine
2847 1501 3127 1570 Alhizoni,
3170 1508 3268 1578 qui
3299 1512 3527 1581 Synodo

1887 1587 2181 1652 intererat,
2214 1602 2387 1657 quem
2412 1587 2535 1659 ipse
2567 1587 2685 1642 Udo
2718 1590 2919 1645 nimiis
2942 1593 3212 1663 precibus
3242 1598 3529 1654 constrin-

1886 1680 2040 1729 xerat
2065 1692 2298 1730 exorare
2332 1677 2981 1742 Dominum,ostendere
3004 1681 3114 1736 sibi
3146 1685 3317 1756 cujus
3341 1686 3533 1744 meriti

1886 1768 2038 1817 esset
2068 1764 2221 1833 apud
2258 1765 2434 1817 Deum
2478 1767 2601 1836 ipse
2634 1766 2887 1823 domnus
2929 1767 3249 1840 Gerardus,
3301 1775 3400 1846 qui
3449 1778 3536 1832 tot

1888 1850 2302 1906 miraculorum
2334 1852 2511 1907 radiis
2545 1856 2905 1911 coruscabat.
2940 1856 3263 1917 Videbatur
3291 1879 3426 1936 ergo
3448 1862 3533 1920 illi

1888 1940 2081 2010 ipsum
2130 1940 2401 1995 assistere
2440 1942 2572 2006 sibi,
2605 1960 2780 2013 quem
2813 1961 3116 2017 nunquam
3157 1951 3535 2023 corporaliter

1884 2028 2124 2094 viderat,
2160 2045 2265 2083 nec
2295 2029 2469 2084 etiam
2515 2048 2727 2086 nomen
2759 2036 2887 2103 ejus
2923 2034 3206 2107 audierat,
3240 2043 3297 2094 et
3338 2040 3530 2098 dicere

1883 2115 1961 2171 sei
1975 2134 2140 2187 psum
2167 2117 2485 2173 Gerardum
2518 2138 2664 2186 esse,
2701 2138 2802 2192 pro
2836 2139 2949 2193 quo
2964 2124 3167 2193 jDeum
3198 2127 3531 2186 decreverat

1882 2220 2141 2260 exorare.
2184 2206 2265 2261 Ad
2300 2207 2453 2277 quod
2488 2207 2583 2261 ille
2615 2208 2850 2279 gavisus
2883 2212 3084 2268 sedulo
3107 2213 3389 2273 sciscitari
3421 2234 3528 2275 cae-

1882 2295 1968 2363 pit
1996 2313 2069 2348 an
2101 2300 2256 2349 esset
2277 2297 2430 2366 apud
2465 2296 2648 2351 Deum
2682 2298 2740 2352 in
2766 2316 3009 2356 numero
3031 2309 3390 2361 sanctorum.
3424 2308 3529 2363 Cui

1884 2381 2010 2436 lmto
2041 2382 2203 2437 vultu
2236 2384 2538 2455 respondit
2569 2386 2767 2457 procul
2789 2388 2967 2443 dubio
2994 2407 3055 2445 se
3079 2408 3206 2447 esse
3228 2410 3363 2449 cum
3393 2395 3529 2465 Deo,

1882 2472 2249 2543 dignumque
2281 2474 2592 2544 acjustum
2613 2476 2733 2531 fore
2758 2493 2856 2532 eos
2880 2476 3153 2535 honorari
3176 2480 3236 2536 in
3258 2484 3430 2540 terris
3459 2485 3533 2541 ab

1883 2559 2223 2616 hominibus
2270 2562 2368 2633 qui
2401 2563 2764 2619 honorantur
2794 2566 2851 2620 in
2892 2567 3050 2623 caelis
3081 2574 3214 2625 ante
3244 2571 3428 2629 Deum
3460 2573 3533 2630 ab

1881 2649 2221 2719 angelorum
2246 2651 2608 2721 agminibus.
2634 2654 2815 2716 Quam
2840 2655 3121 2712 visionem
3145 2658 3255 2730 ipsi
3276 2677 3372 2717 ore
3391 2679 3529 2733 pro-

1882 2736 2005 2807 prio
2048 2738 2478 2810 divulgavimus
2522 2740 2581 2796 in
2638 2745 2881 2813 synodo,
2937 2753 3287 2816 exponentes
3341 2749 3527 2820 ipsius

1881 2825 2079 2879 domni
2111 2826 2349 2881 Gerardi
2382 2828 2562 2883 vitam
2585 2830 2998 2897 venerabilem,
3023 2837 3521 2894 conversationem

1886 2914 2234 2982 mirabilem,
2268 2916 2686 2973 miraculorum
2710 2918 3172 2992 multitudinem,
3203 2924 3525 2982 efﬁcaciam

1881 3002 2088 3057 divinae
2118 3003 2346 3059 virtutis
2379 3006 2449 3060 ad
2483 3023 2695 3078 corpus
2727 3009 2854 3078 ejus
2880 3012 3291 3068 exuberantem
3317 3031 3330 3082 ;
3365 3018 3423 3069 et
3442 3031 3530 3071 se-

1883 3108 2035 3161 quen
2048 3099 2130 3146 ter
2146 3099 2406 3149 sanctam
2427 3097 2607 3165 synod
2620 3113 2713 3151 um
2735 3097 3219 3170 interrogavimus
3236 3102 3281 3157 si
3297 3102 3531 3160 deberet

1886 3189 1949 3234 ut
1981 3187 2217 3237 sanctus
2241 3184 2521 3252 venerari,
2556 3190 2613 3239 et
2642 3192 2881 3242 sanctus
2913 3188 3186 3261 deinceps
3217 3192 3526 3248 nominari.

1881 3270 1964 3322 Ad
2017 3272 2193 3340 quod,
2238 3276 2358 3325 tam
2400 3273 2822 3346 archiepiscopi
2866 3293 3041 3347 quam
3084 3278 3361 3351 episcopi,
3406 3290 3526 3336 tam

120 3360 565 3417 desiderabilem
599 3380 631 3416 a
653 3363 766 3418 Deo
789 3362 1199 3419 salutationem
1228 3380 1240 3417 :
1275 3363 1423 3430 Euge
1449 3378 1599 3417 serve
1630 3362 1764 3418 bone
1795 3347 1837 3413 C
1875 3356 2115 3412 abbates
2145 3375 2322 3429 quam
2354 3359 2549 3415 clerici
2582 3378 2646 3416 ac
2677 3361 2828 3430 laici,
2861 3347 3527 3441 quorum—utrorumque

119 3456 169 3503 et
196 3450 397 3519 ﬁdelis,
431 3452 560 3521 quia
588 3468 751 3520 super
766 3468 940 3523 pauca
970 3452 1131 3521 fuisti
1153 3450 1354 3521 ﬁdelis,
1397 3468 1558 3522 super
1594 3453 1769 3507 multa

118 3541 168 3591 te
204 3540 553 3605 constituam,
595 3541 745 3593 intra
796 3542 854 3594 in
892 3539 1157 3607 gaudium
1203 3540 1423 3593 Domini
1445 3541 1529 3594 tui
1558 3542 1765 3610 (Matth.

118 3642 247 3691 xxv,
279 3627 399 3697 2i).
440 3627 531 3682 Sic
563 3628 718 3683 enim
757 3628 979 3682 nomini
1012 3629 1103 3683 sui
1126 3627 1343 3683 talenta
1372 3630 1652 3700 erogavit,
1686 3629 1768 3685 sic

120 3714 349 3772 animas
380 3715 641 3771 lucratus
673 3722 779 3773 est.
822 3717 995 3771 verba
1024 3715 1230 3772 salutis
1265 3718 1652 3788 prmdicando,
1704 3728 1769 3774 ut

120 3804 477 3873 geminatam
503 3805 747 3860 Domino
771 3823 875 3861 suo
900 3806 1206 3877 pecuniam
1232 3810 1686 3877 rcprazsentaret,
1710 3812 1767 3863 et

120 3890 232 3945 sibi
263 3898 477 3949 interna
508 3894 791 3949 beneficia
811 3894 1158 3949 cumularet.
1190 3894 1449 3950 Lumbos
1480 3894 1590 3949 sibi
1622 3912 1765 3967 prae-

122 3978 323 4049 cinxit,
368 3983 693 4037 castitatem
725 3985 1045 4050 servando;
1091 3981 1362 4038 lucernas
1404 3983 1461 4038 in
1494 3984 1765 4040 manibus

122 4070 391 4136 portavit,
414 4071 677 4143 exempla
709 4072 875 4128 bona:
896 4072 1249 4144 operationis
1281 4071 1410 4129 aliis
1426 4073 1762 4144 praebendo;

122 4159 475 4230 exspectavit
512 4160 824 4215 Dominum
869 4178 903 4216 a
950 4160 1173 4233 nuptiis
1223 4166 1433 4216 sanctae
1478 4161 1761 4231 Ecclesia,

122 4260 235 4299 non
263 4247 629 4314 dormiendo,
664 4250 763 4304 sed
795 4249 1086 4321 vigilando
1118 4250 1331 4322 prima,
1354 4251 1631 4319 secunda,
1657 4255 1766 4306 ter-

120 4331 436 4407 tiafvigilia,
456 4337 664 4393 anxius
685 4338 754 4392 ad
776 4338 903 4409 ejus
920 4342 1246 4409 aspectum,
1271 4339 1591 4394 secundum
1618 4338 1761 4395 illud

121 4423 273 4491 quod
307 4424 567 4496 quotidie
599 4425 883 4497 psallebat
914 4444 926 4482 :
963 4426 1112 4482 Sicut
1148 4442 1338 4482 cervus
1379 4428 1647 4484 desiderat
1693 4430 1762 4484 ad

117 4509 292 4576 fontes
320 4529 611 4585 aquarum,
642 4517 723 4569 ita
752 4515 1022 4570 desiderat
1041 4517 1230 4569 anima
1258 4532 1387 4572 mea
1415 4515 1485 4570 ad
1512 4519 1565 4570 te
1590 4517 1756 4586 (Psal.

117 4613 230 4664 xu,
260 4601 347 4671 2);
379 4601 517 4656 item
564 4620 576 4657 :
619 4603 802 4657 Sitivit
832 4605 1021 4659 anima
1048 4618 1168 4659 mea
1199 4604 1269 4658 ad
1297 4608 1377 4672 te;
1419 4621 1580 4676 quam
1619 4606 1760 4660 mul-

1882 3460 2093 3516 magna
2115 3446 2741 3515 intereratmultitudo,
2774 3452 2941 3522 quasi
2976 3471 3090 3508 uno
3114 3471 3211 3511 ore
3242 3455 3526 3513 clamave-

1878 3533 2216 3605 runtipsum
2238 3535 2517 3591 domuum
2538 3538 2859 3594 Gerardum
2879 3541 3067 3597 virum
3089 3558 3217 3598 esse
3230 3557 3521 3613 sanctum,

1877 3639 1910 3676 a
1941 3622 2054 3676 Deo
2086 3622 2236 3677 inter
2273 3630 2505 3681 sanctos
2550 3632 2946 3694 numeratum,
2979 3636 3037 3685 et
3068 3632 3140 3687 ab
3181 3633 3522 3691 hominibus

1875 3709 2028 3765 inter
2056 3717 2289 3768 sanctos
2329 3715 2760 3770 numerandum
2791 3722 2849 3771 et
2875 3720 3297 3792 venerandum,
3328 3738 3434 3793 pro
3455 3740 3522 3780 eo

1878 3800 2054 3870 quod,
2087 3800 2283 3857 vivens
2316 3802 2374 3856 in
2405 3819 2597 3873 carne,
2630 3805 2979 3862 testantibus
3012 3807 3327 3876 miraculis,
3352 3814 3417 3865 ut
3436 3812 3523 3866 vir

1876 3894 2113 3944 sanctus
2143 3891 2382 3957 exstitit,
2416 3898 2471 3946 et
2500 3909 2673 3947 carne
2703 3900 2933 3963 exutus,
2977 3896 3169 3967 qualis
3203 3898 3262 3952 in
3296 3900 3516 3955 mundo

1879 3978 2071 4048 fuerit,
2093 3978 2148 4033 in
2173 3979 2390 4034 ccelesti
2412 3980 2768 4036 beatitudine
2781 3984 3005 4054 positus
3024 3986 3242 4041 mundo
3256 3986 3516 4057 quotidie

1875 4066 2089 4121 eisdem
2124 4067 2420 4124 miraculis
2452 4070 2796 4126 innotescat.
2815 4071 3187 4129 Decrevim’us
3217 4074 3517 4148 igitur,sic

1875 4160 2075 4211 sancta
2122 4163 2412 4212 annuente
2460 4174 2529 4212 ac
2577 4157 2855 4214 laudante
2896 4164 3140 4232 synodo,
3187 4169 3253 4218 ut
3299 4180 3366 4219 ex
3410 4164 3519 4221 hoc

1874 4250 2112 4300 sanctus
2134 4244 2435 4313 habeatur,
2460 4251 2515 4301 et
2546 4252 2785 4304 sanctus
2804 4248 3030 4305 colatur
3052 4269 3204 4308 nono
3227 4253 3520 4311 Kalendas

1875 4333 2079 4399 Maias,
2108 4338 2224 4388 tam
2258 4334 2517 4404 Leuchas,
2570 4336 2723 4391 sicut
2771 4344 3011 4394 sanctus
3062 4341 3406 4401 Mansuetus
3462 4346 3521 4398 et

1873 4428 2112 4478 sanctus
2141 4425 2309 4496 Aper,
2342 4440 2518 4494 quam
2551 4425 2769 4496 ubique
2792 4431 3103 4494 terrarum,
3136 4430 3289 4485 sicut
3318 4430 3513 4486 cmteri

1872 4512 2058 4566 sancti
2080 4530 2093 4579 ;
2118 4514 2286 4583 cujus
2307 4512 2491 4568 sancti
2515 4514 2843 4570 venerabile
2864 4531 3077 4587 corpus
3100 4534 3204 4589 per
3223 4535 3330 4573 nos
3350 4518 3513 4590 ipsos

1870 4602 2141 4671 cupimus
2175 4603 2505 4670 transferre,
2540 4610 2596 4657 et
2617 4602 2793 4674 digno
2823 4603 3061 4672 honore,
3085 4606 3263 4677 digno
3295 4605 3420 4662 loco
3451 4606 3514 4663 in

119 4687 383 4756 tipliciter
412 4691 518 4745 tibi
546 4707 680 4746 caro
707 4696 861 4746 mea!
902 4693 1070 4764 (Psal.
1105 4709 1239 4760 an,
1272 4693 1352 4763 2.)
1382 4697 1475 4756 At,
1509 4692 1646 4765 quia
1675 4694 1758 4750 sic
1791 4714 1837 4778 D
1869 4688 2050 4778 altare
2084 4690 2314 4761 proprio
2346 4690 2623 4746 collocare
2655 4692 2723 4745 ad
2757 4690 2989 4748 laudem
3024 4698 3081 4748 et
3106 4694 3352 4766 gloriam
3402 4699 3513 4751 Do-

118 4789 349 4848 semper
374 4779 571 4835 animo
602 4780 938 4852 suspirabat
958 4781 1029 4835 ad
1057 4780 1262 4847 Deum,
1288 4782 1415 4852 ejus
1434 4781 1644 4837 virtute
1666 4799 1758 4838 co-

119 4861 361 4921 mitatus
379 4867 698 4939 angelicam
724 4869 946 4924 ducens
965 4868 1165 4937 vitam,
1186 4869 1441 4941 quotidie
1462 4869 1760 4927 Christum

112 4946 174 5003 in
198 4955 553 5027 pauperibus
584 4957 653 5011 ad
688 4973 955 5012 mensam
987 4957 1337 5030 suscipiens,
1368 4957 1626 5029 quotidie
1646 4960 1761 5031 piis

118 5040 342 5098 actibus
382 5044 686 5110 insistens,
734 5062 839 5100 nec
889 5047 1146 5101 docendo
1204 5063 1309 5101 nec
1368 5048 1589 5118 agendo
1644 5050 1758 5105 nisi

119 5130 267 5196 quod
300 5138 568 5189 sanctum
602 5139 659 5189 et
688 5134 802 5189 Dco
836 5138 1065 5205 gratum
1099 5140 1272 5203 esset,
1309 5136 1511 5191 multis
1540 5136 1759 5193 elfulsit

120 5214 533 5277 miraculorum
581 5223 885 5295 prodigiis,
939 5223 1124 5278 sancti
1174 5224 1302 5294 ejus
1353 5224 1757 5281 testimonium

120 5302 593 5379 perhibentibus;
630 5302 781 5366 unde
813 5310 1004 5366 adhuc
1036 5310 1233 5383 plures
1262 5315 1438 5367 testes
1472 5311 1750 5369 existunt.

118 5386 270 5450 Quod
312 5400 368 5451 et
414 5398 592 5468 idem,
644 5404 776 5471 post
816 5405 1062 5455 mortem
1102 5400 1315 5468 carnis,
1348 5417 1481 5456 cum
1522 5400 1753 5457 Christo

121 5483 311 5537 nostro
343 5486 549 5557 spiritu
581 5486 799 5555 vivens,
822 5488 1079 5561 glorians
1111 5504 1261 5561 saepe
1282 5494 1553 5560 operatus
1579 5493 1669 5545 est
1697 5495 1755 5545 et

119 5577 262 5637 saepe
290 5572 481 5630 adhuc
504 5579 800 5647 operatur,
818 5592 1031 5633 curans
1053 5576 1312 5633 diversos
1334 5576 1641 5650 languores
1665 5577 1751 5631 di-

117 5663 420 5733 versasque
462 5664 856 5723 infirmitates.
889 5666 1163 5730 Quamvis
1202 5671 1396 5723 autem
1426 5666 1752 5723 venerabile

117 5751 320 5823 corpus
330 5751 457 5826 ejus
470 5750 692 5827 multis,
719 5757 783 5813 ut
802 5754 1100 5830 duximus,
1131 5755 1409 5818 hactenus
1431 5754 1751 5817 coruscarit

1872 4776 2014 4831 mini
2047 4778 2227 4833 nostri
2250 4779 2761 4851 Jesu-Cbristi,qui
2795 4781 2922 4835 ideo
2955 4783 3143 4838 factus
3165 4787 3255 4839 est
3274 4800 3377 4856 pro
3408 4801 3515 4840 no-

1870 4864 1960 4920 bis
1995 4866 2167 4921 homo
2199 4871 2264 4921 ut
2294 4884 2408 4923 non
2433 4868 2620 4924 solum
2647 4868 2896 4924 solveret
2926 4887 3083 4927 nosa
3103 4871 3377 4943 peccatis,
3411 4874 3515 4931 sed

1868 4953 2042 5009 etiam
2076 4956 2361 5012 conferret
2393 4957 2562 5013 nobis
2594 4958 2898 5029 premium
2936 4963 3160 5015 aeternae
3200 4961 3517 5019 beatitudi-

1870 5043 1982 5108 nis,
2011 5051 2067 5098 et
2099 5046 2466 5101 mansionem
2499 5047 2555 5100 in
2586 5047 2769 5115 cretis,
2804 5048 2905 5103 ubi
2931 5048 3055 5121 ipse
3087 5065 3222 5105 cum
3266 5055 3434 5109 Patre
3461 5056 3519 5109 et

1867 5132 2086 5203 Spiritu
2120 5138 2319 5187 sancto
2347 5134 2480 5189 vivit
2503 5141 2559 5190 et
2583 5141 2787 5207 regnat
2817 5154 2922 5208 per
2946 5139 3144 5194 omnia
3173 5141 3388 5197 saecula
3417 5159 3519 5199 sa-

1866 5220 2153 5275 culorum.
2178 5227 2387 5277 Amen.

1934 5309 2181 5365 Nomina
2200 5311 2606 5383 episcoporum
2625 5318 2798 5386 atque
2813 5315 3090 5371 abbatum
3112 5316 3211 5388 qui
3236 5317 3507 5373 interfue-

1864 5402 2001 5452 runt
2022 5400 2242 5470 synodo
2275 5400 2467 5456 Roma:
2489 5418 2502 5456 :
2527 5402 2868 5459 Dominicus
2889 5405 3215 5476 patriarcha
3249 5406 3505 5460 Graden-

1864 5486 1965 5553 sis,
1993 5487 2307 5544 Alinardus
2341 5489 2812 5562 archiepiscopus
2842 5492 3268 5564 Lugdunensis,
3297 5493 3507 5549 Leode—

1862 5575 2420 5646 gariusViennensis
2442 5580 3100 5653 archiepiscopus,Hugo
3114 5578 3505 5639 Bison'tiensis

1861 5665 2357 5739 archiepiscopus,
2387 5667 2743 5725 Humbertus
2774 5665 3081 5726 Siciliensis
3103 5665 3503 5743 archiepisco-

1861 5772 1992 5835 pus,
2007 5756 2437 5817 Hildebrandus
2449 5756 2767 5835 Capuensis
2780 5753 3278 5833 archiepiscopus,
3297 5762 3503 5824 Petrus
