3952 6354
409 449 524 514 6H

412 667 1096 743 ‘chiepiscOpus,Joannes
1107 662 1882 738 Senensis,episcopus,Vido
1899 660 2058 715 Vola-

409 759 710 828 terrensis,
724 757 1051 830 episcopus,
1071 749 2058 821 Crescentius-Silvza-candidesepi-

411 863 650 922 scopus,
679 843 934 903 Joannes
955 843 1306 900 Veletrensis
1327 842 1656 914 episcopus,
1678 838 1933 896 Joannes
1953 835 2058 892 Os-

410 935 640 1006 tiensis,
672 935 1004 1006 episcopus,
1046 931 1301 988 Joannes
1337 927 1679 986 Sabinensis
1725 926 2056 999 episcopus,

411 1007 667 1082 Joannes
681 1021 944 1078 Tiburtin
955 1037 1023 1075 us
1041 1019 1372 1092 episcopus,
1391 1017 1735 1074 Benedictus
1751 1012 2060 1072 Salernita-

412 1131 525 1169 nus
541 1111 871 1184 episcopus,
892 1109 1004 1164 Leo
1027 1107 1467 1181 Gageranus[f.,
1485 1103 1822 1173 Gaietanus]
1838 1099 2057 1173 episco-

410 1219 543 1276 pus,
557 1198 680 1254 Atto
694 1197 1032 1254 Camerinan
1041 1197 1123 1252 sis
1134 1193 1727 1268 episcopus,Joannes
1737 1190 2061 1246 Siscionen-

411 1275 492 1346 sis
505 1283 1130 1362 episcopus,Adalbero
1151 1282 1428 1339 Metensis
1441 1279 1770 1352 episcopus,
1785 1277 1960 1333 Obiso
1974 1275 2060 1330 Pi-

409 1372 602 1434 sensis
615 1373 948 1450 episcopus,
964 1371 1248 1427 Henricus
1262 1367 1563 1442 Populonii
1579 1367 1912 1440 episcopus,
1929 1365 2058 1419 Ate-

415 1463 514 1521 nul
524 1461 616 1520 fus
629 1461 944 1520 Caesenatis
958 1461 1288 1532 cpiscopus,
1303 1456 1671 1513 Crescentius
1688 1451 1953 1510 Gerensis
1983 1451 2062 1524 [id

407 1557 512 1625 est,
536 1547 1226 1622 Cerctanuslrpiscopus,
1254 1554 1368 1600 Azo
1391 1541 1908 1600 Centumcellensis
1939 1539 2060 1612 epi-

415 1656 648 1712 scopus,
671 1637 971 1694 Gorardns
996 1634 1366 1690 Reatinensis
1388 1633 1716 1706 episcopus,
1752 1629 2062 1685 Bonizotus

413 1721 782 1790 Cariellensis
798 1725 886 1798 epi
895 1723 1383 1796 scopus,Joannes
1396 1719 1716 1777 Suanensis
1728 1717 2058 1790 episcopus,

413 1804 706 1873 Gera'rdu's
719 1809 988 1870 Rosollan
999 1829 1066 1868 us
1081 1807 1814 1884 cpiscopus,Theodericus
1829 1804 2064 1862 Orbien-

413 1905 495 1994 sis
512 1902 844 1994 episcopus,
867 1898 1127 1994 Aldedus
1145 1895 1572 1994 Wrilgradensis
1593 1895 1926 1994 episcopus,
1949 1893 2060 1949 Leo
2089 1929 2137 1994 Β

408 1989 702 2048 Murensis
717 1989 1048 2062 episcopus,
1073 1986 1255 2042 Mazio
1269 1983 1710 2042 Montis-viridis
1727 1981 2056 2054 episcopus,

411 2075 531 2135 Bon
541 2097 606 2136 us
621 2081 932 2134 Petroraus
951 2077 1039 2147 (κζ,
1066 2072 1405 2144 Perusinus]
1427 2073 1758 2146 episcopus,
1777 2069 2061 2125 Henricus

413 2163 760 2240 Spolctanus
791 2165 1121 2238 episcopus.
1155 2162 1488 2219 Bernardus
1517 2157 1874 2216 Pataviensis
1904 2157 2061 2230 epis-

413 2259 616 2329 co'pu's,
662 2245 961 2310 W’alterns
992 2250 1345 2308 Veronensis
1376 2250 1704 2322 episcopus,
1747 2243 2060 2302 Ysemhar-

415 2347 527 2400 dus
555 2341 874 2400 Teanensis
907 2339 1238 2412 episcopus,
1276 2337 1482 2393 Petrus
1512 2335 1892 2392 Bituricensis
1923 2333 2062 2406 [Bit-

399 2431 718 2502 'terre‘nsis]
763 2427 1093 2500 episcopus,
1144 2429 1284 2480 Arto
1323 2425 1687 2480 Marsicanus
1731 2422 2061 2495 episcopus,

417 2519 530 2576 Leo
561 2517 817 2574 Soranus
837 2514 1172 2587 episcopus,
1199 2511 1548 2568 Benedictus
1580 2509 1911 2568 Berulensis
1941 2512 2062 2582 epi-

417 2593 647 2680 scopus,
678 2607 792 2662 Aso
821 2603 1146 2659 Solinensis
1189 2602 1522 2674 episcOpns,
1553 2599 1882 2672 Attigrinus
1912 2600 2062 2654 Imo-

416 2693 596 2752 lensis
635 2694 963 2766 episcopus,
1002 2690 1292 2747 Gerardus
1333 2688 1702 2744 Florentinus
1728 2687 2062 2761 episcopus,

417 2781 745 2840 Fridericus
765 2779 1091 2836 Genuensis
1113 2778 1444 2852 episcopus,
1467 2777 1770 2834 Gosfridus
1782 2775 2063 2832 Constan-

416 2869 627 2928 tiensis
673 2870 1004 2944 episcopus,
1049 2865 1280 2922 Mannis
1321 2865 1684 2924 Redonensis
1731 2865 2060 2938 episcopus,

418 2951 2065 3032 HugoNivernensisepiscopus,lsembaldusPictaviensis

407 3045 752 3120 'episcOpus,
783 3043 1058 3100 Arnolfus
1078 3042 1462 3099 Santonensis
1492 3043 1821 3114 episcopus,
1855 3040 2063 3096 Ardui-

422 3133 892 3190 nusTuderanus
913 3129 1414 3204 episcopus,Hugo
1427 3129 1870 3186 archidiaconus
1881 3129 2067 3184 Eccle-

423 3223 522 3280 sia:
554 3223 848 3287 Romanis,
894 3221 1099 3276 Petrus
1139 3220 1404 3292 ejusdem
1445 3217 1711 3274 Ecclesia
1761 3217 2062 3283 diaconus,

1473 445 1542 506 S.
1588 441 1863 505 LEONIS
1909 437 1987 501 lX
2032 435 2256 498 PAPE
2299 434 2742 501 OPUSCULA;

409 578 824 641 Comsanensis
841 577 1334 652 archiepiscopus,
1345 577 1602 633 Joannes
1615 571 1950 631 Portuensis
1963 588 2050 626 ar-
2078 572 2130 638 Α

3729 424 3841 525 με

2287 658 2651 727 I’rivilegium
2678 565 3110 743 ιεοηιζςΧιξΧῙξΞξ).
3123 639 3368 712 ecclesia
3403 647 3743 722 Carm/ensi

2785 743 2972 816 (Anno
3003 742 3192 814 1050.)

2421 832 2664 905 [Labbe,
2693 832 2954 888 Biblioth.
2988 849 3114 888 nov.
3140 847 3273 888 mss.
3311 829 3396 898 ΙΙ,
3429 822 3604 904 757.]

2165 922 2385 990 Hugom'
2427 921 2680 991 religioso
2718 921 2910 976 abbati
2949 935 3018 975 ex
3045 919 3392 975 monasterio
3443 916 3508 973 S.
3556 915 3846 973 Saluatoris

2238 991 2596 1062 Karroﬂ'ensis
2641 989 2890 1056 manabit,
2937 989 3232 1060 conﬁrmat
3293 991 3458 1062 bona
3526 987 3847 1062 Mnester-ii

2282 1003 2596 1056 moneam
2641 1003 2890 1056 ειεηουη,
2937 1003 3232 1056 confirmat
3293 1003 3456 1045 οσηα
3526 1003 3847 1044 πιοηαιςωνιι

2238 1077 2358 1134 quae
2385 1057 2690 1118 enumerat.
2713 1063 2848 1118 Item
2873 1062 2978 1116 itta
2994 1057 3123 1134 quae
3141 1063 3202 1116 in
3228 1075 3385 1132 pago
3417 1059 3732 1134 Arjbernieo
3757 1057 3845 1134 ha:

2240 1129 2456 1200 bentur,
2505 1133 2590 1204 vel
2621 1139 2679 1188 in
2707 1135 2943 1189 circuitu
2969 1133 3106 1204 eius.
3139 1129 3262 1202 quae
3292 1129 3606 1204 Quondam
3631 1132 3848 1204 fumat

2237 1205 2421 1260 ablata
2467 1203 2640 1260 eidem
2665 1204 2815 1274 itoco,
2846 1208 2900 1259 et
2926 1201 3185 1260 modcmb
3213 1201 3481 1274 tempore
3529 1204 3670 1256 sunt
3695 1201 3847 1256 resti-

2241 1278 2360 1330 tuta
2387 1275 2496 1344 ipsi
2517 1291 2618 1347 per
2648 1273 3002 1347 Guilletmum
3025 1273 3348 1347 ῃνίηεῂυςηὶ
3379 1273 3777 1347 Αζδυενηογζιῳη
3803 1278 3849 1347 et

2235 1362 2336 1417 per
2361 1339 2668 1416 ﬁlios'ejus.
2700 1343 2758 1400 id
2777 1349 2857 1401 est
2876 1339 3159 1417 castellum
3181 1339 3236 1400 S.
3267 1343 3484 1417 Xvogzii
3502 1347 3561 1399 et
3585 1339 3847 1417 quidquid

2237 1412 2310 1471 'ad
2339 1412 2522 1488 ipsum
2548 1412 2834 1486 pertinuit,
2865 1423 2922 1488 et
2958 1415 3257 1488 ecclesiam,
3275 1412 3848 1488 Caditoeo,ec_cle-

2238 1483 2380 1542 εἰαήι
2401 1483 2701 1556 Molahgia,
2722 1491 2775 1542 et
2793 1487 3082 1543 ecclesiam
3099 1487 3463 1550 Nobiliacus,
3485 1489 3546 1541 et
3563 1483 3848 1556 eodem

2243 1553 2659 1629 Chrosogilo,'et
2685 1558 2879 1612 vittam
2914 1558 3224 1629 Perusiam.
3259 1561 3320 1613 et
3357 1558 3670 1613 ecclesiam
3708 1553 3844 1610 Gau-

2240 1627 2512 1697 diniacns,
2545 1634 2595 1684 et
2625 1630 2809 1684 omnia
2833 1643 2958 1700 qua:
2988 1627 3074 1684 his
3104 1629 3356 1684 ecclesiis
3381 1629 3703 1700 pertinent.

2243 1718 2384 1772 Data
2406 1733 2441 1772 v
2472 1720 2666 1772 Nonas
2703 1713 2838 1772 Maii
2869 1733 2970 1789 per
3005 1731 3222 1772 manus
3253 1713 3424 1772 Petri
3459 1711 3724 1780 diaconi,
3754 1707 3842 1768 Bi-

2171 1804 2528 1860 bliothccarii
2561 1807 2618 1860 et
2643 1803 2995 1872 cancellarii,
3016 1807 3072 1860 S.
3107 1808 3174 1860 Α.
3211 1801 3402 1872 sedis,
3430 1821 3598 1862 anno
3629 1799 3844 1862 domini

2171 1893 2378 1950 Leonis
2407 1893 2478 1949 IX
2503 1909 2662 1966 papae
2694 1909 2754 1957 η,
2773 1891 3091 1950 indictione
3120 1910 3206 1950 III.

2941 2009 3038 2064 XI.

2169 2098 2224 2154 S.
2279 2099 2472 2154 Leonis
2517 2097 2585 2152 ΙΧ
2627 2097 2863 2168 epistola
2918 2097 2990 2152 ad
3035 2099 3322 2168 principes
3373 2097 3748 2168 Britannic,
3777 2120 3840 2136 --

2241 2169 2576 2224 Sententiam
2605 2167 2702 2226 vro
2733 2167 3308 2226 Turonensi’Ecclc-sia
3347 2170 3627 2226 adversus
3655 2167 3837 2224 Dolen-

2239 2245 2352 2313 scfn
2377 2237 2722 2313 pronuntiat,
2763 2238 3066 2313 resistentes
3093 2248 3146 2294 et
3173 2239 3537 2296 Simoniacos
3577 2243 3742 2313 atque
3778 2237 3837 2291 ab

2239 2312 2318 2366 eis
2345 2310 2622 2366 ordinatos
2649 2311 3104 2365 excommunicat.

2779 2397 2976 2470 '(Anrro
3008 2393 3196 2470 JI059.)

2424 2487 2695 2558 [Martem
2729 2483 3029 2542 Thesaurus
3061 2487 3257 2544 Anecd.
3293 2485 3400 2559 III,
3425 2485 3590 2559 869.]

2243 2603 2357 2659 Lao
2406 2603 2618 2659 sancta:
2658 2601 2815 2658 sedis
2857 2600 3186 2674 apostolicae
3219 2605 3422 2677 gratia
3455 2603 3560 2660 Dei
3597 2617 3747 2676 papa
3770 2587 3830 2656 Ε.

2171 2690 2316 2764 (130)
2347 2689 2650 2747 Britonum
2680 2690 2928 2764 principi
2976 2695 3168 2747 ANALO
3201 2692 3356 2765 (131)
3399 2691 3610 2750 comiti
3656 2693 3713 2746 et
3740 2705 3833 2746 caa-

2169 2779 2309 2836 teris
2337 2777 2701 2852 principibus
2732 2777 3042 2835 Britannia
3065 2779 3403 2838 secundum
3427 2781 3624 2838 Deum
3652 2778 3831 2835 vivere

2169 2867 2501 2924 volentibus
2529 2865 2648 2922 vita
2677 2871 2734 2924 et
2763 2862 2945 2924 salus.

2240 2955 2303 3011 In
2336 2955 2570 3028 scriptis
2599 2958 2856 3011 veterum
2908 2955 3236 3028 reperimus
3265 2973 3484 3014 omnes
3531 2955 3830 3030 episcopos

2169 3047 2282 3099 tuae
2315 3043 2514 3116 patriae
2546 3041 2981 3116 archiepiscopo
3027 3044 3324 3102 Turonico
3366 3045 3684 3118 subjectos
3711 3055 3830 3098 esse

2171 3131 2398 3188 debere.
2447 3129 2529 3188 De
2577 3150 2692 3204 qua
2739 3151 2798 3188 re
2839 3129 3057 3188 Nicolai
3117 3149 3282 3206 papae
3327 3129 3734 3208 temporibus,
3779 3130 3832 3184 et

2169 3219 2433 3288 Joannis,
2467 3218 2814 3292 Leonisque,
2845 3225 2903 3276 et
2932 3224 3276 3304 ceterorum
3305 3238 3580 3296 quorum
3601 3217 3831 3278 n‘omina

421 3311 597 3368 etiam
625 3307 1004 3366 cancellarius
1035 3313 1092 3364 et
1119 3289 1758 3375 b‘ibliothecarius,Sico
1791 3306 2060 3379 primice-
2091 3289 2134 3355 (ἶ
2171 3306 2428 3363 inserere
2457 3289 2712 3378 longum-
2733 3312 2841 3376 est,
2875 3306 3096 3364 clamor
3126 3289 3467 3368 factus—est.
3498 3311 3584 3368 Ex
3619 3306 3827 3381 quibus

419 3399 538 3456 rias
558 3398 744 3472 ipsius
764 3397 1086 3468 Eccclesiaz,
1109 3395 1436 3453 Richardus
1465 3396 1644 3452 abbas
1666 3395 1860 3451 Sancti
1881 3395 2060 3450 Bene-

419 3487 580 3555 dicti,
631 3487 796 3560 Hugo
843 3485 1025 3542 abbas
1073 3485 1488 3552 Cluniacensis,
1534 3485 1836 3551 Airardus,
1881 3485 2063 3539 abbas

412 3565 618 3632 Sancti
645 3575 833 3641 Pauli,
853 3573 1110 3631 Joannes
1130 3575 1312 3630 abbas
1343 3573 1540 3630 Sancti
1563 3573 1746 3641 Sabee,
1780 3573 2064 3628 Reinerus

421 3665 603 3720 abbas
634 3663 834 3720 Sancti
855 3661 1309 3732 Cosmae,Petrus
1339 3663 1520 3718 abbas
1539 3660 1736 3718 Sancti
1761 3659 2064 3722 Bonifacii,

414 3743 675 3807 Joannes
705 3749 888 3806 abbas
909 3747 1105 3804 Sancti
1125 3747 1355 3816 Vitatis,
1373 3749 1630 3805 Joannes
1659 3747 1840 3804 abbas
1869 3747 2065 3804 Sancti

422 3837 742 3910 Laurentii,
767 3837 1054 3894 Bonactus
1077 3837 1256 3892 abbas
1279 3836 1472 3892 Sancti
1493 3835 1760 3906 Joannis,
1783 3835 2066 3891 Ricberus

423 3928 604 3984 abbas
635 3925 828 3982 Sancti
858 3923 1102 3992 Juliani,
1133 3923 1430 3980 Liufridus
1477 3922 1659 3981 abbas
1701 3924 1898 3980 Sancti
1929 3925 2064 3978 Viu-

422 4015 620 4082 centii,
650 4013 957 4072 Gost‘ridus
988 4014 1170 4069 abbas
1207 4013 1277 4068 dc
1304 4011 1674 4086 Reigelliaco,
1705 4009 2070 4068 Valerandus

426 4105 626 4160 Abbas
654 4101 852 4159 Sancti
877 4101 936 4158 S.
969 4101 1186 4172 Vitoni,
1209 4101 1494 4157 Gervinus
1524 4101 1704 4156 abbas
1734 4100 1932 4156 Sancti
1969 4100 2070 4155 Ri-

425 4190 628 4256 charii,
653 4189 993 4246 Vincentius
1016 4190 1198 4246 abbas
1225 4189 1419 4245 Sancti
1441 4187 1728 4255 Januarii,
1755 4187 1866 4244 Leo
1889 4188 2071 4244 abbas

423 4280 623 4336 Sancti
653 4277 926 4346 Cornelii,
949 4277 1238 4335 Martinus
1262 4277 1443 4335 abbas
1463 4277 1656 4334 Sancti
1688 4276 1881 4343 Blasii,
1917 4275 2074 4332 Felix

426 4369 609 4426 abbas
635 4364 838 4424 Sancti
879 4368 1143 4436 Andreas,
1177 4366 1500 4423 Richardus
1531 4367 1711 4422 abbas
1741 4365 1928 4422 sancti
1960 4365 2073 4420 Ra-

2168 3395 2440 3452 Nicolaus
2473 3391 2872 3467 papalitteras
2901 3393 3202 3454 Salomoni
3233 3397 3357 3470 regi
3392 3397 3712 3454 Britonum
3741 3389 3830 3448 di-

2171 3483 2336 3550 rexit,
2360 3484 2418 3538 in
2446 3483 2662 3556 quibus
2683 3483 2965 3556 praecipit,
2996 3488 3062 3540 ut
3089 3499 3296 3542 omnes
3326 3502 3453 3543 suae
3476 3484 3682 3560 patriae
3710 3479 3826 3553 epi-

2173 3571 2333 3644 scopi
2373 3570 2674 3627 Turonicaa
2721 3571 2990 3628 Ecclesiae
3041 3569 3294 3644 subjecti
3333 3573 3480 3632 sint.
3537 3571 3652 3630 Alii
3702 3582 3828 3627 vero

2174 3659 2474 3732 apostolici
2492 3659 2726 3717 eosdem
2745 3656 3064 3734 apostolica
3079 3661 3433 3720 auctoritate
3445 3658 3522 3719 ob
3535 3651 3594 3718 id
3607 3671 3830 3716 excom-

2175 3748 2636 3804 municaverunt.
2670 3748 2758 3804 Ad
2791 3765 2898 3806 nos
2929 3765 3162 3822 quoque
3183 3749 3243 3805 in
3274 3747 3555 3808 Remensi
3587 3738 3828 3806 concilio

2175 3835 2396 3892 clamor
2413 3835 2756 3910 hujusmodi
2779 3836 3056 3910 delapsus
3085 3842 3172 3895 est
3197 3855 3210 3894 :
3237 3856 3345 3896 nos
3377 3839 3610 3908 statim,
3634 3840 3698 3892 ut
3714 3833 3831 3906 ipse

2177 3929 2382 3979 voster.
2411 3923 2884 3998 archiepiscopus
2921 3941 3056 3981 cum
3089 3926 3214 3983 suis
3247 3927 3538 4000 subjectis
3569 3925 3828 3982 Romano

2178 4011 2422 4068 concilio
2454 4027 2744 4085 preaesens
2775 4009 3025 4082 adesset,
3061 4031 3177 4071 non
3203 4014 3397 4072 solum
3421 4018 3496 4074 de
3517 4013 3630 4072 hac
3659 4022 3828 4069 causa

2179 4101 2518 4157 redditurus
2546 4101 2856 4169 rationem,
2889 4103 2989 4158 sed
3019 4102 3196 4160 etiam
3227 4104 3300 4160 de
3330 4103 3444 4162 hoc
3467 4101 3624 4179 quod
3656 4099 3824 4157 simo-

2181 4189 2386 4246 niacus
2433 4205 2569 4245 cum
2599 4188 2720 4246 suis
2751 4190 3138 4264 suﬁ‘raganeis
3169 4208 3300 4249 esse
3329 4191 3749 4266 comprobatur
3773 4185 3826 4239 et

2181 4277 2365 4350 exlex,
2417 4294 2684 4350 quaerens
2733 4293 2860 4351 quae
2911 4283 3052 4334 sunt
3090 4281 3323 4351 mundi,
3357 4297 3476 4338 non
3509 4295 3635 4354 qua!
3661 4275 3823 4333 Jesu-

2183 4367 2394 4422 Christi
2415 4385 2428 4435 ;
2453 4365 2676 4440 legatos
2687 4365 2863 4423 etiam
2878 4366 3152 4424 Turonici
3171 4367 3611 4442 archiprmsulis
3631 4363 3826 4420 adesse

421 4457 710 4534 ‘gneberti,
755 4457 916 4513 Dudo
963 4457 1145 4513 abbas
1205 4457 1428 4512 Sancta:
1476 4455 1694 4522 Mariae,
1733 4455 2074 4510 Peneresius
2184 4453 2578 4528 praecipimus.
2609 4453 2805 4528 Legati
2853 4453 3132 4512 Turonici
3181 4455 3520 4523 adfuerunt,
3551 4452 3824 4534 vestrates

419 4532 610 4604 'abbas
641 4545 838 4604 Sancti
857 4545 1198 4615 Salvatoris,
1218 4545 1400 4618 Agino
1431 4543 1612 4600 abbas
1635 4543 1834 4600 Sancti
1857 4543 2074 4598 Silves-
2185 4543 2488 4616 pontiﬁces
2526 4559 2661 4600 cum
2701 4559 2806 4599 suo
2857 4543 3046 4617 capite
3085 4561 3148 4601 se
3195 4545 3634 4602 subtraxerunt.
3664 4532 3825 4618 Nullo

427 4637 525 4702 tri,
556 4635 742 4692 Adam
773 4635 956 4692 abbas
981 4631 1177 4690 Sancti
1201 4615 1384 4699 Isaac,
1409 4631 1640 4688 Theuso
1671 4631 1852 4688 abbas
1881 4630 2076 4686 Sancti
2109 4653 2156 4719 Β
2189 4615 2388 4706 itaque
2412 4631 2584 4688 modo
2607 4630 2852 4704 probare
2867 4615 3170 4705 potuimus
3199 4631 3372 4691 illum
3403 4637 3664 4692 vestrum
3686 4615 3820 4699 prae-

433 4726 609 4795 Petri,
640 4724 851 4780 Bonizo
881 4723 1064 4779 abbas
1095 4722 1290 4778 Sancti
1322 4720 1494 4788 Petri,
1527 4720 1868 4774 V‘incrntius
1899 4720 2081 4776 abbas
2191 4721 2381 4778 sulem
2412 4719 2918 4794 archiepiscopum
2947 4735 3076 4778 esse
3095 4721 3328 4792 debere,
3352 4719 3676 4796 prasertim
3695 4724 3824 4770 cum

421 4811 632 4869 'Sancti
659 4811 947 4877 Januarii,
981 4808 1220 4867 Urlinus
1249 4811 1432 4866 abbas
1479 4809 1672 4865 Sancti
1703 4812 1767 4881 Αι
1792 4807 2076 4876 ollinaris,
2189 4808 2662 4882 archiepiscopus
2679 4807 2804 4864 sine
2823 4803 2960 4866 sede
2989 4807 3265 4880 civitatis,
3293 4811 3421 4869 sine
3442 4807 3616 4886 pallio
3644 4797 3821 4861 ambi-

432 4899 608 4956 Wido
640 4900 824 4955 abbas
845 4899 1040 4954 Sancti
1062 4899 1278 4965 Severi,
1301 4899 1487 4954 Leuzo
1507 4898 1684 4954 abbas
1713 4897 1936 4959 Sanctae
1959 4896 2078 4952 Ma-
2189 4893 2501 4972 episcopali
2519 4914 2632 4953 non
2649 4895 2836 4970 possit
2855 4895 3077 4955 haberi.
3101 4897 3688 4957 Excommuniramus
3705 4902 3822 4972 oms

437 4989 558 5051 riae,
588 4985 863 5042 Albricus
893 4986 1075 5040 abbas
1095 4985 1292 5042 Sancti
1315 4985 1580 5052 Zenonis,
1611 4984 1867 5042 Joannes
1900 4986 2081 5042 abbas
2190 5002 2294 5042 nes
2336 4986 2444 5042 hos
2492 4985 2562 5042 de
2615 4985 2835 5059 quibus
2875 5003 3068 5043 sermo
3111 4991 3204 5044 est
3241 5005 3310 5044 ex
3341 4986 3696 5059 auctoritate
3726 4971 3822 5059 Dei

435 5073 636 5130 Sancti
659 5071 996 5138 Salvatoris,
1029 5076 1318 5130 Bonactus
1343 5075 1523 5130 abbas
1545 5074 1737 5129 Sancti
1769 5072 2083 5130 Salvatoris
2185 5075 2400 5144 Patris,
2437 5077 2494 5130 et
2525 5053 2672 5144 Filii,
2703 5077 2760 5128 et
2791 5073 3042 5146 Spiritus
3089 5072 3300 5148 sancti,
3349 5072 3646 5146 sanctique
3680 5053 3821 5124 Petri

437 5165 632 5216 Laetus
663 5156 858 5212 Sancti
887 5156 1112 5229 Angeli,
1145 5159 1476 5232 Stephanus
1507 5161 1683 5216 abbas
1705 5163 1898 5216 Sancti
1929 5162 2081 5218 Tho-
2192 5168 2246 5221 et
2270 5168 2491 5229 nostra,
2525 5179 2640 5218 non
2666 5161 2858 5217 solum
2882 5167 3120 5236 propter
3139 5163 3290 5220 hanc
3320 5157 3819 5238 praesumptione!!!

439 5265 571 5322 mae,
605 5243 894 5302 Rodulfus
940 5243 1122 5300 abbas
1152 5247 1344 5303 Sancti
1380 5248 1550 5303 Petri.
2195 5270 2313 5327 qua
2352 5249 2560 5324 subjici
2607 5234 2906 5308 Turonicae
2954 5234 3223 5309 Ecclesia;
3275 5234 3680 5328 dedignantur,
3725 5234 3820 5297 Sed

511 5551 662 5636 (1.31)
695 5542 1275 5630 Legendumvidetur
1292 5550 1487 5619 Alano,
1519 5546 1638 5632 tilio
1660 5548 1882 5636 scilicet
1902 5553 2088 5642 Hoelli
2269 5554 2418 5685 (1303
2460 5555 2608 5640 Lege
2647 5551 2732 5621 C.,
2781 5554 3005 5612 scilicet
3050 5561 3306 5639 ponano,
3352 5555 3534 5630 hujus
3581 5537 3818 5608 nonin“

511 5640 632 5685 1018.
665 5635 769 5685 ίῐυι
799 5621 971 5672 etiam
1002 5623 1208 5685 postea
1235 5621 1354 5678 dux
1381 5624 1564 5680 evamt
1592 5619 1904 5682 Britanniae
1932 5627 2088 5685 scih-
2197 5645 2377 5685 secun
2422 5645 2476 5685 o.
2499 5629 2881 5685 aultemnore
2895 5626 3106 5685 Leonis
3123 5644 3288 5685 name
3300 5625 3608 5685 Britannia
3621 5613 3818 5678 ducti“

440 5613 971 5710 ῥιζοίεμζίζυξξξδξξαω
1002 5623 1208 5693 Postea
1235 5621 1354 5678 dux
1381 5613 1564 5680 evasit
1592 5619 1904 5682 Britanniae
1932 5613 2088 5688 sciti;
2197 5613 2476 5710 secundo,
2499 5613 2881 5700 quiterapore
2895 5626 3106 5702 Leonis
3122 5613 3608 5702 papw'Britannia
3621 5613 3818 5678 dum“

439 5698 530 5756 o‘et
557 5687 715 5751 anno
746 5687 906 5748 4084.
1003 5687 1024 5693 ⁷

2242 5687 2550 5760 otiebatur.
