3898 6354
87 412 203 471 653

1057 408 1456 471 ΕΡΙδΤΟΙλΛΕ
1498 409 1599 471 ΕΤ
1642 409 2004 472 DECRETA
2045 413 2515 476 PONTIFICIA.

2021 246 2034 280 \

3357 417 3479 478 654

84 542 282 609 tionis,
329 541 650 612 quidquam
696 538 987 595 violentiae
1037 545 1136 595 aut
1184 543 1392 613 rapinae
1442 543 1501 597 in
1553 543 1727 598 rebus
1756 542 2142 616 Amultoquc
2201 550 2460 619 tempore
2517 561 2718 602 secum
2767 546 3032 614 retinuit;
3080 548 3139 600 in
3192 562 3313 618 quo
3352 545 3477 603 loco

78 632 345 701 ejusdem
377 629 715 686 monasterii
750 634 807 684 et
837 630 1009 685 etiam
1045 630 1206 685 cellis
1258 633 1599 687 nominatim
1633 650 1725 687 sa-

79 719 294 792 crilega
313 736 488 776 manu
507 718 877 776 committere
908 720 1525 776 audeat.Concedimus
1549 722 1725 777 etiam

77 808 186 879 ipsi
220 813 408 864 vcstro
443 808 793 864 monasterio
817 808 1174 863 abbatiolam
1200 811 1514 879 quamdam
1543 810 1726 865 sancti

76 896 326 953 Victoris
358 898 595 952 nomine
624 898 777 968 apud
810 896 1179 952 Valentinam
1205 898 1496 953 civitatem
1529 899 1725 969 sitam,

76 1001 258 1055 quam
290 985 458 1041 nobis
476 986 534 1040 in
553 985 682 1057 ipsa
702 986 922 1057 synodo
939 985 1126 1057 ipsius
1150 985 1399 1042 civitatis
1422 987 1729 1058 episcopus

77 1072 321 1128 Pontius
354 1074 627 1129 manibus
660 1074 876 1128 nostris
906 1074 1162 1129 reddidit
1191 1078 1247 1128 et
1274 1091 1376 1145 per
1405 1075 1605 1130 omnia
1642 1092 1728 1131 re-

78 1162 307 1228 iutavit,
340 1166 597 1234 tuncque
628 1179 815 1233 usque
849 1164 1067 1233 injuste
1097 1163 1389 1217 detentam
1420 1164 1492 1217 ab
1523 1164 1731 1219 abbate

72 1252 131 1306 S.
168 1250 555 1306 Theodofredi
585 1268 651 1306 ex
676 1255 936 1323 tempore
968 1250 1351 1306 desolationis
1388 1252 1729 1307 monasterii

72 1340 131 1394 S.
170 1339 435 1393 Victoris.
470 1340 801 1395 Statuentes
833 1339 1152 1411 apostolica
1200 1357 1448 1396 censura
1491 1359 1561 1397 ne
1613 1342 1732 1397 ulla

70 1444 340 1498 unquam
373 1428 679 1483 hominum
711 1430 1397 1501 persona,cujuscunque
1424 1431 1729 1501 potestatis

68 1516 153 1571 vel
189 1516 976 1589 conditionis,cujuscunque
1006 1535 1180 1574 sexus
1212 1523 1267 1573 et
1301 1519 1731 1587 aetatis,contra

67 1605 220 1660 hanc
248 1610 456 1661 nostra:
516 1606 846 1679 apostolicae
907 1608 1277 1663 auctoritatis
1327 1608 1727 1664 defensionem

64 1693 264 1749 venire
321 1699 643 1767 praetentet.
687 1697 849 1759 Quod
902 1696 951 1749 si
999 1713 1181 1751 ausus
1233 1696 1428 1768 fuerit,
1486 1697 1727 1768 cuspide

68 1783 460 1838 anathematis
490 1785 989 1839 transverberatus
1021 1783 1132 1839 erit
1163 1801 1351 1855 usque
1381 1785 1453 1839 ad
1487 1785 1725 1857 dignam

68 1870 554 1926 satisfactionem.
591 1872 695 1937 Qui
729 1890 861 1927 vero
891 1890 953 1927 se
987 1874 1059 1927 ab
1110 1872 1217 1927 hac
1270 1873 1727 1945 przesumptione

68 1959 434 2026 custodierit,
470 1959 934 2016 benedictionem
983 1978 1016 2015 a
1059 1960 1305 2016 Domino
1352 1962 1467 2017 Deo
1518 1980 1724 2019 conse-

68 2051 291 2120 quatur
320 2052 377 2103 et
406 2052 629 2103 aeternae
660 2049 789 2103 vitae
825 2050 1114 2121 particeps
1148 2049 1456 2105 efficiatur.

138 2138 287 2191 Data
309 2154 383 2194 vn
420 2136 554 2192 Idus
598 2138 960 2209 Septembris
991 2154 1093 2209 per
1137 2155 1348 2195 manus
1395 2140 1544 2195 Petri
1598 2141 1725 2196 dia-

70 2224 665 2293 coni,bibliothecarii
698 2229 755 2280 et
793 2226 1118 2281 cancellarii
1151 2233 1363 2283 sancta:
1398 2228 1723 2300 apostolicae

66 2314 243 2380 sedis,
278 2331 432 2369 anno
466 2314 696 2369 Domini
731 2316 886 2382 1050,
925 2316 1141 2371 Leonis
1173 2317 1308 2371 noni
1345 2334 1505 2389 papae
1540 2335 1599 2385 ιι,
1633 2319 1721 2373 in-

64 2403 321 2458 dictione
356 2422 434 2460 1v.

799 2509 989 2564 XLIV.

68 2598 377 2669 [lleinrico]
410 2599 732 2669 imperatori
760 2600 1124 2653 Romanorum
1154 2608 1203 2653 et
1234 2600 1352 2668 regi
1377 2601 1722 2671 Burgundio-

130 2687 285 2740 num,
319 2672 587 2740 episcOpis
619 2677 671 2724 et
693 2671 1039 2740 principibus
1072 2672 1308 2740 regionis
1340 2672 1495 2725 illius
1531 2674 1722 2728 Itoma-

130 2758 267 2796 num
298 2743 695 2796 monasterium
726 2741 1091 2796 commendat.

698 2831 1093 2900 (Annoiosoj

66 2921 367 2989 [Memoires
395 2928 446 2974 et
477 2922 807 2974 Documents
838 2918 904 2972 de
936 2920 991 2972 la
1019 2919 1227 2974 Socicte
1255 2920 1534 2975 d’histoire
1575 2921 1638 2976 (lc
1669 2922 1721 2975 la

658 2991 858 3057 Suisse,
894 3006 953 3061 p.
989 2990 1137 3057 419.]

132 3118 245 3172 Leo
276 3116 614 3189 episcopus,
649 3131 850 3170 servus
884 3130 1183 3170 servorum
1226 3114 1474 3183 Domini,
1528 3116 1594 3170 II.
1630 3116 1722 3170 di-

71 3207 397 3263 lectissimo
421 3205 537 3261 filio
560 3204 900 3277 imperatori
934 3205 1329 3259 Romanorum
1362 3211 1419 3260 et
1440 3206 1559 3277 regi
1584 3206 1723 3260 Bur-

1836 631 2022 688 multa
2052 634 2339 690 miracula
2355 652 2458 707 per
2474 652 2610 691 eum
2628 636 2913 692 Dominus
2931 636 3205 709 dignatus
3235 638 3326 691 est
3353 651 3484 708 ope-

1836 737 1980 776 rare.
2018 722 2088 777 Ut
2117 724 2188 777 de
2227 725 2451 779 caeteris
2503 729 2749 795 taceam,
2778 732 2845 781 ut
2891 725 3026 780 libri
3074 723 3235 780 illius
3280 740 3486 781 mona-

1836 809 1995 863 sterii
2028 810 2438 881 (Romanensis
2491 812 2829 867 monasterii
2861 828 2931 869 ou
2967 810 3483 882 Romainmoutier).

1835 897 2345 969 loquuntur,visus
2377 905 2466 955 est
2499 900 2869 971 prmeentiam
2902 899 3309 972 apostolorum
3330 898 3487 955 Petri

1838 991 1896 1041 et
1925 986 2084 1042 Pauli
2116 993 2172 1042 et
2200 989 2506 1044 beatorum
2548 995 2872 1063 martyrum
2922 990 3003 1044 ibi
3052 989 3484 1059 quiescentium

1840 1074 1951 1128 sibi
1983 1074 2286 1139 allocutos,
2320 1082 2386 1131 ut
2415 1077 2720 1134 ecclesiam
2751 1078 2914 1132 illam
2947 1076 3350 1149 apostolorum
3378 1093 3484 1132 au-

1840 1163 2098 1218 ctoritate
2130 1164 2493 1231 sublimaret,
2541 1171 2597 1221 et
2643 1168 3047 1239 supradictum
3099 1182 3295 1237 regem
3327 1166 3390 1221 P.
3427 1169 3485 1221 et

1840 1250 1991 1305 ﬁlios
2020 1254 2148 1321 ejus
2186 1269 2349 1325 reges
2396 1253 2633 1326 eligeret
2660 1261 2716 1310 et
2745 1259 3128 1322 consecraret,
3179 1258 3237 1309 et
3284 1253 3483 1309 divina

1840 1342 1898 1393 et
1922 1338 2239 1409 apostolica
2265 1342 2604 1397 auctoritate
2634 1343 2968 1415 praeciperet
2995 1348 3061 1397 ut
3090 1340 3290 1399 nullus
3322 1359 3478 1397 mor-

1840 1426 2049 1481 talium
2078 1445 2181 1500 per
2208 1430 2581 1485 succedentia
2610 1435 2875 1502 tempora
2902 1432 2963 1485 in
2992 1430 3092 1485 illo
3135 1446 3333 1503 regno,
3364 1429 3481 1486 nisi

1840 1516 1912 1570 de
1944 1516 2174 1571 illorum
2222 1518 2495 1589 prosapia
2524 1524 2578 1573 et
2608 1519 2926 1591 propagine
2968 1535 3164 1591 regem
3213 1519 3483 1575 ordinare

1842 1605 2101 1659 auderet.
2137 1606 2197 1660 In
2252 1607 2591 1678 supradicto
2622 1623 2755 1662 vero
2788 1606 3019 1680 negotio
3068 1611 3126 1662 et
3176 1606 3383 1662 itinere
3425 1607 3485 1662 in

1840 1693 2190 1764 quibusdam
2218 1695 2571 1752 Jurensibus
2601 1696 2867 1768 partibus
2909 1695 3100 1768 posito
3132 1696 3487 1752 monasterio

1831 1782 2013 1849 jussit
2038 1781 2149 1837 sibi
2183 1783 2504 1855 hospitium
2538 1801 2894 1857 praeparare;
2928 1785 3032 1840 sed
3081 1790 3391 1857 susceptus
3431 1788 3489 1841 et

1842 1872 2075 1926 servitio
2107 1871 2497 1928 habitantium
2529 1874 2839 1941 fruitus,ut
2868 1878 2993 1930 erat
3020 1873 3154 1945 pius
3186 1878 3243 1930 et
3262 1873 3487 1929 miseri-

1838 1977 1988 2026 cors,
2019 1960 2339 2033 hospitium
2373 1962 2620 2034 benigne
2659 1963 2920 2035 suscepit
2952 1980 2964 2018 :
2997 1967 3055 2018 et
3083 1978 3152 2018 ex
3198 1962 3483 2018 charitate

1834 2048 2028 2104 locum
2080 2050 2376 2105 benedixit
2417 2056 2474 2105 et
2516 2051 2917 2120 sanctiﬁcavit,
2952 2055 3009 2106 et
3066 2051 3137 2107 ad
3195 2048 3480 2108 henorem

1834 2138 2232 2209 apostolorum
2266 2139 2540 2195 ecclesias
2571 2140 2651 2194 ibi
2683 2140 3043 2196 consecravit
3061 2145 3118 2196 et
3146 2141 3479 2197 Romanum

1838 2229 2256 2283 monasterium
2290 2230 2628 2284 nominavit.
2662 2229 2769 2292 Qui
2800 2229 2986 2296 locus,
3018 2234 3086 2284 ut
3124 2230 3480 2297 audivimus,

1836 2320 2036 2387 postea
2083 2334 2117 2371 a
2171 2317 2343 2372 malis
2393 2317 2733 2373 hominibus
2779 2321 2836 2373 et
2881 2319 2953 2372 ab
3011 2316 3363 2389 importunis
3392 2317 3485 2373 vi-

1835 2405 1983 2460 cinis
2053 2405 2370 2461 destitutus
2439 2410 2556 2474 est;
2618 2407 2718 2462 sed
2785 2405 3030 2461 Domino
3090 2410 3387 2462 annuente
3453 2423 3489 2462 a

1837 2510 1969 2565 rege
2019 2494 2326 2549 Chonrado
2375 2498 2432 2549 et
2481 2494 2742 2564 Matilda,
2775 2496 2905 2566 ejus
2954 2495 3203 2567 conjuge
3234 2494 3485 2551 nobilis-

1834 2583 1986 2638 sima
2052 2585 2227 2638 beatae
2294 2584 2736 2652 recordationis,
2799 2583 3007 2639 Maiolo
3060 2588 3117 2639 et
3177 2600 3481 2641 successo-

1833 2671 1995 2725 ribus
2044 2672 2173 2742 ejus
2221 2673 2524 2728 monachis
2573 2674 3037 2740 commendatus,
3083 2689 3188 2744 per
3242 2672 3478 2728 illorum

1832 2761 2093 2814 studium
2126 2761 2196 2814 ad
2232 2760 2566 2815 saecularem
2595 2761 2872 2816 honorem
2923 2765 2980 2815 et
3025 2761 3098 2815 ad
3130 2760 3474 2832 religionem

1834 2848 2215 2903 monasticam
2248 2849 2535 2905 deductus
2568 2857 2675 2916 est,
2721 2855 2776 2904 et
2824 2849 3147 2904 restitutus.
3181 2848 3287 2906 Illa
3314 2849 3473 2905 ordi-

1832 2938 1988 2992 natio
2021 2937 2170 2992 beati
2204 2937 2395 2992 Maioli
2429 2942 2485 2993 et
2509 2939 2663 3008 regis
2693 2943 2748 2993 et
2778 2938 2986 3010 reginae
3017 2938 3130 2993 fixa
3160 2942 3219 2993 et
3248 2937 3477 2997 stabilis

1833 3032 2188 3098 permaneat.
2222 3026 2505 3082 Caeterum
2564 3027 2691 3082 volo
2739 3032 2805 3082 ut
2852 3044 2943 3082 res
2993 3027 3066 3083 ad
3100 3043 3208 3083 nos
3250 3043 3483 3100 semper

1833 3115 2134 3187 respiciat;
2169 3114 2251 3170 ita
2279 3120 2344 3170 ut
2375 3117 2423 3171 si
2456 3114 2669 3187 aliquis
2700 3115 2782 3171 ibi
2812 3115 3089 3187 injuriam
3119 3116 3323 3172 fecerit
3339 3121 3398 3173 et
3416 3133 3485 3173 ex

1834 3211 2034 3259 nostra
2064 3208 2226 3275 parte
2249 3208 2305 3259 et
2325 3221 2734 3260 successorum
2757 3210 3091 3261 nostrorum
3123 3205 3482 3261 reclamatio-

65 3294 753 3369 gundionum,episcopis
777 3298 832 3350 et
854 3294 1220 3366 principibus
1251 3294 1504 3365 regionis
1537 3294 1716 3363 illius,
1752 3272 1792 3338 C
1833 3310 1966 3347 nem
1999 3292 2249 3347 audierit
2268 3296 2323 3347 et
2344 3292 2596 3349 noluerit
2615 3293 2924 3349 emendare
2954 3294 3026 3348 ad
3058 3293 3300 3365 plenum
3325 3294 3474 3350 sciat

67 3385 317 3442 salutem
350 3389 409 3441 et
459 3382 841 3456 apostolicam
872 3383 1358 3438 benedictionem.

139 3474 282 3530 Volo
314 3474 465 3531 scire
492 3472 949 3528 dominationem
971 3475 1225 3527 vestram
1244 3476 1299 3527 et
1314 3488 1718 3528 successorum

77 3566 404 3618 vestrorum
436 3560 574 3633 quia
601 3558 1020 3616 monasterium
1051 3560 1206 3630 quod
1241 3562 1479 3615 vocatur
1507 3560 1717 3616 Roma-

77 3669 215 3708 num
252 3651 369 3707 fuit
400 3651 699 3723 quondam
741 3648 1215 3704 commendatum
1250 3648 1718 3705 antecessoribus

78 3740 291 3796 nostris
315 3740 389 3796 ad
424 3739 775 3794 servandum
793 3741 849 3793 et
869 3736 1315 3792 custodiendum
1336 3741 1392 3791 et
1410 3738 1718 3809 tuendum,

75 3846 186 3885 non
217 3830 291 3885 ad
325 3828 591 3884 dandum
613 3832 670 3882 et
698 3826 1090 3896 vendendum,
1124 3842 1228 3880 nec
1270 3826 1340 3880 ad
1374 3827 1721 3882 beneficium

76 3918 372 3986 dandum;
408 3916 508 3973 sed
554 3932 671 3987 qua
717 3916 1018 3970 occasione
1057 3913 1200 3969 illud
1253 3913 1479 3982 accidit,
1522 3915 1723 3986 paucis

75 4007 236 4064 vobis
276 4024 374 4063 me
423 4006 615 4061 dicere
663 4004 853 4059 libuit.
890 4002 1207 4059 Multorum
1240 4003 1518 4059 relatione
1547 4004 1721 4059 didici

78 4097 229 4166 quod
245 4096 528 4152 dominus
543 4094 879 4165 Stephanus
899 4091 1248 4148 venerabilis
1262 4092 1439 4163 hujus
1453 4094 1724 4148 Romana:

79 4184 229 4240 sedis
266 4182 973 4257 episcopus,quibusdam
1006 4181 1453 4237 necessitatibus
1482 4182 1724 4254 impedi-

80 4276 169 4328 tus
190 4277 246 4328 et
276 4290 312 4329 a
348 4272 753 4345 Longobardis
802 4271 1055 4344 graviter
1098 4274 1467 4341 angustatus,
1494 4287 1728 4326 necesse

79 4358 281 4417 habuit
313 4359 631 4417 consilium
663 4375 919 4431 quaerere
953 4376 986 4414 a
1016 4359 1363 4413 Francorum
1398 4375 1558 4430 rege;
1592 4360 1731 4431 quia

78 4450 309 4506 carebat
339 4454 483 4505 tunc
515 4450 818 4505 Romanus
849 4448 1011 4504 orbis
1049 4463 1297 4520 persona
1338 4448 1727 4519 imperatoris,

81 4540 133 4591 et
163 4538 263 4610 qui
291 4536 572 4595 consules
598 4540 655 4593 et
685 4537 1001 4592 dictatores
1030 4535 1377 4591 videbantur
1406 4553 1520 4591 non
1567 4540 1733 4592 erant

1828 3399 1889 3437 se
1921 3381 2238 3454 apostolica
2267 3383 2613 3437 auctoritate
2642 3381 3289 3437 excommunicandum.

2564 3487 2723 3543 XLV.

1829 3578 1883 3632 S.
1916 3579 2017 3633 Leo
2045 3579 2110 3632 ιχ
2132 3578 2449 3633 monasterii
2479 3577 2534 3631 S.
2570 3578 2840 3649 Mansueti
2883 3576 3245 3648 possessiones
3275 3581 3327 3633 et
3351 3578 3467 3649 pri-

2375 3649 2574 3717 vilegia
2603 3648 2915 3717 conﬁrmat.

2439 3738 2848 3809 (Annoiosoj

1832 3827 1998 3897 [Dom
2030 3825 2271 3892 Calmet,
2304 3827 2543 3881 Histoire
2571 3826 2635 3881 de
2663 3828 2946 3894 Lorraine,
2971 3826 3012 3897 Ι,
3045 3828 3299 3896 Preti-ves,
3323 3828 3469 3895 429.]

1904 3918 2017 3971 Leo
2065 3912 2394 3987 episcopus,
2429 3931 2630 3970 servus
2675 3931 2973 3970 servorum
3021 3915 3142 3982 Dei,
3175 3914 3387 3970 dilecto
3412 3915 3472 3970 in

1833 4004 2062 4060 Christo
2093 4003 2210 4059 ﬁlio
2243 4004 2485 4072 Donom,
2509 4004 2705 4059 abbati
2732 4003 3069 4060 monasterii
3088 4004 3289 4059 Sancti
3308 4004 3473 4061 Man-

1834 4094 2008 4159 sueti,
2042 4094 2195 4165 quod
2227 4092 2286 4146 in
2319 4093 2602 4149 suburbio
2654 4096 2865 4148 nostras
2913 4093 3164 4149 civitatis
3202 4092 3360 4149 Tulli
3399 4094 3477 4150 si-

1834 4189 1960 4239 tum
1992 4187 2100 4250 est,
2132 4184 2376 4253 ejusque
2405 4182 2844 4239 successoribus
2874 4182 3220 4255 regulariter
3247 4199 3481 4255 promo-

1836 4272 2040 4328 vendis
2070 4272 2127 4326 in
2158 4278 2394 4343 posteru
2408 4288 2480 4325 m.

1908 4362 2072 4416 Sicut
2100 4361 2309 4416 rationi
2342 4360 2629 4416 contraria
2660 4360 2860 4432 procul
2883 4364 2974 4416 est
2992 4360 3319 4432 abjicienda
3345 4361 3486 4434 peti-

1839 4451 1941 4516 tio,
1974 4450 2056 4505 ita
2087 4450 2145 4504 in
2180 4447 2271 4505 bis
2298 4466 2423 4520 qua:
2455 4449 2604 4504 bene
2636 4446 3064 4520 desiderantur,
3086 4448 3359 4504 alfectum
3383 4464 3483 4504 ne-

1840 4538 1965 4611 gari
1992 4555 2103 4593 non
2137 4537 2421 4593 convenit.
2456 4537 2597 4591 Tuis
2629 4538 2830 4609 igitur,
2861 4536 2943 4591 fili
2974 4537 3033 4591 in
3072 4537 3298 4592 Christo
3346 4535 3483 4592 cha-

76 4628 244 4682 tanta:
276 4627 515 4683 virtutis
547 4630 611 4681 ut
636 4630 877 4698 possent
907 4628 1170 4681 sanctam
1193 4624 1509 4681 Ecclesiam
1528 4626 1730 4682 Roma—
1758 4647 1804 4711 D
1838 4627 2091 4695 rissime,
2114 4626 2384 4698 precibus
2415 4632 2761 4691 annuentes,
2813 4625 2886 4681 ad
2933 4630 3277 4697 perpetuam
3306 4625 3485 4682 vestri

77 4709 206 4771 nam
240 4715 496 4773 liberare
528 4734 561 4771 a
591 4720 677 4772 tot
706 4714 1151 4770 imminentibus
1202 4715 1559 4770 turbinibus.
1592 4716 1728 4771 Erat

78 4805 229 4860 enim
275 4810 424 4861 tunc
455 4805 738 4877 temporis
790 4804 850 4858 in
890 4802 1158 4875 partibus
1189 4803 1384 4859 Galliae
1433 4821 1533 4859 rex
1577 4805 1734 4877 pius,

80 4892 313 4949 nomine
344 4893 717 4965 Pipinus,ille
750 4892 993 4965 Pipinus
1024 4893 1191 4962 cujus
1223 4892 1381 4947 filius
1413 4893 1524 4948 fuit
1554 4892 1737 4949 haeres

82 4984 137 5034 et
172 4982 442 5039 imitator
473 4982 719 5038 Karolus
751 4982 1034 5054 Magnus;
1069 4981 1168 5052 qui
1202 4981 1450 5037 audiens
1486 4981 1738 5038 necessi-

85 5072 255 5127 tatem
310 5075 535 5128 sanctae
585 5072 858 5127 Romanae
911 5069 1196 5137 Ecclesiae,
1235 5071 1478 5139 vocavit,
1534 5071 1737 5143 praedi-

85 5162 233 5216 ctum
266 5161 584 5217 dominum
633 5176 847 5233 papam
896 5159 1280 5230 Stephanum,
1315 5164 1378 5214 ut
1421 5161 1493 5214 ad
1537 5178 1597 5216 se
1644 5177 1735 5216 ve-

84 5246 228 5304 niret
258 5254 317 5305 et
346 5251 421 5305 de
454 5250 824 5321 principibus
870 5253 988 5304 tres
1030 5264 1231 5303 secum
1265 5248 1575 5305 deduceret
1606 5266 1739 5304 cum

84 5337 291 5406 quibus
323 5337 448 5394 late
481 5337 795 5394 consilium
824 5337 1128 5405 inveniret,
1165 5353 1279 5408 quo
1310 5338 1437 5408 ejus
1469 5337 1739 5392 Ecclesiae

83 5425 732 5482 subveniret.Annuens
763 5425 1036 5498 precibus
1057 5425 1230 5497 regis,
1266 5442 1454 5497 usque
1485 5425 1739 5481 Parisios

84 5515 593 5587 venit.Susceptus
612 5519 703 5571 est
722 5514 1133 5580 honoriﬁce,ut
1165 5514 1421 5583 pontifex
1443 5531 1735 5583 summus,

83 5618 113 5657 a
160 5620 293 5679 rege
336 5609 396 5661 et
448 5603 615 5677 regni
665 5603 1065 5676 principibus;
1115 5607 1171 5658 et
1216 5606 1377 5661 tanto
1409 5604 1646 5672 honore,
1679 5607 1739 5659 et

84 5694 407 5754 reverentia
466 5691 637 5751 illum
699 5709 801 5750 rex
856 5691 1055 5762 coluit,
1088 5695 1153 5751 ut
1210 5696 1493 5767 utrosque
1522 5692 1735 5765 decuit,

1836 4715 2171 4772 monasterii
2194 4731 2396 4787 pacem
2429 4732 2493 4768 ac
2525 4714 2920 4783 stabilitatem,
2942 4714 3243 4786 praesentis
3273 4711 3491 4769 decreti

1844 4804 2168 4862 stabilitate
2216 4804 2541 4869 sanximus,
2575 4808 2639 4858 ut
2667 4804 2726 4858 in
2757 4820 2823 4858 eo
2854 4820 2969 4858 non
3009 4804 3338 4876 episcopus,
3370 4818 3490 4858 non

1844 4895 1958 4950 alia
1988 4894 2205 4967 qumvis
2235 4910 2820 4965 persona,gravamen
2840 4892 2929 4947 vel
2961 4893 3304 4966 quampiam
3323 4908 3496 4948 vexa-

1847 4983 2068 5039 tionem
2102 4983 2405 5038 exercendi
2430 4984 2533 5053 jus
2564 4982 2914 5052 habeat,nec
2944 4982 3014 5037 de
3045 4981 3500 5052 redditibus,re-

1846 5073 1979 5141 bus,
2010 5071 2100 5127 vel
2134 5071 2372 5138 chartis,
2402 5072 2471 5126 de
2503 5070 2657 5125 villis
2694 5070 2783 5125 vel
2813 5072 2885 5125 de
2915 5070 3102 5138 cellis,
3136 5071 3257 5128 sive
3278 5072 3350 5128 de
3370 5086 3501 5127 om-

1847 5163 2020 5216 nibus
2052 5160 2133 5215 illi
2167 5161 2617 5232 pertinentibus,
2652 5176 3003 5232 quocunque
3032 5161 3503 5233 modo,qualibet

1849 5247 2644 5321 exquisitione,minuere,vel
2667 5248 2831 5304 dolos
2853 5254 2958 5305 aut
2985 5250 3383 5306 immissiones
3399 5247 3501 5303 ali-

1850 5356 1996 5410 quas
2028 5338 2214 5393 facere
2244 5338 2746 5409 prmsumat,sicut
2776 5338 2834 5391 in
2870 5338 3025 5394 beati
3056 5338 3292 5394 Gerardi
3316 5334 3498 5390 chiro-

1849 5426 2089 5500 graphis
2118 5431 2175 5481 et
2194 5426 2451 5498 antiquis
2475 5426 2662 5498 ipsius
2682 5427 2790 5482 loci
2809 5426 3123 5499 privilegiis
3145 5425 3490 5479 continetur.

1850 5516 1921 5570 Ut
1951 5520 2145 5569 autem
2160 5515 2525 5571 fratresinibi
2543 5515 2857 5570 servientes
2868 5516 2984 5569 Deo
3004 5514 3242 5567 liberius
3264 5512 3490 5577 vacent,

1851 5620 2125 5660 mansum
2157 5604 2538 5676 integrum,in
2561 5620 2676 5676 quo
2697 5604 2849 5660 idem
2872 5603 3044 5657 situm
3075 5603 3165 5654 est
3194 5592 3491 5654 monaste-

1851 5691 2120 5762 rium,vel
2142 5692 2429 5770 quidquid
2452 5692 2611 5750 intra
2631 5690 2960 5765 parochiam
2977 5686 3146 5744 hodie
3167 5688 3333 5762 justo
3353 5702 3487 5761 pos-
