3898 6352
115 449 236 518 657

1093 451 1496 517 EPISTOLE
1536 452 1637 514 ET
1680 449 2043 514 DECRETA
2086 450 2555 518 PONTIFICIA.

3397 444 3519 527 Μ

110 585 519 647 translationis
547 582 788 662 gloriosi
820 585 1170 646 confessoris
1194 592 1560 652 convenerat,
1585 586 1757 642 satis-
1789 584 1844 650 Α
1873 584 1952 642 ris
1984 602 2253 658 persona,
2281 602 2389 645 nec
2419 583 2926 660 archiepiscopus,
2956 597 3062 642 nec
3094 578 3425 657 episcoPus,
3461 584 3520 640 et

113 666 365 736 fecimus
385 679 631 734 fratrum
654 677 946 750 petitioni,
979 678 1048 735 de
1078 677 1292 751 quibus
1314 677 1433 733 haec
1455 677 1647 733 littera
1676 692 1761 733 se-

113 783 304 839 quens
326 767 606 824 indicium
625 767 752 823 erit.
778 767 886 823 Pro
914 767 1198 822 mercedis
1222 771 1430 822 nostra:
1448 770 1759 839 augmento

107 859 269 929 apud
288 857 470 912 Deum
493 858 889 920 decernentes,
927 857 1345 912 conﬁrmamus
1374 856 1539 912 vobis
1562 855 1759 911 fratri-

105 946 220 1001 bus
251 950 467 1001 sanctas
511 945 803 1001 Tullensis
851 945 1121 1001 Ecclesiae
1158 946 1497 1000 mansiones
1538 949 1759 1000 vestras

104 1034 263 1090 infra
296 1035 610 1101 civitatem,
645 1039 701 1089 et
731 1038 910 1102 extra,
945 1035 1015 1089 ab
1036 1035 1196 1090 omni
1226 1036 1419 1089 hanno
1452 1037 1508 1089 et
1529 1033 1761 1105 justitia

105 1123 379 1179 saeculari
408 1123 643 1189 liberas,
678 1140 782 1180 nec
804 1140 837 1179 a
858 1124 1030 1179 modo
1052 1123 1229 1179 vestri
1258 1123 1539 1195 episcopi,
1572 1139 1761 1194 neque

110 1212 422 1270 Tullenses
452 1212 714 1279 comites,
746 1228 934 1285 neque
960 1212 1097 1281 dux,
1132 1228 1319 1284 neque
1357 1212 1553 1283 aliqua
1584 1229 1761 1266 saecu-

106 1302 251 1358 laris
289 1301 562 1357 exaltatio
584 1302 644 1356 in
672 1301 825 1357 villis
844 1302 1069 1357 'vestris
1092 1302 1451 1358 advocatiam
1480 1301 1567 1357 vel
1582 1299 1759 1357 servi-

106 1390 284 1457 tium,
304 1391 393 1446 vel
408 1390 645 1463 aliquod
666 1391 928 1447 debitum
952 1391 1162 1464 exigat,
1181 1407 1294 1464 quo
1310 1392 1690 1463 imperatores
1704 1393 1761 1445 et

107 1496 297 1553 reges,
327 1485 382 1536 et
404 1480 693 1552 gloriosus
725 1481 1022 1537 confessor
1052 1486 1291 1537 sanctus
1322 1481 1612 1537 Gerardus
1633 1496 1757 1535 orn-

106 1569 249 1625 nino
280 1573 481 1625 vestras
514 1570 907 1642 dispositioni,
945 1587 1130 1641 usque
1151 1571 1222 1624 ad
1255 1573 1454 1625 nostra
1473 1573 1755 1640 tempora,

105 1658 343 1729 cognita
355 1659 615 1724 veritate,
633 1660 741 1715 sub
757 1659 1130 1715 anathemate
1148 1657 1755 1729 reliqueruntliberas;

104 1746 331 1814 vineas,
363 1753 571 1814 terras,
606 1765 866 1816 mansos,
897 1748 1169 1803 homines
1202 1748 1519 1819 cujuslibet
1560 1764 1755 1818 sexus,

106 1836 228 1892 sive
243 1852 355 1901 res,
376 1840 583 1904 terras,
608 1836 826 1909 ubique
841 1839 1271 1893 commorantes
1294 1840 1351 1891 et
1369 1837 1755 1907 conjacentes,

1868 680 2145 748 praeterea
2162 675 2326 733 nulla
2344 677 2655 734 hominum
2672 692 2943 749 persona,
2966 674 3375 747 cujuscunque
3390 689 3521 743 eon-

1869 765 2108 821 ditionis
2157 765 2233 821 sit
2273 766 2363 822 vel
2394 765 2799 838 professionis,
2833 768 3038 821 contra
3068 763 3221 820 hanc
3259 765 3521 823 nostram

1867 854 2341 911 constitutionem
2388 855 2583 910 venire
2616 857 2949 927 praetentet;
2986 853 3142 925 quod
3176 851 3517 925 quicunque

1867 942 2084 1011 fecerit,
2117 947 2315 999 nostro
2337 942 2658 1014 apostolico
2689 943 3061 998 anathemate
3083 941 3360 1015 usquead
3383 957 3519 997 con-

1867 1032 2106 1104 dignam
2137 1032 2595 1088 satisfactionem
2627 1048 2946 1103 percussus
2974 1030 3204 1088 existat.
3241 1029 3352 1101 Qui
3378 1045 3514 1097 vero

1868 1137 1929 1177 se
1958 1120 2297 1176 custodierit
2324 1124 2380 1175 et
2408 1120 2816 1188 observaverit,
2852 1123 3054 1176 nostra
3100 1118 3521 1192 benedictione

1866 1210 1992 1264 vita:
2022 1213 2245 1265 aeternae
2268 1209 2558 1281 particeps
2580 1209 2887 1265 efﬁciatur.
2910 1210 3114 1265 Amen.

1940 1302 2150 1353 Datum
2178 1297 2331 1352 Tulli
2362 1298 2420 1352 in
2444 1298 2652 1369 majori
2672 1298 2917 1355 ecclesia
2941 1315 3044 1370 per
3062 1313 3275 1354 manus
3290 1296 3513 1355 Udonis

1866 1387 2157 1443 Tullensis
2185 1386 2451 1443 Ecclesia
2483 1387 2820 1458 primicerii,
2852 1386 3184 1444 cancellarii
3209 1390 3268 1442 et
3295 1386 3508 1444 biblib~

1868 1475 2110 1532 thecarii
2133 1479 2349 1532 sanctae
2372 1474 2700 1547 apostolicae
2722 1475 2898 1540 sedis,
2929 1492 2988 1530 x1
3005 1475 3247 1535 Kalend.
3268 1474 3511 1531 Novem-

1867 1566 1988 1622 bris
2021 1582 2174 1621 anno
2208 1564 2518 1621 Dominicis
2548 1562 2971 1620 incarnationis
2998 1562 3313 1635 millesimo
3342 1563 3511 1635 quin-

1867 1654 2208 1728 quagesimo
2248 1652 2460 1726 primo,
2491 1652 2811 1709 indictione
2848 1669 2924 1718 1v,
2966 1668 3117 1708 anno
3155 1649 3514 1723 apostolatus

1866 1743 2087 1800 domini
2120 1743 2330 1800 Leonis
2355 1742 2425 1798 IX
2454 1759 2619 1816 papae
2650 1760 2710 1797 ιι.
3202 1730 3207 1737 ’

2572 1848 2797 1905 XLVII.

107 1924 271 1981 omni
303 1924 564 1979 saeculari
615 1929 898 1996 potestate
931 1925 1181 1993 seclusa,
1212 1925 1421 1982 vestris
1451 1926 1657 1982 usibus
1686 1925 1754 1982 li-
1786 1953 1835 2020 Β
1865 1942 2225 2013 privilegium
2246 1940 2300 1996 δ,
2332 1941 2526 1996 Leoni,
2545 1942 2555 1994 λ

1936 1942 2225 2013 'z'vilegium
2246 1940 2300 1996 S.
2332 1941 2527 2020 Leonis
2739 1942 2997 2020 amictum
3023 1939 3313 2008 [lagonam
3341 1935 3408 1994 de
3427 1951 3516 1994 ec—

108 2013 246 2069 bere
273 2012 399 2068 sine
426 2029 564 2067 voce
589 2013 1086 2082 contradictionis,
1108 2013 1264 2070 smili
1288 2015 1459 2071 modo
1484 2014 1758 2088 relinqui-

110 2119 244 2158 mus
277 2106 333 2157 et
359 2102 801 2157 confirmamus.
835 2102 893 2158 Si
926 2103 1082 2158 enim
1106 2106 1331 2159 vestros
1354 2103 1645 2173 homines,
1666 2121 1758 2161 cu-

101 2191 461 2263 juscumque
495 2205 669 2245 sexus
692 2190 926 2256 fuerint,
951 2192 1020 2247 de
1041 2190 1194 2247 villis
1209 2192 1424 2248 vestris
1453 2192 1757 2265 contigerit

110 2279 285 2346 exire,
330 2278 475 2333 nulli
509 2295 789 2349 personae,
823 2279 982 2336 nullo
1014 2281 1205 2336 banno
1246 2281 1323 2337 sit
1353 2281 1579 2338 licitum
1621 2281 1754 2338 illos

111 2368 360 2425 retinere
382 2371 447 2422 ut
478 2384 636 2435 suos,
671 2385 773 2423 nec
795 2369 865 2424 de
886 2368 1118 2424 illorum
1146 2370 1480 2441 posteritate
1507 2370 1752 2427 ubicun-

109 2474 220 2530 que
268 2456 508 2524 fuerint,
550 2456 671 2523 ﬁat,
707 2458 860 2512 sicut
888 2458 1082 2529 vulgo,
1125 2458 1272 2515 belle
1303 2460 1748 2527 reinvestitura;

109 2546 205 2602 sed
239 2561 594 2617 quocunque
628 2544 817 2614 ierint,
853 2545 1025 2601 liceat
1053 2563 1151 2603 eos
1181 2547 1342 2603 vobis
1380 2548 1557 2603 veluti
1589 2549 1751 2621 prius

105 2634 283 2690 libere
314 2634 637 2705 possidere.
674 2634 863 2690 Unum
882 2634 1187 2691 hominum
1217 2637 1287 2692 de
1316 2638 1525 2693 vestris
1554 2639 1625 2693 ad
1659 2655 1753 2693 cu-

106 2723 361 2780 stodiam
391 2722 693 2777 vinearum
726 2724 905 2789 Barri,
940 2728 1129 2780 vester
1162 2725 1491 2781 claustralis
1521 2726 1750 2783 villicus

105 2811 292 2885 eliget,
336 2814 403 2865 et
449 2810 610 2866 dabit
658 2812 1005 2868 custodiam.
1058 2814 1278 2869 Deinde
1318 2816 1387 2870 ad
1430 2816 1749 2886 jurandam

103 2901 445 2958 ﬁdelitatem
468 2905 695 2957 tantum
720 2901 1082 2971 hominibus,
1104 2903 1292 2959 villico
1316 2903 1561 2960 civitatis
1584 2905 1749 2960 illum

108 2991 573 3063 repraesentet,in
596 2990 869 3046 omnibus
894 2992 1287 3063 potestatibus
1311 2992 1366 3048 in
1391 2992 1750 3065 quibusjure

111 3079 345 3151 antiquo
367 3079 624 3135 decimas
645 3079 1098 3135 indominicatas
1122 3082 1527 3154 episcoporum
1548 3082 1751 3155 recipi-

110 3168 202 3236 tis,
234 3186 419 3225 unum
456 3169 749 3225 hominem
783 3186 815 3224 a
846 3170 1039 3224 hanno
1073 3168 1220 3225 liber
1253 3188 1385 3226 cum
1416 3188 1596 3227 censu
1646 3189 1751 3227 suo

111 3260 164 3314 et
201 3271 425 3326 manso,
474 3258 662 3329 primo
695 3256 848 3312 sicut
879 3261 1120 3313 sanctus
1149 3258 1443 3316 Gerardus
1473 3260 1748 3326 instituit,

113 3346 180 3402 ad
210 3323 622 3403 custodiendas
643 3344 899 3401 decimas
937 3346 1223 3417 habeatis,
1257 3352 1312 3402 et
1345 3349 1614 3420 quamvis
1653 3323 1751 3405 ille
1781 3323 1824 3391 (ἶ

114 3433 335 3501 obierit,
364 3434 546 3490 alium
575 3434 645 3488 de
667 3434 867 3489 eadem
888 3439 1171 3506 potestate
1194 3436 1514 3507 accipiatis.
1530 3436 1748 3493 Conﬁr-

116 3540 339 3578 mamus
390 3523 565 3579 etiam
600 3540 870 3578 mansum
905 3540 1089 3578 unum
1122 3523 1181 3579 in
1226 3525 1581 3593 Paterniaco,
1617 3543 1750 3582 cum

115 3612 382 3668 omnibus
397 3610 754 3683 appenditiis
776 3612 918 3681 suis,
944 3612 1182 3667 omnino
1200 3612 1468 3681 liberum,
1493 3632 1626 3670 cum
1645 3632 1750 3670 ca:-

115 3700 247 3756 teris
264 3701 541 3757 omnibus
564 3700 737 3772 quiin
751 3700 887 3756 villa
908 3702 1107 3757 eadem
1127 3706 1263 3757 sunt
1284 3706 1428 3770 ;tam
1444 3702 1501 3758 in
1514 3703 1752 3775 pascuis

117 3804 285 3861 quam
309 3790 367 3846 in
388 3789 499 3846 viis
517 3793 571 3845 et
589 3789 814 3845 semitis
828 3789 1138 3845 habentem
1162 3790 1338 3846 libere
1355 3795 1410 3846 et
1428 3790 1752 3863 plenarium

116 3894 282 3933 usum
310 3896 322 3947 ;
355 3880 621 3935 bannum
644 3878 818 3933 etiam
842 3879 1148 3949 piscaturae
1175 3879 1446 3947 Mosella,
1470 3879 1753 3953 incipien-

116 3963 186 4020 tis
215 3967 488 4039 superius
520 3984 554 4022 a
583 3984 726 4039 rupe
757 3966 1077 4023 molendini
1100 3968 1295 4023 Sancti
1325 3970 1462 4039 Apri
1484 3973 1539 4024 et
1559 3970 1755 4030 Sancti

117 4055 362 4124 Vedasti,
398 4072 584 4127 usque
608 4056 678 4110 ad
709 4054 964 4109 rivulum
993 4056 1392 4111 decurrentem
1418 4057 1488 4112 de
1509 4052 1753 4113 summi-

116 4143 227 4197 tate
256 4144 495 4212 montis,
529 4143 766 4199 nomine
787 4143 1042 4211 Castelli,
1076 4144 1299 4200 nullius
1321 4162 1600 4217 personae,
1627 4146 1755 4202 nul-

116 4226 223 4284 lius
270 4232 449 4288 banni
495 4233 788 4305 piscatura
819 4232 1239 4289 intercurrente
1293 4235 1515 4305 absque
1568 4240 1761 4290 vestra

118 4314 371 4391 licentia;
406 4338 631 4376 necnon
663 4325 718 4375 et
749 4320 1121 4377 medietatem
1164 4321 1420 4378 ecclesiae
1450 4340 1583 4379 cum
1621 4341 1756 4379 con-

120 4406 288 4463 ductu
328 4410 526 4466 vicarii
574 4410 631 4463 in
682 4409 924 4466 Totonis
969 4410 1128 4477 villa,
1183 4429 1360 4483 quam
1393 4413 1758 4469 venerandus

123 4497 325 4569 praesul
357 4498 710 4555 Gauzelinus
731 4498 972 4553 tradidit
990 4499 1175 4565 vobis,
1202 4500 1272 4555 ob
1298 4499 1388 4555 sui
1413 4518 1757 4557 commemo-

122 4585 398 4642 rationem
428 4586 832 4643 anniversarii.
868 4587 1144 4642 Homines
1175 4588 1348 4643 vestri
1383 4589 1534 4645 infra
1564 4588 1760 4645 civita-

2397 2012 2562 2066 clesia
2580 2010 2644 2066 de
2675 2011 2975 2083 Itamingis.

2478 2100 2663 2172 (Anno
2706 2099 2891 2173 1059.)

2337 2187 2570 2260 [Bullar.
2608 2186 2883 2255 Cluniae,
2917 2185 3031 2257 12.]

1934 2280 2045 2333 Leo
2075 2278 2406 2351 episcopus,
2439 2293 2641 2334 servus
2661 2292 2963 2333 servorum
2994 2273 3117 2342 Dei,
3147 2278 3377 2345 Hueom
3404 2289 3508 2332 ve-

1863 2366 2108 2423 nerabili
2139 2366 2333 2422 abbati
2365 2364 2769 2423 Cluniacensis
2813 2355 3061 2421 cmnobii
3098 2364 3348 2436 ejusque
3374 2379 3509 2435 suc-

1863 2456 2195 2513 cessoribus
2225 2456 2283 2511 in
2318 2458 2688 2528 perpetuum.

1934 2545 2219 2612 Quoniam
2267 2544 2580 2617 postulasti
2628 2561 2663 2598 a
2707 2542 2899 2612 nobis,
2931 2542 3107 2598 frater
3144 2540 3510 2614 charissima,

1862 2633 2195 2690 conﬁrmari
2216 2633 2533 2707 apostolica
2548 2633 2890 2689 auctoritate
2907 2631 3174 2705 quaedam
3197 2630 3355 2688 bona
3373 2646 3508 2699 con-

1861 2740 2025 2780 cessa
2054 2740 2089 2779 a
2137 2722 2491 2796 quibusdam
2521 2721 2660 2776 viris
2692 2721 2878 2776 Deum
2908 2719 3257 2776 timentibus
3293 2722 3509 2790 nostra:

1860 2812 2227 2869 Cluniacensi
2255 2810 2541 2879 ecclesiae;
2570 2826 2675 2883 per
2697 2809 2848 2866 hanc
2869 2812 3077 2866 nostrae
3100 2807 3506 2880 praeceptionis

1862 2902 2134 2975 paginam
2149 2902 2567 2957 confirmamus
2580 2899 2682 2956 illa
2694 2898 2802 2954 tibi
2813 2898 3046 2970 tuisque
3068 2895 3509 2967 successoribus

1861 2992 2185 3048 secundum
2219 2990 2557 3062 petitionem
2578 2992 2768 3056 tuam,
2791 2987 3069 3060 quoniam
3090 3002 3223 3042 eam
3252 2984 3508 3055 rationa-

1862 3081 2037 3137 bilem
2070 3080 2482 3151 conspeximus
2514 3082 2571 3134 et
2592 3078 2923 3133 honestam.
2946 3064 3197 3131 Proinde
3219 3078 3385 3145 scuto
3405 3091 3511 3131 nea

1862 3175 1996 3226 straa
2044 3168 2399 3224 defensionis
2445 3166 2895 3244 corroboramus
2941 3163 3216 3237 praedicto
3246 3163 3510 3245 coenobio

1861 3258 2166 3315 ecclesiam
2199 3274 2333 3313 cum
2356 3256 2593 3329 praedio,
2614 3256 2771 3328 quod
2803 3254 3017 3311 dicitur
3046 3252 3364 3326 Raningas,
3396 3253 3511 3317 sub,

1863 3348 2098 3404 nomine
2120 3346 2273 3403 cellae
2297 3349 2691 3402 constructam
2713 3360 2888 3417 quam
2911 3342 3069 3398 dedit
3086 3342 3252 3399 bona
3282 3356 3505 3407 meme,-

1861 3438 1958 3493 riaz
1992 3436 2285 3508 Riquinus
2316 3435 2386 3490 de
2425 3433 2698 3503 Dornejo,
2730 3430 3128 3487 consentiente
3165 3445 3340 3495 uxore
3369 3446 3509 3501 sua,

1863 3525 2165 3583 Loanceda
2195 3523 2350 3579 nomi
2359 3539 2448 3589 ne,
2468 3526 2665 3578 nostro
2687 3520 2921 3592 praefato
2942 3516 3324 3586 monasterio;
3346 3517 3503 3574 vide-

1862 3613 1994 3669 licet
2009 3613 2200 3685 ipsum
2222 3610 2505 3684 praedium
2523 3609 2822 3683 Raningas
2842 3624 2974 3664 cum
2993 3607 3273 3675 omnibus
3289 3623 3503 3680 appen-

1862 3702 2030 3758 diciis
2078 3701 2222 3768 suis,
2270 3700 2439 3755 terris
2479 3698 2652 3755 cultis
2696 3701 2753 3753 et
2791 3696 3047 3765 incultis,
3086 3697 3293 3770 pratis,
3322 3695 3506 3765 silvis,

1863 3791 2468 3864 aquis,aquarumque
2496 3787 2867 3854 decursibus,
2898 3784 3154 3859 pascuis,
3171 3784 3354 3843 servis
3406 3803 3512 3859 an-

1864 3880 2034 3946 cillis,
2057 3876 2750 3945 etomnibususuaribus,
2772 3891 3134 3948 quascunque
3154 3874 3358 3941 ibivisi
3371 3878 3513 3933 sunt.

1863 3968 2179 4043 possidere,
2204 3965 2499 4033 ecclesias,
2524 3982 2742 4032 servos,
2767 3968 2824 4021 et
2844 3962 3108 4032 ancillas,
3130 3962 3348 4037 praedia
3369 3979 3511 4035 quo-

1864 4075 1998 4131 que,
2014 4057 2184 4113 sicuti
2198 4060 2337 4112 sunt
2352 4073 2385 4111 a
2402 4054 2675 4126 praedicto
2698 4052 2948 4126 Riquino
2961 4052 3199 4126 scripta,
3231 4051 3515 4119 laudante

1865 4151 1922 4202 et
1952 4144 2351 4202 consentiente
2379 4142 2675 4199 Tullensis
2704 4139 2960 4198 ecclesia
3010 4140 3315 4215 pontifice,
3354 4138 3519 4211 salva.

1864 4241 2063 4293 tamen
2111 4233 2455 4310 auctoritate
2488 4235 2546 4288 et
2574 4232 2796 4287 honore
2832 4247 2949 4286 suae
2977 4228 3267 4297 Ecclesiae,
3305 4228 3514 4286 conﬁr-

1868 4342 2101 4382 mamus
2130 4321 2235 4378 tibi
2266 4322 2325 4376 in
2367 4324 2742 4393 perpetuum.
2775 4317 3069 4374 Prndium
3109 4316 3307 4386 etiam,
3359 4316 3521 4395 quod

1867 4419 2027 4486 Hogo
2060 4413 2129 4468 de
2158 4411 2332 4483 longa
2352 4426 2505 4482 aqua
2525 4407 2686 4464 dedit
2704 4411 2905 4465 sancto
2925 4408 3094 4463 Petro
3112 4405 3523 4485 Cluniacensis.

1869 4502 2145 4567 ecclesiae,
2181 4500 2278 4572 qui
2306 4502 2480 4571 caput
2513 4501 2603 4553 est
2630 4497 2811 4569 hujus
2850 4499 3051 4552 vestra
3084 4492 3264 4563 cellae,
3297 4493 3511 4571 confir-

1870 4607 2105 4647 mamus
2135 4589 2262 4644 tibi.
2286 4588 2529 4658 Insuper
2549 4589 2605 4640 et
2635 4584 2750 4641 alia
2771 4599 3135 4657 quaecunque
3163 4598 3198 4657 a
3218 4580 3385 4645 bonis
3406 4581 3511 4639 ho-

121 4674 231 4728 tem
272 4675 357 4732 vel
391 4681 553 4733 extra
598 4680 1048 4744 commorantes,
1084 4694 1257 4733 usum
1290 4678 1468 4733 banni
1515 4678 1761 4735 civitatis
1790 4694 1838 4759 D
1873 4679 2133 4737 minibus
2162 4676 2434 4749 praedicto
2466 4674 2588 4729 loco
2611 4676 2810 4745 postea
2829 4675 2969 4728 sunt
2999 4686 3277 4728 concessa
3301 4668 3391 4731 vel
3412 4669 3514 4749 ju-

123 4776 487 4821 communem
519 4781 655 4821 cum
687 4764 963 4819 omnibus
986 4765 1206 4822 caeteris
1229 4765 1504 4833 habeant,
1529 4784 1633 4822 nec
1655 4767 1757 4820 ulli

116 4848 351 4917 justitia
400 4852 666 4910 saeculari
707 4852 821 4908 nisi
855 4858 1058 4909 vestrm
1094 4854 1209 4909 sint
1254 4855 1509 4921 subditi;
1556 4857 1666 4911 nisi
1698 4858 1768 4912 de

126 4936 446 4999 forensibus
478 4941 896 5009 mercimoniis,
920 4943 967 4999 si
993 4960 1127 4999 cum
1158 4945 1382 5000 caeteris
1414 4946 1767 5002 bannalibus

126 5031 538 5088 mercatoribus
553 5031 771 5087 fuerint
785 5031 1085 5087 constituti
1103 5050 1205 5104 per
1218 5032 1476 5088 villicum
1496 5035 1765 5090 civitatis.

126 5113 177 5168 Si
208 5116 532 5192 indigentia
581 5120 986 5176 ministrorum
1034 5122 1295 5192 coquinae
1326 5122 1412 5177 vel
1446 5124 1673 5194 pistrini
1710 5124 1767 5179 in

127 5201 414 5267 claustrali
448 5210 682 5267 servitio
712 5210 877 5265 vobis
909 5210 1180 5277 evenerit,
1208 5210 1377 5265 liceat
1404 5212 1569 5267 vobis
1591 5213 1647 5267 in
1673 5229 1768 5268 cu-

127 5290 205 5347 ria
233 5295 489 5370 episcopi
522 5298 696 5355 vestri
720 5298 1010 5367 quoslibet
1040 5316 1360 5365 assumere,
1390 5300 1475 5355 vel
1501 5289 1563 5354 in
1581 5301 1766 5371 quoli-

128 5376 215 5435 bet
235 5383 479 5441 civitatis
504 5387 589 5443 vel
616 5388 990 5460 episcopatus
1013 5388 1294 5457 coenobio,
1320 5388 1368 5443 si
1390 5389 1469 5443 ibi
1495 5394 1771 5460 prceslant

126 5463 307 5527 idonei
338 5476 583 5549 reperiri
604 5481 795 5533 vestro
819 5475 1119 5533 claustrali
1143 5476 1396 5534 servitio.
1424 5478 1550 5533 llaec
1572 5480 1771 5534 omnia

127 5563 448 5631 sppradicta
468 5567 637 5622 vobis
657 5566 937 5622 fratribus
961 5565 1278 5638 apostolica
1297 5584 1543 5623 censura
1561 5568 1704 5623 conti
1718 5586 1766 5619 r-

128 5659 349 5708 mamus
375 5655 485 5711 sub
522 5656 719 5713 divina
749 5655 1159 5724 obtestatione,
1193 5660 1257 5711 ut
1288 5657 1484 5713 nullus
1518 5658 1767 5728 impera-

130 5735 232 5807 tor,
254 5740 451 5803 nullus
480 5746 621 5820 dux,
647 5762 834 5819 neque
858 5762 1074 5815 comes,
1104 5761 1290 5817 neque
1310 5746 1508 5820 aliqua
1538 5744 1769 5803 saecula-

1870 4772 1959 4824 ste
1988 4765 2296 4838 acquisita,
2319 4763 2407 4819 vel
2440 4780 2563 4835 quae
2593 4762 2651 4816 in
2683 4762 2944 4816 luturum
2975 4762 3247 4833 poterunt
3266 4757 3513 4839 acquiri,

1875 4857 2078 4912 eodem
2112 4854 2283 4911 modo
2313 4853 2626 4908 laudamus
2645 4854 2702 4906 et
2721 4851 3160 4919 confirmamus,
3189 4851 3517 4929 statuentes

1877 4943 2194 5019 apostolica
2237 4958 2486 4998 censura
2534 4945 2600 4995 ut
2632 4938 2830 4996 nullus
2871 4956 2987 5008 rex,
3020 4937 3519 5018 archiepiscopus,

1877 5035 2206 5107 episcopus,
2242 5031 2378 5098 dux,
2414 5044 2629 5095 comes,
2660 5027 3005 5093 vicecomes,
3034 5024 3129 5081 vel
3169 5024 3365 5105 aliqua
3412 5024 3527 5085 alia

1870 5122 2170 5195 judicialis
2209 5135 2460 5193 persona
2491 5117 2702 5174 audeat
2730 5116 2989 5188 aliquam
3037 5114 3254 5171 inferre
3302 5115 3524 5197 calum-

1876 5214 2035 5268 niam
2059 5214 2261 5266 contra
2280 5209 2431 5263 hanc
2450 5210 2708 5262 nostram
2748 5204 3197 5261 defensatricem
3224 5203 3521 5285 paginam,

1878 5318 2056 5374 quam
2114 5298 2449 5370 quicunque
2499 5294 2793 5351 studuerit
2850 5309 3079 5350 servare
3128 5295 3184 5349 et
3232 5291 3522 5348 custodire

1877 5390 2116 5446 illaesam
2141 5387 2623 5443 habeatnostram
2646 5382 3111 5440 benedictionem
3127 5378 3515 5447 cumulatum;

1877 5479 1980 5551 qui
2013 5481 2208 5534 autem
2243 5473 2571 5531 contrarius
2600 5471 2928 5538 existiterit,
2962 5465 3350 5525 anathematis
3377 5482 3515 5524 nos-

1878 5568 1953 5623 tri
1977 5565 2176 5639 jaculo
2207 5579 2522 5637 percussus
2552 5563 2610 5617 in
2651 5564 2835 5618 morte
2863 5559 3070 5616 animae
3090 5558 3294 5627 jacens
3325 5554 3400 5611 ad
3427 5554 3516 5633 vi-

1877 5662 1999 5712 tam
2030 5660 2303 5712 aeternam
2339 5667 2662 5725 nunquam,
2695 5650 2808 5707 nisi
2843 5644 3169 5719 resipuerit,
3219 5646 3515 5719 mereatur

1878 5760 2201 5817 resurgere.
