3898 6356
360 468 481 532 659

1427 471 1491 530 S.
1537 468 1814 531 LEONIS
1854 466 1935 530 IX
1977 465 2204 528 ΡΑΡΕ
2244 461 2681 533 OPUSCULA.

3675 454 3798 523 660

439 601 578 658 Pata
603 618 684 658 vn
704 601 994 659 Kalendas
1022 602 1379 670 Novembris,
1411 619 1510 674 per
1540 618 1749 656 manus
1783 598 1998 656 Udonis
2025 599 2080 665 Α
2109 603 2350 656 conetur
2378 594 2768 666 monasteriis,
2799 595 2957 669 quod
2986 610 3021 652 a
3049 592 3226 653 nobis
3253 595 3470 652 contra
3501 589 3792 666 regulam

369 689 684 760 Tullensis,
717 691 1028 763 primicerii
1079 696 1290 746 sanctae
1321 689 1646 762 apostolica:
1677 689 1832 745 sedis
1865 704 1999 743 can-

366 779 582 836 cellarii
611 784 668 836 et
699 779 1118 836 bibliothecarii
1152 797 1301 834 anno
1331 779 1528 833 domui
1554 777 1759 834 Leonis
1790 779 1880 843 IX,
1915 777 2000 830 in-

370 868 491 925 dict
520 886 595 923 1v.

886 1030 893 1035 I
1065 957 1300 1012 XLVIII.

371 1046 558 1116 S.,Leo
587 1046 653 1101 IX
676 1046 992 1102 monasterii
1033 1046 1087 1100 S.
1128 1047 1396 1102 Vincentii
1431 1044 1675 1100 .l!.t.‘:zsis
1717 1046 2002 1115 possessio-

440 1134 536 1259 ;sies
591 1119 840 1190 iuraque,
897 1121 1110 1188 petente
1173 1117 1508 1172 Adalberone
1565 1119 1828 1188 episcopo,
1885 1133 2006 1171 con-

483 1196 641 1244 rmat.

483 1206 641 1243 rmat.

976 1278 1162 1346 (Anno
1209 1277 1392 1347 1050.)

363 1384 530 1456 [Dom
565 1383 808 1449 Calmet,
841 1384 1076 1438 Histoire
1101 1383 1165 1438 de
1194 1385 1476 1451 Lorraz'ne,
1501 1384 1542 1453 Ι,
1565 1384 1820 1450 Preurcs,
1857 1383 2003 1452 437.]

437 1493 552 1546 Lso
582 1490 912 1562 episcopus,
937 1507 1136 1545 Servus
1155 1507 1452 1545 servorum
1479 1490 1600 1556 Dei,
1627 1487 2004 1544 dilectissimo

365 1579 644 1635 confratri
668 1580 1058 1646 ADELBERONI,
1090 1578 1329 1633 Metensi
1362 1578 1654 1649 episcopo.

435 1667 641 1723 Divino
666 1667 800 1738 jure
831 1667 1212 1722 admonemur
1241 1667 1414 1737 justze
1445 1666 1752 1722 intentioni
1787 1667 1901 1722 Deo
1935 1666 2000 1720 ﬁ-

367 1755 586 1813 delium
619 1756 1001 1827 congaudere,
1047 1761 1103 1810 et
1143 1771 1346 1810 eorum
1389 1756 1549 1810 bonae
1597 1755 1877 1819 voluntati
1909 1771 2003 1809 co-

367 1849 694 1918 operatores
715 1845 974 1912 existere,
989 1848 1054 1898 ut
1075 1844 1131 1897 in
1153 1845 1411 1916 ipsorum
1437 1849 1637 1899 sancta
1650 1843 2002 1916 operatione,

365 1937 588 2008 partem
605 1938 660 1988 et
685 1935 1040 1988 consortium
1065 1933 1548 1988 remunerationis
1565 1932 1862 1989 valeamus
1884 1949 2004 2005 per-
2035 1967 2082 2032 B

363 2023 572 2096 cipere.
607 2025 986 2094 Quapropter,
1030 2021 1377 2077 charissime
1411 2023 1602 2088 frater,
1648 2027 1760 2077 tua:
1793 2025 2007 2076 sanctae

364 2111 651 2168 devotioni
693 2111 1130 2182 congaudemus
1160 2115 1443 2182 tuamque
1475 2111 1716 2182 dignam
1749 2109 2004 2182 postula-

363 2201 580 2256 tionem
601 2199 914 2270 apostolica
937 2200 1278 2254 auctoritate
1291 2198 1613 2254 collaudem
1625 2216 1713 2264 us,
1729 2198 1867 2270 quia
1885 2203 2005 2252 stu-

365 2287 525 2344 diose
553 2287 784 2342 laboras
816 2291 879 2341 ut
910 2303 1142 2358 semper
1163 2286 1559 2358 ampliﬁcatur
1579 2292 1634 2342 et
1663 2291 1884 2342 crescat
1908 2303 2009 2358 per

367 2381 424 2432 te
452 2377 568 2431 Deo
599 2375 976 2430 servientium
1008 2380 1214 2430 cmtus.
1241 2375 1404 2430 Unde
1425 2376 1577 2446 quod
1612 2375 1892 2448 postulas,
1920 2379 2004 2441 tu,

370 2469 544 2535 atque
575 2463 930 2519 Folchuinus
964 2464 1144 2518 abbas
1169 2463 1252 2517 tui
1286 2464 1530 2518 cocnobii
1553 2465 1621 2518 de
1645 2469 1842 2520 sancto
1867 2463 2006 2517 Vin-

371 2553 556 2609 centio
579 2557 849 2622 martyre,
874 2551 1234 2606 decrevimus
1267 2553 1515 2607 ubertim
1542 2553 1928 2624 promulgare,
1953 2557 2008 2606 et

369 2640 697 2713 apostolica
728 2639 1111 2696 institutionis
1135 2641 1193 2694 in
1217 2639 1531 2713 privilegiis
1554 2645 1726 2712 atque
1747 2642 2007 2696 decreto-

366 2747 498 2786 rum
545 2747 791 2785 censura
847 2730 1212 2784 conﬁrmare.
1256 2729 1532 2785 Convenit
1580 2746 1788 2801 nempe
1841 2729 2006 2784 nobis

365 2818 679 2892 apostolico
699 2817 1094 2874 moderamine
1117 2822 1319 2873 sancta
1343 2818 1688 2874 venerabilia
1709 2818 1853 2885 loca,
1879 2834 2008 2889 qua:

365 2908 588 2964 dudum
620 2907 850 2962 fuerant
871 2907 928 2961 in
952 2907 1160 2974 ruinis,
1185 2923 1514 2978 magnaque
1543 2906 1738 2978 inopia
1769 2924 1833 2961 ac
1865 2923 2005 2978 pau-

365 3001 587 3068 pertate
609 2995 898 3066 degentia,
925 3001 1248 3066 opportune
1270 2995 1672 3062 ordiuare,seu
1707 2995 1777 3050 ad
1813 2993 2008 3050 melio-

367 3100 492 3140 rem
527 3083 652 3139 sine
681 3083 858 3138 dubio
889 3087 1110 3139 statum
1160 3084 1508 3155 perducere;
1552 3083 1872 3156 praesertim
1907 3083 2005 3137 ubi

366 3171 471 3228 illa
518 3174 814 3244 petuntur,
849 3188 974 3242 quae
1007 3189 1119 3226 non
1161 3172 1232 3226 ad
1265 3172 1636 3228 commodum
1685 3172 2004 3244 petentium

365 3258 702 3330 temporale,
722 3260 821 3313 sed
836 3259 906 3314 ad
922 3264 1259 3330 perpetuam
1278 3260 1698 3331 providentiam
1719 3259 2008 3331 pertinent

366 3351 480 3403 Deo
511 3347 887 3402 servientium
927 3347 1282 3419 animarum,
1317 3348 1540 3404 scilicet
1571 3353 1633 3403 ut
1660 3347 2006 3404 venerabilis
2037 3329 2079 3396 Ο

366 3435 530 3492 locus
579 3435 678 3507 qui
719 3453 752 3490 a
796 3437 974 3490 beatae
1019 3437 1311 3492 memoriae
1360 3437 1670 3493 Deoderico
1708 3437 2010 3508 predeces-

371 3541 500 3583 sore
533 3530 631 3582 tuo
652 3527 893 3581 Metensi
913 3526 1182 3598 pontiﬁce
1208 3529 1264 3580 in
1290 3543 1404 3582 uno
1427 3527 1806 3598 conglobatus
1831 3531 2010 3598 atque

371 3631 632 3672 annexus
677 3620 766 3671 est
808 3633 942 3671 cum
994 3616 1245 3688 propriis
1295 3615 1842 3688 congregationibus
1879 3633 2007 3688 quae

369 3705 714 3778 regulariter
741 3706 800 3759 in
835 3705 1098 3776 psalmis,
1131 3703 1365 3775 hymnis
1401 3710 1455 3760 et
1477 3705 1861 3774 orationibus,
1898 3707 2010 3762 Deo

369 3794 652 3852 Salvatori
695 3797 892 3848 nostro
931 3797 1068 3847 Jesu
1115 3791 1340 3846 Christo
1391 3792 1696 3864 pervigiles
1736 3795 2010 3851 excubias

366 3885 656 3954 exhibent,
682 3884 754 3939 ab
787 3882 1118 3937 insolentiis
1141 3882 1522 3938 exterioribus
1545 3882 2007 3941 circummunitae

357 3973 581 4047 jugiter
623 3971 855 4028 valeant
865 3970 944 4042 pii
965 3969 1280 4025 famulatus
1293 3969 1574 4041 obsequia
1585 3969 1643 4024 in
1659 3973 2007 4029 monasterio

365 4062 563 4119 Sancti
585 4061 875 4115 Vincentii
907 4059 1269 4115 exhibereEt
1291 4059 1565 4130 quoniam
1587 4064 1814 4115 constat
1842 4065 2003 4117 tuam

364 4147 799 4223 religiositalem
832 4148 1010 4220 hujus
1041 4147 1323 4220 privilegii
1355 4147 1856 4204 confirmationem
1901 4167 2002 4221 po-

366 4240 587 4298 stulare
609 4257 642 4296 a
663 4239 851 4300 nobis,
880 4241 1114 4308 propter
1135 4237 1573 4292 immutationes
1595 4237 2003 4308 temporalium

363 4347 582 4402 rerum,
643 4328 949 4399 variosque
1005 4325 1309 4380 hominum
1367 4342 1559 4392 casus,
1619 4325 2001 4384 munitionem

361 4419 559 4478 Sancti
586 4416 881 4474 Vincentii
913 4413 1208 4486 martyris,
1253 4423 1384 4469 cu‘m
1417 4413 1692 4468 omnibus
1743 4415 1814 4469 ad
1847 4415 2002 4472 idem

361 4506 782 4566 monasterium
805 4503 1252 4578 pertinentibus,
1271 4507 1445 4574 atque
1471 4502 2000 4561 corroborationem

359 4594 846 4672 ipsiusinChristo
861 4591 1345 4664 congregationis,
1361 4595 1419 4646 et
1431 4607 1835 4647 successorum
1849 4594 1997 4664 ejus,

2110 689 2220 745 sub
2234 686 2620 744 anathematis
2637 685 2865 743 vinculo
2878 684 3246 759 prohibetur.
3261 685 3664 758 Quapropter
3673 686 3794 739 sta-

2110 782 2342 834 tuentes
2372 781 2545 848 atque
2574 775 3016 848 promulgantes
3044 791 3246 831 coram
3276 774 3398 831 Deo
3432 776 3498 830 et
3531 772 3792 829 terribili

2110 869 2238 939 ejus
2261 867 2452 922 futuro
2465 865 2748 934 examine,
2771 881 2875 938 per
2903 864 3084 937 hujus
3105 864 3292 922 nostri
3313 861 3634 936 privilegii
3652 879 3795 935 apo-

2112 955 2299 1012 stolici
2331 959 2502 1028 atque
2533 953 2836 1010 constituti
2862 953 3139 1026 paginam
3165 953 3506 1020 sancimus,
3535 968 3574 1008 e
3591 955 3620 1007 t
3637 952 3796 1007 beati

2111 1044 2262 1101 Petri
2295 1043 2688 1117 apostolorum
2701 1041 2987 1116 principis
3007 1041 3361 1098 auctoritate
3387 1040 3795 1098 decernimus

2111 1138 2284 1204 atque
2314 1134 2678 1190 obtestamur
2691 1135 2811 1188 tam
2833 1130 3162 1204 apostolicae
3187 1131 3348 1188 sedis
3369 1130 3628 1186 futuros
3653 1146 3798 1202 pon-

2111 1222 2299 1279 tiﬁces
2330 1239 2624 1295 quamque
2663 1221 2766 1293 qui
2796 1219 3186 1294 episcopalem
3217 1219 3797 1277 administraverint

2113 1312 2422 1382 actionem,
2454 1310 2542 1367 vel
2573 1311 2749 1366 etiam
2780 1325 2996 1382 magna
3025 1326 3321 1383 parvaque
3351 1325 3654 1383 persona,
3691 1314 3794 1364 aut

2113 1401 2405 1474 quispiam
2436 1401 2842 1472 cujuscunque
2871 1398 2949 1456 sit
2978 1398 3284 1472 dignitatis
3305 1398 3610 1471 prmditus
3633 1402 3795 1472 pote-

2114 1496 2281 1560 state,
2314 1505 2388 1546 ne
2417 1507 2484 1546 ea
2515 1505 2640 1561 quae
2667 1505 2700 1545 a
2718 1487 2992 1561 pracdicto
3010 1487 3326 1544 Deoderico
3351 1487 3675 1560 episcopo,
3703 1487 3792 1542 vel

2113 1595 2462 1652 quocunque
2492 1577 2628 1646 alio,
2660 1577 2976 1634 venerabili
3005 1577 3132 1633 loco
3163 1577 3386 1634 tradita
3417 1581 3612 1650 atque
3643 1593 3794 1634 con-

2113 1685 2296 1736 cessa,
2330 1672 2386 1724 et
2411 1666 2717 1724 tricennali
2748 1666 3116 1739 possessione
3147 1685 3182 1723 a
3201 1667 3525 1724 monachis
3561 1667 3651 1724 ibi
3677 1671 3796 1723 Deo

2114 1757 2498 1812 servientibus
2530 1773 2804 1829 possessa
2823 1755 3056 1824 fuerint,
3077 1772 3315 1828 quoquo
3347 1755 3557 1824 modo,
3579 1773 3619 1811 a
3651 1773 3798 1829 quo-

2113 1861 2288 1918 quam
2319 1844 2614 1900 licentiam
2645 1843 2900 1900 habeant
2925 1843 3138 1916 saepius
3166 1843 3557 1900 nominatum
3582 1845 3792 1902 locum

2112 1934 2306 1990 Sancti
2335 1933 2626 1989 Vincentii
2653 1932 2712 1988 in
2753 1949 2937 1988 unum
2966 1933 3318 1998 adunatum,
3352 1937 3541 2006 atque
3577 1933 3799 2004 spirita

2113 2021 2245 2077 liter
2269 2021 2594 2094 apostolicae
2625 2021 2972 2078 exarationis
2993 2021 3142 2094 stylo
3164 2021 3512 2093 conjuncta,
3548 2023 3796 2094 disjun-

2115 2127 2268 2182 gere,
2289 2109 2376 2164 vel
2408 2109 2626 2181 aliquid
2657 2109 2862 2164 exinde
2891 2108 3165 2166 alienare.
3190 2110 3264 2166 Et
3289 2113 3357 2165 ut
3394 2107 3550 2165 illud
3577 2127 3795 2167 mona-

2115 2199 2358 2254 sterium
2409 2198 2606 2254 Sancti
2650 2197 2940 2254 Vincentii
2988 2198 3319 2271 respiciens
3349 2199 3432 2255 sit
3463 2199 3544 2254 ad
3579 2200 3794 2256 sedem

2115 2285 2502 2359 episcopalem
2515 2284 3179 2358 protomartyrisChristi
3192 2285 3374 2358 Steph
3384 2287 3796 2358 anijubemus

2117 2379 2289 2447 atque
2311 2376 2491 2430 abbas
2514 2375 2570 2429 in
2584 2374 2876 2446 pontiﬁcis
2896 2374 3050 2431 vices
3063 2373 3433 2446 supplendas
3446 2375 3793 2448 primatum

2117 2464 2356 2530 habeat;
2391 2464 2490 2519 sed
2514 2468 2570 2519 et
2586 2464 2633 2519 si
2660 2463 2970 2536 episcopus
2999 2462 3274 2531 defuerit,
3309 2462 3491 2520 liceat
3520 2465 3577 2520 ei
3611 2465 3676 2520 in
3710 2466 3794 2520 fe-

2117 2553 2280 2608 stivis
2294 2553 2499 2608 diebus
2521 2553 2590 2607 ad
2611 2552 2808 2608 sedem
2830 2550 3222 2624 episcopalem
3249 2553 3558 2619 accedere,
3587 2554 3797 2627 ibique

2117 2657 2250 2698 cum
2283 2639 2594 2696 dalmatica
2639 2644 2696 2696 et
2745 2639 3026 2696 sandaliis
3076 2640 3298 2697 missas
3346 2641 3684 2700 celebrare.
3730 2644 3795 2700 Si

2117 2731 2249 2802 quis
2286 2731 2524 2797 interea,
2568 2729 2723 2802 quod
2773 2745 2889 2784 non
2921 2728 3241 2799 credimus,
3273 2732 3606 2788 temerario
3637 2749 3798 2788 ausu

2116 2825 2316 2876 contra
2347 2836 2414 2875 ea
2444 2837 2570 2891 quae
2603 2819 2673 2874 ab
2705 2818 2813 2874 hac
2844 2822 3048 2874 nostra
3077 2819 3432 2876 auctoritate
3463 2820 3566 2893 pie
3597 2825 3662 2877 et
3693 2823 3795 2878 tir-

2117 2911 2289 2966 miter
2317 2925 2418 2981 per
2450 2908 2556 2962 hoc
2587 2911 2857 2963 nostrum
2879 2907 3254 2980 privilegium
3285 2908 3596 2982 disposita
3626 2916 3797 2983 sunt,

2115 2997 2400 3055 contraire
2433 2997 2756 3064 tentaverit,
2789 2994 2878 3051 vel
2902 2995 3023 3052 hinc
3045 3013 3174 3068 quae
3206 3013 3240 3052 a
3261 3014 3421 3070 saepe
3443 2999 3613 3056 dicto
3646 3001 3797 3058 Deo-

2115 3088 2308 3143 derico
2357 3085 2702 3142 Metensium
2753 3083 3019 3156 praasule,
3069 3083 3161 3141 vel
3211 3085 3484 3158 quolibet
3519 3085 3666 3156 alio,
3722 3089 3797 3144 ad

2115 3176 2347 3232 laudem
2371 3175 2466 3230 Dei
2482 3191 2585 3246 pro
2606 3172 2926 3230 stabilitate
2931 3174 3058 3245 jam
3071 3173 3212 3230 dicti
3226 3177 3615 3245 monasterii,
3636 3178 3802 3234 vide-

2117 3263 2251 3318 licet
2280 3262 2474 3318 Sancti
2500 3260 2807 3329 Vincentii,
2841 3264 3062 3317 statuta
3080 3265 3138 3316 et
3167 3278 3202 3317 a
3231 3262 3348 3318 Deo
3381 3263 3800 3322 servientibus

2117 3353 2177 3408 in
2192 3369 2256 3407 eo
2274 3351 2513 3424 triginta
2525 3350 2694 3404 annis
2712 3365 2984 3421 possessa
3003 3353 3162 3418 sunt,
3183 3350 3512 3424 refragare,
3527 3353 3796 3420 auferre,

2118 3440 2206 3496 vel
2237 3439 2490 3496 alienare
2511 3437 2968 3510 praesumpserit,
3000 3437 3148 3494 sciat
3163 3454 3227 3494 se
3247 3440 3612 3498 auctoritate
3630 3443 3795 3499 beati

2119 3529 2270 3585 Petri
2291 3526 2688 3600 apostolorum
2711 3525 2994 3600 principis
3014 3525 3248 3584 vinculo
3261 3529 3678 3586 anathematis
3700 3531 3797 3588 in-

2118 3619 2421 3683 nodatum,
2445 3621 2619 3687 atque
2649 3632 2782 3671 cum
2819 3615 2975 3672 Juda
3003 3615 3288 3672 traditore
3318 3617 3564 3674 Domini
3597 3621 3796 3677 nostri

2115 3705 2254 3762 Jesu
2280 3704 2514 3771 Christi,
2547 3703 2744 3760 azterni
2773 3703 3031 3760 incendii
3064 3703 3355 3777 supplicio
3388 3723 3798 3766 concreman-

2116 3795 2256 3850 dum
2282 3813 2295 3862 ;
2329 3795 2413 3850 sic
2433 3794 2768 3866 deputatus,
2801 3809 2905 3849 nec
2936 3809 3196 3864 unquam
3221 3810 3256 3849 a
3285 3795 3504 3867 prefati
3532 3798 3798 3854 anathe-

2117 3884 2292 3939 matis
2323 3883 2568 3938 nexibus
2586 3882 2662 3937 sit
2691 3881 3020 3938 absolutus.
3039 3883 3114 3937 At
3142 3898 3278 3939 vero
3300 3883 3404 3955 qui
3427 3885 3530 3956 pio
3557 3885 3798 3944 intuitu

2115 3974 2450 4028 observator
2497 3971 2553 4025 in
2585 3970 2858 4026 omnibus
2887 3970 3192 4040 exstiterit,
3239 3972 3502 4044 gratiam
3533 3974 3796 4033 benedi-

2113 4061 2322 4117 ctionis
2353 4077 2386 4116 a
2413 4058 2958 4115 misericordissimo
2979 4058 3228 4116 Domino
3248 4065 3453 4117 nostro
3487 4062 3796 4136 multipli-

2115 4149 2256 4204 citer
2283 4152 2698 4219 consequatur,
2729 4151 2787 4202 et
2814 4147 2940 4203 vitae
2970 4151 3199 4202 mternaa
3221 4149 3533 4222 particeps
3552 4151 3796 4209 efﬁcia-

2114 4242 2231 4303 tur,
2265 4241 2321 4292 et
2341 4240 2542 4291 catena
2563 4235 2715 4291 beati
2744 4235 2898 4291 Petri
2929 4252 2964 4291 a
2992 4241 3195 4292 sancta
3220 4237 3492 4294 Romana
3518 4239 3798 4298 Ecclesia

2112 4325 2162 4381 ei
2193 4327 2330 4381 data
2359 4325 2580 4396 aperiat
2610 4324 2658 4380 ei
2676 4326 2922 4396 januam
2955 4324 3236 4396 paradisi.
3280 4327 3342 4382 Si
3373 4342 3517 4384 vero
3559 4327 3796 4403 aliquis

2111 4414 2246 4469 inde
2295 4411 2514 4484 aliquid
2565 4412 2862 4482 minuerit,
2913 4429 2982 4468 ea
3011 4429 3192 4485 quam
3225 4412 3495 4472 diximus
3545 4421 3793 4487 catena,

2111 4501 2344 4558 claudat
2373 4501 2423 4556 ei
2447 4501 2710 4572 polorum
2736 4517 2934 4574 regna.
2965 4505 3273 4570 Praeterea,
3301 4504 3609 4561 confrater
3641 4507 3796 4564 cha-

2110 4590 2362 4660 rissime,
2393 4589 2546 4661 quod
2578 4588 2844 4661 postulas
2877 4593 2941 4645 ut
2968 4589 3178 4646 cellam
3210 4591 3282 4646 de
3307 4591 3643 4666 Caliniaco,
3681 4598 3791 4652 ubi

356 4687 415 4742 in
443 4689 790 4760 perpetuum
813 4680 935 4736 ﬁeri
957 4679 1295 4735 censuimus
1322 4697 1334 4734 :
1361 4683 1652 4750 quatenus
1684 4696 1844 4736 nonae
1875 4698 1997 4736 om-
2028 4694 2074 4756 D
2106 4679 2446 4751 diaposuisti
2478 4677 2900 4734 monachorum
2922 4683 3162 4745 ccetum,
3188 4695 3518 4754 aggregare
3549 4699 3792 4756 appen-

357 4774 521 4830 nium
535 4773 827 4830 redituum
842 4768 1138 4842 episcopii,
1156 4773 1212 4823 et
1226 4767 1294 4823 de
1307 4767 1557 4840 singulis
1571 4767 1827 4824 cortibus
1841 4787 2000 4825 man-

356 4881 480 4930 sus,
513 4879 640 4934 qua:
673 4878 706 4916 a
727 4859 982 4932 prcdicto
1007 4857 1312 4912 Deoderico
1336 4861 1390 4912 et
1409 4857 1459 4928 cj
1472 4875 1537 4913 us
1559 4858 1995 4914 successoribus

355 4951 441 5006 eis
471 4949 686 5004 donata
712 4955 869 5014 sunt,
903 4946 1054 5000 sicut
1075 4961 1108 4999 a
1129 4948 1179 4998 te
1201 4960 1431 5016 quoque
1462 4945 1832 5002 laudabiliter
1857 4963 1992 5003 con-

355 5036 665 5101 ceduntur,
695 5033 777 5088 ita
807 5034 863 5087 in
897 5036 1196 5104 posterum
1228 5050 1412 5104 usque
1443 5034 1501 5088 in
1538 5034 1714 5089 ﬁnem
1755 5052 1993 5092 conser-

351 5127 584 5181 ventur.
619 5123 690 5177 Et
713 5126 779 5176 ut
811 5120 909 5174 illa
942 5121 1308 5192 congregatio
1341 5122 1688 5178 inconcussa
1719 5122 1775 5178 in
1808 5141 1992 5179 unum

352 5227 750 5285 perseverans,
786 5207 1020 5264 scdulas
1053 5207 1252 5264 laudes
1282 5211 1396 5265 Deo
1429 5210 1753 5281 persolvere
1780 5211 1988 5276 valeat,

351 5306 410 5359 et
447 5300 618 5358 sicuti
649 5317 682 5354 a
718 5305 825 5354 Deo
865 5314 1065 5353 eorum
1097 5297 1290 5354 studia
1330 5299 1556 5353 imbuta
1587 5304 1742 5363 sunt,
1768 5299 1991 5369 jugiter

350 5386 716 5465 perseverare
739 5389 925 5455 liccat,
950 5392 1124 5458 atque
1149 5387 1258 5441 sub
1287 5403 1396 5440 uno
1417 5387 1624 5441 abbate
1647 5393 1762 5440 tam
1784 5387 1987 5457 praedi-

349 5487 480 5538 ctus
511 5481 674 5536 locus
704 5477 1062 5534 constitutus
1086 5477 1143 5529 in
1178 5474 1396 5528 honore
1425 5474 1481 5528 S.
1517 5473 1800 5529 Vincentii
1835 5475 1990 5529 indi-

348 5569 513 5624 visus
541 5569 618 5622 sit
635 5572 690 5623 et
709 5565 958 5621 indivisa
979 5561 1370 5631 congregatio,
1394 5578 1496 5616 nec
1519 5563 1792 5633 cuiquam
1818 5563 1989 5618 licen-

351 5652 437 5708 tia
465 5655 810 5722 przebeatur,
837 5655 903 5704 ut
932 5649 1228 5716 refugiens
1273 5647 1521 5717 rigorem
1571 5651 1843 5706 studiosa:
1876 5652 1987 5706 sibi

356 5739 587 5810 regulae,
639 5741 753 5794 huc
785 5736 1038 5803 illucque
1069 5735 1324 5801 vagetur,
1366 5734 1451 5789 vel
1484 5735 1613 5792 aliis
1663 5737 1986 5794 reconferre

2109 4768 2342 4824 dentem
2367 4767 2438 4822 ad
2470 4767 2811 4839 praedictum
2843 4768 3174 4824 coenobium
3208 4768 3412 4825 Sancti
3442 4769 3788 4842 Vincentii,

2104 4855 2346 4911 liberam
2380 4854 2586 4911 faciam
2618 4872 2652 4911 a
2672 4871 2852 4912 censu
2874 4872 3048 4928 quem
3075 4855 3344 4914 Tullensi
3365 4857 3653 4916 Ecclesiae
3681 4862 3798 4920 ha-

2103 4951 2306 5000 ctenus
2337 4948 2734 5011 consueverat,
2759 4960 2920 5000 more
2941 4943 3190 5000 aliarum
3207 4945 3611 5018 capellarum,
3645 4967 3792 5023 per-

2104 5033 2365 5100 solvere;
2399 5032 2504 5088 tibi
2535 5032 2866 5098 laudamus,
2903 5032 3271 5106 liberamque
3303 5035 3365 5090 in
3406 5044 3792 5110 perpetuum

2103 5121 2543 5187 constituimus,
2589 5139 2654 5177 eo
2689 5125 2907 5187 tenore,
2959 5127 3024 5178 ut
3072 5122 3190 5178 illic
3235 5123 3584 5181 stabiliatur
3632 5131 3791 5188 ordo

2103 5211 2436 5266 monasticae
2469 5209 2788 5280 religionis.
2815 5211 2874 5266 Si
2895 5227 3027 5266 vero
3049 5211 3230 5283 (quod
3248 5211 3426 5284 absit)
3449 5215 3793 5290 contigerit

2099 5308 2161 5354 ut
2182 5301 2418 5366 ibidem,
2440 5318 2542 5372 pro
2558 5299 2778 5372 przslati
2797 5299 3050 5372 alicujus
3063 5299 3258 5374 culpa,
3278 5300 3544 5360 defuerit
3561 5321 3791 5365 mona-

2097 5387 2341 5444 chorum
2373 5388 2742 5460 congregatio
2764 5388 3078 5460 praadictus
3100 5405 3315 5446 census
3345 5389 3550 5448 denuo
3569 5397 3790 5467 requi-

2097 5481 2260 5530 ratur
2287 5493 2321 5532 a
2349 5476 2643 5532 Tullensis
2673 5477 2832 5532 sedis
2858 5479 3150 5550 pontiﬁce,
3182 5494 3348 5534 more
3370 5486 3790 5541 consuetudi-

2095 5564 2279 5619 nario.
2305 5565 2375 5619 Et
2403 5569 2468 5619 ut
2499 5566 2616 5619 hazc
2643 5582 2768 5636 quae
2799 5565 3056 5622 diximus
3087 5567 3312 5638 absque
3344 5565 3468 5622 ulla
3499 5571 3786 5648 refraga-

2094 5651 2249 5708 tione
2307 5658 2432 5708 rata
2473 5653 2760 5726 ﬁrmaque
2815 5655 3104 5712 stabiliter
3147 5654 3508 5724 solidentur,
3543 5669 3784 5720 nostra:

2098 5739 2541 5812 subscriptionis
2571 5742 2848 5802 ﬁrmitate
2869 5744 3294 5817 reboravimus,
3329 5746 3656 5820 nostrique
3689 5755 3788 5810 si-
