3922 6418
355 475 474 536 199

1280 473 1347 534 S.
1394 468 1791 532 BRUNONIS
1839 467 2458 535 llERBlPOLENSlS
2504 470 2886 535 EPISCOPI.

3659 472 3776 536 200

353 606 616 680 piuntur.
649 606 721 661 Et
766 605 1182 662 invocaverunt
1224 603 1399 660 habet
1448 603 1565 662 alia
1609 602 1824 677 littera,
1854 605 2010 678 quod
2039 605 2094 674 Α
2125 621 2406 678 oppresso
2439 623 2692 680 paupere
2723 605 2884 662 dives
2922 605 3198 676 efﬁcitur,
3233 605 3351 663 noli
3399 605 3630 677 timere,
3662 605 3780 663 cito

354 697 451 752 hic
472 695 803 770 exponitur.

357 787 424 842 12
501 789 565 843 Et
596 785 752 842 homo
779 800 905 840 cum
932 785 991 839 in
1025 783 1227 841 honore
1256 792 1391 841 esset
1413 800 1524 840 non
1557 783 1835 862 intellexit
1867 797 1882 839 :

495 878 858 947 Comparatus
903 882 986 930 est
1016 875 1287 946 jumentis
1341 879 1398 939 -ἓ
1442 873 1838 946 insipientibus
1881 876 1935 938 ζ,
1965 878 2017 927 et

566 964 772 1020 similis
805 965 987 1036 factus
1006 969 1086 1018 est
1117 963 1254 1018 illis.

425 1054 472 1111 H
504 1053 689 1110 Homo
719 1069 854 1109 cum
885 1051 946 1108 in
977 1051 1199 1108 honore
1227 1054 1404 1119 esset,
1423 1065 1541 1107 non
1573 1048 2016 1117 intellexit,esse

355 1162 416 1201 se
447 1145 518 1202 ad
551 1142 868 1216 imaginem
918 1141 1018 1198 Dei
1069 1141 1413 1199 formatum.
1445 1145 1485 1196 C
1513 1142 1900 1213 Comparatus
1929 1140 2018 1192 est

344 1233 656 1308 jumentis,
680 1232 860 1305 digna
888 1231 1215 1288 similitudo
1244 1231 1421 1286 datur
1447 1227 1892 1296 vecordibus,ut
1913 1225 2016 1299 qui

353 1341 414 1381 se
442 1323 759 1396 imaginem
791 1320 892 1378 Dei
922 1324 1152 1394 gestare
1195 1336 1314 1376 non
1365 1318 1724 1390 intelligunt,
1759 1330 2018 1387 congrue

342 1413 635 1487 jumentis
663 1410 1079 1483 insipientibus
1111 1416 1534 1482 comparentur.
1567 1407 1711 1463 Nam
1741 1403 1880 1461 tolle
1910 1403 2018 1458 bo-

349 1501 498 1559 mini
528 1501 630 1558 Dei
663 1497 991 1568 scientiam,
1023 1503 1082 1555 et
1110 1497 1350 1554 omnino
1380 1513 1560 1569 pecus
1580 1494 1871 1568 insipiens
1901 1497 2013 1559 est,

257 1651 262 1656 _
349 1591 727 1666 praesumptio
755 1605 907 1644 vana
934 1591 993 1643 et
1022 1587 1246 1643 caduca
1276 1585 1578 1659 superbia.

350 1683 418 1739 13
492 1684 629 1738 Haec
657 1681 747 1734 via
777 1679 1002 1734 illorum
1021 1675 1348 1732 scandalum
1379 1676 1513 1747 ipsis
1544 1693 1563 1730 :

491 1771 558 1826 Et
575 1777 758 1842 poslea
791 1769 851 1822 in
879 1783 972 1823 ore
1000 1781 1100 1822 suo
1127 1765 1558 1838 eomplacebunt.
1595 1760 1940 1834 Diapsalma.

418 1860 461 1916 C
490 1857 622 1916 Haec
651 1856 762 1926 via,
798 1857 853 1912 id
885 1860 976 1912 est
1001 1855 1141 1922 vita,
1174 1854 1234 1910 in
1266 1870 1384 1926 qua
1413 1853 1474 1909 in
1505 1852 1616 1908 hoc
1647 1849 1860 1906 saeculo
1883 1863 2015 1904 am-

345 1949 644 2007 bulamus.
679 1947 792 2003 Sed
823 1945 945 2002 haec
966 1944 1062 2000 via
1090 1943 1232 2016 quid
1265 1942 1440 1998 malis
1480 1940 1824 1997 faciatznon
1857 1941 2011 1993 tace-

346 2045 462 2097 tur.
486 2034 846 2095 Scandalum
867 2033 1070 2106 utique
1101 2031 1404 2089 actoribus
1434 2029 1656 2097 suis,id
1687 2033 1779 2085 est
1808 2026 2014 2082 stimu'

344 2129 468 2185 lum
501 2131 678 2201 atque
711 2123 1131 2182 dolorem.Non
1162 2121 1318 2177 enim
1340 2120 1412 2176 ad
1432 2119 1811 2175 securitatem
1833 2131 2004 2172 suam

343 2218 670 2292 quidquam
689 2217 958 2288 peccator
977 2210 1236 2279 facit,cui
1253 2210 1326 2265 de
1345 2226 1454 2265 sua
1471 2207 1736 2282 provenit
1750 2205 2000 2272 actione,

342 2305 622 2380 torqueri.
657 2301 1032 2386 Consuetudo
1061 2305 1151 2355 est
1181 2299 1656 2386 peccantium,ut
1685 2299 1999 2386 postquam

340 2395 712 2470 impleverint
738 2383 938 2448 votum
969 2391 1026 2446 in
1061 2393 1319 2463 peccato,
1352 2403 1486 2443 mox
1532 2383 1822 2440 divinitati
1861 2399 1998 2455 gra-

339 2487 453 2542 tias
484 2487 690 2558 agunt.
713 2483 773 2538 in
801 2497 900 2538 ore
932 2497 1048 2536 non
1081 2479 1138 2534 in
1171 2477 1365 2545 corde,
1386 2476 1541 2532 unde
1571 2473 1713 2530 dicit
1744 2489 1758 2529 :
1794 2477 1998 2544 postea

340 2575 398 2631 in
429 2591 528 2631 ore
558 2590 667 2631 suo
700 2569 1174 2642 complacebunt,
1193 2567 1311 2622 Deo
1326 2565 1548 2638 gratias
1568 2567 1810 2636 agentes
1835 2561 1993 2634 quod

339 2679 615 2737 prospere
645 2657 1028 2734 peccaverint.

341 2755 410 2810 14
481 2752 637 2808 Sicut
662 2766 782 2806 oves
811 2750 872 2804 in
900 2749 1120 2819 inferno
1145 2746 1314 2816 positi
1339 2751 1466 2800 suut
1494 2761 1513 2798 :

481 2843 619 2898 Mors
648 2839 894 2911 deposcet
920 2853 1028 2894 eos.

411 2935 452 2988 C
477 2930 641 2986 Sicut
669 2944 806 2984 oves
835 2926 981 2983 lana:
1013 2940 1132 2981 sua:
1155 2922 1472 2980 amissione
1491 2921 1716 2994 jugiter
1737 2933 1996 2992 perseve-

338 3025 492 3089 rant,
508 3018 592 3076 sic
624 3032 856 3090 semper
884 3015 944 3071 in
975 3013 1093 3070 illis
1125 3012 1253 3069 sine
1283 3010 1695 3068 imminutione
1724 3009 1996 3065 substan-

337 3112 456 3178 tiae,
489 3107 707 3165 invenit
739 3121 911 3180 poena
939 3103 1096 3178 quod
1121 3100 1360 3158 cruciet.
1407 3104 1455 3156 Π
1503 3099 1709 3156 Merito
1742 3115 1777 3155 a
1805 3101 1994 3154 morte

337 3201 756 3273 depascuntur,
788 3194 888 3269 qui
918 3193 1218 3250 Christum
1251 3190 1568 3248 noluerunt
1595 3187 1810 3245 habere
1857 3203 1995 3260 pas-

335 3296 544 3347 torem.

336 3381 405 3436 15
478 3381 543 3435 Et
570 3376 1002 3436 dominabuntur
1027 3390 1219 3431 eorum
1230 3373 1373 3444 justi
1400 3373 1461 3426 in
1487 3370 1764 3425 matutino
1792 3385 1812 3424 :

482 3473 549 3526 Et
575 3468 856 3524 auxilium
887 3480 1077 3521 eorum
1104 3469 1400 3520 veterascet
1425 3462 1487 3517 in
1517 3461 1736 3531 inferno
1755 3475 1789 3514 η
1809 3457 1992 3528 gloria

551 3572 759 3612 eorum.

410 3647 454 3702 C
483 3647 554 3702 Et
582 3643 1050 3701 dominabuntur
1078 3656 1303 3706 eorum,
1335 3639 1489 3712 quod
1543 3635 1746 3709 utique
1792 3635 1853 3692 in
1893 3634 1994 3691 illa

339 3733 766 3794 resurrectione
823 3730 1083 3788 felicium
1142 3734 1250 3794 est,
1283 3733 1348 3783 ut
1402 3725 1576 3782 malis
1621 3727 1994 3799 prae/niueam

337 3822 610 3895 boni,hic
639 3822 796 3878 enim
821 3823 1020 3893 justos
1040 3819 1306 3875 obtinent
1335 3821 1686 3890 peccatores.
1711 3819 1774 3870 In
1809 3819 1994 3886 matu-

337 3916 485 3983 tino,
519 3929 654 3970 cum
703 3910 890 3985 gloria
936 3906 1382 3965 resurrectionis
1426 3904 1700 3962 illuxerit.
1732 3906 1992 3971 Quorum

336 4003 557 4062 auxilia
586 4007 870 4075 tanquam
903 3997 1083 4073 panni
1116 3995 1426 4071 putrefacti
1448 3991 1994 4066 vcterascunt,quia

335 4109 541 4151 eorum
563 4089 775 4148 divitia
797 4087 943 4145 nihil
966 4086 1084 4143 illis
1115 4088 1379 4159 prosunt.
1394 4086 1440 4141 A
1469 4081 1655 4158 gloria
1675 4099 1988 4155 sua,quam

329 4183 391 4240 in
425 4182 537 4239 isto
567 4185 780 4238 saeculo
811 4178 1168 4235 habuerunt.
1191 4175 1237 4231 H
1261 4175 1324 4230 Id
1347 4178 1438 4230 est
1468 4173 1526 4230 in
1558 4171 1994 4246 comparatione

333 4273 406 4330 ad
424 4269 672 4346 gloriam
695 4285 900 4326 eorum
921 4283 1100 4340 quam
1121 4264 1218 4322 hic
1239 4263 1816 4335 habuerunt,quanto
1833 4261 1992 4318 enim

330 4361 591 4434 amplius
612 4359 706 4415 hic
737 4353 1327 4430 suntgloriati,tanto
1359 4352 1494 4428 plus
1525 4351 1586 4409 in
1618 4349 1844 4408 inferno
1865 4367 1991 4408 cor-

330 4450 664 4526 ruptionem
697 4449 994 4522 patientur
1025 4447 1210 4518 (Apoc.
1243 4446 1423 4512 xvm).

333 4542 402 4600 16
479 4544 892 4598 Verumtamen
922 4541 1073 4594 Deus
1101 4534 1353 4592 redimet
1373 4533 1640 4591 animam
1665 4547 1852 4588 meam
1875 4547 1896 4586 :
1919 4529 1994 4588 de

544 4646 727 4685 manu
759 4629 942 4700 inferi

470 4723 613 4779 Cum
641 4718 936 4791 acceperit
967 4732 1074 4770 me.
1105 4711 1474 4786 Diapsalma.

399 4815 440 4866 C
471 4807 758 4866 Liberavit
785 4807 941 4862 Deus
989 4804 1220 4860 animas
1263 4817 1489 4869 eorum,
1523 4800 1623 4873 qui
1673 4799 1989 4856 adventum

327 4901 460 4972 ejus
489 4895 785 4955 constanti
817 4893 1016 4950 animo
1049 4889 1442 4947 crediderunt.
1477 4889 1556 4946 De
1587 4905 1767 4946 manu
1794 4887 1985 4958 interi,

327 4989 400 5044 de
430 4989 717 5060 potestate
739 4980 955 5038 diaboli
981 4998 993 5036 :
1017 4979 1118 5052 qui
1141 4984 1274 5036 ante
1295 4980 1611 5036 adventum
1632 4977 1847 5034 Christi
1869 4977 1991 5034 ani-

329 5091 460 5132 mas
491 5073 728 5130 tenebat
757 5069 1056 5127 obnoxias.
1091 5069 1132 5125 C
1157 5067 1325 5126 Dives
1372 5067 1529 5125 enim
1579 5067 1776 5124 dictus
1825 5072 1916 5124 est
1955 5083 1990 5123 a

327 5163 482 5231 divo,
516 5160 616 5233 qui
649 5159 818 5232 quasi
851 5163 1003 5216 Deus
1043 5157 1306 5214 creditur
1351 5157 1501 5214 nihil
1544 5156 1806 5230 indigere
1839 5171 1852 5211 :
1887 5173 1990 5230 per

327 5268 506 5326 quem
537 5249 632 5305 hic
664 5247 914 5322 impium
947 5248 1230 5305 debemus
1253 5247 1693 5321 accipere.Cum
1713 5246 1844 5318 ejus
1863 5245 1990 5319 glo-

329 5341 416 5398 ria
445 5336 836 5412 multiplicata
863 5337 1057 5408 fuerit,
1085 5338 1290 5410 junge,
1323 5354 1398 5394 ne
1427 5335 1718 5392 timueris.
1813 5372 1829 5382 ο

329 5431 399 5488 47
475 5432 559 5486 Ne
589 5427 858 5486 timueris
884 5444 1012 5484 eum
1041 5429 1206 5484 dives
1231 5429 1429 5500 factus
1455 5425 1646 5501 fuerit
1678 5423 1850 5482 homo
1876 5439 1890 5480 :

469 5519 546 5576 Et
575 5535 704 5575 cum
736 5516 1154 5589 multiplicata
1178 5517 1364 5590 fuerit
1394 5514 1598 5589 gloria
1620 5513 1993 5584 domusejus.

399 5607 446 5665 H
481 5608 649 5665 Dives
671 5608 911 5665 etiectus
931 5612 1023 5665 cst
1042 5607 1072 5665 J
1081 5607 1230 5662 udas
1252 5604 1516 5679 proditor
1537 5603 1842 5659 vendendo
1867 5619 1992 5659 ma-

328 5698 708 5774 gistrum,sed
729 5696 875 5756 nihil
896 5697 1066 5774 pretii
1094 5696 1249 5772 quod
1273 5696 1578 5767 acceperat
1601 5708 1613 5748 :
1636 5707 1835 5748 secum
1857 5707 1992 5748 cum

329 5785 689 5848 moriebatur
718 5784 1064 5866 deportavit.
1100 5783 1161 5843 Si
1191 5800 1330 5861 ergo
1375 5795 1531 5841 nunc
1581 5781 1995 5858 unusquisque

2024 4738 2072 4804 Ι)

2125 696 2400 766 praeterit,
2433 701 2492 751 et
2524 695 2668 752 nihil
2699 712 2903 752 secum
2933 697 3005 752 de
3049 695 3143 752 his
3191 713 3319 770 quas
3368 699 3643 770 rapuerat
3672 695 3782 752 tol-

2124 781 2214 852 lit,
2253 784 2496 842 Domino
2551 785 2828 842 dicente:
2865 784 3076 856 Stulte,
3123 785 3235 841 hac
3294 791 3462 842 nocte
3519 783 3784 842 animam

2125 876 2290 930 tuam
2323 878 2594 948 repetunt
2624 876 2774 944 (Luc.
2810 878 2896 945 ιι),
2928 891 3056 948 quae
3106 879 3304 932 autem
3358 875 3579 949 parasti
3612 875 3788 947 cujus

2123 967 2316 1019 erunt.

2127 1054 2194 1108 18
2267 1055 2560 1125 Quoniam
2586 1069 2717 1110 eum
2747 1055 3046 1111 interierit
3073 1071 3190 1110 ποτε
3209 1062 3396 1110 sumet
3423 1054 3632 1111 omnia
3661 1068 3676 1109 :

2267 1147 2458 1217 Neque
2482 1144 2789 1201 descendet
2807 1159 2941 1201 eum
2970 1160 3038 1199 ea
3065 1142 3275 1215 gloria
3301 1146 3449 1216 ejus.

2195 1231 2238 1286 C
2265 1232 2408 1287 Ecce
2437 1233 2702 1288 redditur
2745 1233 2895 1288 ratio
2947 1249 3128 1306 quare
3185 1231 3377 1288 timeri
3425 1248 3542 1287 non
3576 1231 3791 1287 debeat

2126 1320 2332 1376 mundi
2393 1319 2706 1394 gloriosus.
2733 1323 2848 1378 Cur
2874 1321 3032 1377 enim
3061 1321 3342 1378 timemus
3390 1321 3650 1387 divitem,
3683 1320 3789 1393 qui

2126 1409 2378 1465 moritur
2405 1426 2647 1484 pauper,
2667 1427 2772 1466 nec
2799 1409 2960 1466 aliud
2983 1427 3185 1466 secum
3210 1409 3366 1466 valet
3391 1414 3642 1482 portare,
3667 1409 3788 1464 nisi

2125 1499 2282 1554 unde
2311 1499 2498 1570 possit
2524 1499 2769 1555 ardere?
2799 1500 2869 1555 Et
2899 1500 3047 1556 bene
3076 1499 3290 1555 dicitur
3340 1499 3693 1555 descendere
3721 1499 3786 1555 in

2124 1588 2652 1662 profundissimam
2684 1589 3041 1658 foveam,sed
3065 1589 3192 1645 sine
3223 1587 3410 1662 gloria
3433 1587 3788 1655 seculi,sine

2124 1677 2300 1733 turba
2356 1676 2701 1735 satellitum.
2734 1678 2803 1734 Et
2829 1678 3044 1734 domus
3073 1677 3175 1734 illa
3223 1694 3404 1750 quam
3447 1677 3786 1747 miraberis,

2123 1771 2387 1823 remanet
2411 1770 2553 1836 tota,
2568 1768 2670 1824 sed
2701 1784 2880 1824 onera
2925 1784 3056 1840 quae
3088 1784 3204 1823 non
3253 1766 3495 1823 videbas
3535 1783 3550 1822 :
3585 1772 3784 1824 trans-

2125 1854 2308 1912 mittit
2337 1855 2600 1928 ingentia
2629 1872 2831 1912 secum
2864 1855 2923 1910 in
2957 1855 3308 1928 gehennam.

2126 1945 2195 2000 19
2265 1946 2420 2016 Quia
2445 1947 2657 2002 anima
2685 1950 2815 2018 ejus
2843 1946 2908 2002 in
2938 1947 3064 2002 vita
3084 1946 3272 2019 ipsius
3293 1944 3668 2002 benedieetur
3694 1962 3716 1999 :

2269 2033 2640 2106 Conﬁtebitur
2667 2034 2780 2092 tibi
2797 2049 2929 2091 eum
2959 2032 3314 2108 benefeeeris
3341 2033 3416 2089 ei.

2187 2123 2227 2178 C
2257 2122 2378 2180 Ista
2405 2123 2737 2180 benedictio
2770 2139 2887 2180 non
2918 2123 2987 2180 ad
3023 2122 3549 2179 senctiﬁcationem
3600 2121 3785 2195 perti-

2113 2215 2233 2278 net,
2265 2211 2368 2267 sed
2399 2211 2472 2268 ad
2505 2211 2782 2268 tavorem.
2809 2211 3182 2268 Benedicitur
3209 2211 3368 2268 enim
3399 2211 3624 2268 dictum
3647 2215 3738 2268 est
3767 2229 3782 2267 :

2109 2305 2348 2372 propter
2376 2300 2642 2374 linguam
2665 2299 3012 2367 satellitum,
3027 2300 3182 2358 inter
3200 2297 3410 2374 epulas
3429 2316 3570 2357 suos
3591 2300 3786 2356 domi-

2107 2404 2216 2443 nos
2246 2388 2648 2446 collaudantes.
2681 2393 2824 2446 Cum
2858 2389 2908 2444 ei
2959 2387 3338 2459 benefeceris,
3370 2387 3771 2460 confitebitur,

2104 2476 2165 2541 id
2195 2482 2304 2548 est,
2335 2481 2475 2535 tunc
2505 2480 2624 2553 agit
2651 2478 2872 2552 gratias
2903 2478 3042 2548 Deo,
3077 2478 3316 2551 quando
3344 2476 3565 2551 aliquid
3621 2476 3773 2534 lucri

2103 2567 2417 2639 conquirit.

2101 2657 2174 2710 20
2245 2656 2509 2715 Introibit
2529 2674 2703 2732 usque
2725 2660 2788 2716 in
2803 2658 3119 2732 progenies
3146 2662 3388 2726 patrum
3404 2673 3642 2716 suorum
3665 2677 3686 2713 .-

2251 2752 2434 2820 Usgue
2464 2750 2527 2805 in
2553 2755 2838 2808 aster-num
2866 2763 2982 2806 non
3011 2746 3236 2804 videbit
3262 2748 3473 2803 iumen.

2173 2836 2214 2891 C
2243 2835 2349 2900 Qui
2381 2837 2441 2892 in
2473 2835 2585 2893 isto
2616 2837 2828 2894 sarculo
2854 2840 3050 2910 patres
3095 2836 3387 2910 pessimos
3432 2835 3761 2900 imitantur,

2101 2940 2304 2981 eorum
2339 2925 2614 2984 societate
2643 2927 2964 2984 damnandi
2995 2930 3156 2982 sunt.
3184 2925 3378 2998 Usque
3396 2925 3456 2980 in
3477 2929 3760 2981 aeternum

2104 3030 2219 3069 non
2249 3014 2470 3072 videbit
2489 3015 2786 3083 lumen,id
2817 3015 3146 3082 est,lumen
3177 3014 3479 3088 sapientiae
3503 3013 3598 3072 hic
3622 3019 3682 3070 et
3702 3013 3762 3069 in

2102 3107 2405 3162 aeternum.
2423 3105 2646 3162 Lumen
2670 3106 2826 3178 quod
2848 3103 3148 3161 illuminat
3177 3121 3413 3160 omnem
3433 3101 3757 3171 hominem,

2101 3195 2257 3267 quod
2289 3195 2396 3252 soli
2419 3194 2604 3252 sancti
2628 3195 2688 3251 in
2709 3194 2924 3253 deitate
2945 3192 3420 3251 videbunt.Sicut
3445 3192 3604 3249 enim
3627 3207 3762 3266 pec-

2103 3288 2232 3340 cata
2265 3288 2406 3340 sunt
2442 3285 2774 3356 tenebrosa,
2805 3284 2888 3341 ita
2909 3283 3316 3358 peccatoribus
3338 3281 3638 3356 sapientiae
3669 3281 3760 3337 lu-

2021 3361 2066 3430 C
2105 3391 2238 3430 men
2270 3373 2562 3431 auferunt.
2593 3373 2638 3432 II
2673 3379 2749 3430 De
2777 3374 2996 3446 quibus
3026 3373 3244 3429 dicitur
3277 3389 3290 3429 :
3325 3371 3595 3444 Projicite
3623 3387 3756 3427 eum

2100 3461 2160 3518 in
2191 3463 2462 3520 tenebras
2482 3467 2630 3520 exte:
2645 3462 2798 3520 iores
2829 3461 3035 3537 (Matth.
3067 3467 3228 3532 χχιι).

2100 3553 2160 3610 21
2244 3558 2435 3610 Homo
2461 3569 2592 3611 eum
2624 3555 2688 3610 in
2720 3553 2940 3610 honore
2967 3562 3109 3609 esset
3136 3567 3250 3609 non
3279 3549 3576 3607 intellexit
3607 3569 3628 3604 :

2245 3645 2633 3718 Comparalus
2679 3652 2764 3701 est
2776 3644 3074 3717 jumentis
3105 3647 3162 3708 -ί-
3183 3640 3584 3715 insipientibus
3609 3647 3666 3696 et
3706 3642 3759 3708 ζ,

2315 3733 2531 3790 similis
2555 3735 2751 3805 factus
2775 3738 2857 3790 est
2889 3731 3039 3790 illis.

2173 3822 2215 3880 C
2262 3821 2562 3879 Conclusit
2617 3821 2904 3897 propheta
2953 3818 3417 3894 pulcherrimum
3463 3815 3760 3892 psalmum

2100 3910 2393 3984 parilitate
2417 3905 2642 3980 versus,
2676 3915 2742 3967 ut
2791 3929 2853 3968 se
2891 3913 3162 3984 peccator
3191 3926 3226 3965 a
3255 3907 3410 3964 malo
3458 3905 3759 3982 proposito

2103 4005 2446 4071 removeret,
2461 4017 2597 4058 cum
2629 3998 2943 4058 stultitiam
2974 4016 3144 4055 suam
3178 3997 3387 4054 iterata
3416 3995 3761 4069 increpatio-

2101 4108 2174 4148 ne
2204 4094 2598 4165 cognosceret.

2557 4196 2762 4237 ORATIO
2801 4196 2872 4234 EX
2910 4195 3064 4236 PSAL-
3107 4193 3303 4234 XLVIII.

2174 4267 2372 4342 Reple,
2399 4266 2742 4336 Domine,os
2772 4271 3041 4324 nostrum
3075 4263 3363 4340 sapientia
3391 4267 3530 4320 tua:
3558 4266 3625 4319 ut
3645 4277 3763 4318 me-

2103 4373 2296 4415 mores
2336 4361 2393 4414 te
2421 4357 2724 4414 hominem
2773 4357 3013 4424 factum,
3047 4371 3271 4429 nosque
3324 4352 3642 4411 redemisse
3691 4351 3762 4406 de

2101 4453 2345 4518 tartara,
2379 4463 2714 4506 mereamur
2743 4445 2943 4504 vultus
2972 4445 3058 4502 tui
3087 4443 3314 4501 lumine
3344 4440 3629 4499 decorari.
3654 4439 3762 4506 Qui

2102 4555 2237 4594 cum
2267 4538 2438 4596 Patre
2466 4542 2524 4594 et
2557 4534 2779 4610 Spiritu
2810 4540 3034 4602 sancto,
3068 4537 3180 4592 etc.

2658 4625 2990 4683 PSALMUS
3025 4623 3214 4681 XLIX.

2532 4732 2939 4774 ARGUMENTUM
2979 4732 3138 4771 PSAL.
3179 4731 3214 4769 Χ
3223 4729 3333 4768 LIX.

2171 4808 2212 4863 C
2239 4805 2364 4861 Vox
2396 4820 2706 4880 synagogas
2759 4805 2832 4862 de
2879 4804 3070 4879 primo
3118 4807 3177 4860 et
3225 4799 3482 4859 secundo
3514 4798 3764 4854 adventu

2095 4893 2334 4961 Christi,
2363 4893 2671 4968 ipsiusque
2701 4891 3044 4963 admonitio,
3079 4895 3143 4949 ut
3170 4890 3223 4948 ei
3253 4886 3610 4947 sacrificium
3643 4885 3766 4943 lau-

2096 4984 2188 5040 dis
2221 4983 2422 5040 fideles
2454 4983 2718 5040 otl‘erant.

2592 5072 2704 5130 T'l‘.
2746 5071 3022 5130 Psalmus
3052 5069 3268 5144 Asaph.

2169 5163 2217 5220 Η
2249 5163 2443 5237 Asaph
2477 5167 2600 5220 erat
2631 5161 2904 5237 egregius
2936 5157 3414 5230 musicus,cujus
3441 5169 3656 5210 nomen
3683 5151 3770 5208 in-

2096 5257 2452 5326 terpretatur
2479 5253 2844 5326 congregatio.
2869 5249 3141 5307 Psalmus
3170 5247 3281 5306 iste
3311 5243 3597 5303 discernit
3635 5243 3766 5314 jus-

2100 5347 2193 5400 tos
2213 5342 2286 5399 ab
2321 5342 2540 5415 impiis,
2574 5341 2835 5398 ccelestes
2866 5357 2900 5396 a
2930 5337 3196 5407 terrenis,
3231 5339 3468 5394 sanctos
3501 5341 3769 5404 a‘pecca-

2102 5433 2365 5490 toribus:
2393 5435 2751 5504 protestetur
2780 5429 2956 5486 etiam
2988 5446 3107 5486 non
3128 5444 3190 5484 se
3221 5425 3486 5483 locutum
3520 5419 3768 5496 prophe-

2102 5526 2181 5592 ta,
2215 5521 2316 5578 sed
2349 5521 2544 5594 ipsum
2575 5519 2911 5587 Dominum,
2944 5518 3147 5575 dicens
3178 5521 3354 5583 Deus,
3385 5517 3496 5571 etc.

2140 5615 2164 5669 1
2245 5613 2390 5668 Deus
2420 5610 2665 5667 deorum
2699 5609 2980 5666 Dominus
3011 5607 3242 5666 loeutus
3268 5614 3352 5663 est
3383 5623 3403 5660 :

2243 5703 2322 5758 Et
2351 5702 2577 5758 vocavit
2607 5706 2856 5758 terram.

2173 5795 2212 5848 C
2242 5791 2398 5850 Deus
2419 5790 2576 5850 cnim
2609 5791 2786 5849 timor
2806 5789 3003 5849 Graeca
3025 5786 3226 5862 lingua
3247 5783 3482 5841 dicitur.
3503 5783 3550 5837 Η
3584 5776 3769 5857 Igitur
