3898 6344
122 484 241 550 665

904 618 988 675 LI.

120 724 485 799 Privilegz'nm
542 726 598 783 S.
653 726 975 853 LeonliabIX‘
1022 726 1435 798 Agaunensz'bus
1480 729 1760 784 canonicis

824 815 875 853 rz
916 816 951 853 τι
978 814 1088 853 um.

824 814 1088 853 rzoumm.

740 914 930 985 (Anno
962 914 1147 983 4050.)

444 1031 605 1101 [GalL
640 1030 842 1085 Christ.
876 1035 1015 1085 tom.
1050 1030 1169 1097 XII,
1203 1047 1258 1101 p.
1294 1031 1443 1100 427.]

198 1155 258 1208 In
312 1152 523 1207 timore
569 1152 669 1207 Dei
716 1153 914 1207 aterni
959 1156 1015 1207 et
1062 1152 1373 1208 Salvatoris
1414 1152 1598 1208 nostri
1625 1152 1763 1209 Jesu

122 1240 356 1298 Christi.
391 1241 526 1306 Leo,
559 1239 930 1295 humillimus
961 1257 1166 1295 servus
1206 1256 1504 1296 servorum
1536 1241 1661 1312 Dei,
1711 1245 1767 1296 et

121 1330 182 1385 in
216 1328 519 1399 apostolici
540 1327 815 1383 culminis
832 1345 962 1384 arce
986 1345 1102 1384 non
1126 1329 1349 1386 meritis
1367 1330 1639 1401 propriis,
1664 1331 1765 1386 sed

124 1417 358 1473 atherei
394 1417 663 1489 clavigeri
706 1417 1071 1490 aliorumque
1119 1419 1511 1491 apostolorum
1552 1419 1765 1491 princi-

125 1506 216 1579 pis
231 1506 407 1575 Petri,
425 1507 623 1561 divina
640 1507 959 1577 opitulante
971 1508 1177 1579 gratia,
1192 1507 1563 1565 sublimatus.
1577 1508 1769 1564 Domi-

125 1611 240 1651 nus
267 1599 465 1651 noster
482 1597 651 1651 Iesus
683 1596 970 1664 Christus,
1003 1603 1067 1651 ut
1094 1614 1127 1652 a
1158 1596 1329 1669 primi
1356 1598 1615 1668 parentis
1645 1597 1767 1669 pia-

124 1684 239 1741 culi
260 1685 528 1740 cautione
548 1685 874 1741 humanum
893 1702 1079 1758 genus
1107 1685 1400 1753 liberaret,
1423 1687 1493 1741 de
1514 1686 1674 1742 calis
1696 1687 1767 1742 ad

123 1778 312 1830 terras
341 1774 642 1830 descendit
670 1779 727 1829 et
757 1776 993 1847 proprio
1020 1791 1128 1830 suo
1161 1791 1365 1830 cruore
1399 1776 1766 1846 redemptum

123 1861 188 1918 B.
223 1864 391 1917 Petro
421 1863 783 1934 pascendum
816 1863 1115 1919 commisit
1147 1881 1159 1919 :
1186 1865 1341 1934 quod
1375 1863 1766 1920 ministerium

1081 484 1488 550 EPISTOLE
1528 484 1629 549 ET
1670 483 2039 548 DECRETA
2084 483 2557 550 PONTIFICIA.

3404 482 3520 549 686

1787 619 1843 685 Α
1872 618 2146 691 praelatus
2168 618 2385 695 aliquis
2416 618 2542 675 sine
2572 615 2876 675 communi
2906 632 3108 674 eorum
3150 615 3392 674 consilio
3432 616 3523 674 vel

1870 707 2153 763 electione
2185 708 2476 774 mittatur,
2506 724 2697 780 neque
2719 723 2789 763 ex
2819 706 3238 763 communibus
3268 705 3525 762 ecclesia

1872 797 2047 852 rebus
2098 800 2230 868 post
2274 813 2594 869 congruam
2628 813 2832 852 eorum
2872 796 3316 867 dispositionem
3351 793 3526 867 quid-

1873 902 2049 957 quam
2082 890 2519 955 tractetur,.nec
2547 886 2685 941 licet
2715 885 3005 959 pralibati
3036 874 3315 941 violentia
3340 883 3399 938 in
3431 900 3529 939 eo-

1873 990 2003 1030 rum
2034 974 2361 1046 diripienda
2389 975 2624 1047 propria
2645 974 2731 1029 vel
2756 973 3096 1029 communia
3117 974 3270 1029 bona
3300 976 3523 1028 temere

1873 1064 2275 1132 prasumcndo
2324 1063 2645 1135 pravaleat,
2681 1064 2782 1119 sed
2825 1062 3025 1118 omnia
3062 1060 3353 1134 privilegii
3394 1076 3529 1117 auc-

1873 1151 2108 1206 toritate
2137 1167 2337 1207 eorum
2368 1152 2617 1208 decretis
2647 1151 3012 1207 ordinentur.

1948 1258 2016 1312 Et
2029 1257 2076 1312 si
2097 1257 2238 1312 forte
2249 1274 2445 1313 eorum
2463 1256 2675 1329 aliquis
2689 1260 3125 1329 praeoccupatus
3142 1256 3317 1312 fuerit
3332 1260 3523 1311 morte

1878 1346 2072 1413 frater,
2123 1346 2174 1401 si
2211 1346 2502 1401 defuerint
2545 1351 2835 1418 parentes,
2865 1346 2949 1400 ita
2977 1346 3106 1416 ejus
3144 1344 3298 1400 bona
3326 1344 3522 1399 Eccle-

1878 1434 1997 1501 sia,
2031 1433 2264 1489 familia
2296 1438 2352 1489 et
2381 1433 2737 1505 pauperibus
2766 1432 3123 1488 distribuant
3153 1437 3225 1488 ut
3256 1431 3523 1488 noverint

1879 1528 2159 1597 oportere,
2185 1524 2337 1579 et'ne
2358 1523 2636 1596 pralatus
2659 1521 2874 1593 aliquis
2898 1525 3240 1592 potestatem
3266 1519 3523 1591 aliquam

1876 1612 2021 1668 inibi
2061 1613 2401 1678 exercendo,
2453 1628 2651 1668 vocem
2706 1610 2918 1665 latitia
2968 1626 3167 1665 eorum
3204 1608 3520 1680 perturbet,

1878 1702 1988 1757 sub
2019 1702 2408 1757 anathematis
2439 1700 2667 1756 vinculo
2695 1699 3070 1772 colligamus;
3113 1701 3169 1753 et
3208 1696 3269 1752 in
3305 1695 3529 1768 episco-

1878 1794 2014 1864 patu
2048 1789 2449 1847 Lausannensi
2475 1790 2793 1862 quamdam
2817 1793 3063 1860 curtem,
3086 1786 3322 1844 nomine
3342 1788 3527 1841 Auro-

1880 1897 2043 1948 num,
2066 1880 2362 1953 quondam
2391 1879 2476 1936 eis
2507 1878 2799 1935 sublatam
2822 1877 3097 1933 violentia
3127 1874 3535 1949 pralatorum,‘

125 1950 515 2009 successionis
546 1951 716 2018 serie,
748 1953 817 2005 ad
852 1969 958 2007 nos
980 1968 1169 2023 usque
1198 1953 1467 2023 quamvis
1498 1954 1769 2027 indignos
1798 1988 1848 2053 Β
1878 1970 2030 2027 testu

1942 1950 2245 2027 stituimus
2267 1986 2399 2025 cum
2424 1968 2681 2025 ecclesiis
2702 1972 2759 2022 et
2789 1965 3034 2039 reliquis
3055 1963 3442 2039 appendiciis,
3463 1967 3531 2017 ut

124 2038 406 2113 pervenit.
443 2040 806 2111 Quapropter
824 2044 1048 2110 oportet
1080 2057 1285 2096 omnes
1305 2042 1664 2100 Christianos
1695 2045 1767 2099 ad

128 2130 391 2184 sanctam
423 2132 672 2182 matrem
717 2127 1033 2182 Ecclesiam
1068 2132 1124 2182 et
1152 2129 1531 2201 apostolicam
1572 2133 1769 2188 sedem

128 2231 490 2281 concurrere,
524 2231 589 2270 eo
623 2216 796 2269 modo
829 2220 893 2269 ut
924 2218 1187 2271 conditor
1216 2220 1481 2274 effectum
1514 2221 1771 2276 devotio-

128 2306 642 2375 nisconsequatur,
666 2308 723 2358 et
742 2304 848 2375 pia
871 2306 1321 2362 constructionis
1342 2307 1560 2363 oraculi
1582 2307 1640 2362 in
1661 2309 1771 2380 pri-

127 2392 356 2465 vilegiis
372 2391 691 2464 largiendis
706 2410 819 2447 non
843 2394 1160 2465 denegatur
1177 2396 1489 2465 auxilium;
1514 2399 1769 2453 cunctis-

128 2498 238 2554 que
268 2480 620 2537 universalis
650 2480 913 2538 Ecclesia
947 2483 1082 2538 ﬁliis
1108 2490 1313 2539 notum
1345 2502 1471 2540 esse
1499 2486 1772 2543 volumus

128 2570 283 2643 quia,
329 2571 474 2625 dum
514 2570 571 2624 in
614 2569 772 2623 illius
816 2571 1080 2642 partibus
1127 2573 1283 2628 orbis
1324 2575 1768 2647 naufragantem

126 2659 446 2715 Ecclesium
489 2658 798 2715 relevando
838 2660 1053 2716 Gallias
1091 2663 1485 2731 tenderemus,
1529 2665 1600 2718 ad
1633 2680 1769 2719 eum

125 2746 333 2816 locum,
401 2747 494 2803 cui
547 2751 858 2819 Agaunum
917 2766 1128 2805 nomen
1191 2756 1297 2818 est,
1375 2751 1765 2823 pervenimus,

125 2851 291 2908 quem
314 2835 561 2908 pretiosi
580 2840 862 2908 martyres
885 2838 1192 2893 Mauritius
1204 2842 1261 2894 et
1273 2840 1399 2909 ejus
1421 2840 1770 2898 commilito-

127 2940 227 2981 nes
248 2943 359 2982 suo
373 2925 662 2997 sanguine
676 2928 1080 2997 pertuderunt,
1101 2929 1202 2984 ubi
1216 2928 1412 2984 triduo
1425 2930 1769 2985 commorati

130 3029 467 3086 quanquam
498 3014 837 3085 patrociniis
854 3020 1123 3071 sanctum
1156 3015 1603 3073 divitemlocum
1633 3035 1770 3090 apo-

130 3103 344 3159 stolicis
374 3103 694 3175 privilegiis
715 3104 1077 3171 decoratum,
1102 3106 1262 3160 omni
1280 3108 1475 3161 tamen
1497 3106 1773 3164 thesauro

135 3195 190 3246 et
216 3192 631 3249 beneﬁciorum
663 3192 1030 3264 plenitudine
1072 3195 1441 3262 destitutum,
1478 3201 1651 3267 prout
1679 3214 1775 3269 po-

131 3280 369 3348 tuimus,
403 3280 860 3347 consolavimus,
910 3298 1112 3338 eorum
1156 3283 1410 3355 denique
1448 3288 1771 3357 martyrum

134 3367 275 3432 hsta
302 3369 748 3426 celebravimus.

201 3457 283 3513 Ibi
313 3461 490 3515 etiam
517 3460 848 3515 astantibus
866 3460 1041 3516 nobis
1056 3460 1223 3516 Petro
1242 3460 1649 3518 archidiacono
1667 3480 1770 3519 no-

137 3548 272 3617 stro,
303 3547 673 3619 etepiscOpis
698 3548 992 3604 Allinardo
1024 3549 1421 3621 Lugdunensi,
1444 3554 1500 3605 et
1532 3551 1772 3623 Hugone

130 3632 490 3693 Vesontiensi
505 3640 563 3692 et
575 3637 875 3692 Frederico
889 3638 1226 3704 Genevensi,
1242 3643 1298 3693 et
1315 3640 1572 3710 Aymone
1586 3640 1693 3695 Sed
1705 3658 1769 3694 u-

134 3724 316 3794 aenei,
347 3726 450 3798 qui
477 3742 635 3780 nunc
665 3726 853 3781 eidem
897 3731 1104 3798 praest
1142 3726 1428 3795 Ecclesia,
1471 3727 1651 3783 relata
1681 3732 1771 3784 est

132 3811 316 3881 nobis,
366 3814 694 3887 pramissis
753 3814 1015 3887 reliquis,
1076 3815 1341 3871 luctuosa
1398 3816 1768 3873 miserarium

130 3901 375 3961 laminis.
403 3902 566 3958 illius
589 3903 698 3959 loci
730 3904 1028 3960 canonicis
1050 3903 1231 3971 illata,
1256 3904 1537 3977 privilegii
1571 3910 1767 3962 tamen

130 3991 467 4048 auctoritate
498 3996 633 4047 ante
662 3992 960 4064 prohibita
986 4010 1000 4049 :
1035 3993 1187 4065 quod
1221 4010 1337 4049 non
1368 3992 1567 4049 liceret
1594 4011 1768 4051 cano-

131 4074 272 4133 nicis
300 4079 360 4135 in
391 4082 507 4138 ﬁne
536 4082 667 4136 vita
698 4082 934 4154 propria
972 4083 1126 4138 bona
1165 4082 1534 4150 distribuere,
1579 4100 1768 4156 neque

128 4161 451 4226 viventibus
468 4170 539 4225 de
560 4169 974 4226 ecclesiasticis
1004 4172 1180 4227 rebus
1197 4176 1408 4243 prater
1430 4172 1651 4243 pralati
1676 4174 1767 4229 sui

128 4251 478 4314 voluntatem
509 4259 834 4331 quidquam
866 4260 1158 4316 ordinare.
1204 4261 1320 4315 Nos
1361 4266 1556 4317 autem
1588 4262 1766 4334 hujus

128 4336 454 4403 inauditum
498 4348 729 4404 facinus
766 4349 1059 4421 pradictis
1098 4349 1387 4421 episcopis
1427 4354 1484 4404 et
1520 4351 1768 4407 maxime

128 4426 312 4487 eidem
341 4437 637 4509 episcopo,
691 4439 935 4510 Aymoni
971 4437 1237 4493 videlicet
1266 4438 1383 4493 illis
1412 4439 1670 4510 pralato,
1704 4445 1769 4495 ut

129 4513 459 4613 imperatori
490 4527 733 4583 Henrico
766 4528 935 4583 nobis
955 4528 1110 4599 apud
1133 4526 1431 4584 Coloniam
1462 4530 1767 4586 obviaturo

129 4606 482 4682 intimarent,
517 4617 901 4689 pracepimus
936 4621 1225 4689 quatenus
1265 4617 1394 4688 ejus
1433 4618 1677 4674 consilio
1712 4622 1771 4673 et

124 4690 421 4759 juvamine
449 4704 790 4760 sederemus
822 4704 1054 4760 ruinam
1080 4708 1254 4761 tanta
1282 4704 1589 4773 violentia,
1623 4723 1765 4778 quo-
1801 4727 1855 4790 ι)

276 4802 391 4847 non
421 4792 613 4849 solum
630 4798 791 4863 tunc,
816 4795 917 4850 sed
940 4792 1241 4849 multoties
1264 4794 1465 4849 audita
1485 4794 1768 4868 lacryma-

130 4865 226 4963 bili
255 4880 645 4950 querimonia,
665 4884 983 4940 miseratus
1004 4884 1316 4956 pradictus
1337 4865 1646 4955 piissimus
1676 4884 1773 4942 ille

128 4968 440 5031 inperator
457 4973 747 5028 Henricus
766 4971 1088 5045 postulavit
1112 4990 1147 5027 a
1166 4972 1337 5028 nobis
1366 4977 1429 5027 ut
1458 4972 1614 5030 idem
1644 4991 1769 5030 mo-

130 5052 443 5114 nasterium
473 5062 937 5135 Agaunensium,
960 5062 1019 5117 in
1054 5078 1168 5133 quo
1191 5061 1319 5133 ipse
1336 5063 1520 5133 Aymo
1541 5064 1651 5119 sub
1675 5080 1771 5120 ca-

128 5136 466 5204 nonicorum
487 5151 693 5224 regula
717 5152 902 5208 abbas
913 5168 1043 5208 esse
1065 5150 1450 5223 dignoscitur,
1467 5151 1771 5226 privilegio

128 5234 768 5312 Gumsedisapostolica
782 5241 984 5298 infulis
998 5242 1431 5308 decoraremus,
1448 5246 1507 5296 et
1519 5242 1629 5296 sub
1644 5261 1772 5299 san-

126 5311 217 5404 ρει
237 5320 350 5391 cui,
369 5324 488 5384 Deo
507 5335 760 5399 auctore,
786 5331 1168 5404 prasidemus
1182 5328 1460 5398 Ecclesia,
1483 5333 1765 5388 constitu-

125 5399 242 5502 ξυξξ)
268 5416 700 5478 prateritorum
724 5436 927 5493 regum
948 5419 1234 5485 ordinem,
1253 5417 1662 5490 gloriosissimi
1680 5421 1769 5476 vi-

125 5482 323 5581 lelioet
351 5505 513 5576 regis
534 5482 898 5581 Sigismundi
914 5525 981 5565 ac
992 5482 1467 5579 aliorumregum
1496 5513 1629 5581 post
1649 5514 1767 5565 sta-

40 5592 55 5609 '
343 5573 654 5670 privilegia
670 5600 936 5671 ejusdem
960 5597 1296 5654 monasterii
1321 5573 1515 5653 anm"
1534 5615 1766 5670 quoque

122 5672 491 5742 pontiﬁcatus
528 5686 747 5745 honore
786 5689 1299 5756 cohonoraremus,
1331 5690 1399 5742 ut
1426 5687 1587 5744 nullo
1617 5692 1767 5745 tem-

123 5762 257 5819 pore
268 5777 803 5853 corrumperentur,
825 5783 892 5837 ut
912 5792 1100 5851 neque
1116 5775 1435 5851 superillos
1455 5777 1765 5836 canonicos

1881 2059 1953 2115 ad
1987 2074 2252 2114 mensam
2306 2059 2548 2114 fratrum
2590 2071 2822 2129 semper
2862 2054 3168 2111 deserviat.
3217 2053 3529 2133 Propterea

1880 2146 1994 2220 piis
2017 2148 2259 2202 fratrum
2282 2147 2555 2218 precibus
2575 2161 2746 2201 aures
2768 2142 3274 2199 accommodantes
3293 2143 3350 2196 et
3378 2155 3526 2227 pra-

1880 2236 2019 2291 dicti
2072 2237 2415 2293 monasterii
2473 2234 2906 2307 congregationi
2961 2231 3175 2287 divinis
3230 2229 3528 2286 mandatis

1880 2324 2183 2379 inharenti
2234 2324 2522 2394 sedisqua
2573 2321 2902 2395 apostolica
2942 2318 3206 2391 regulam
3252 2317 3528 2381 servanti,

1880 2430 1983 2486 per
2035 2413 2216 2484 hujus
2276 2412 2683 2485 praceptionis
2743 2415 2953 2467 nostra
2998 2407 3432 2475 auctoritatem,
3470 2405 3537 2461 id

1882 2503 2039 2575 quod
2070 2507 2412 2575 exposcunt,
2446 2502 2649 2557 effectu
2687 2501 3119 2572 mancipamus.

1954 2609 2086 2664 Ideo
2130 2608 2446 2681 cujuslibet
2476 2607 2732 2663 ecclesia
2776 2607 3138 2662 sacerdotem
3186 2603 3246 2659 in
3295 2603 3532 2677 prafato

1880 2698 2237 2755 monasterio
2254 2697 2343 2752 vel
2362 2697 2421 2752 in
2444 2696 2726 2764 ecclesiis,
2748 2695 2806 2751 in
2831 2693 3237 2766 ejuscurtibus
3253 2692 3383 2748 sitis
3406 2691 3533 2746 nul-

1878 2787 2001 2843 lum
2024 2786 2395 2861 pontiﬁcium
2418 2785 2711 2858 prioratus
2733 2785 3133 2857 permittimus
3162 2780 3527 2850 habiturum,

1879 2878 1979 2932 sed
2013 2880 2077 2932 ut
2104 2876 2272 2931 illum
2305 2876 2405 2947 qui
2452 2874 2745 2930 civitatem
2784 2874 3103 2941 Seduuam,
3155 2887 3259 2945 pro
3290 2870 3529 2926 nomine

1877 2965 2215 3031 Vallesiam,
2255 2963 2549 3035 habuerit,
2599 2962 2926 3035 quamlibet
2963 2961 3248 3017 ditionem
3280 2975 3382 3015 seu
3426 2975 3529 3030 po-

1878 3046 2149 3111 testatem
2173 3053 2470 3109 vindicare
2492 3052 2551 3108 in
2583 3069 2651 3108 ea
2683 3056 2889 3125 prater
2909 3048 3315 3106 auctoritatem
3376 3046 3533 3104 sedis

1881 3141 2214 3214 apostolica
2246 3140 2650 3214 prohibemus,
2682 3141 2763 3195 ita
2787 3143 2868 3209 ut,
2894 3137 3006 3194 nisi
3026 3155 3059 3193 a
3089 3135 3324 3210 praelato
3351 3134 3534 3192 eccle-

1881 3230 1981 3285 sia
2030 3229 2117 3285 vel
2166 3247 2200 3285 a
2238 3229 2519 3285 fratribus
2568 3226 2870 3296 invitatus,
2904 3243 3009 3282 nec
3056 3224 3373 3281 missarum
3419 3222 3535 3279 ibi-

1881 3320 2017 3375 dem
2067 3317 2418 3375 celebranda
2450 3316 2733 3391 mysteria
2770 3315 3061 3390 quispiam
3093 3315 3410 3385 prasumat
3439 3329 3533 3367 ac-

1882 3407 2102 3475 cedere,
2159 3405 2246 3462 vel
2320 3424 2487 3462 suam
2563 3405 3046 3461 dominationem-
3083 3417 3366 3468 exercere,
3425 3416 3531 3456 nec

1882 3494 2000 3553 ulla
2060 3493 2450 3551 conciliabula
2521 3494 2897 3566 pratendere,
2976 3507 3079 3547 nec
3143 3488 3529 3562 eleemosynis

1881 3585 1940 3642 S.
1976 3582 2258 3640 Mauricio
2283 3581 2512 3639 collatis
2530 3581 2898 3655 participare,
2926 3595 3112 3652 neque
3133 3577 3389 3635 decimas
3408 3574 3531 3631 illic

1880 3690 1913 3729 a
1943 3673 2000 3727 S.
2034 3670 2412 3744 Sigismundo
2440 3669 2527 3726 vel
2560 3672 2632 3727 ab
2655 3669 2786 3726 aliis
2809 3669 3054 3726 collatas
3078 3667 3374 3741 quispiam
3404 3672 3529 3722 ten-

1878 3764 1960 3816 tet
1982 3761 2227 3828 auferre,
2256 3777 2321 3815 eo
2346 3760 2499 3833 quod
2528 3759 2903 3814 subtuiticne
2917 3756 3219 3830 apostolici
3240 3754 3529 3828 privilegii

1879 3850 2230 3917 consistunt,
2263 3854 2321 3904 et
2348 3848 2691 3904 inconcusse
2723 3852 2934 3903 cuncta
2963 3847 3286 3903 secundum
3317 3844 3527 3900 condi-

1878 3939 2020 3995 toris
2051 3939 2179 4010 ejus
2212 3937 2504 3995 desideria
2548 3953 2889 4011 permanere
2915 3935 3143 3991 cunctis
3164 3933 3528 4006 temporibus

1876 4026 2293 4083 constituimus
2305 4025 2595 4099 perhujus
2609 4025 2821 4081 decreti
2841 4024 3026 4079 nostri
3040 4023 3524 4097 paginam,atque

1876 4115 2281 4172 interdicimus
2312 4115 2586 4170 omnibus
2619 4113 2934 4185 cujuslibet
2965 4111 3272 4185 dignitatis
3304 4110 3524 4167 honore

1877 4204 2152 4278 praeditis,
2203 4204 2313 4260 sub
2356 4204 2758 4259 anathematis
2799 4201 3029 4258 vinculo
3074 4199 3532 4273 constringimus

1877 4294 2212 4366 quicunque
2242 4293 2421 4364 hujus
2452 4291 2662 4349 seriem
2694 4290 3109 4359 institutionis,
3152 4289 3238 4345 vel
3269 4289 3530 4362 ipsarum

1876 4383 2303 4455 scripturarum
2355 4381 2688 4438 sanctiones
2738 4381 2810 4436 de
2856 4380 3114 4437 denariis
3145 4395 3210 4434 ac
3241 4377 3530 4433 libertatis

1876 4471 2115 4539 honore,
2150 4488 2275 4543 qua
2307 4488 2341 4526 a
2362 4470 2596 4543 regibus
2625 4468 2714 4525 vel
2739 4468 2869 4525 aliis
2892 4467 3166 4524 ﬁdelibus
3196 4464 3523 4522 constituta

1877 4565 2035 4627 sunt,
2069 4564 2129 4616 et
2148 4561 2383 4634 prafato
2419 4557 2772 4615 monasterio
2794 4559 2902 4613 sub
2936 4554 3254 4630 privilegiis
3284 4553 3525 4609 indulta

1880 4650 2141 4724 quolibet
2181 4650 2354 4706 modo
2381 4648 2469 4704 vel
2498 4652 2758 4721 tempore
2784 4646 3029 4702 voluerit
3060 4658 3454 4717 corrumpere.

1951 4759 2063 4813 Leo
2109 4762 2222 4813 Deo
2252 4760 2486 4813 auctore
2515 4756 2575 4810 in
2616 4754 2726 4811 hac
2757 4753 2907 4809 serie
2938 4749 3224 4825 privilegii
3262 4749 3334 4805 ob
3366 4765 3526 4804 amo-

1880 4862 2004 4902 rem
2034 4846 2135 4901 Dei
2182 4849 2239 4901 et
2267 4848 2603 4902 sanctorum
2651 4848 2974 4916 martyrum
3025 4841 3309 4897 honorem
3353 4855 3388 4895 a
3435 4854 3531 4895 me

1879 4935 2032 4991 facta
2060 4933 2323 5007 relegens
2366 4932 2710 5006 subscripsi,
2746 4949 2812 4989 ac
2842 4932 3146 5004 episcopos
3176 4928 3286 4985 hos
3318 4928 3532 4985 subtus

1881 5025 2159 5081 adnotare
2182 5023 2360 5094 jussi.

1949 5132 2157 5188 Petrus
2205 5133 2495 5203 peccator,
2537 5129 2747 5200 jussus
2805 5145 2841 5185 a
2897 5127 3136 5185 domino
3193 5142 3347 5200 papa
3390 5124 3529 5182 eub-

1879 5238 2111 5293 scrxpsn.

1946 5326 2257 5400 Gregorius
2295 5329 2579 5398 peccator,
2607 5327 2816 5397 jussus
2843 5342 2877 5381 a
2907 5324 3145 5382 domino
3184 5337 3332 5395 papa
3379 5317 3524 5374 sub-

1877 5417 2110 5490 scripsi.

1946 5529 2135 5598 Hugo,
2153 5527 2439 5596 peccator,
2458 5523 2666 5595 jussus
2689 5540 2722 5579 a
2747 5522 2983 5579 domino
3004 5535 3153 5593 papa
3174 5511 3514 5585 subscripsi.

1945 5632 2296 5698 Hermanus,
2329 5636 2617 5705 peccator,
2639 5631 2849 5709 jussus
2871 5645 2903 5685 a
2932 5622 3162 5683 domino
3196 5635 3345 5692 papa
3375 5618 3513 5675 sub-

1874 5738 2080 5792 cripsi.
