3898 6360
372 469 494 535 067

1082 630 1087 635 -
1141 601 1253 660 LII.

374 700 435 756 S.
476 701 579 755 Leo
609 697 674 753 IX
701 694 970 752 eccclesia
999 693 1091 750 SS.
1124 692 1344 749 Martini
1369 700 1421 748 et
1452 691 1668 759 Agerici
1710 688 2008 746 Virdunen-

445 771 523 913 ,ἔς
551 769 926 840 possession-es,
952 770 1169 838 petenle
1211 764 1523 820 Thcodorico
1566 764 1830 833 episcopo,
1878 777 2009 817 con-

490 848 650 895 rmat.

984 926 1169 997 (Anno
1213 923 1397 995 lOSl.)

413 1038 578 1110 [Dom
608 1034 846 1100 Calmet,
872 1034 1005 1088 Hist.
1037 1033 1100 1088 de
1122 1031 1409 1097 Lorraine,
1447 1032 1487 1097 l,
1522 1029 1789 1097 Preuves,
1823 1027 1974 1097 441.]

448 1146 561 1200 Lso
604 1141 932 1212 episcopus,
983 1156 1183 1195 servus
1232 1153 1533 1194 servorum
1581 1135 1703 1201 Dei,
1755 1133 2008 1189 ecclesia

374 1236 709 1291 sanctorum
746 1229 1145 1284 confessorum
1178 1225 1409 1283 Martini
1440 1228 1497 1279 et
1535 1222 1783 1295 Agerici,
1825 1227 1880 1277 et
1910 1239 2011 1293 per

371 1339 498 1379 eam
571 1317 868 1374 Balderico
942 1318 1162 1380 abbati,
1235 1315 1475 1384 suisque
1549 1309 2006 1377 successoribus,

376 1430 694 1486 eorumque
732 1408 1037 1467 monachis
1069 1406 1185 1461 Deo
1220 1402 1363 1459 inibi
1398 1405 1673 1474 perpetuo
1704 1398 2009 1454 famulatu-

370 1503 471 1569 ris,
504 1509 779 1557 aeternam
810 1500 870 1554 in
895 1495 1140 1553 Domino
1170 1493 1440 1549 salutem.

440 1589 720 1647 Convenit
749 1584 1063 1659 apostolico
1087 1578 1492 1645 moderamini,
1527 1581 1591 1632 ut
1618 1575 2006 1632 ecclesiastico

370 1679 687 1750 prudenter
742 1693 807 1731 ac
864 1674 1154 1745 sapienter
1201 1671 1260 1724 in
1308 1667 1580 1722 omnibus
1637 1665 2009 1737 provideatur

369 1767 598 1835 honori,
622 1784 693 1822 ne
722 1766 794 1832 si,
827 1764 981 1836 quod
1013 1760 1183 1826 absit,
1210 1756 1425 1814 summi
1458 1755 1747 1827 pontificis
1771 1770 2008 1826 praees-

369 1857 513 1913 serit
540 1855 785 1920 incuria,
809 1852 1056 1908 aliorum
1080 1853 1379 1922 pastorum
1411 1845 1480 1899 ad
1505 1844 1790 1899 deteriora
1819 1842 2007 1914 magis

369 1962 544 2018 quam
593 1945 663 2000 ad
704 1942 944 1998 meliora
991 1936 1298 2030 dcclivium
1343 1936 1567 2030 grex
1611 1929 2006 2030 pabulamale
2038 1964 2087 2028 Β

366 2036 686 2091 tractentur
715 2030 958 2087 desidiai
979 2028 1341 2099 Quapropter
1364 2021 1635 2095 precibus
1666 2018 2006 2075 Theoderici

363 2121 750 2181 Virdunensis
794 2117 1072 2193 epiSCOpi,
1117 2115 1273 2170 idem
1332 2113 1494 2166 bona
1553 2107 2007 2165 conversationis

366 2211 677 2285 pradictus
708 2210 909 2273 abbas,
943 2203 1132 2261 ﬁdelis
1161 2200 1415 2258 ecclesia
1447 2215 1566 2253 sua
1616 2196 1901 2269 provisor,
1934 2195 2005 2250 ad

367 2318 473 2359 nos
498 2301 644 2357 satis
675 2296 975 2354 humiliter
992 2312 1056 2351 ac
1076 2294 1347 2347 decenter
1373 2287 1631 2351 veniens,
1656 2285 1765 2340 hoc
1797 2288 2005 2339 nostra

368 2389 694 2462 apostolica
725 2382 1087 2442 auctoritatis
1117 2378 1485 2452 privilegium
1515 2374 1626 2431 sibi
1658 2372 1901 2446 rogavit,
1950 2378 2008 2427 et

368 2478 642 2535 obtinuit.
673 2474 889 2530 Taliter
918 2488 1053 2543 ergo
1078 2471 1253 2541 justa
1278 2463 1539 2539 petitioni
1571 2463 2006 2518 accommodato

368 2582 633 2632 assensu,
666 2565 819 2618 bona
847 2560 1044 2616 omnia
1074 2575 1199 2629 qua
1247 2573 1281 2611 a
1309 2553 1756 2626 quibuscumque
1795 2549 2005 2604 Christi

367 2654 636 2711 ﬁdelibus
658 2651 903 2725 pratata
917 2647 1169 2704 ecclesia
1188 2659 1464 2700 concessa
1477 2640 1564 2696 vel
1589 2655 1848 2711 unquam
1870 2655 2008 2693 con-

365 2744 621 2800 cedenda
650 2743 807 2805 sunt,
841 2743 896 2793 et
928 2733 1270 2792 nominatim
1304 2730 1402 2786 illa
1444 2747 1570 2801 qua
1603 2728 1728 2783 sine
1758 2726 2005 2797 alicujus

365 2830 837 2895 contradictione,
887 2831 943 2882 et
982 2824 1165 2879 libera
1211 2820 1450 2877 omnino
1509 2820 1810 2888 potestate,
1843 2816 2005 2870 bona

364 2919 657 2978 memoria
676 2916 1025 2974 Rambertus
1042 2907 1430 2966 Virdunensis
1452 2906 1760 2977 episcopus
1777 2906 2005 2959 contra-

364 3008 532 3076 didit,
557 3011 614 3062 et
642 3007 713 3062 de
733 3004 951 3076 quibus
981 3000 1134 3072 apud
1162 2995 1583 3053 monasterium
1614 2991 1810 3048 Sancti
1840 2989 2004 3046 Pauli

368 3097 441 3153 ad
489 3095 754 3152 eamdem
803 3090 1095 3146 civitatem
1136 3086 1314 3142 situm
1364 3084 1551 3138 facere
1598 3081 1771 3151 coepit
1799 3078 2005 3135 stabile

368 3182 795 3245 concamhium,
842 3178 995 3250 quod
1044 3181 1101 3230 et
1134 3170 1480 3230 venerabilis
1526 3171 1653 3240 ejus
1706 3184 2009 3224 successor

369 3271 691 3330 Richardus
720 3269 793 3324 ob
819 3265 1162 3322 charitatem
1180 3262 1281 3317 Dei
1312 3265 1369 3315 et
1389 3257 1727 3315 memoriam
1754 3259 2007 3311 anteces-

362 3362 513 3420 soris
543 3357 655 3426 sui,
688 3356 788 3429 qui
812 3352 1116 3410 ecclesiam
1140 3349 1301 3405 illam
1330 3342 2005 3415 monachorumincapit

361 3455 418 3507 et
438 3451 552 3506 Deo
586 3447 900 3503 miserante
929 3439 1266 3506 elaboravit,
1301 3438 1410 3493 hac
1440 3452 1605 3492 sacra
1635 3440 1845 3490 nostra
1875 3448 2007 3504 apo-

362 3539 576 3596 stolica
599 3530 1062 3593 confirmationis
1079 3528 1290 3600 pagina
1308 3526 1754 3582 corroboramus
1768 3526 1823 3577 et
1836 3522 2007 3576 ﬁrma

364 3632 520 3684 stare
572 3622 894 3680 sancimus.
946 3620 1228 3674 Praterea
1279 3613 1647 3686 pracipimus
1702 3615 1758 3667 et
1805 3613 2008 3666 sancta

361 3713 563 3786 prima
624 3710 779 3766 sedis
835 3706 1183 3763 auctoritate
1248 3702 1648 3775 prohibemus,
1700 3703 1765 3754 ut
1807 3696 2007 3754 nullus

364 3802 699 3873 imperator,
732 3795 930 3853 nullus
958 3811 1076 3861 rex,
1110 3789 1309 3847 nullus
1351 3791 1488 3857 dux,
1521 3787 1718 3844 nullus
1750 3786 2007 3843 marchio

365 3890 567 3947 nullus
599 3903 816 3951 comes,
841 3882 1423 3946 nullusvice-comes,
1448 3876 1648 3934 nullus
1672 3877 2007 3940 advocatus,

365 3979 469 4036 sed
521 3992 709 4048 neque
764 3971 1254 4044 archiepiscopus,
1310 3982 1499 4038 neque
1548 3964 1879 4037 episcopus,
1920 3961 2007 4019 vel

365 4068 564 4139 aliqua
595 4061 972 4120 ecclesiastici
991 4058 1214 4116 ordinis
1244 4074 1346 4113 seu
1380 4054 1693 4111 mundana
1724 4051 2009 4107 conditio-

366 4155 461 4211 nis
495 4168 708 4225 magna
738 4165 1027 4222 parvaque
1070 4162 1339 4220 persona,
1372 4144 1431 4198 in
1463 4142 1614 4198 hanc
1645 4139 2008 4196 constitutio-

367 4259 504 4300 nem
534 4239 620 4296 vel
651 4236 1153 4295 confirmationem
1182 4233 1488 4304 insurgere
1522 4229 1752 4286 audeat.
1784 4228 1843 4284 Si
1877 4228 2011 4299 quis

368 4334 564 4388 autem
596 4326 801 4383 anima
845 4341 964 4380 sua
1004 4324 1268 4376 futurum
1301 4318 1722 4373 detrimentum
1770 4330 1886 4370 non
1934 4313 2011 4368 ti-

369 4435 556 4485 mens,
588 4433 691 4472 nec
722 4413 894 4470 saluti
927 4428 1043 4468 sua
1065 4424 1412 4482 pracavens,
1448 4404 1684 4477 culpam
1713 4403 1783 4458 de
1812 4401 2014 4457 infrin-

367 4508 555 4584 gendo
586 4502 885 4579 privilegio
920 4516 1019 4556 seu
1056 4513 1322 4572 perverse
1344 4492 1711 4550 immutando
1743 4492 2013 4547 incautus

365 4580 701 4660 incurrerit,
736 4592 882 4648 sciat
898 4606 959 4646 se
982 4586 1202 4655 statim,
1228 4584 1338 4641 nisi
1358 4583 1471 4640 cito
1503 4580 1833 4653 resipuerit,
1855 4580 2010 4635 insa-

370 4683 551 4743 nabili
592 4696 939 4757 percussum
976 4674 1173 4748 jaculo
1218 4673 1398 4730 divini
1447 4670 1853 4728 anathematis.
1902 4668 2007 4735 Qui

366 4791 500 4830 vero
539 4770 821 4828 salutaria
859 4770 1059 4822 nostra
1105 4768 1392 4837 praecepta
1437 4767 1492 4817 et
1524 4758 1769 4816 consilia
1814 4757 2012 4814 debita

369 4859 729 4931 subjectione
748 4862 805 4913 et
834 4855 947 4911 sibi
969 4853 1282 4925 prospicua
1312 4850 1645 4906 humilitate
1678 4845 2009 4913 servaverit,

370 4962 648 5021 prospera
678 4942 1091 4999 commoditate
1123 4939 1351 5006 salutis,
1398 4944 1453 4994 et
1483 4938 1635 4994 dono
1681 4934 2011 4992 accumule-

371 5040 469 5091 tur
489 5031 817 5105 apostolica
841 5028 1283 5085 benedictionis.

445 5123 535 5179 Sic
588 5122 809 5190 signata
856 5127 911 5174 et
963 5118 1268 5190 subscripta
1323 5117 1745 5173 MISERICORDIA
1803 5118 2014 5169 Donum

373 5229 553 5270 PLENA
582 5227 682 5266 ss'r
707 5226 907 5265 'rsaaa.
947 5208 1059 5263 Lso
1087 5207 1252 5263 PAPA.

444 5302 657 5359 Datum
681 5317 737 5354 1v
770 5298 906 5354 Idus
932 5295 1217 5360 Januarii,
1241 5308 1342 5364 per
1363 5306 1603 5345 manum
1636 5288 1853 5344 Udonis
1880 5289 2015 5344 Tul-

370 5391 553 5448 lensis
599 5387 886 5446 eccclesia
937 5381 1276 5459 primicerii,
1325 5384 1381 5432 et
1433 5384 1644 5432 sancta
1688 5376 2016 5447 apostolica

372 5480 527 5537 sedis
586 5476 915 5535 cancellarii
967 5477 1023 5529 et
1071 5464 1522 5533 bibliothecarii,
1582 5481 1736 5521 anno
1785 5465 2015 5521 Domini

376 5569 581 5622 Leonis
611 5566 745 5621 noni
767 5580 927 5636 papa
949 5560 1120 5617 tertio
1154 5553 1328 5625 (132),
1359 5551 1673 5609 indictione
1711 5557 1939 5624 quarta.

448 5739 594 5813 (132)
623 5743 755 5809 Leg.
780 5735 1033 5803 secundo,
1065 5734 1265 5788 JAFFB.

1437 466 1502 529 8.
1547 464 1825 531 LEONIS
1864 462 1947 527 IX
1991 461 2221 528 ΡΔΡιΕ
2260 462 2695 532 οιιῠεαῠω.

2038 602 2091 665 Α

3686 456 3807 522 668

2865 595 3010 657 LIII.

2118 687 2173 744 S.
2226 692 2329 745 Leo
2388 691 2456 745 1X
2516 689 2770 747 Ecclesia
2821 686 3259 746 Vesontionensis
3319 685 3490 751 bona,
3558 688 3801 755 rogante

2187 761 2408 834 Hugope
2437 760 2857 834 archiepiscopo,
2899 759 3213 830 conﬁrmat,
3272 759 3441 830 eique
3487 757 3797 830 privilegia

2189 831 2440 901 quaedam
2466 831 2725 888 concedit.

2731 921 2922 992 (Anno
2952 919 3140 991 4051.)

2120 1028 2372 1099 [Dunod,
2394 1029 2625 1086 Histoire
2654 1028 2720 1084 de
2748 1019 2967 1099 l’Eglise
2994 1026 3062 1083 de
3090 1028 3397 1095 Besancon,
3437 1029 3485 1093 Ι,
3522 1030 3792 1089 Preuves,

2791 1114 2938 1173 page
2967 1099 3086 1169 36.]

2189 1224 2301 1279 Lso
2349 1223 2679 1297 episcopus,
2731 1239 2933 1279 servus
2993 1237 3300 1279 servorum
3357 1220 3493 1289 Dei,
3561 1219 3792 1275 Hocom

2117 1330 2292 1370 sacra
2323 1313 2814 1387 Chrysopolitana
2830 1312 3102 1369 Ecclesia
3129 1310 3623 1383 archiepiscopo,
3648 1309 3796 1365 suis-

2118 1420 2229 1475 que
2269 1402 2707 1459 successoribus
2730 1402 2791 1458 in
2817 1405 3189 1474 perpetuum.

2187 1492 2414 1549 Gratias
2444 1491 2674 1563 agimus
2704 1491 2819 1547 Deo
2849 1494 2907 1547 et
2925 1489 3177 1546 Domino
3199 1492 3404 1545 nostro
3435 1488 3591 1544 Jesu
3621 1487 3792 1543 Chri—

2116 1587 2228 1652 sto,
2252 1582 2350 1654 qui
2373 1580 2552 1637 nullis
2568 1580 2785 1637 nostris
2806 1579 3274 1652 pracedentibus
3297 1576 3564 1645 meritis,
3582 1580 3787 1632 tamen

2116 1671 2188 1725 ad
2238 1669 2562 1742 apostolica
2610 1667 2768 1725 sedis
2811 1666 3044 1724 culmen
3090 1683 3200 1722 nos
3240 1666 3469 1734 evexit;
3522 1667 3691 1721 unde
3719 1667 3788 1721 ad

2116 1758 2477 1831 apostolatus
2504 1756 2689 1813 nostri
2706 1772 2909 1813 curam
2929 1754 3161 1811 videtur
3189 1755 3493 1828 pertinere
3514 1754 3787 1810 omnium

2114 1847 2502 1903 Ecclesiarum
2520 1844 2975 1903 sollicitudinem
2987 1859 3562 1918 gerere,earumque
3574 1858 3786 1916 augere

2114 1936 2415 1992 honorem.
2426 1934 2708 2000 Quoniam
2731 1937 2925 1989 autem
2939 1931 3254 2006 postulasti
3271 1949 3309 1989 a
3324 1932 3610 1989 Romana
3627 1933 3780 1999 sede,

2118 2024 2455 2081 beatissime
2487 2024 2682 2089 frater,
2716 2027 2781 2077 ut
2814 2022 2969 2077 bona
3007 2038 3138 2093 qua
3169 2020 3625 2094 Omnipotentis
3672 2020 3781 2077 cle-

2117 2113 2356 2178 mentia,
2387 2113 2507 2167 tuis
2527 2110 2889 2184 temporibus
2905 2109 3042 2166 fecit
3061 2108 3460 2166 Ecclesiatibi
3484 2110 3783 2166 divinitus

2117 2202 2464 2269 commissa,
2498 2204 2699 2257 nostra
2727 2199 3072 2257 auctoritate
3118 2198 3532 2266 munirentur,
3568 2190 3796 2271 placuit’

2117 2290 2285 2345 nobis
2314 2293 2426 2345 tua
2458 2289 2722 2361 petitioni
2754 2304 2858 2360 pro
2887 2291 3018 2344 voto
3042 2287 3404 2353 consentire,
3450 2288 3785 2360 praesrtim

2117 2379 2426 2434 cumidem
2458 2394 2623 2433 sacer
2651 2377 2815 2433 locus
2854 2376 2969 2445 cui,
2996 2376 3113 2433 Deo
3145 2376 3529 2448 disponente,
3563 2376 3784 2432 videris

2115 2467 2445 2540 praesidere,
2478 2470 2643 2522 tanta
2671 2465 2957 2538 dignitate
2984 2463 3363 2536 resplendeat
3392 2468 3464 2519 ut
3493 2479 3618 2520 non
3654 2470 3783 2520 tan-

2115 2560 2242 2611 tum
2256 2553 2768 2627 archiepiscopalis
2785 2553 2941 2610 sedis
2954 2553 3306 2609 auctoritate
3322 2552 3402 2610 sit
3414 2552 3785 2609 sublimatus

2113 2661 2315 2701 verum
2346 2648 2402 2700 et
2419 2643 2740 2699 multorum
2761 2646 3004 2698 Patrum
3021 2640 3491 2715 apostolicorum
3511 2641 3783 2698 virorum

2115 2734 2422 2789 roboratus
2454 2730 2789 2804 privilegiis,
2835 2734 3066 2787 servata
3095 2729 3402 2801 aquitatis
3444 2746 3571 2785 sua
3622 2746 3783 2785 reve-

2115 2818 3035 2893 rentia,permaneatinsignis.Ad
3048 2818 3160 2875 hoc
3171 2822 3230 2875 et
3240 2835 3351 2875 nos
3363 2818 3617 2891 majoris
3628 2818 3789 2875 tituli

2114 2910 2321 2966 invitat
2348 2908 2675 2975 exsultatio,
2697 2908 2855 2980 quod
2885 2912 3250 2965 memoratus
3269 2907 3442 2965 locus
3471 2910 3789 2965 decoretur

2115 2998 2438 3072 patrocinio
2485 2996 2928 3070 protomartyris
2987 2996 3298 3068 Stephani,
3353 2998 3535 3068 cujus
3588 3003 3792 3053 servat

2117 3088 2326 3143 brachii
2354 3087 2573 3159 pignus
2592 3085 3025 3152 inaestimabile,
3050 3102 3280 3142 munus
3299 3085 3643 3158 exoptabile
3668 3105 3683 3155 ;
3709 3093 3791 3153 et,

2115 3180 2181 3232 ut
2230 3176 2424 3232 verius
2466 3175 2774 3243 fateamur,
2817 3175 3059 3247 propriis
3119 3176 3299 3232 oculis
3346 3176 3791 3248 conspeximus

2114 3266 2379 3336 ejusdem
2409 3263 2791 3321 sacratissimi
2829 3263 3091 3337 pignoris
3120 3281 3180 3320 os
3217 3268 3547 3339 quassatum
3581 3267 3795 3321 ictibus

2034 3323 2076 3390 Ο
2116 3323 2484 3426 lapidantium
2503 3323 2849 3420 Judaorum:
2867 3323 2999 3407 diem
3019 3352 3163 3408 illud
3190 3323 3609 3410 recondidimus
3626 3355 3796 3426 infra

2112 3444 2288 3499 altare
2330 3441 2473 3514 quod
2516 3442 2954 3504 cmisecravimus
2998 3445 3052 3497 te
3081 3449 3375 3513 prasente,
3437 3443 3794 3499 astantibus

2115 3531 2502 3588 confratribus
2541 3529 2760 3586 nostris
2800 3528 3166 3603 coepiscOpis
3212 3528 3500 3587 Alinardo
3535 3531 3797 3605 Lugdu-

2116 3620 2283 3676 nensi
2333 3618 2785 3691 archiepiscopo,
2835 3618 3081 3692 Georgio
3120 3618 3459 3677 Colosensis
3513 3619 3795 3677 ecclesia

2115 3712 2490 3780 Hungrorum
2525 3706 2981 3780 archiepiscopo,
3032 3724 3262 3765 necnon
3293 3708 3635 3765 Sutricensi
3668 3711 3802 3782 epi-

2117 3813 2292 3868 scopo
2340 3794 2552 3862 Kilino,
2596 3794 2917 3851 Genevensi
2947 3795 3262 3866 Friderico,
3304 3795 3564 3853 Widone
3617 3798 3799 3854 Cabi-

2118 3883 2365 3952 lonensi,
2424 3882 2693 3941 Gualtero
2751 3884 3120 3952 Matiscenci;
3189 3885 3474 3941 abbatum
3547 3903 3807 3960 quoque

2118 3978 2176 4031 et
2203 3973 2586 4029 honestorum
2633 3971 2978 4030 clericorum
3040 3974 3372 4030 reverenda
3415 3975 3804 4043 sanctitatis,

2117 4062 2400 4119 laicorum
2432 4065 2714 4134 prasente
2743 4060 2975 4117 inﬁnita
3004 4062 3422 4129 multitudine;
3466 4063 3714 4136 quique
3743 4066 3804 4121 in

2118 4156 2318 4208 tenore
2347 4154 2581 4207 tuarum
2612 4165 2854 4223 precum
2874 4150 3159 4207 addidisti
3190 4156 3257 4206 ut
3279 4152 3577 4223 quoniam
3600 4152 3800 4211 altare

2119 4256 2223 4312 per
2247 4255 2459 4296 manus
2497 4243 2727 4295 nostras
2757 4239 2949 4295 fuerat
2977 4243 3410 4307 consecratum,
3444 4240 3524 4296 ab
3558 4248 3804 4315 aposto-

2119 4327 2235 4384 lica
2283 4328 2419 4384 sede
2455 4326 2719 4399 aliquam
2762 4333 3224 4400 consequeretur
3262 4328 3664 4402 dignitatem.
3712 4335 3807 4389 ln-

2121 4416 2319 4474 clinati
2348 4431 2482 4488 ergo
2511 4416 2631 4472 tuis
2650 4417 2833 4487 justis
2857 4416 3151 4488 precibus,
3176 4433 3501 4475 ascensum
3532 4419 3651 4476 tibi
3678 4420 3801 4494 pie-

2118 4506 2259 4561 tatis
2291 4522 2406 4561 non
2437 4504 2782 4562 distulimus
2813 4505 3091 4578 praebere.
3125 4506 3583 4564 Conﬁrmamus
3613 4508 3801 4582 igitur

2120 4611 2224 4667 per
2241 4594 2392 4650 hanc
2408 4597 2668 4651 nostram
2686 4592 3095 4667 praceptionis
3109 4595 3390 4667 paginam
3411 4594 3581 4652 bona
3592 4600 3800 4653 omnia

2039 4691 2087 4756 1)
2117 4701 2242 4757 qua
2263 4682 2351 4739 vel
2370 4686 2472 4739 tua
2492 4681 2799 4752 industria,
2815 4682 2904 4738 vel
2917 4682 3321 4755 quorumlibet
3353 4683 3646 4742 fidelium
3665 4688 3799 4742 data

2120 4775 2259 4829 sunt
2286 4772 2608 4828 devotione.
2669 4771 2998 4828 Statuimus
3050 4772 3304 4845 denique
3361 4773 3439 4828 ad
3496 4774 3797 4832 honorem

2120 4859 2304 4918 nostri
2346 4859 2809 4933 protomartyris,
2867 4877 3047 4934 super
3098 4865 3375 4918 sanctum
3429 4864 3798 4935 pradictum
3842 4886 3847 4889 -

2122 4950 2321 5019 altare,
2353 4965 2469 5006 non
2500 4948 2826 5006 ministrari
2855 4949 2973 5007 nisi
3007 4948 3190 5006 semel
3222 4950 3284 5006 in
3317 4951 3417 5007 die
3443 4969 3457 5020 ;
3493 4956 3559 5009 et
3586 4951 3802 5010 nullus

2123 5042 2442 5112 prasumat
2470 5053 2649 5110 super
2667 5037 2727 5094 id
2749 5038 3021 5095 accedere
3043 5040 3116 5095 ad
3139 5038 3648 5110 sacriﬁcandum,
3683 5042 3802 5098 nisi

2125 5143 2299 5200 quem
2331 5125 2804 5199 archiepiscopus
2833 5125 2947 5182 loci
2977 5127 3052 5183 ad
3081 5127 3193 5183 hoc
3223 5127 3633 5186 destinaverit
3666 5147 3805 5187 cum

2124 5232 2413 5273 consensu
2443 5215 2723 5284 fratrum;
2750 5213 2977 5272 scilicet
2996 5220 3223 5288 septem
3246 5232 3277 5272 e
3300 5216 3604 5275 fratribus
3637 5218 3806 5275 illius

2125 5303 2612 5379 congregationis,
2637 5303 2737 5376 qui
2768 5303 3028 5360 melioris
3058 5304 3186 5360 vita
3208 5303 3542 5378 eligantur,
3588 5312 3657 5365 et
3684 5326 3805 5365 car-

2122 5393 2334 5450 dinales
2362 5395 2666 5460 vocentur;
2701 5407 2952 5464 quorum
2983 5409 3138 5448 unus
3171 5392 3252 5448 sit
3278 5393 3565 5464 ejusdem
3598 5397 3804 5454 Eccle-

2124 5482 2222 5538 sia
2271 5482 2548 5548 decanus,
2578 5484 2636 5536 et
2662 5480 2816 5536 sicut
2843 5483 2934 5537 est
2974 5482 3163 5553 major
3189 5480 3251 5536 in
3300 5486 3803 5557 congregatione,

2121 5570 2201 5626 ita
2232 5569 2391 5642 prior
2411 5568 2626 5641 polleat
2639 5569 2943 5642 dignitate.
2968 5573 3191 5626 Horum
3211 5570 3415 5641 itaque
3436 5571 3804 5647 quicunque

2120 5659 2201 5715 ibi
2222 5658 2596 5718 celebraverit
2614 5657 2883 5731 missam,
2902 5657 3547 5732 induatﬁalmaticam,
3573 5668 3646 5721 et
3661 5667 3804 5721 tunc
