3898 6376
90 416 209 475 6⁵77

1058 412 1465 476 ΕΡῙΒΤΟῙδΑΞ
1508 414 1609 475 ΕΤ
1652 409 2016 475 DECRETA
2056 412 2535 477 PONTIFICIA.

3375 414 3490 478 678

91 547 472 615 consenserit,
505 550 607 601 aut
634 544 829 602 fautor
857 546 1160 614 exstiterit,
1193 552 1251 602 et
1278 564 1393 603 non
1420 549 1615 620 potius
1637 549 1736 604 ob-
1772 549 1821 614 Α
1854 547 2183 603 cessoribus
2241 548 2300 603 in
2354 552 2728 620 perpetuum,
2784 550 3111 605 statuentes
3179 548 3496 620 apostolica

90 653 319 692 servare
351 635 494 690 illud
527 635 819 708 integrum
854 634 1167 703 studuerit,
1200 637 1298 691 sed
1322 640 1583 692 nostram
1606 654 1739 709 apo-

88 725 355 781 stolicam
368 725 517 780 hanc
532 723 937 797 praeceptionis
954 723 1417 780 interdictionem
1440 730 1739 798 transgre-

88 814 144 867 di
162 813 619 887 praesumpserit,
641 813 788 869 sciat
802 830 864 869 se
876 813 1221 869 auctoritate
1239 814 1387 870 beati
1402 814 1553 889 Petri
1568 832 1737 886 apos-

88 902 533 976 tolorumprinci
544 902 633 975 pis
646 902 925 959 caelorum
941 902 1105 975 regni
1118 903 1738 976 clavigeri,nostroque

88 992 480 1047 anathematis
510 990 740 1047 vinculo
772 996 828 1047 et
858 991 1230 1059 innodatum,
1262 996 1320 1048 et
1348 1009 1382 1048 a
1419 1008 1597 1063 regno
1636 991 1739 1047 Dei

86 1079 431 1149 alienatum,
464 1084 638 1150 atque
669 1096 802 1136 cum
834 1078 1067 1136 diabolo
1098 1083 1155 1135 et
1187 1081 1316 1151 ejus
1347 1079 1734 1136 atrocissimis

88 1168 843 1240 pompis,transgressorem
858 1173 1197 1225 sanctorum
1210 1169 1447 1225 Patrum
1462 1167 1742 1225 canonica

87 1258 403 1312 traditione
434 1258 796 1329 deputatum.
830 1258 1120 1324 Quoniam
1152 1257 1438 1330 scriptum
1468 1261 1584 1313 est:
1609 1258 1741 1313 Ter-

88 1346 282 1401 minos
313 1350 547 1418 patrum
582 1350 915 1402 nostrorum
942 1344 1106 1403 nulla
1136 1345 1481 1405 auctoritate
1522 1345 1739 1401 illicitas

86 1435 439 1491 temeritatis
470 1436 798 1508 transgredi
822 1436 1095 1508 praesumi
1118 1436 1303 1508 (Prov.
1328 1436 1488 1508 xxxi).
1514 1436 1581 1490 Et
1600 1432 1741 1506 quia

86 1522 542 1594 opportunitatis
572 1524 748 1597 exigit
770 1524 912 1580 ratio
935 1529 1230 1597 protervos
1256 1542 1321 1581 ac
1338 1529 1739 1597 transgresso-

88 1628 180 1666 res
204 1629 273 1667 ex
286 1613 571 1668 canonica:
586 1613 960 1669 correctionis
975 1614 1136 1669 freno
1154 1613 1362 1669 debere
1383 1610 1705 1683 constringi
1726 1629 1739 1678 ;

86 1699 248 1756 illius
281 1702 519 1774 insuper
547 1701 786 1774 speciali
813 1701 1150 1774 [spirituali]
1174 1700 1373 1772 jaculo
1396 1700 1600 1772 perdat
1620 1697 1743 1755 ani-

89 1806 269 1856 mam,
304 1790 791 1863 cujustemporali
809 1790 1002 1863 gladio
1015 1790 1282 1846 Malchus
1301 1789 1497 1844 amisit
1514 1787 1741 1843 auricu-

88 1877 230 1932 lam.
265 1878 371 1943 Qui
400 1895 533 1934 vero
552 1878 731 1950 hujus
750 1879 932 1935 nostri
952 1877 1240 1951 privilegii
1258 1876 1736 1933 constitutionem
1772 1918 1818 1983 Β

89 1970 145 2021 et
175 1966 680 2022 conﬁrmationem
711 1967 1102 2023 observaverit
1123 1982 1157 2021 a
1171 1966 1414 2021 Domino
1433 1966 1546 2021 Deo
1565 1966 1743 2021 bene-

91 2055 342 2123 dicatur,
366 2058 423 2110 et
442 2055 639 2111 aeterni
656 2055 840 2128 regni,
857 2056 1026 2111 beato
1041 2056 1457 2111 interveniente
1472 2054 1740 2111 Matthst

91 2143 473 2215 evangelista,
507 2143 799 2217 particeps
831 2143 982 2199 effici
1014 2148 1329 2199 mereatur.

160 2229 377 2289 Datum
406 2250 463 2287 x1
486 2232 773 2288 Kalendas
806 2232 1080 2305 Augusti,
1105 2249 1207 2305 per
1228 2249 1445 2288 manus
1468 2231 1743 2289 Friderici

93 2321 323 2377 diaconi
341 2326 553 2377 sanctae
571 2322 899 2393 apostolicae
920 2321 1076 2377 sedis
1092 2321 1509 2378 bibliothecarii
1535 2325 1592 2377 et
1610 2338 1745 2377 can-

93 2410 335 2482 cellarii,
370 2415 427 2467 ct
456 2411 676 2466 domini
709 2411 1045 2467 Herimanni
1068 2410 1432 2467 Coloniensis
1454 2410 1741 2483 archiepi-

94 2500 255 2573 scopi
287 2505 345 2555 et
373 2499 890 2568 archicancellarii,
935 2517 1086 2557 anno
1135 2500 1358 2556 domini
1409 2500 1619 2556 Leonis
1668 2499 1740 2555 IX

94 2606 253 2661 papa:
286 2589 479 2657 tertio,
512 2589 825 2645 indictione
857 2593 1084 2661 quarta.

866 2695 977 2751 LX.

93 2786 143 2839 S.
178 2786 281 2842 Leo
310 2786 379 2841 IX
405 2786 729 2840 monasterii
755 2784 813 2839 S.
848 2786 1036 2841 Maria:
1067 2787 1127 2839 in
1154 2785 1399 2855 Gorgona
1428 2784 1613 2839 insula
1643 2786 1742 2839 siti

460 2858 753 2927 privilegia
783 2858 1067 2926 conﬁrmat
1096 2860 1149 2911 et
1173 2859 1354 2925 auget.

712 2945 898 3015 (Anno
932 2944 1114 3016 1051.)

408 3034 679 3107 [Ughelli,
714 3034 876 3089 Italia
907 3034 1099 3101 Sacra,
1134 3032 1229 3101 III,
1265 3034 1415 3103 353.]

160 3124 273 3178 Leo
325 3124 660 3196 episcopus,
714 3140 915 3179 servus
964 3138 1265 3178 servorum
1307 3121 1431 3189 Dei,
1482 3120 1739 3177 ecclesia:

91 3216 299 3268 sanctas
332 3212 435 3269 Dei
467 3212 767 3285 genitricis
798 3228 863 3267 ac
903 3211 1146 3284 virginis
1196 3210 1391 3266 Maria:
1436 3210 1493 3265 in
1543 3209 1739 3267 insula

1849 652 2097 692 censura
2134 640 2196 691 ut
2228 636 2428 692 nullus
2465 636 2809 709 imperator.
2872 636 3071 693 nullus
3130 653 3248 706 rex,
3300 636 3498 693 nullus

1847 725 1985 793 dux,
2014 723 2213 780 nullus
2248 725 2531 793 marchio,
2580 725 2779 781 nullus
2829 743 3047 793 comes,
3097 725 3298 782 nullus
3346 725 3500 782 vice-

1847 831 2064 881 comes,
2097 813 2297 870 nullus
2328 814 2631 883 castaldio,
2664 819 2720 870 et
2749 820 3030 886 preterea
3063 814 3264 872 nullus
3285 815 3503 888 episco—

1847 919 1978 975 pus,
2008 901 2098 957 vel
2130 902 2447 974 cujuslibet
2486 903 2709 959 ordinis
2759 921 2860 959 seu
2923 904 3228 977 dignitatis
3287 910 3541 977 magna’

1849 1008 2139 1063 parvaque
2170 1008 2438 1062 persona,
2474 996 2674 1047 contra
2701 992 2853 1048 hanc
2900 997 3111 1048 nostra;
3162 993 3504 1066 praeceptio-

1847 1080 1962 1147 nis,
1994 1080 2387 1136 concessionis
2420 1084 2477 1135 et
2525 1080 3015 1137 corroborationis
3066 1080 3345 1154 paginam
3395 1099 3505 1138 au-

1849 1168 1984 1223 deat
2014 1172 2358 1238 pertentare.
2386 1169 2493 1235 Qui
2541 1186 2671 1225 vero
2730 1169 2907 1239 hujus
2966 1170 3150 1225 nostri
3209 1169 3500 1243 privilegii

1832 1255 2092 1327 .violator
2128 1256 2430 1323 exstiterit,
2482 1258 2873 1314 anathematis
2920 1263 2978 1314 et
3025 1258 3499 1315 excommunica-

1852 1343 2028 1399 tionis
2062 1344 2291 1399 vinculo
2324 1345 2401 1399 sit
2432 1344 2727 1416 alligatus.
2760 1350 2817 1400 et
2855 1363 2985 1400 cum
3006 1346 3159 1402 Juda
3202 1346 3498 1418 proditore

1850 1432 2091 1499 Christi,
2150 1433 2265 1487 nisi
2322 1433 2654 1505 resipucrit,
2709 1435 2785 1488 sit
2842 1441 3064 1488 aeternae
3135 1435 3498 1491 damnationi

1852 1522 2122 1577 traditus.
2153 1522 2221 1577 Et
2250 1521 2351 1594 qui
2380 1524 2715 1578 observator
2747 1523 2937 1591 fuerit,
2990 1524 3062 1578 ab
3108 1524 3501 1596 omnipotente

1850 1610 1963 1665 Deo
1996 1611 2376 1667 benedicatur
2401 1617 2458 1666 et
2489 1611 2896 1683 spiritualibus
2926 1612 3157 1683 gaudiis
3188 1611 3499 1686 repleatur.

1849 1698 2179 1755 Statuimus
2234 1701 2413 1755 etiam
2473 1705 2538 1755 ut
2592 1717 2628 1755 a
2688 1700 2952 1756 Romano
2993 1700 3268 1773 pontiﬁce
3323 1701 3505 1758 abbas

1848 1787 2029 1859 hujus
2060 1789 2400 1844 monasterii
2450 1789 2702 1860 accipiat
2752 1789 3211 1846 consecrationis
3262 1789 3505 1847 benedi-

1849 1876 2123 1931 ctionem.

1923 1966 2127 2020 Datum
2158 1982 2273 2019 xvu
2301 1964 2539 2021 Kalend.
2591 1966 2934 2023 Novembris
2980 1984 3085 2039 per
3134 1983 3345 2023 manus
3398 1967 3500 2023 Fe-

1848 2054 2023 2109 derici
2071 2054 2323 2119 diaconi,
2368 2060 2580 2110 sanctae
2606 2056 2876 2110 Romanis
2902 2055 3169 2113 Ecclesiae
3194 2054 3502 2112 bibliothe-

1849 2142 1990 2197 carii
2021 2147 2077 2197 et
2107 2142 2459 2210 cancellarii,
2493 2144 2616 2199 vice
2646 2143 2874 2199 domini
2918 2144 3258 2200 Herimanni
3307 2143 3499 2201 archi-

1851 2231 2181 2287 cancellarii
2229 2236 2285 2287 et
2333 2230 2693 2288 Coloniensis
2741 2233 3185 2307 archiepiscopi,
3238 2250 3390 2291 anno
3439 2234 3498 2289 d.

1852 2320 2061 2376 Leonis
2094 2320 2163 2376 IX
2192 2321 2298 2376 PP.
2332 2338 2416 2387 III,
2448 2321 2650 2376 indict.
2688 2338 2763 2376 IV.

1974 2498 2029 2554 S.
2066 2500 2168 2555 Leo
2199 2501 2263 2554 IX
2291 2500 2612 2555 monasterii
2622 2498 2987 2641 ᾖςιιὺιιέεεηείε
3010 2502 3376 2572 possessiones

2521 2586 2617 2626 con
2664 2587 2787 2625 rma
2815 2612 2828 2625 .

2521 2586 2828 2626 connrmat.

2473 2659 2662 2729 (Anno
2700 2660 2881 2730 1051.)

2157 2729 2473 2796 [Muratori,
2496 2732 2680 2801 Antig.
2715 2732 2836 2786 Ital.
2865 2729 2966 2798 IV,
3006 2732 3189 2801 1062.]

2019 2861 2031 2872 .
2114 2860 2127 2873 .
2165 2817 2325 2873 Unde
2378 2817 2508 2884 tibi,
2569 2822 2769 2874 sancte
2820 2834 2886 2874 ac
2932 2819 3260 2875 venerande
3306 2819 3493 2887 Pater,

1849 2911 1951 2962 tua
1975 2906 2080 2961 tibi
2115 2906 2533 2963 conﬁrmamus
2563 2905 2722 2962 omni
2754 2906 3075 2978 diligentia,
3114 2906 3277 2963 omni
3327 2908 3498 2963 devo-

1847 2996 2005 3050 tione
2084 3039 2096 3051 .
2180 3040 2192 3051 .
2275 3038 2286 3049 .
2322 3012 2387 3051 ac
2416 2995 2668 3052 salutem
2703 2996 2761 3049 in
2786 2999 3022 3051 tuorum
3069 2996 3166 3068 pia
3197 3001 3254 3051 et
3300 2996 3506 3052 devota

1848 3084 2251 3139 observatione
2305 3083 2484 3155 digna
2536 3099 2702 3139 soror
2758 3086 2863 3137 tua
2917 3082 3079 3154 virgo
3138 3082 3502 3139 Scholastica

1847 3177 2042 3227 tecum
2074 3172 2195 3227 hrec
2225 3172 2425 3228 omnia
2462 3171 2676 3227 habeat
2731 3174 2790 3229 et
2844 3171 2901 3226 in
2963 3176 3311 3243 perpetuum
3372 3188 3505 3244 pos-

90 3301 379 3374 Gorgona,
438 3261 537 3356 utbi
595 3301 773 3356 etiam
833 3261 1045 3371 οοιιριῗε
1102 3299 1256 3355 beati
1314 3298 1591 3371 Gorgonii
1646 3282 1810 3355 re-C
1848 3261 2056 3374 Sldneit,’

92 3391 360 3462 quiescit,
388 3393 445 3445 et
479 3406 583 3462 per
612 3406 739 3444 eam
771 3389 874 3444 tibi
905 3388 1064 3445 Bono
1094 3386 1311 3456 abbati,
1345 3388 1580 3460 tuisque
1607 3405 1737 3445 suc-

94 3480 428 3536 cessoribus
460 3479 519 3534 in
553 3483 922 3551 perpetuum.

156 3568 440 3625 Convenit
469 3566 787 3640 apostolico
820 3566 1205 3623 moderamini
1238 3569 1392 3621 recte
1414 3566 1737 3637 petentium

92 3657 410 3731 adimplere
450 3656 827 3722 desiderium,
881 3659 936 3710 et
975 3654 1158 3725 justis
1206 3654 1738 3726 supplicationibus

92 3746 375 3818 impertiri
409 3744 778 3817 suffragium.
813 3742 958 3807 Quia
989 3742 1298 3815 postulasti
1331 3759 1363 3797 a
1409 3743 1599 3809 nobis,
1653 3741 1736 3796 ﬁli

90 3834 456 3901 charissime,
492 3839 783 3906 quatenus
814 3832 1286 3899 concederemus,
1318 3834 1375 3887 et
1423 3832 1739 3887 conﬁrma-

92 3940 306 3992 remus,
340 3941 445 3980 seu
477 3924 990 3979 corroboraremus
1022 3920 1126 3977 tibi
1155 3920 1391 3992 tuisque
1438 3936 1735 3976 successo-

93 4012 273 4080 ribus,
306 4028 411 4085 per
441 4012 628 4068 nostri
660 4010 944 4083 privilegii
978 4009 1275 4083 paginam,
1315 4008 1736 4065 monasterium

94 4101 149 4155 in
182 4102 466 4157 honorem
501 4102 561 4156 S.
616 4100 800 4156 Mariae
854 4098 1053 4154 Matris
1102 4098 1335 4155 Domini
1379 4097 1736 4166 dedicatum,

95 4194 147 4244 et
174 4189 233 4245 in
265 4190 464 4247 insula
492 4189 761 4261 Gorgona
794 4188 1051 4260 positum
1075 4205 1088 4243 :
1114 4204 1239 4259 qua:
1264 4186 1477 4256 insula,
1505 4187 1656 4242 sicut
1676 4185 1735 4242 in

96 4274 151 4332 Ξ.
185 4279 339 4335 Petri
371 4277 688 4352 privilegiis
718 4277 949 4350 legitur,
982 4277 1091 4333 sub
1132 4276 1266 4348 jure
1307 4280 1366 4333 et
1413 4274 1631 4332 ditione
1678 4280 1734 4330 S.

94 4367 296 4424 matris
323 4371 536 4424 nostrae
569 4367 841 4423 Romanis
873 4364 1143 4421 consistit
1188 4364 1477 4421 Ecclesia).
1531 4364 1734 4437 Igitur,

94 4455 354 4512 inclinati
386 4455 659 4528 precibus
682 4454 819 4521 tuis,
837 4453 1282 4510 concedimuset
1294 4452 1734 4516 conﬁrmamus,

91 4560 187 4600 seu
225 4545 675 4601 corroboramus
706 4543 809 4599 tibi
838 4542 1073 4615 tuisque
1104 4542 1164 4597 in
1206 4546 1553 4614 perpetuum
1602 4558 1733 4597 suc-

90 4634 419 4737 cessoribus
435 4651 536 4706 per
548 4633 726 4705 hujus
744 4630 929 4737 nostri
938 4630 1227 4737 privilegii
1245 4629 1520 4737 paginam
1538 4629 1732 4737 ipsum
1764 4652 1812 4716 Ι)
1844 4682 1884 4737 F

93 4723 515 4779 monasterium
548 4738 684 4779 cum
718 4719 991 4794 praedicta
1017 4717 1232 4789 insula,
1267 4723 1333 4774 ut
1362 4735 1595 4791 semper
1616 4719 1737 4775 sint

94 4808 514 4865 monachorum
545 4807 897 4877 habitacula,
932 4823 1004 4862 ne
1033 4806 1135 4862 ﬁat
1164 4806 1444 4879 spelunca
1463 4806 1733 4875 latronis,

96 4912 215 4966 quae
246 4897 416 4969 prius
446 4897 559 4953 fuit
587 4898 801 4953 domus
849 4895 1149 4952 orationis.
1200 4895 1393 4951 Abbas
1440 4895 1733 4968 siquidem

95 4983 150 5038 in
180 4986 387 5042 eodem
417 4986 679 5043 ccenobio
706 5001 1011 5058 nunquam
1041 4984 1343 5040 ordinetur
1380 5002 1483 5057 pro
1531 4986 1735 5058 pretio,

97 5074 191 5128 sed
248 5075 353 5147 qui
412 5076 740 5131 secundum
795 5073 1055 5146 regulam
1116 5074 1175 5128 S.
1239 5072 1534 5128 Benedicti
1601 5090 1737 5130 cum

96 5162 339 5219 fratrum
371 5164 615 5221 consilio
645 5162 943 5220 invenitur
969 5160 1177 5218 melior
1232 5160 1291 5215 in
1346 5160 1475 5233 ipso
1535 5178 1740 5218 mona-

98 5252 308 5321 sterio;
340 5257 401 5309 et
451 5268 813 5326 quaecunque
844 5268 878 5307 a
928 5250 1066 5308 viris
1115 5248 1403 5322 religiosis
1450 5253 1507 5305 et
1551 5250 1737 5306 Deum

96 5338 439 5397 timentibus
468 5341 530 5397 in
560 5358 736 5398 usum
758 5344 815 5397 et
826 5344 1133 5412 sumptum
1151 5338 1570 5395 monachorum
1590 5338 1736 5395 inibi

93 5426 202 5485 Deo
231 5430 617 5487 servientium
649 5446 929 5487 concessa
954 5427 1043 5485 vel
1068 5428 1128 5485 in
1160 5432 1509 5502 perpetuum
1540 5444 1737 5485 conce-

93 5516 276 5575 denda
306 5522 471 5589 sunt,
504 5519 624 5577 sive
654 5536 722 5576 ex
751 5519 862 5575 hac
892 5522 1055 5592 parte
1080 5517 1278 5587 maris,
1311 5516 1432 5574 sive
1480 5534 1550 5574 ex
1597 5516 1730 5588 alia,

91 5620 190 5676 per
216 5607 373 5666 hanc
400 5613 666 5667 nostram
714 5607 1182 5684 preceptionem,
1230 5607 1732 5666 conﬁrmationem

93 5697 515 5761 conﬁrmamus
565 5703 624 5760 et
664 5698 1115 5761 corroboramus
1161 5695 1268 5758 tibi
1315 5697 1553 5779 tuisque
1598 5714 1731 5758 suo-

1918 3350 2196 3406 Fraterna
2273 3349 2576 3417 charitate,
2638 3348 2873 3421 speciali
2958 3350 3282 3405 reverentia
3364 3364 3499 3421 ergo

1847 3455 2212 3511 quaecunque
2239 3438 2403 3493 vobis
2434 3454 2471 3492 a
2499 3437 2714 3493 Christi
2738 3436 3009 3493 ﬁdelibus
3053 3454 3301 3493 concesa
3339 3442 3497 3505 sunt,

1845 3528 1932 3584 vel
1962 3527 2341 3599 possidentur
2370 3525 2458 3581 vel
2487 3527 2545 3581 in
2578 3530 2876 3598 posterum
2907 3527 3372 3598 possidebuntur
3390 3527 3500 3583 sub

1847 3617 2087 3673 obtentu
2122 3614 2342 3671 summi
2371 3614 2599 3670 Judicis
2628 3618 2685 3669 et
2712 3615 3059 3670 auctoritate
3105 3615 3293 3670 sancti
3343 3614 3498 3671 Petri

1847 3704 2239 3779 apostolorum
2296 3703 2600 3776 principis,
2674 3720 2777 3775 per
2840 3702 3210 3775 privilegium
3284 3708 3499 3759 sanctas

1848 3796 2120 3851 Romanae
2150 3793 2307 3850 sedis
2350 3793 2771 3849 conﬁrmamus
2818 3795 2875 3848 et
2918 3793 3261 3848 rohoramus
3309 3791 3494 3847 vobis.

1850 3885 1911 3938 In
1943 3883 2151 3954 primis
2208 3897 2449 3953 specum
2507 3881 2905 3947 tenebrosum,
2951 3880 3210 3951 corporis
3261 3878 3345 3933 tui
3393 3893 3499 3950 per

1847 3970 2083 4043 aliquod
2144 3974 2375 4043 tempus
2416 3985 2521 4041 pro
2578 3969 2807 4024 Christo
2863 3967 2973 4024 vile
3031 3965 3494 4035 reclinatorium,

1845 4061 1951 4115 tibi
1984 4064 2118 4116 actu
2151 4064 2207 4114 et
2236 4058 2473 4115 nomine
2505 4056 2787 4130 regularis
2840 4099 2853 4113 .
2935 4100 2947 4112 .
3028 4098 3040 4110 .
3084 4058 3250 4112 Pater
3281 4070 3494 4127 magne

1846 4148 2233 4216 discretionis,
2294 4152 2493 4203 sancto
2550 4147 2874 4213 Benedicta,
2938 4145 3110 4201 sicuti
3168 4144 3503 4218 specialiter

1844 4237 1947 4292 tibi
1982 4237 2243 4293 solitario
2276 4237 2603 4293 solitarium
2637 4235 2885 4308 elegisti.
2921 4234 3205 4312 itapetiam
3238 4251 3272 4290 a
3300 4238 3355 4289 te
3378 4231 3501 4290 solo

1845 4325 2177 4399 specialiter
2207 4325 2581 4398 disponimus
2610 4324 2920 4396 possideri,
2954 4324 3037 4379 Ita
3088 4323 3287 4379 omnia
3332 4321 3502 4379 volu-

1845 4432 1979 4471 mus
2010 4419 2148 4480 ate,
2199 4419 2257 4470 et
2303 4431 2337 4470 a
2383 4417 2485 4469 tua
2533 4429 2731 4470 sorore
2790 4413 3046 4469 fraterna
3088 4411 3500 4468 communione

1844 4504 2048 4572 teneri,
2082 4508 2192 4558 etc.

1914 4593 2128 4648 Datum
2160 4590 2419 4648 secundo
2446 4589 2740 4646 Kalendas
2771 4589 3109 4645 Novembris
3142 4604 3242 4661 per
3282 4603 3499 4643 manus

1890 4680 2129 4737 rederici
2160 4679 2412 4745 diaconi,
2446 4683 2502 4734 et
2532 4684 2751 4734 sanctae
2802 4680 3072 4734 Romanis
3122 4675 3390 4733 Ecclesiae
3441 4681 3501 4732 et

1843 4769 2171 4843 apostolica:
2202 4767 2359 4824 sedis
2392 4766 2746 4834 cancellarii,
2768 4767 2889 4822 vice
2907 4766 3128 4823 domini
3155 4763 3495 4821 Herimanni

1848 4856 2343 4914 archicancellarii
2373 4861 2429 4912 et
2456 4854 2814 4912 Coloniensis
2844 4854 3286 4929 archiepiscopi.

2589 4944 2755 4999 LXII.

1846 5038 1901 5091 S.
1958 5037 2147 5092 Leonis
2199 5036 2262 5091 IX
2308 5034 2457 5089 bulla
2503 5033 2914 5102 con/irmatoria
2975 5034 3398 5105 privilegiorum
3438 5048 3504 5087 ac

2253 5108 2476 5178 jurium
2503 5107 2781 5178 Fanensis
2822 5107 3078 5161 ccenobii.

2025 5176 2352 5250 [Μαι-θωπί,
2384 5177 2505 5250 Iter.
2538 5176 2662 5231 Ital.
2694 5176 2918 5250 script.,
2954 5178 3023 5245 Il,
3061 5192 3129 5244 n,‘
3164 5177 3317 5246 583.]

2466 5248 2657 5319 (Anno
2691 5248 2875 5319 1051.)
2935 5287 2967 5307 ν

1919 5340 2033 5395 LEO
2082 5338 2415 5411 episcopus,
2477 5352 2680 5393 servus
2738 5336 3191 5406 servorumDei,
3242 5333 3494 5390 ecclesia:

1840 5427 2156 5486 venerabili
2207 5431 2421 5483 sancta:
2480 5425 2726 5499 virginis
2783 5427 2990 5482 matris
3039 5425 3219 5480 beatas
3275 5421 3487 5489 Mariae,

1844 5536 1972 5591 qua:
1994 5517 2233 5590 ponitur
2259 5514 2319 5570 in
2350 5514 2643 5589 Pharpha,
2668 5524 2720 5572 et
2751 5531 2854 5588 pro
2876 5530 2943 5570 ea
2974 5513 3244 5568 Bsmnoo
3268 5508 3485 5575 abbati,

1843 5608 2082 5680 etjuste
2111 5603 2469 5665 intrantibus
2500 5604 2626 5665 suis
2682 5599 3116 5665 successoribus
3165 5598 3225 5656 in
3278 5610 3487 5673 perpe-

1842 5701 2037 5758 tuum.
