3898 6372
400 381 516 439 679

1470 378 1533 441 S.
1584 376 1861 441 LEONIS
1908 375 1983 437 lX
2027 374 2253 436 PAPIE
2282 373 2716 437 OPUSCULA.

478 510 719 567 Initium
741 508 1040 582 sapientiae
1062 510 1238 567 timor
1256 511 1483 566 Domini
1507 528 1519 566 :
1556 512 1725 582 cujus
1748 510 1955 565 timore
1979 524 2041 563 ac
2075 509 2125 574 Α
2156 507 2445 562 civitatem
2475 505 2779 562 ecclesiam
2810 503 3006 561 Sancti
3030 504 3273 561 Adriani
3302 503 3369 560 in
3398 503 3761 577 integrum.
3785 502 3839 557 In

409 600 605 655 debita
636 600 955 654 reverentia
994 600 1351 665 commoniti,
1383 617 1485 672 pro
1517 599 1765 671 glorioso
1819 597 1959 652 Filio
1992 602 2047 651 et

404 690 585 754 casto,
618 685 881 760 gloriosaa
918 688 1085 742 Matri
1111 686 1287 743 simul
1304 693 1359 742 et
1380 693 1548 743 castm
1566 688 1845 742 honorem
1868 684 2045 739 liben-

405 780 493 832 ter
523 775 868 831 exhibemus
898 775 993 846 pia
1012 775 1332 842 devotione,
1349 775 1539 831 etsuis
1555 774 2042 831 servitoribusne-

405 863 723 920 cessarium
754 880 818 919 ac
849 862 1110 935 regulare
1134 864 1403 935 cupimus
1428 863 1794 935 suﬁ‘ragium,
1816 866 1881 916 ut
1899 862 2040 916 dum

404 957 603 1008 nostro
619 951 906 1023 adjutorio
927 952 1071 1007 bene
1090 952 1445 1019 deserviunt,
1472 950 1783 1023 participes
1795 948 2038 1021 praemii,

398 1040 657 1113 corporis
695 1044 752 1095 et
782 1040 989 1095 animae
1022 1039 1416 1111 suscipiamus
1447 1039 1840 1094 commodum.
1888 1037 2043 1092 Inter

395 1129 515 1185 haec
552 1128 841 1201 siquidem
882 1146 1023 1204 pure
1076 1130 1148 1183 ad
1208 1129 1575 1184 serviendum
1634 1128 1749 1183 Deo
1804 1124 2038 1196 viventi,

400 1224 613 1275 nostrae
646 1217 960 1273 voluntatis
992 1218 1272 1273 beneﬁcio
1303 1217 1596 1284 volumus,
1628 1216 1745 1270 imo
1776 1218 1831 1269 et
1862 1230 2039 1285 quam

395 1307 651 1362 maxime
674 1306 1106 1370 desideramus,
1123 1306 1353 1361 utsicut
1366 1306 1518 1360 inter
1532 1308 1767 1360 caeteros
1784 1302 2039 1357 nominis

395 1395 577 1463 fama,
610 1395 693 1450 ita
721 1399 779 1449 et
808 1394 1154 1449 necessariis
1184 1396 1359 1449 rebus
1388 1393 1699 1464 gloriosius
1755 1390 2039 1445 exaltetur

393 1500 499 1554 per
520 1486 781 1538 nostram
804 1480 1195 1536 humilitatem
1221 1486 1423 1537 sancta
1448 1480 1842 1552 Pharphensis
1865 1478 2039 1533 cccle-

395 1571 503 1626 sia.
534 1572 855 1642 Argentum
886 1569 1039 1624 enim
1073 1575 1128 1624 et
1158 1587 1365 1625 aurum
1399 1587 1511 1625 non
1540 1574 1628 1624 est
1658 1568 1855 1623 nobis:
1881 1567 2033 1639 quod

395 1662 590 1714 autem
622 1657 928 1724 habemus,
962 1657 1210 1713 libenter
1243 1658 1314 1724 ei,
1349 1660 1446 1730 qui
1479 1658 1645 1713 nobis
1674 1658 1781 1712 hoc
1829 1656 2037 1711 tribuit

394 1746 600 1820 gratis,
647 1745 892 1802 Domino
940 1752 1135 1802 nostro
1185 1752 1240 1802 et
1288 1750 1649 1819 angelorum,
1710 1762 1775 1800 ac
1824 1748 2032 1801 nostrae

391 1836 651 1892 Domina:
682 1835 980 1890 reddimus
1009 1854 1020 1890 :
1057 1834 1279 1890 scilicet
1304 1852 1401 1890 cor
1431 1834 1673 1901 humile,
1699 1836 1910 1889 bonam
1943 1850 2031 1888 vo-

392 1923 697 1990 luntatem,
727 1928 783 1978 et
814 1923 1099 1991 devotam,
1126 1929 1190 1979 ut
1207 1928 1452 1995 oportet,
1473 1924 1807 1978 servitutem
1830 1938 2031 1976 secun-

389 2013 530 2067 dum
571 2015 780 2066 nostras
839 2011 1169 2083 fragilitatis
1225 2010 1695 2083 possibilitatem.
1755 2008 2032 2064 Solebant

390 2116 621 2172 semper
647 2100 909 2156 ecclesiis
938 2100 1091 2155 bona
1122 2117 1230 2155 sua
1259 2099 1613 2168 conﬁrmari,
1643 2099 1782 2167 imo,
1816 2101 1871 2153 et
1900 2113 2030 2152 con-

388 2192 701 2247 ﬁrmantur
731 2190 921 2246 adhuc
952 2206 1055 2260 per
1075 2188 1392 2260 apostolica
1418 2205 1659 2244 summm
1683 2187 1837 2243 sedis
1858 2186 2030 2258 privi-

389 2279 559 2351 legia,
593 2296 719 2350 quae
752 2278 866 2332 Deo
898 2276 1180 2348 largiente
1230 2294 1345 2331 non
1394 2276 1668 2331 refutabit
1716 2292 1783 2330 ex
1828 2278 2031 2330 nostra

390 2372 552 2437 parte
581 2365 883 2420 humiliter
912 2365 1207 2435 suscipere
1229 2363 1497 2435 specialis
1520 2363 1833 2435 spirituum
1855 2368 1911 2417 et
1929 2362 2029 2417 ho-

391 2454 619 2509 minum
652 2453 872 2525 regina,
904 2457 1088 2507 mater
1117 2451 1485 2523 humilitatis,
1513 2451 1759 2507 Domina
1805 2455 2025 2516 nostra,

391 2542 508 2613 pia,
542 2544 597 2596 et
628 2541 807 2608 mitis,
842 2557 907 2595 ac
939 2540 1091 2594 bona
1122 2538 1323 2594 Maria.
1358 2538 1597 2611 Suscipe
1630 2555 1786 2610 ergo,
1828 2542 2027 2594 sancta

388 2629 585 2700 Virgo,
620 2633 822 2683 sancta
852 2627 1086 2694 Parens,
1119 2644 1253 2682 cum
1284 2626 1422 2682 Filio
1453 2632 1555 2682 tuo
1583 2628 1878 2694 bonatua,
1910 2643 2024 2683 non

388 2736 421 2774 a
443 2717 610 2773 nobis
631 2718 787 2785 data,
812 2717 913 2771 sed
936 2721 1132 2771 nostro
1149 2715 1255 2771 tibi
1277 2716 1507 2771 ﬁrmata
1527 2715 1845 2788 privilegio.
1870 2717 2024 2771 Tene

387 2824 514 2878 quea
545 2810 709 2862 tenes
735 2824 747 2873 ;
782 2822 915 2861 cum
947 2805 1349 2863 benedictione
1378 2804 1505 2860 Filii
1535 2805 1618 2860 tui
1643 2805 1875 2877 posside
1898 2822 2023 2876 quae

388 2894 670 2966 possides.
688 2894 997 2949 Benedicta
1009 2893 1243 2966 quidem
1266 2910 1329 2950 es
1341 2894 1489 2949 inter
1500 2909 1704 2949 omnes
1718 2893 2021 2949 mulieres:

387 2988 490 3038 tua
513 2982 623 3037 tibi
653 2982 853 3037 nullus
885 2983 1144 3050 auferat;
1175 2981 1233 3036 in
1266 2982 1433 3037 bonis
1476 2982 1594 3038 tuis
1634 2987 1691 3038 te
1738 2982 2024 3038 offendere

390 3068 538 3126 nulli
568 3086 829 3141 unquam
858 3068 1030 3126 liceat
1056 3088 1068 3136 ;
1100 3074 1158 3124 et
1189 3070 1312 3125 vice
1340 3087 1448 3126 sua
1493 3070 1624 3138 tibi,
1669 3071 1915 3126 Berarde
1963 3071 2023 3124 in

389 3158 618 3215 Christo
650 3156 731 3212 ﬁli
763 3156 987 3223 dilecte,
1022 3156 1177 3213 ﬁdeli
1210 3157 1548 3213 monasterii
1579 3157 1758 3230 hujus
1806 3158 2020 3227 abbati,

2153 595 2377 651 Collina
2404 595 2708 652 ecclesiam
2732 593 2931 651 Sancti
2949 594 3192 650 Andreae
3218 610 3360 665 cum
3382 591 3707 649 omnibus
3725 591 3838 648 suis

2150 684 2536 755 pertinentiis.
2569 686 2629 739 In
2648 684 2790 739 urbe
2806 684 2992 738 Roma
3011 682 3323 739 ecclesiam
3341 682 3598 737 Sanctae
3616 680 3835 747 Max-ias,

2150 776 2207 827 et
2233 772 2430 828 Sancti
2460 770 2775 827 Salvatoris
2806 787 2942 826 cum
2974 770 3198 844 criptis,
3233 774 3293 826 et
3312 769 3547 836 muris,
3571 772 3644 824 et
3665 768 3834 825 Cam-

2149 878 2291 933 pum
2311 861 2531 933 Agonis
2548 861 2606 915 in
2626 860 2942 931 integrum.
2962 860 3027 914 In
3038 859 3323 915 comitatu
3337 858 3610 914 Asisino
3623 856 3829 913 cellam

2149 949 2345 1004 Sancti
2376 946 2671 1004 Benedicti
2704 948 2764 1002 in
2786 948 3103 1020 integrum.
3131 948 3195 1003 In
3215 947 3519 1003 comitatu
3541 944 3827 1002 Firmano

2149 1035 2353 1091 cellam
2385 1037 2605 1092 Sanctae
2655 1035 2845 1091 Mariae
2893 1034 2954 1091 in
2998 1034 3212 1104 Clenti,
3264 1038 3321 1090 et
3371 1033 3827 1091 monasterium

2147 1123 2475 1197 puellarum
2504 1124 2656 1195 quod
2689 1123 2905 1178 dicitur
2933 1122 3132 1179 Sancti
3161 1121 3526 1191 Salvatoris,
3552 1125 3625 1178 et
3644 1121 3827 1178 eccle-

2148 1214 2295 1269 siam
2326 1214 2524 1268 Sancti
2554 1212 2847 1268 Benedicti
2876 1211 2938 1267 in
2987 1212 3149 1284 Ripa,
3201 1216 3259 1266 et
3308 1210 3539 1267 cellam
3595 1211 3825 1267 Sancta

2142 1302 2402 1357 Victoria
2433 1318 2565 1357 cum
2595 1301 2870 1357 omnibus
2900 1317 3104 1356 earum
3135 1299 3528 1372 pertinentiis
3561 1304 3632 1356 et
3664 1301 3821 1372 adja-

2146 1390 2370 1446 centiis.
2404 1391 2466 1445 In
2499 1390 2777 1445 comitatu
2805 1388 3101 1445 Asculano
3122 1388 3352 1445 cellas:
3387 1405 3590 1445 unam
3624 1388 3828 1445 Sancti

2146 1478 2460 1534 Salvatoris
2484 1480 2654 1549 juxta
2684 1479 2902 1533 ﬁumen
2918 1481 3101 1533 Asum
3122 1498 3142 1545 ,-
3164 1476 3416 1534 alteram
3439 1478 3693 1534 Sancta
3711 1479 3827 1534 Ma-

2144 1568 2239 1621 riae
2275 1568 2329 1622 in
2362 1566 2588 1638 Opbida
2617 1566 2676 1621 in
2695 1567 3011 1639 integrum.
3033 1567 3097 1622 In
3113 1566 3405 1623 comitatu
3427 1566 3697 1623 Teatino
3714 1565 3827 1623 cel-

2144 1655 2260 1711 lam
2291 1656 2485 1711 Sancti
2516 1654 2795 1727 Stephani
2810 1655 3200 1728 inintegrum.
3228 1656 3293 1710 In
3315 1654 3628 1712 comitatu
3649 1656 3827 1712 Seno-

2142 1744 2409 1815 galliensi
2442 1748 2664 1799 curtem
2696 1744 2766 1799 de
2796 1744 3045 1800 Luzano.
3082 1745 3146 1800 In
3175 1743 3469 1800 comitatu
3505 1744 3587 1801 de
3616 1746 3821 1802 Came-

2141 1832 2267 1888 rino
2300 1836 2520 1887 curtem
2551 1833 2621 1887 de
2650 1831 2781 1887 Sala
2808 1832 2983 1888 bona.
3016 1833 3082 1887 In
3131 1831 3424 1889 comitatu
3470 1834 3815 1891 Anximano

2138 1926 2359 1977 curtem
2392 1922 2462 1975 de
2495 1922 2688 1976 Monte
2718 1920 2982 1978 Paulisco
3014 1919 3076 1976 in
3106 1920 3434 1994 integrum.
3468 1925 3653 1978 Hanc
3679 1938 3814 1995 ergo

2139 2012 2423 2081 majorem
2449 2014 2505 2064 et
2535 2008 2917 2081 principalem
2947 2009 3171 2065 Sanctae
3221 2008 3328 2065 Dei
3377 2010 3705 2084 genitricis
3750 2028 3812 2067 ac

2136 2098 2392 2170 Virginis
2414 2098 2606 2153 Mariae
2620 2097 2927 2154 ecclesiam
2948 2097 3009 2152 in
3026 2096 3327 2169 Pharpha,
3349 2114 3495 2155 cum
3520 2099 3810 2156 omnibus

2137 2188 2509 2258 supradictis,
2542 2191 2599 2241 et
2630 2185 2766 2242 aliis
2796 2186 2976 2242 etiam
3007 2184 3169 2242 cellis
3200 2186 3330 2243 suis
3362 2188 3730 2261 majoribus,
3754 2193 3812 2245 et

2135 2291 2335 2332 earum
2367 2274 2624 2331 ecclesiis
2646 2274 2771 2330 suis
2795 2274 3144 2340 minoribus,
3163 2291 3302 2331 cum
3322 2275 3603 2343 castellis,
3630 2277 3806 2347 vicis,

2135 2368 2191 2420 et
2219 2364 2469 2437 oppidis,
2497 2363 2671 2419 terris
2701 2362 2875 2419 cultis
2906 2367 2963 2419 et
2988 2362 3251 2429 incultis,
3285 2363 3501 2436 pratis,
3534 2366 3803 2437 pascuis,

2134 2458 2189 2508 et
2218 2453 2426 2521 vineis,
2475 2452 2660 2521 silvis,
2711 2452 2903 2523 aquis,
2953 2469 3372 2525 aquarumque
3396 2454 3804 2522 .decursibus,

2133 2541 2402 2613 piscariis
2431 2545 2488 2595 et
2518 2540 2963 2612 piscationibus,
2997 2541 3269 2612 portibus
3303 2541 3496 2597 maris
3515 2545 3579 2598 et
3598 2542 3810 2599 littori-

2133 2630 2265 2696 bus,
2299 2634 2354 2684 et
2382 2628 2693 2697 universis,
2740 2628 3219 2700 quantiscunque
3268 2628 3808 2704 qualibuscunque

2133 2716 2516 2790 pertinentiis,
2551 2721 2607 2772 et
2638 2733 2772 2772 cum
2803 2715 3082 2772 omnibus
3111 2732 3242 2788 qua:
3275 2734 3311 2773 a
3355 2718 3641 2774 Romana
3667 2720 3810 2775 sede

2132 2807 2353 2863 obtinet
2383 2822 2484 2878 per
2514 2803 2834 2876 apostolica
2860 2803 3188 2878 privilegia,
3204 2804 3298 2861 vel
3321 2805 3395 2862 ab
3419 2805 3810 2879 imperatori-

2133 2896 2262 2962 bus,
2296 2899 2351 2949 et
2372 2895 2605 2967 regibus
2624 2910 2724 2965 per
2747 2898 3059 2966 praecepta,
3080 2893 3419 2962 immotam,
3441 2898 3505 2951 et
3530 2896 3808 2968 quietam

2132 2984 2204 3039 ab
2235 2983 2507 3038 omnibus
2539 2999 2665 3037 esse
2695 2982 3018 3037 sancimus.
3050 2982 3119 3037 Et
3147 2982 3558 3056 quodcunque
3606 2986 3729 3041 sibi
3776 3002 3812 3041 a

2133 3072 2580 3145 quibuscunque
2599 3070 2867 3126 ﬁdelibus
2884 3069 3101 3126 Christi
3125 3087 3482 3128 concessum
3494 3076 3614 3139 est,
3634 3073 3733 3131 vel
3746 3074 3813 3130 in

2133 3165 2430 3232 posterum
2462 3159 2824 3227 conceditur,
2858 3158 2908 3215 si
2939 3158 3149 3214 divinae
3181 3159 3422 3232 pietatis
3453 3166 3812 3234 respectum

391 3246 501 3302 hoc
530 3263 708 3302 sacrae
731 3244 952 3319 paginae
983 3246 1272 3317 scriptum
1299 3246 1672 3301 concedimus
1703 3246 1774 3301 ad
1822 3247 2021 3302 obser-
2051 3235 2094 3301 C
2132 3247 2656 3316 desiderat,nullus
2674 3247 2927 3316 invadat,
2942 3245 3147 3303 nullus
3165 3249 3420 3316 minuat,
3438 3248 3535 3305 vel
3558 3251 3812 3307 subtra-

391 3335 667 3404 vandum,
700 3340 765 3389 ut
796 3333 972 3389 simul
1005 3339 1062 3389 et
1106 3333 1392 3406 scriptum
1441 3334 1695 3389 ecclesiae
1744 3351 2019 3404 reserves,

392 3441 495 3479 nec
517 3441 631 3479 non
662 3426 720 3478 et
749 3439 919 3478 omne
951 3422 1170 3478 bonum
1218 3422 1324 3477 tibi
1361 3422 1764 3478 commissum.
1815 3424 2024 3478 Sancta

389 3514 589 3584 itaque
614 3510 931 3584 apostolica
961 3512 1305 3567 auctoritate
1326 3511 1522 3567 omnia
1542 3527 1666 3583 qua:
1690 3512 2025 3584 supradicta

390 3602 565 3656 habet
594 3601 653 3655 in
684 3601 885 3655 eodem
904 3599 1029 3655 loco
1050 3599 1312 3669 ecclesia,
1332 3600 1749 3656 conﬁrmamus
1766 3607 1822 3656 et
1838 3618 2024 3657 corro-

391 3689 687 3754 boramus,
721 3687 873 3742 sicut
900 3688 1072 3742 modo
1104 3688 1379 3758 possidet,
1405 3688 1885 3745 etabinitioinl’ra
1899 3707 2023 3760 pos-

391 3775 559 3843 sedit,
589 3781 648 3832 et
677 3780 872 3831 extra:
904 3775 1188 3841 videlicet,
1224 3775 1507 3847 quidquid
1541 3776 1753 3832 habere
1796 3778 2024 3833 videtur

387 3865 447 3920 in
479 3864 767 3921 territorio
799 3863 1127 3930 Sabinensi,
1154 3863 1212 3917 id
1242 3868 1330 3918 est
1357 3864 1663 3920 ecclesiam
1695 3867 1886 3921 Sancti
1920 3868 2021 3921 Be-

389 3953 622 4019 nedicti,
657 3958 713 4008 et
737 3956 960 4009 curtem
993 3951 1192 4007 Sancti
1224 3952 1501 4018 Gethulii,
1532 3958 1590 4008 et
1619 3954 1921 4010 castellum
1952 3956 2023 4011 de

388 4042 661 4105 Tribuco,
694 4045 751 4096 et
778 4041 1022 4096 Podium
1062 4040 1316 4096 ﬁliorum
1347 4040 1662 4110 Palumbae,
1695 4048 1752 4097 et
1798 4042 2020 4099 alveum

390 4128 666 4200 Pharphae
698 4132 885 4184 totum
912 4146 925 4183 :
960 4134 1016 4183 et
1047 4128 1166 4183 haec
1185 4128 1381 4184 omnia
1402 4144 1536 4184 cum
1558 4131 1832 4186 omnibus
1855 4133 2025 4203 perti-

388 4217 603 4272 nentiis
616 4216 739 4272 suis
761 4216 820 4271 in
847 4217 1158 4289 integrum.
1185 4216 1497 4272 Ecclesiam
1524 4216 1717 4274 Sancti
1740 4219 1941 4292 Angeli
1963 4220 2022 4275 in

388 4306 605 4362 Tancia
625 4322 759 4361 cum
779 4305 989 4378 gualdo
1015 4310 1073 4362 et
1100 4305 1375 4362 omnibus
1395 4306 1790 4378 pertinentiis;
1816 4308 2023 4364 castel-

386 4393 508 4448 lum
539 4395 610 4450 de
636 4393 1007 4459 Bucciniano,
1039 4397 1096 4449 et
1142 4394 1392 4450 Roccam
1441 4394 1500 4449 in
1548 4394 1840 4467 integrum
1889 4414 2022 4454 cum

385 4483 578 4539 Massa
608 4501 641 4539 a
671 4501 820 4557 papa
852 4482 1157 4538 Benedicto
1189 4481 1298 4553 ipsi
1332 4483 1686 4539 monasterio
1718 4501 2020 4555 concessa;

382 4572 649 4628 Castrum
665 4573 883 4628 Pharae.
897 4572 1027 4626 Haec
1040 4571 1253 4626 iterum
1269 4570 1467 4626 omnia
1481 4572 1655 4627 simul
1672 4590 1802 4627 cum
1837 4576 2022 4630 omni-
2053 4601 2101 4665 D

381 4662 492 4717 bus
525 4661 649 4718 suis
688 4659 1053 4734 pertinentiis
1104 4663 1161 4714 et
1203 4658 1605 4730 subjacentiis.
1657 4661 1894 4717 Terram
1953 4663 2023 4719 de

383 4749 633 4819 Ortella;
664 4751 723 4805 in
753 4749 982 4805 civitate
1011 4748 1229 4804 Ortana
1257 4747 1560 4804 ecclesiam
1594 4748 1790 4804 Sancti
1835 4750 2020 4807 Theo-

383 4837 509 4892 dori
541 4837 602 4891 in
632 4836 943 4908 integrum.
972 4838 1032 4891 In
1059 4836 1314 4891 Viterbio
1335 4836 1637 4893 ecclesiam
1662 4837 1881 4893 Sanctae
1904 4840 2020 4894 Ma-

383 4924 479 4978 ria:
509 4922 570 4978 in
600 4923 912 4995 integrum.
946 4926 1007 4979 In
1039 4926 1306 4981 Tuscano
1333 4923 1539 4980 cellam
1569 4929 1787 4981 Sanctae
1828 4928 2017 4984 Marias

375 5011 545 5082 juxta
574 5010 789 5066 flumen
820 5012 1132 5069 Minionem
1165 5030 1297 5069 cum
1329 5013 1562 5087 gualdo,
1607 5020 1661 5070 et
1709 5032 1843 5071 cum
1891 5017 2017 5089 ipso

383 5099 574 5155 Monte
605 5099 890 5167 Gosberti,
924 5119 1025 5158 seu
1057 5106 1115 5157 et
1165 5102 1313 5173 Ripa
1367 5102 1629 5169 Aduclla,
1685 5109 1742 5159 et
1797 5106 2017 5162 Marino

381 5192 571 5262 portu.
606 5189 667 5245 In
698 5190 977 5247 comitatu
1006 5189 1317 5245 Narniensi
1351 5191 1775 5245 monasterium
1823 5193 2016 5250 Sancti

379 5276 608 5351 Angeli,
642 5282 697 5334 et
721 5277 1023 5335 ecclesiam
1056 5276 1252 5332 Sancti
1282 5276 1505 5331 Antimi
1534 5277 1594 5332 in
1615 5277 1926 5350 integrum.
1952 5283 2015 5338 In

379 5365 661 5422 comitatu
694 5367 971 5423 Perusino
1002 5363 1208 5420 cellam
1240 5367 1458 5419 Sanctae
1489 5363 1683 5422 Maria:
1714 5366 1773 5422 in
1794 5367 2014 5441 Diruta,

378 5458 436 5510 et
463 5454 657 5511 Sancti
687 5454 1061 5528 Apollinaris,
1095 5457 1151 5508 et
1198 5450 1395 5507 Sancti
1440 5450 1644 5523 Blaxii,
1706 5460 1763 5513 et
1820 5457 2018 5516 Sancti

379 5543 631 5599 Mentani
663 5560 798 5601 cum
829 5541 1107 5610 ecclesiis,
1144 5539 1419 5609 castellis,
1452 5530 1625 5610 villis,
1658 5548 1714 5601 et
1743 5545 2015 5607 omnibus

382 5628 768 5705 pertinentiis,
793 5636 851 5690 et
876 5629 1215 5704 adjacentiis
1234 5628 1378 5689 suis.
1397 5630 2015 5717 EtjuxtaTiburtinam

2130 3338 2250 3393 hat.
2279 3338 2335 3392 Si
2368 3337 2500 3410 quis
2543 3337 2701 3391 enim
2745 3336 2905 3409 piam
2959 3336 3206 3392 Matrem
3254 3338 3493 3393 Domini
3537 3338 3813 3399 scienter

2130 3425 2450 3492 otl'enderit,
2485 3426 2697 3480 bonam
2726 3424 3088 3480 voluntatem
3122 3424 3253 3480 Filii
3283 3426 3417 3497 ejus
3464 3414 3812 3501 un'igeniti,

2128 3515 2246 3571 imo
2277 3519 2332 3571 et
2362 3512 2731 3587 primogeniti
2758 3512 3069 3569 Salvatoris
3090 3514 3280 3570 nostri
3300 3513 3521 3571 habere
3543 3517 3812 3574 omnino

2130 3621 2245 3660 non
2263 3603 2491 3676 poterit.
2508 3601 2774 3658 Decimas
2786 3606 2842 3658 et
2854 3600 3181 3659 oblationes
3199 3606 3583 3660 mortuorum
3596 3606 3815 3677 quiete

2131 3694 2242 3748 ista
2270 3696 2460 3747 teneat
2487 3689 2749 3747 ecclesia.
2774 3690 2890 3746 Nec
2910 3690 3201 3747 ordinatio
3226 3691 3704 3764 monachorum,
3722 3694 3816 3751 vel

2132 3782 2601 3851 presbyterorum
2618 3779 2799 3850 hujus
2822 3778 3190 3849 monasterii,
3214 3780 3303 3836 Vel
3324 3779 3626 3838 cellarum
3652 3786 3817 3855 ejus,

2130 3886 2164 3924 a
2193 3869 2399 3940 quovis
2428 3867 2509 3923 ibi
2539 3868 2640 3923 ﬁat
2668 3868 2968 3940 episcopo,
3001 3867 3118 3925 nisi
3150 3885 3327 3941 quem
3360 3870 3553 3927 abbas
3585 3871 3819 3929 invita-

2128 3957 2294 4025 verit,
2326 3961 2446 4022 aut,
2477 3956 2525 4011 si
2558 3972 2673 4011 non
2705 3956 2889 4025 adest,
2924 3973 3030 4013 suo
3062 3963 3352 4030 praecepto
3383 3959 3517 4029 ejus
3549 3976 3818 4035 congre-

2130 4045 2307 4118 gatio,
2341 4044 2562 4101 scilicet
2590 4045 2729 4116 quia
2756 4045 2838 4101 ita
2866 4044 3121 4101 habetur
3158 4045 3220 4102 in
3265 4045 3581 4120 privilegio
3637 4050 3818 4106 bonae

2132 4132 2425 4189 memoriae
2452 4134 2621 4189 Pauli
2648 4149 2823 4206 papae,
2858 4137 2925 4189 ut
2952 4133 3247 4206 synodum
3278 4133 3490 4191 nullus
3521 4134 3631 4193 hic
3667 4138 3821 4195 cele-

2132 4223 2258 4278 bret
2286 4221 2614 4294 episcopus,
2648 4238 2755 4278 nec
2785 4220 2899 4278 alio
2927 4223 3126 4279 venire
3146 4222 3527 4297 constringat
3548 4228 3816 4299 presby-

2130 4317 2284 4367 teros
2313 4309 2499 4382 ipsius
2521 4308 2785 4377 abbatias,
2801 4309 3081 4382 quoniam
3095 4311 3252 4383 quod
3264 4312 3338 4367 ab
3353 4311 3488 4384 ipso
3515 4311 3621 4370 hic
3638 4302 3813 4371 locus

2131 4417 2235 4474 per
2262 4398 2632 4471 privilegium
2648 4398 2923 4469 obtinuit,
2937 4399 3379 4474 nosinfringere
3395 4400 3726 4461 nolumus.
3748 4392 3814 4460 Et

2132 4488 2596 4543 consecrationes
2624 4486 3004 4543 ecclesiarum
3035 4504 3069 4544 a
3098 4487 3306 4560 quovis
3338 4495 3576 4561 quaret
3615 4492 3812 4549 abbas

2132 4576 2401 4649 religioso
2433 4575 2742 4649 episcopo;
2775 4576 2989 4632 habeat
3019 4576 3199 4632 simul
3248 4581 3304 4633 et
3352 4577 3661 4636 chrisma.
3720 4582 3810 4637 Ad

2130 4666 2406 4721 idoneum
2439 4664 2708 4721 abbatem
2738 4663 3095 4736 eligendum,
3120 4665 3455 4722 secundum
3469 4670 3691 4726 Sancti
3711 4670 3815 4726 Be-

2130 4753 2342 4810 nedicti
2375 4751 2657 4827 regulam,
2690 4752 2768 4809 sit
2797 4752 3129 4810 communis
3168 4770 3527 4826 consensus,
3583 4762 3647 4814 et
3695 4759 3810 4815 im-

2127 4842 2355 4914 pleatur
2411 4840 2610 4914 petitio
2671 4840 2941 4897 fratrum.
2992 4841 3278 4914 Spiritum
3328 4847 3425 4899 est
3478 4849 3695 4903 autem
3746 4847 3811 4901 in

2127 4930 2488 4987 canonibus:
2567 4931 2850 4987 Invasere:
2905 4933 3266 4987 ecclesiarum
3328 4935 3455 4989 sine
3525 4926 3815 4992 dilatione

2128 5020 2684 5078 excommunicentur.
2732 5020 2910 5090 Cujus
2950 5020 3032 5075 rei
3072 5020 3263 5094 gratia
3309 5037 3564 5079 necesse
3612 5029 3715 5082 est
3744 5030 3813 5082 ut

2126 5107 2316 5164 omnis
2354 5107 2578 5163 invasio
2607 5108 2667 5164 in
2698 5108 2974 5164 universa
3003 5113 3195 5165 cesset
3218 5108 3505 5179 Ecclesia,
3532 5115 3812 5170 maxime

2124 5198 2184 5254 in
2214 5197 2357 5254 locis
2387 5213 2518 5268 quas
2544 5195 2654 5251 sibi
2685 5196 2881 5252 dicata
2909 5200 3067 5253 tenet
3095 5197 3271 5254 beata
3299 5196 3516 5267 Maria,
3547 5202 3656 5258 cui
3705 5203 3809 5276 qui

2124 5286 2315 5343 aufert
2335 5302 2463 5353 sua,
2483 5288 2680 5342 teneat
2696 5284 2995 5342 incurrere
3016 5285 3352 5343 anathema.
3376 5286 3609 5361 Magna
3639 5291 3811 5347 enim

2124 5372 2671 5440 eXcommunicatio,
2686 5374 2818 5430 Filii
2830 5375 3040 5432 matris
3053 5374 3313 5448 Virginis
3326 5380 3420 5432 est
3430 5375 3811 5452 indignatio.

2125 5463 2387 5519 Exaltata
2433 5478 2610 5534 super
2656 5463 2865 5519 choros
2912 5462 3255 5536 angelorum
3309 5463 3527 5538 Maria,
3578 5468 3815 5525 exaltet

2124 5554 2565 5611 conservantem
2596 5551 2750 5610 bona
2778 5569 2906 5611 sua.
2919 5557 3031 5610 Pro
3043 5552 3305 5611 Dominae
3317 5569 3443 5610 sua:
3455 5558 3815 5617 reverentia

2123 5639 2391 5719 princeps
2429 5638 2828 5719 apostolorum
2877 5640 3085 5704 Petrus
3128 5640 3276 5701 ditet
3320 5640 3500 5703 illum
3552 5662 3814 5727 semper
