3922 6448
176 378 317 451 ΞΟΙ’
1527 390 1945 452 EXPOSI'I‘IO
1990 393 2496 456 PSALMORUM.

186 519 356 599 Deus
378 510 449 567 in
469 513 819 574 Trinitate
843 520 1037 578 Pater
1064 524 1120 577 et
1140 520 1317 577 Filius
1340 524 1397 577 et
1419 521 1674 593 Spiritus
1693 526 1951 578 sanctus.
1985 525 2038 591 Α
2066 527 2099 578 7
2176 529 2244 581 Et
2272 526 2711 582 annuntiabunt
2741 528 2874 583 ereti
2887 528 3192 599 justitiam
3222 532 3349 598 ejus
3375 547 3388 584 :

212 596 382 691 tinus
412 604 652 661 tamen
685 606 873 663 Deus
907 610 1158 664 deorum
1193 608 1309 664 :dii
1335 609 1490 665 enim
1523 610 1801 664 dicuntur
1821 610 1956 691 boni
2170 615 2457 682 Quoniam
2491 619 2647 669 Deus
2651 616 2852 686 judeac
2877 596 2980 669 est.
3014 596 3388 684 Diapsatma.

224 687 861 754 bomines.Locutus
895 702 1014 765 est,
1039 699 1080 753 C
1108 716 1208 771 per
1227 697 1541 769 prophetas
1563 703 1619 752 et
1641 687 1956 770 apostolos
2135 707 2173 754 C
2205 701 2406 768 (Icelos,
2429 702 2581 758 viros
2602 704 2801 773 justos
2834 704 2991 770 dicit,
3018 704 3234 775 quibus
3264 705 3421 760 verbi
3451 705 3700 762 caelestis

232 778 302 835 Et
316 781 564 838 vocavit
596 787 875 851 terram,
907 785 971 840 id
1002 791 1092 842 est
1120 802 1306 859 genus
1344 786 1692 841 humanum.
1728 787 1773 843 ll
1823 787 1953 843 Cre-
2063 789 2420 861 dispensatio
2440 792 2821 846 condonatur.
2839 791 3119 854 Quoniam
3143 797 3291 847 Deus
3313 793 3497 864 judex
3518 798 3703 861 est,ac

246 868 449 926 dentes
469 871 630 927 deos
655 873 1021 946 nuncupari
1050 872 1394 946 voluit,quia
1414 875 1572 930 dedit
1592 874 1676 930 eis
1702 879 1952 947 potesta-
2063 876 2113 933 si
2142 878 2390 933 diceret:
2416 878 2522 943 Qui
2551 878 2735 934 nescit
2766 879 2983 945 falli,et
3004 877 3158 935 sicut
3177 880 3374 936 omnia
3398 882 3703 938 manifeste

254 963 369 1015 tem
391 958 553 1015 ﬁlios
573 959 689 1017 Dei
719 960 857 1017 fieri
885 962 1070 1034 (Joan.
1093 962 1209 1033 1).C
1232 963 1517 1017 Dicuntur
1538 963 1735 1034 itaque
1755 962 1857 1017 filii
1882 963 1956 1019 si-
2062 966 2240 1031 novit,
2262 965 2345 1021 ita
2376 967 2503 1021 sine
2531 967 2980 1039 reprehensione
3010 968 3305 1024 discernit.
3328 970 3375 1024 A
3393 969 3494 1025 Vel
3519 971 3704 1026 sancti

266 1052 357 1105 cut
372 1054 431 1104 et.
445 1049 532 1104 dii
556 1050 747 1121 :quia
770 1054 1105 1122 utrumque
1118 1050 1302 1122 gratia
1323 1054 1697 1121 praestatmon
1723 1056 1949 1107 natura.
2060 1052 2458 1125 przedicabunt
2478 1055 2869 1125 justitiam,id
2901 1060 2991 1111 est
3021 1057 3297 1112 mandata
3325 1056 3546 1126 ejus,et
3566 1075 3706 1130 prai-

265 1141 298 1192 2
409 1140 449 1194 Α
480 1137 636 1195 solis
666 1144 847 1193 ortus
875 1154 1055 1212 usque
1082 1139 1168 1193 ad
1194 1153 1452 1194 occasum
1484 1159 1502 1207 ;
2061 1141 2343 1196 dicabunt
2389 1143 2541 1213 quod
2574 1147 2663 1198 est
2704 1144 2887 1214 judcx
2929 1144 3191 1200 vivorum
3231 1149 3288 1201 et
3317 1150 3700 1215 mortuorum,

415 1231 500 1282 Es:
528 1226 675 1283 Sion
706 1226 941 1295 species
967 1225 1196 1281 decoris
1224 1226 1368 1295 ejus.
2060 1228 2188 1284 ideo
2210 1230 2447 1300 justitia
2475 1235 2563 1285 est
2590 1230 2870 1286 timenda.

336 1315 384 1371 C
415 1318 459 1370 Α
483 1313 631 1371 solis
660 1318 823 1379 ortu,
858 1329 967 1385 per
997 1313 1140 1369 solis
1169 1330 1405 1369 cursum
1445 1331 1456 1368 :
1493 1313 1829 1371 universum
1872 1315 1950 1370 si-
2059 1319 2092 1371 8
2201 1317 2356 1373 Audi
2382 1318 2637 1390 populus
2660 1336 2818 1374 meus
2847 1329 2902 1376 et
2933 1320 3139 1394 loquar
3171 1338 3183 1377 :
3213 1322 3400 1379 Israel
3416 1328 3472 1378 et
3501 1323 3705 1395 testiﬁ-

258 1403 519 1475 gniticat
547 1404 875 1470 mundum,
896 1402 1041 1473 quia
1071 1402 1228 1458 omni
1255 1407 1419 1458 terra:
1450 1402 1637 1457 oritur
1656 1406 1713 1458 et
1742 1402 1953 1458 occidit
2270 1406 2448 1461 eabor
2477 1408 2583 1463 libi
2615 1424 2629 1461 :

257 1493 518 1548 claritas
548 1493 704 1564 ejus.
740 1491 824 1546 Ex
852 1491 992 1545 Sion
1039 1490 1282 1562 species,
1307 1490 1690 1557 Hierusalem,
1725 1489 1782 1544 in
1834 1507 1953 1561 qua
2205 1497 2357 1549 Deus
2390 1499 2537 1550 Deus
2566 1501 2699 1551 tuus
2726 1513 2833 1569 ego
2863 1513 3008 1552 sum.

255 1598 448 1636 mons
473 1581 587 1637 iste
609 1581 781 1652 puris
805 1578 1111 1635 mentibus
1128 1578 1280 1635 velut
1300 1595 1685 1634 aureamassa
1698 1577 1952 1650 resplcn-
2129 1584 2169 1635 C
2197 1582 2343 1636 Audi
2376 1583 2628 1654 populus
2654 1585 2941 1647 meus,bic
2974 1586 3100 1657 ipsa
3128 1585 3352 1641 Veritas
3376 1603 3445 1641 ex
3468 1588 3701 1661 propria

253 1670 390 1725 det.
429 1669 515 1725 De
548 1669 659 1724 hac
691 1668 854 1723 enim
889 1668 1037 1722 urbe
1073 1672 1346 1723 exeuntes
1394 1666 1661 1739 apostoli,
1696 1667 1947 1738 speciem
2059 1684 2307 1739 persona
2339 1669 2614 1741 loquitur.
2630 1672 2886 1743 Populus
2907 1672 3002 1727 hic
3034 1673 3324 1744 significat
3352 1674 3579 1746 plebem
3602 1677 3699 1731 de-

254 1757 509 1813 decoris
539 1758 673 1827 ejus
706 1756 1209 1812 annuntiaverunt
1240 1756 1298 1810 in
1332 1760 1449 1810 toto
1472 1756 1608 1810 orbe
1635 1760 1946 1821 terrarum,
2056 1757 2430 1813 votam.Cum
2464 1759 2604 1814 dicit
2625 1760 2845 1830 audi,id
2877 1762 3201 1829 est,devota
3234 1768 3426 1817 mente
3448 1764 3695 1836 suscipe.

256 1848 432 1901 sicut
466 1845 658 1901 Isaias
689 1843 835 1899 dicit
868 1860 882 1897 :
922 1843 1003 1899 Ex
1047 1844 1181 1898 Sion
1240 1844 1419 1899 exibit
1465 1843 1573 1911 lex,
1609 1848 1664 1897 et
1704 1844 1942 1897 verbum
1982 1883 2023 1920 η
2062 1846 2312 1917 Loquar,
2337 1848 2585 1902 subaudi
2621 1849 2941 1920 profutura.
2976 1849 3381 1917 Testiﬁcari,id
3404 1856 3512 1917 est,
3533 1853 3702 1907 testi-

258 1933 514 1989 Domini
548 1933 624 1988 de
657 1930 1030 1987 Hierusalem
1065 1932 1210 2002 (lsai.
1244 1933 1323 2003 ιι).
1977 1930 2024 1948 ³¹
2057 1933 2319 1988 monium
2351 1934 2560 1989 dicere.
2595 1936 2754 1990 Tunc
2779 1936 3049 1992 ﬁdelibus
3085 1938 3487 1993 testimonium
3518 1939 3699 2004 dabit,

256 2024 296 2078 3
421 2026 581 2079 Deus
610 2023 934 2094 manifeste
968 2022 1155 2075 veniet
1186 2036 1199 2075 :
2056 2038 2189 2076 cum
2242 2022 2506 2077 dicturus
2554 2027 2641 2078 est
2674 2040 2687 2078 :
2720 2015 2943 2079 Esurivi
2992 2024 3150 2080 enim
3195 2030 3251 2080 et
3281 2024 3525 2084 dedistis
3554 2027 3699 2082 mihi

419 2115 579 2169 Deus
607 2115 813 2165 noster
845 2113 901 2164 et
933 2125 1053 2163 non
1081 2106 1303 2163 silebit.
2055 2110 2408 2166 manducare
2439 2112 2643 2181 (illatth.
2697 2113 2845 2183 xxv).
2876 2113 2977 2167 Est
3031 2112 3125 2168 hic
3173 2118 3369 2170 autem
3418 2131 3699 2188 magnum

336 2200 385 2255 C
419 2200 593 2255 Nunc
627 2199 700 2253 de
734 2196 999 2252 secundo
1026 2196 1239 2251 Christi
1272 2196 1521 2251 adventu
1555 2195 1834 2268 prepheta
1867 2195 1947 2249 di-
2054 2202 2484 2253 sacramentum
2504 2199 2646 2254 dum
2669 2200 2810 2254 dicit
2832 2217 2845 2254 :
2867 2200 3039 2268 Sum;
3063 2217 3197 2255 sum
3216 2201 3372 2257 enim
3395 2203 3698 2274 preprium

256 2292 366 2355 cit,
415 2287 743 2342 manifeste
799 2285 1015 2340 veniet.
1059 2284 1359 2339 Manifeste
1416 2301 1549 2339 vero
1590 2289 1727 2339 tunc
1756 2284 1945 2339 veniet
2053 2285 2478 2341 estdivinitatis
2499 2288 2831 2353 verbum,e0
2856 2289 3009 2359 quod
3038 2306 3270 2361 semper
3291 2290 3455 2346 adest
3475 2295 3532 2345 et
3556 2295 3701 2346 tem-

257 2377 575 2443 Christus,
596 2373 980 2446 quandojam
1006 2390 1120 2428 non
1143 2372 1296 2428 cruci
1320 2371 1946 2445 afﬁgendus,sedjudi-

256 2471 519 2521 caturus
546 2467 641 2518 est
673 2462 989 2517 mundum.
1025 2460 1166 2516 Silet
1195 2460 1351 2515 enim
1386 2461 1558 2515 modo
1590 2477 1692 2531 per
1720 2459 1943 2531 patien-

258 2554 420 2609 tiam
453 2568 595 2607 cum
630 2567 970 2623 peccamus,
1005 2554 1143 2604 tunc
1172 2555 1368 2604 autem
1400 2565 1514 2603 non
1564 2548 1775 2615 silebit,
1810 2564 1943 2602 cum

255 2638 585 2699 sceleratis
647 2638 920 2695 dicturus
980 2637 1135 2693 erit:
1170 2637 1252 2693 Ite
1301 2637 1360 2691 in
1420 2636 1614 2708 ignem
1662 2642 1942 2691 aeternum

255 2730 490 2800 (Matth.
525 2726 686 2797 xxv).
722 2726 1030 2783 Manifesta
1060 2743 1191 2781 vero
1235 2723 1468 2791 dicitur,
1501 2724 1668 2796 quasi
1703 2742 1737 2778 a
1774 2742 1944 2780 mane

258 2820 404 2875 dies
455 2817 652 2872 festus
703 2814 932 2871 dictum
984 2813 1068 2869 sic
1100 2830 1135 2869 a
1163 2813 1485 2883 sacrificiis,
1520 2813 1660 2884 quia
1706 2816 1825 2868 tota
1853 2813 1944 2868 die

256 2904 586 2963 festivitati
614 2908 949 2959 vacaretur.
2261 2919 2503 2973 semper.

256 2999 294 3052 4
416 2992 593 3065 Ignis
623 2993 685 3048 in
715 2996 1027 3061 conspectu
1057 2994 1184 3064 ejus
1213 2989 1594 3046 exardescet-z
2123 2994 2162 3047 C
2192 2993 2313 3047 Non
2348 2992 2408 3047 in
2438 2992 2737 3048 sacrificiis
2770 2993 2908 3065 tuis,
2936 2995 3007 3050 ad
3054 2994 3335 3067 populum
3377 2995 3690 3053 Judaicum

433 3072 531 3148 ἧς.
555 3080 626 3132 Et
667 3076 770 3152 :in
798 3072 1059 3128 circuitu
1079 3071 1203 3141 ejus
1231 3078 1536 3140 tempestas
1567 3068 1798 3126 calida.

2163 3080 2327 3147 uitur,
2363 3097 2478 3134 non
2502 3081 2627 3151 jam
2658 3082 3015 3153 exquirenda
3037 3099 3165 3139 esse
3201 3084 3489 3139 sacrificia
3518 3101 3695 3157 pecu-

334 3172 391 3223 Il
427 3166 596 3240 Ignis
623 3162 720 3218 hic
749 3159 1050 3233 duplicﬁm
1100 3158 1274 3214 habet
1320 3157 1616 3225 Virtutem,
1648 3157 1945 3213 illuminat
2054 3169 2214 3235 dum,
2244 3168 2342 3223 sed
2397 3184 2494 3222 eor
2550 3170 2885 3224 contritum.
2920 3169 3270 3226 Rolocausta
3321 3174 3519 3227 autem
3566 3188 3696 3228 esse

252 3254 432 3312 enim
462 3257 523 3309 et
557 3250 771 3309 exurit.
805 3247 1115 3303 Gaudeant
1143 3246 1297 3301 enim
1322 3244 1469 3317 justi
1502 3261 1515 3299 ε
1550 3244 1689 3317 quia
1726 3244 1941 3300 illumi-
1972 3241 2015 3307 C
2054 3253 2357 3324 acceptain
2378 3258 2691 3325 conspectu
2722 3255 3075 3322 suo,seilicet
3104 3258 3336 3328 quando
3358 3274 3565 3312 meuns
3587 3275 3695 3313 no-

253 3348 497 3400 nantur
542 3358 615 3396 ex
657 3356 746 3407 eo,
779 3337 1033 3392 timeant
1079 3338 1428 3405 peccatores,
1475 3333 1613 3405 quia
1662 3334 1938 3388 exurendi
2050 3347 2170 3397 stra
2200 3341 2396 3395 divino
2430 3358 2625 3396 amore
2656 3358 2960 3411 succensa,
2992 3350 3228 3415 peccata
3272 3361 3379 3399 sua
3408 3344 3696 3401 lamenta-

251 3436 415 3488 sunt
447 3431 524 3486 ab
556 3446 645 3485 eo.
676 3427 719 3482 C
746 3430 882 3481 Haec
914 3427 1233 3495 tempestas
1260 3439 1373 3477 non
1405 3422 1593 3477 ventis
1616 3423 1940 3495 agitur,nec

2163 3446 2203 3483 ie
2236 3429 2506 3499 decoquit
2532 3434 2589 3484 et
2618 3429 3010 3498 tribulatione,
3045 3435 3110 3486 ut
3139 3433 3399 3487 cruciatu
3423 3448 3696 3504 corporeo

252 3518 547 3595 procellis
578 3514 959 3573 saevientibus
980 3511 1284 3577 excitatur,
1301 3511 1400 3565 sed
1433 3526 1501 3564 ex
1523 3510 1717 3566 divina
1738 3514 1942 3582 poten-
2049 3517 2247 3572 omnia
2273 3517 2412 3571 vitia
2440 3522 2663 3584 exusta,
2697 3523 3137 3575 consumantur.

250 3611 349 3665 tia
381 3607 709 3663 vehemens
741 3601 996 3675 spiritus
1026 3600 1347 3672 consurgit,
1382 3603 1448 3653 ut
1488 3615 1621 3653 arca
1661 3599 1892 3655 Domini
1924 3616 1938 3653 ι
2052 3608 2118 3659 10
2190 3610 2314 3663 Non
2336 3606 2620 3678 accipiam
2652 3606 2723 3661 de
2752 3607 2925 3663 domo
2953 3615 3058 3662 tua
3084 3609 3289 3665 vitulos
3320 3630 3340 3664 .-

253 3696 576 3770 mquitatis
607 3695 739 3765 ejus
771 3689 1068 3747 sententia
1097 3686 1425 3742 vcntiletur.
1452 3687 1613 3741 Tunc
1654 3688 1943 3743 frumenta
2189 3694 2373 3766 Neque
2394 3696 2468 3749 de
2489 3694 2772 3767 gregibus
2801 3697 2921 3750 tuis
2952 3694 3165 3752 Ιιίνεος,

253 3786 660 3858 sequestrata
682 3776 1070 3853 paleis.Qued
1083 3774 1375 3847 judicium
1400 3774 1604 3829 merito
1629 3779 1944 3846 tempestas
2120 3782 2159 3837 C
2188 3784 2331 3837 Cum
2363 3782 2476 3837 duo
2508 3782 2729 3854 respuit
2755 3783 3024 3839 universa
3055 3785 3229 3857 primi
3269 3785 3549 3857 temporis
3602 3802 3693 3840 ss-

253 3875 515 3938 dicitur,
547 3869 689 3942 quia
716 3866 1107 3940 improvisum
1140 3864 1421 3931 veniet,et
1451 3862 1631 3917 nimia
1654 3862 1944 3918 celeritate
2051 3869 2271 3925 criﬁcia
2299 3870 2565 3942 designat
2596 3871 2784 3926 modis
2814 3873 3087 3928 omnibus
3117 3873 3694 3947 excludenda,signi-

254 3965 463 4019 bonos
491 3960 810 4015 discernet.
2052 3958 2261 4013 ﬁcatur
2289 3958 2444 4014 enim
2475 3976 2508 4014 a
2537 3962 2698 4030 parte
2721 3964 2934 4015 totum.
3610 3961 3614 3965 “

256 4054 298 4107 5
418 4048 744 4105 Adeoeavit
776 4041 1000 4100 calum
1031 4041 1336 4098 desursum
1372 4057 1384 4094 :
2055 4046 2114 4100 11
2195 4047 2489 4118 Quoniam
2523 4061 2663 4103 mea?
2687 4058 2818 4103 sunt
2848 4064 3041 4103 omnes
3063 4048 3213 4123 fera:
3238 4047 3522 4105 silvarum
3558 4065 3571 4103 :

417 4143 489 4196 Et
515 4147 744 4193 terram
777 4133 1115 4189 discernere
1133 4128 1414 4203 populum
1445 4145 1631 4185 suum.
2192 4134 2456 4209 Iumenta
2490 4135 2551 4189 in
2570 4136 2858 4191 montibus
2886 4141 2940 4191 et
2964 4137 3143 4192 ὁοιισε,

342 4230 391 4283 Α
422 4225 747 4282 Advocavit
778 4218 1091 4285 cmlum,id
1124 4216 1544 4291 est,apostolos
1573 4215 1659 4271 vel
1691 4217 1946 4289 reliquos
2124 4224 2163 4278 C
2194 4222 2344 4277 Ferae
2391 4222 2689 4287 silvarum,
2722 4227 2921 4293 gentes
2970 4223 3280 4295 significat.
3313 4223 3594 4278 Jumenta
3633 4222 3694 4278 in

265 4320 539 4381 sanctos,
575 4312 676 4385 qui
723 4308 1019 4381 despectis
1062 4306 1331 4371 terrenis,
1365 4323 1490 4377 quae
1541 4322 1776 4360 sursum
1806 4310 1948 4361 sunt
2056 4310 2374 4377 montibus,
2395 4309 2690 4383 simplices
2722 4311 2778 4365 in
2814 4310 3097 4366 catholica
3119 4311 3575 4381 Ecclesia,quiin
3606 4327 3697 4367 ca-

268 4403 542 4476 sapiunt.
568 4397 868 4456 Discernit
899 4400 1096 4452 autem
1130 4400 1410 4462 terrenos,
1431 4399 1494 4448 ut
1522 4410 1655 4447 cum
1688 4393 1949 4449 cmlestes
2055 4399 2285 4454 cumine
2316 4398 2449 4453 fidei
2480 4398 2742 4453 habitare
2771 4402 3111 4466 noscuntur,
3145 4398 3345 4463 Boves,
3379 4398 3693 4470 apostolos,

273 4496 589 4564 ponuntur
616 4488 691 4544 ad
721 4482 1123 4549 dexteram,hi
1146 4483 1217 4537 ad
1241 4482 1541 4537 sinistram
1570 4481 1944 4537 collocentur.
2056 4486 2368 4560 prephetas
2390 4490 2446 4541 et
2464 4484 2870 4558 praadicatorés
2895 4504 2907 4541 :
2933 4486 3032 4559 qui
3058 4487 3115 4541 in
3138 4503 3275 4559 agro
3304 4485 3530 4541 Domini
3553 4486 3698 4541 assi-

270 4584 308 4635 6
425 4582 806 4650 (ongregate
832 4571 933 4629 illi
960 4576 1197 4628 sanctos
1225 4573 1351 4642 ejus
1386 4587 1398 4626 :
1978 4594 2024 4659 D
2056 4577 2171 4631 duo
2202 4574 2398 4630 labore
2428 4572 2637 4629 versati
2669 4577 2827 4630 sunt.

3584 404 3701 463 202
3750 380 3759 389 ’

2054 2391 2189 2446 pore
2222 2391 2335 2429 non
2369 2378 2634 2429 mutatur
2662 2374 2955 2431 divinitas.
2989 2376 3090 2431 Est
3131 2393 3264 2432 vero
3314 2377 3393 2431 ibi
3446 2384 3501 2432 et
3534 2378 3691 2434 aliud

2053 2463 2660 2533 sacramentum,quia
2690 2462 2907 2518 scilicet
2940 2480 3056 2517 una
3087 2464 3311 2535 syllaba
3330 2466 3519 2521 tribus
3548 2450 3695 2521 litte-

2053 2550 2133 2604 ris
2164 2550 2509 2618 continetur,
2544 2555 2609 2606 ut
2639 2556 2841 2606 sancta
2871 2551 3128 2608 Trinitas
3158 2570 3311 2608 unus
3361 2553 3516 2609 Deus
3565 2571 3694 2610 esse

2052 2637 2345 2694 doceatur.

2051 2728 2086 2780 9
2196 2732 2321 2784 Non
2353 2729 2414 2782 in
2443 2726 2755 2800 sacriﬁciis
2776 2729 2884 2784 tuis
2912 2745 2973 2785 at
2990 2745 3169 2802 guam
3200 2739 3255 2786 te
3284 2750 3304 2785 .-

2194 2813 2562 2872 lloloeausta
2593 2823 2791 2872 autem
2823 2823 2929 2873 tua
2963 2819 3025 2873 in
3060 2823 3367 2890 conspectu
3395 2835 3521 2875 meo
3559 2825 3694 2875 sunt

420 4669 546 4739 Qui
556 4666 853 4723 ordinant
866 4665 1274 4718 testamentum
1299 4663 1423 4732 ejus
1435 4675 1609 4733 super
1624 4659 1945 4731 sacriﬁcia.

349 4757 392 4813 C
422 4757 594 4812 Nunc
625 4766 931 4825 synagoga
960 4748 1200 4814 Christi,
1221 4747 1397 4803 verba
1429 4747 1564 4802 facit
1595 4747 1665 4802 ad
1689 4746 1946 4820 angelos,

281 4845 379 4918 qui
412 4842 752 4901 ministerio
785 4855 895 4895 suo
927 4838 986 4891 in
1004 4838 1133 4892 Jine
1153 4834 1348 4892 smculi
1373 4834 1810 4908 congregabunt
1834 4852 1951 4891 cm-

282 4951 382 4990 nes
414 4935 658 4989 sanctos
691 4929 765 4983 de
795 4925 1068 4982 universo
1102 4924 1343 4980 mundo.
1380 4924 1421 4979 ll
1455 4922 1559 4986 Qui
1594 4923 1947 4989 ordinant,id

282 5022 508 5095 est,qui
542 5017 737 5077 sancti
767 5015 1092 5089 prmdicant
1123 5012 1209 5068 vel
1241 5010 1490 5083 implent
1510 5012 1948 5068 Testamentum

281 5110 500 5168 Novum
534 5123 725 5181 super
748 5104 955 5170 Vetus,
989 5106 1055 5157 ut
1102 5118 1204 5174 per
1254 5101 1695 5155 Testamentum
1742 5117 1948 5156 novam

2060 4666 2126 4719 12
2200 4664 2455 4736 Cognovi
2482 4664 2685 4719 omnia
2713 4664 2980 4719 volatilia
3010 4662 3143 4719 coeli
3171 4667 3195 4720 Ρ

2197 4755 2273 4809 Et
2293 4751 2681 4826 pulchritudo
2710 4753 2853 4825 agri
2881 4769 3100 4808 meeum
3124 4759 3227 4807 est.

2128 4844 2186 4898 C.
2220 4842 2358 4906 Quis
2387 4842 2539 4897 enim
2573 4840 2769 4897 omnia
2801 4840 3057 4897 volatilia
3086 4838 3210 4896 caeli
3245 4843 3437 4916 potest
3460 4854 3702 4913 cognos-

2058 4945 2188 4986 cere
2218 4929 2328 4986 nisi
2361 4930 2485 4985 sola
2516 4931 2818 5001 majestas,
2850 4945 2966 5001 quo
2994 4926 3280 4985 versiculo
3307 4932 3513 4983 cuncta
3538 4944 3701 4983 com-

2059 5017 2263 5090 plexus
2294 5022 2402 5073 est.
2435 5020 2479 5072 A
2520 5016 2890 5072 Pulchritudo
2939 5017 3060 5090 agri
3112 5033 3242 5071 cum
3291 5015 3391 5072 illo
3422 5020 3529 5083 est,
3562 5016 3704 5087 quia

2060 5106 2157 5162 ubi
2188 5105 2454 5174 voluerit,
2490 5105 2654 5178 copia
2679 5107 2942 5161 omnium
2975 5122 3169 5161 rerum
3200 5104 3285 5161 vel
3326 5104 3705 5162 administra-

277 5198 485 5275 legem,
505 5215 618 5273 per
644 5192 944 5252 sacriﬁcia
971 5194 1224 5247 veterem
1258 5187 1635 5275 intelligas.A
1664 5188 1706 5243 C
1726 5187 1827 5244 Vel
1851 5190 1949 5262 qui

274 5274 555 5347 ordinant
581 5284 1066 5347 Testamentum,
1104 5277 1160 5333 id
1192 5281 1299 5342 est,
1314 5274 1717 5332 ordinabiliter
1734 5278 1877 5334 dant
1896 5282 1954 5333 et

267 5381 493 5438 faciunt
526 5376 696 5434 sicut
744 5373 1002 5425 testatus
1049 5371 1140 5423 est
1188 5364 1456 5423 Christus
1506 5363 1611 5435 eis,
1646 5366 1743 5437 qui
1777 5383 1953 5438 opera

266 5462 700 5527 misericordiae
726 5460 1003 5515 exercent
1026 5472 1041 5513 :
1065 5471 1310 5527 regnum
1334 5452 1625 5523 accepturi
1648 5458 1950 5525 internum,

263 5560 318 5618 in
351 5570 625 5633 quorum
666 5543 1160 5606 miserationibus
1191 5543 1346 5599 Deus
1366 5556 1544 5614 super
1565 5540 1760 5597 omnia
1781 5542 1953 5598 saeri-
2061 5552 2126 5604 ut
2155 5548 2328 5604 faciat
2356 5547 2494 5619 quis
2518 5544 2877 5602 voluntatem
2912 5547 3038 5618 ejus
3066 5547 3243 5615 (Jonn.
3275 5548 3375 5613 1v),
3396 5560 3532 5633 ergo
3554 5543 3705 5597 tacet

257 5631 391 5711 licia
418 5642 795 5706 delectatum
2058 5635 2262 5695 lsraeli
2292 5651 2461 5695 suam
2484 5635 2905 5709 esuriem,quia
2925 5637 3219 5712 exspectat
3236 5631 3554 5708 peccatoris
3569 5642 3703 5684 con-

600 5766 892 5832 Ρλτιιοι..
940 5756 1178 5824 CXLII.

3346 5756 3389 5837 Ζ

2058 5197 2154 5249 tur
2181 5193 2269 5250 vel
2302 5199 2565 5266 negatur.

2060 5281 2128 5337 43
2197 5283 2263 5340 Si
2290 5283 2550 5339 csuriero
2570 5298 2683 5337 non
2713 5283 2906 5339 dicam
2936 5282 3079 5339 tibi:

2201 5371 2349 5426 Meus
2362 5376 2447 5426 est
2468 5371 2624 5425 enim
2646 5371 2807 5426 orbis
2837 5376 2892 5434 -ξ-
2906 5376 3086 5427 terrae
3124 5394 3141 5431 :
3174 5375 3230 5425 et
3245 5368 3418 5442 pleni
3423 5368 3565 5425 ludo
3581 5371 3709 5439 ejus

2132 5460 2172 5514 ll
2210 5458 2442 5515 Esurire
2462 5457 2585 5524 Dei,
2618 5462 2707 5515 est
2756 5475 2874 5514 non
2931 5461 2991 5514 in
3022 5458 3169 5515 escis
3218 5456 3571 5523 carnalibus,
3602 5454 3702 5509 sed
