3898 6356
123 396 241 486 esi

1102 417 1510 483 EP‘ISTOLJE
1551 417 1654 480 ET
1694 415 2057 479 DEGRETA
2100 414 2569 480 PONTIFICIA.

126 550 534 610 benedictione
566 549 904 625 apostolica,
937 556 1227 607 annuente
1246 551 1353 607 hoc
1382 550 1637 623 Virginis
1671 550 1771 603 Pa-
1803 549 1856 615 Α
1958 548 2101 603 Cum
2135 549 2482 605 universalis
2508 552 2711 603 sancta
2734 550 2917 603 mater
2938 547 3186 604 Ecclesia
3204 564 3306 621 per
3322 550 3526 622 glorio-

127 642 260 710 tris,
295 659 361 698 ac
386 641 642 715 Virginis
702 642 907 698 matris
947 641 1045 698 Dei
1103 640 1514 714 omnipotentis
1563 638 1768 710 gratia.

128 730 287 787 Bene
316 731 516 786 valete.

198 819 409 875 Datum
442 836 505 875 ιιι
554 820 694 874 Idus
741 817 1079 875 Decembris
1115 835 1216 891 per
1248 834 1459 873 manus
1489 815 1774 873 Frederici

123 907 355 964 diaconi
384 912 597 965 sanctas
631 908 902 964 Romanae
927 908 1190 963 Ecclesiae
1211 906 1633 963 bibliothecarii
1653 906 1775 961 vice

123 996 330 1051 domui
378 996 717 1052 Herimanni
768 993 1266 1051 archicancellarii
1305 998 1361 1049 et
1415 990 1774 1049 Coloniensis

124 1084 575 1157 archiepiscopi,
612 1077 770 1141 anno
802 1084 1001 1140 domni
1033 1083 1240 1139 Leonis
1274 1082 1345 1138 IX
1376 1097 1540 1156 papas
1569 1098 1651 1149 III,
1684 1081 1773 1136 in-

124 1173 386 1229 dictione
416 1191 468 1228 v.

857 1280 1044 1335 LXIII.

123 1368 300 1423 Bulla
330 1368 385 1423 S.
418 1370 611 1424 Leonis
641 1370 707 1424 IX
732 1385 841 1440 qua
891 1368 1163 1440 Stephano
1186 1439 1190 1440 ί
1211 1369 1490 1440 Aniciensi
1534 1368 1776 1440 episeopo

198 1442 421 1511 ejusque
445 1438 840 1495 successoribus
875 1438 1032 1494 usuin
1074 1439 1243 1511 pallii
1270 1439 1531 1502 concedit,
1563 1454 1625 1493 ea
1664 1438 1778 1508 lege

199 1517 265 1565 ut
290 1529 323 1567 a
350 1513 601 1583 pontiﬁce
628 1516 871 1568 Romano
900 1511 1238 1566 ordinentur.

751 1601 937 1671 (Anno
971 1599 1151 1669 1051.)

552 1688 717 1760 [ϐαιι.
761 1688 963 1743 Christ.
1006 1705 1059 1742 α.
1096 1687 1166 1753 ΙΙ,
1199 1689 1348 1758 227.]

197 1795 331 1862 LEO,
357 1811 561 1850 servus
592 1810 894 1850 servorum
919 1793 1041 1862 Dei,
1068 1794 1389 1858 STEPHANO,
1414 1795 1625 1848 sanctae
1646 1791 1774 1847 Ani-

119 1880 337 1937 ciensis
362 1882 625 1938 Ecclesiae
656 1881 974 1938 venerabili
1015 1882 1309 1954 episcopo,
1345 1884 1685 1954 perpetuam
1716 1880 1775 1935 in

121 1969 372 2025 Domino
404 1970 676 2027 salutem.

191 2059 251 2114 Si
286 2063 549 2131 pastores
581 2060 777 2114 ovium
814 2057 1006 2115 solent
1035 2058 1168 2130 gelu
1202 2075 1305 2130 pro
1326 2057 1521 2131 gregis
1552 2058 1642 2113 sui
1673 2075 1771 2113 cu-

123 2147 318 2203 stodia
338 2148 431 2202 die
462 2164 526 2202 ac
552 2152 719 2202 nocte
743 2147 909 2213 ferre,
935 2150 1041 2201 etc.
1078 2145 1323 2201 Pallium
1347 2150 1539 2201 autem
1574 2146 1773 2201 frater-

123 2235 293 2291 nitati
323 2240 436 2292 tua
469 2236 843 2291 concedimus
870 2235 941 2290 ad
975 2235 1290 2290 missarum
1314 2234 1602 2290 solemnia
1629 2233 1772 2290 cele-

122 2324 371 2393 branda,
404 2341 507 2396 pro
538 2325 716 2380 beata:
746 2341 813 2380 ac
844 2323 1108 2397 gloriosee
1152 2340 1497 2396 semperque
1526 2322 1771 2395 virginis

123 2412 220 2469 Dei
243 2412 545 2484 genitricis
569 2414 762 2468 Mariae
789 2413 967 2486 digna
990 2413 1326 2479 reverentia,
1370 2413 1539 2483 cujus
1570 2413 1629 2466 in
1660 2412 1770 2466 hac

123 2501 372 2557 ecclesia
401 2501 716 2566 Anicieusi,
755 2519 881 2573 quae
914 2506 970 2556 et
988 2501 1371 2569 Vallavensis,
1398 2517 1498 2555 seu
1522 2500 1770 2555 Podium

122 2593 348 2646 Sanctae
378 2589 570 2645 Maria:
604 2588 838 2656 dicitur,
873 2589 1185 2661 specialius
1231 2606 1296 2644 ac
1338 2587 1770 2660 praecordialius

122 2695 241 2752 prae
271 2679 494 2735 caeteris
526 2677 787 2733 ecclesiis
818 2678 928 2733 sibi
985 2678 1195 2733 dicatis
1226 2676 1455 2743 colitur,
1516 2680 1765 2744 amatur,

123 2771 433 2823 veneratur
479 2767 762 2822 memoria
812 2784 845 2821 a
893 2766 1119 2822 cunctis
1168 2766 1268 2836 qui
1314 2766 1768 2837 circumquaque

123 2858 393 2913 universa
422 2860 729 2912 morantur
759 2856 818 2910 in
850 2855 1054 2911 Gallia.
1098 2856 1223 2909 Haec
1274 2859 1492 2922 sancta,
1543 2855 1659 2925 pia,
1711 2859 1768 2909 et

122 2946 396 3019 praeclara
410 2944 653 3017 virginis
673 2944 865 3000 Marize
891 2944 1145 3016 dignitas
1164 2945 1234 2999 ab
1258 2943 1530 2998 omnibus
1552 2943 1769 2998 usitata

123 3052 156 3091 a
184 3035 358 3093 nobis
390 3034 609 3089 arctius
640 3037 697 3088 et
724 3033 955 3089 beatius
984 3032 1204 3088 honore
1228 3048 1461 3088 summo
1500 3037 1558 3087 et
1587 3030 1770 3104 gloria

122 3121 431 3196 multiplici
488 3126 578 3178 est
634 3122 962 3189 cxaltanda,
1005 3126 1069 3176 ut
1111 3122 1238 3192 ejus
1292 3121 1767 3176 intercessionem

123 3212 433 3285 propitiam
464 3211 806 3277 habeamus,
841 3211 912 3266 ad
941 3210 1129 3282 ipsius
1162 3209 1537 3282 Unigenitum
1570 3210 1769 3265 multis

124 3284 534 3357 misericordiae
565 3315 827 3354 veracem
859 3302 915 3353 et
944 3299 1285 3371 benignum,
1308 3302 1438 3366 etc,
1474 3298 1611 3370 quia
1659 3315 1763 3353 nec
1793 3284 1835 3351 C

128 3390 407 3461 potiorem
459 3388 686 3443 meritis
734 3388 1096 3443 inveniemus
1127 3388 1197 3443 ad
1243 3386 1589 3459 placandam
1622 3386 1770 3442 iram

131 3478 353 3534 Judicis
376 3493 553 3550 quam
576 3476 738 3532 illam
761 3494 885 3549 qua:
910 3476 1125 3532 meruit
1148 3477 1412 3547 ejusdem
1436 3481 1621 3531 mater
1644 3492 1771 3531 esse

130 3570 183 3622 et
214 3565 622 3638 Redemptoris
655 3569 711 3621 et
739 3565 963 3621 Judicis
998 3583 1009 3632 ;
1044 3565 1102 3619 in
1136 3565 1305 3635 cujus
1330 3564 1639 3620 Nativitate
1668 3564 1774 3619 hu-

130 3654 390 3723 millima,
425 3658 482 3710 et
510 3654 854 3727 Epiphania,
887 3653 943 3708 in
976 3653 1163 3726 ipsius
1190 3653 1423 3709 Domini
1445 3652 1770 3709 memoriali

130 3749 313 3812 Coma,
348 3744 408 3799 in
433 3743 604 3814 cujus
626 3742 1067 3799 Resurrectione
1090 3743 1465 3798 sanctissima
1488 3746 1544 3797 et
1564 3744 1774 3797 Ascen-

118 3833 288 3888 sione
301 3831 573 3905 gloriosa,
590 3832 718 3887 etin
735 3832 1103 3886 Pentecostes
1119 3830 1485 3886 solemnitate
1500 3830 1771 3902 pretiosa,

131 3920 231 3975 tibi
281 3921 479 3991 frater,
510 3918 687 3992 pallio
717 3918 801 3974 uti
836 3919 1232 3984 concedimus,
1275 3924 1332 3974 et
1379 3920 1436 3974 in
1469 3918 1775 3974 Natalibus

132 4009 522 4081 apostolorum
556 4008 703 4063 Petri
738 4011 793 4063 et
826 4007 1009 4074 Pauli,
1043 4007 1221 4063 simul
1264 4012 1321 4062 et
1364 4007 1603 4061 Andreae
1636 4023 1771 4079 apo-

82 4110 87 4113 ‘
135 4097 284 4168 stoli,
316 4102 373 4154 et
403 4096 464 4153 in
488 4096 763 4152 omnibus
786 4096 1261 4152 solemnitatibus
1283 4096 1389 4168 pia;
1414 4095 1775 4151 interventri-

138 4185 236 4253 cis,
269 4186 431 4243 mitis
455 4184 703 4241 dominas
728 4190 937 4241 nostrae
956 4203 1021 4241 ac
1042 4190 1175 4256 tua},
1201 4186 1378 4240 beata:
1402 4184 1615 4252 Mariae,
1639 4188 1695 4240 et
1719 4183 1777 4239 in

138 4274 494 4332 dedicatione
542 4274 797 4330 ecclesiae
843 4279 995 4342 tuae;
1029 4292 1097 4330 ea
1127 4274 1416 4346 siquidem
1450 4274 1779 4329 conditione

140 4366 222 4431 ut,
254 4364 407 4420 sicut
434 4362 693 4419 ecclesiae
720 4367 856 4432 tuae,
888 4362 1205 4436 privilegiis
1232 4363 1292 4417 in
1326 4380 1431 4418 suo
1463 4366 1619 4418 statu
1650 4379 1778 4434 per-

144 4452 536 4521 manantibus,
570 4452 858 4508 ordinatio
892 4452 1298 4525 episcoporum
1321 4451 1501 4523 hujus
1525 4451 1681 4508 sedis
1708 4452 1779 4507 ad

145 4538 467 4597 Romanum
497 4545 717 4614 spectet
739 4541 1100 4613 pontiﬁcem,
1121 4540 1202 4596 ita
1225 4541 1401 4597 etiam
1426 4541 1497 4596 ad
1528 4540 1685 4596 hunc
1704 4540 1783 4595 Io-

1885 655 1979 693 sos
2010 642 2178 694 terrm
2222 638 2536 710 principes,
2592 638 2851 708 Petrum,
2904 636 3125 695 scilicet
3180 638 3527 711 piscatorem

1882 727 2210 793 hominum,
2228 744 2292 781 ac
2307 726 2552 782 Paulum
2566 727 2861 782 doctorem
2881 727 3167 798 gentium,
3181 745 3295 799 prae
3310 727 3528 785 caeteris

1881 815 2354 887 cooperatoribus
2394 815 2647 870 maxime
2707 815 2785 870 sit
2826 816 3173 884 coadunata,
3220 816 3526 885 instructa,

1883 903 2059 959 simul
2090 908 2146 959 et
2176 903 2434 972 dilatata,
2469 903 2738 960 convenit
2767 904 2817 959 ei
2841 905 3176 961 conﬁrmari
3206 910 3264 961 et
3282 905 3531 962 detineri

1884 993 2079 1049 omnia
2108 1009 2233 1064 quae
2281 1010 2398 1049 suae
2445 993 2682 1049 ditionis
2721 1010 2787 1049 ac
2818 995 3127 1066 potestatis
3154 996 3531 1068 reperiuntur

1884 1080 2170 1153 specialia.

1954 1170 2007 1225 4.
2037 1171 2224 1232 Quare
2250 1170 2320 1225 ad
2343 1169 2521 1241 hujus
2542 1170 2857 1242 supradicti
2879 1171 3216 1227 monasterii
3240 1171 3527 1230 honorem

1886 1275 2116 1329 semper
2145 1259 2498 1330 augendum,
2518 1276 2818 1331 nunquam
2836 1260 3242 1327 minuendum,
3260 1261 3526 1317 concedi-

1886 1362 2018 1400 mus
2034 1346 2138 1401 hoc
2154 1345 2482 1417 apostolicis
2499 1346 2851 1403 defensionis
2863 1348 3229 1420 privilegium
3245 1353 3312 1405 ut
3327 1353 3526 1407 teneat

1887 1435 2039 1506 quod
2073 1434 2267 1502 habet,
2302 1434 2524 1491 scilicet
2549 1434 2724 1491 cellas
2754 1452 2915 1504 suas,
2944 1440 3001 1491 et
3020 1436 3312 1507 ecclesias,
3336 1442 3524 1495 cortes

1886 1541 2025 1579 suas
2057 1540 2121 1578 ac
2154 1523 2390 1594 plebes;
2438 1524 2649 1578 fundos
2697 1523 2872 1578 etiam
2901 1528 2957 1579 et
3006 1524 3248 1594 casales,
3296 1526 3527 1597 plebem

1886 1612 2108 1668 scilicet
2126 1612 2324 1667 Sancti
2347 1612 2691 1681 Constantii,
2724 1616 2781 1667 et
2800 1612 2995 1669 Sancti
3027 1613 3222 1669 Ruﬁni
3249 1630 3315 1670 ac
3337 1615 3535 1672 Sancti

1885 1701 2137 1767 Martini,
2175 1706 2233 1757 et
2264 1702 2572 1757 ecclesiam
2606 1702 2830 1757 Sanctae
2878 1701 3073 1758 Mariis
3108 1702 3168 1758 in
3214 1702 3531 1776 Agellione,

1886 1807 2019 1845 cum
2052 1790 2175 1846 suis
2210 1790 2603 1862 pertinentiis,
2636 1794 2855 1846 cortem
2887 1791 2959 1846 de
2998 1791 3198 1848 Casale
3228 1796 3286 1848 et
3314 1796 3533 1850 cortem

1885 1880 2079 1935 Sancti
2097 1879 2338 1950 Justini,
2358 1884 2414 1935 et
2430 1880 2803 1936 medietatem
2817 1880 3072 1937 ecclesiae
3092 1883 3315 1937 Sanctis
3337 1882 3528 1939 Mariis

1874 1970 2045 2039 juxta
2074 1969 2299 2024 ﬂumen
2329 1969 2553 2024 Tiberis
2582 1969 2805 2041 posita,
2837 1987 2971 2025 cum
3012 1986 3120 2026 sua
3148 1971 3522 2043 pertinentia,

1882 2063 2099 2113 cortem
2132 2058 2202 2113 de
2233 2057 2597 2129 Petroniana,
2619 2058 3045 2131 ecclesiamque
3065 2059 3288 2115 Sanctae
3328 2059 3521 2115 Mari-aa

1880 2146 1939 2201 in
1952 2147 2274 2215 Petiniano,
2289 2151 2343 2202 et
2360 2146 2662 2202 ecclesiam
2675 2148 2871 2203 Sancti
2888 2147 3201 2204 Clementis
3214 2150 3389 2220 atque
3404 2163 3525 2204 me-

1880 2235 2150 2291 dietatem
2175 2235 2427 2291 ecclesias
2450 2235 2647 2291 Sancti
2668 2236 2875 2291 Donati
2896 2235 2956 2290 in
2973 2234 3258 2305 Civitella;
3282 2253 3388 2292 nec
3404 2252 3520 2292 non

1879 2328 1934 2380 et
1954 2328 2169 2380 terram
2199 2324 2417 2397 Ugonis
2440 2325 2664 2397 nepotis
2690 2323 2970 2380 Bernonis
2992 2325 3062 2379 de
3100 2325 3520 2398 Monte-Nigro.

1879 2413 2125 2484 Insuper
2145 2413 2564 2468 conﬁrmamus
2612 2413 2801 2469 eidem
2829 2412 3186 2469 monasterio
3230 2412 3293 2468 in
3321 2429 3525 2486 perpe-

1880 2505 2048 2556 tuum
2083 2503 2307 2557 Massas
2339 2502 2396 2556 in
2430 2502 2708 2557 comitatu
2738 2501 3019 2558 Perusino
3050 2501 3293 2574 positas,
3325 2514 3525 2571 unam,

1880 2607 2005 2661 qua)
2038 2594 2276 2645 vocatur
2305 2589 2543 2658 Pusulo,
2595 2594 2651 2646 et
2698 2589 2964 2659 alteram,
2999 2607 3125 2663 quae
3157 2594 3530 2663 nuncupatur

1877 2678 2149 2744 Casalini,
2183 2695 2315 2733 cum
2349 2678 2631 2747 ecclesiis,
2663 2679 2835 2747 casis,
2869 2679 3073 2746 vineis,
3106 2679 3353 2752 campis,
3389 2680 3525 2735 hor-

1877 2768 1973 2833 tis,
2006 2766 2305 2823 montibus
2355 2767 2529 2822 cultis
2560 2771 2616 2823 et
2666 2767 2905 2822 incultis
2952 2769 3344 2840 omnibusque
3394 2767 3522 2824 suis

1878 2856 2264 2927 pertinentiis.

1945 2948 1999 2999 2.
2033 2944 2349 2999 Licentiam
2375 2961 2606 3016 quoque
2636 2945 2846 3000 damus
2875 2946 2983 3001 tibi
3005 2946 3075 3001 de
3096 2944 3370 3001 omnibus
3399 2944 3520 3003 tuis

1878 3033 2121 3103 clericis,
2156 3038 2274 3089 tam
2309 3034 2365 3087 in
2417 3034 2773 3089 monasterio
2824 3033 3177 3106 degentibus
3226 3051 3521 3107 quamque

1878 3123 2054 3178 etiam
2086 3123 2225 3178 foris
2256 3122 2315 3177 in
2365 3123 2836 3194 possessionibus
2887 3125 3015 3194 ejus
3062 3124 3457 3194 manentibus,
3489 3140 3525 3181 a

1879 3229 2227 3285 quocunque
2256 3211 2510 3268 volueris
2541 3211 2745 3268 idoneo
2767 3216 2833 3268 et
2864 3212 3137 3268 canonice
3187 3213 3370 3269 locato
3399 3212 3522 3285 epi-

1880 3318 2054 3372 scopo
2086 3317 2186 3355 eos
2235 3300 2565 3366 ordinandi,
2617 3306 2673 3356 et
2730 3301 2988 3357 chrisma
3012 3301 3072 3356 in
3102 3301 3220 3358 tuis
3247 3302 3518 3373 plebibus

1880 3388 2157 3460 accipere,
2190 3388 2239 3443 si
2274 3393 2467 3444 tamen
2519 3389 2590 3443 ab
2642 3388 2912 3459 episcopo
2943 3390 3001 3442 in
3056 3390 3224 3459 cujus
3285 3388 3520 3444 dioecesi

1883 3477 2181 3549 praefatum
2205 3476 2626 3531 monasterium
2647 3476 2825 3531 situm
2848 3481 2958 3545 est,
2978 3493 3080 3532 nec
3100 3476 3519 3547 ordinationes,

1879 3580 1985 3619 nec
2016 3563 2272 3620 chrisma
2301 3563 2558 3636 potueris
2591 3562 2758 3619 facile
2787 3567 2847 3619 et
2895 3565 3079 3635 gratis
3108 3565 3388 3634 obtinere,
3421 3568 3525 3620 aut

1879 3653 2210 3724 impetrare,
2271 3657 2328 3708 et
2382 3654 2451 3708 de
2507 3651 2766 3708 ecclesiis
2834 3654 3245 3710 consecrandis
3320 3654 3526 3710 eodem

1882 3742 2074 3796 modo.

1952 3831 2004 3884 3.
2038 3829 2107 3883 Et
2149 3828 2349 3886 nullus
2400 3830 2712 3902 epiSCOpus
2770 3824 2843 3887 ad
2901 3832 3057 3888 idem
3105 3831 3529 3888 monasterium

1884 3918 2269 3990 pertinentem
2321 3920 2826 3976 excommunicare
2858 3924 2961 3976 aut
2988 3921 3268 3976 damnare
3297 3920 3528 3987 audeat,

1884 4007 1932 4062 si
1962 4007 2021 4061 in
2056 4023 2231 4062 causa
2262 4024 2369 4063 sua
2393 4012 2657 4063 nostrum
2689 4025 2755 4064 ac
2784 4013 2998 4065 sanctas
3021 4008 3348 4081 apostolicis
3370 4006 3530 4064 sedis

1885 4096 2273 4168 patrocinium
2306 4101 2362 4152 et
2391 4113 2633 4153 examen
2665 4097 2908 4170 ﬂagitat.

1956 4187 2010 4240 4.
2045 4184 2290 4241 Romani
2320 4190 2514 4241 autem
2547 4187 2841 4257 pontiﬁcis
2890 4187 3112 4244 donum
3165 4188 3432 4256 abbatiaa,
3477 4192 3535 4246 et

1888 4275 2069 4331 abbas
2101 4274 2224 4347 ipse
2268 4279 2323 4329 et
2374 4276 2733 4331 consecratio
2794 4277 3021 4334 abbatis
3074 4277 3151 4334 sit
3205 4278 3266 4334 in
3325 4294 3535 4351 perpe-

1888 4368 2078 4419 tuum.

1959 4455 2012 4508 5.
2046 4454 2116 4508 Et
2143 4453 2300 4509 omni
2335 4457 2559 4510 ramota
2580 4456 2976 4522 excusatione,
3001 4455 3114 4511 nisi
3136 4455 3433 4523 canonica,
3458 4456 3533 4512 ad

1892 4543 2202 4613 synodum,
2223 4543 2690 4615 quandocunque
2707 4561 2740 4600 a
2754 4561 2985 4601 summo
3005 4545 3277 4617 pontiﬁce
3290 4547 3535 4603 vocatus

145 4642 271 4685 cum
303 4632 667 4688 ordinandus
716 4648 818 4703 per
847 4648 952 4687 nos
997 4632 1328 4703 episcopus,
1381 4647 1484 4703 per
1521 4634 1781 4686 nostram
1818 4653 1862 4717 ι)
1895 4631 2091 4699 fuerit,
2124 4631 2333 4687 veniat.

146 4716 364 4775 scilicet
391 4719 530 4777 cleri
561 4719 737 4776 etiam
771 4723 828 4775 et
858 4719 1056 4792 populi
1088 4720 1266 4792 hujus
1311 4719 1560 4777 civitatis
1602 4719 1784 4775 intres

145 4802 502 4876 electionem,
537 4812 644 4864 etc.

867 4897 1055 4953 LXIV.

151 4978 200 5033 S.
236 4982 332 5039 Leo
362 4986 432 5043 ῘΧ
474 4988 803 5043 monasterii
853 4986 906 5041 S.
943 4988 1095 5041 Petri
1123 4988 1386 5042 Perusini
1428 4989 1791 5059 possessiones

590 5059 996 5130 privilegiaque
1025 5060 1331 5128 conﬁrmat.

756 5147 944 5217 (Anno
994 5147 1175 5214 1052.)

435 5234 794 5307 [Margarini,
834 5235 1042 5289 Bullur.
1079 5236 1283 5303 Casin.,
1312 5234 1378 5303 ll,
1406 5236 1517 5305 84.]

227 5337 339 5394 Ι.εο
387 5342 723 5415 episcopus,
770 5359 972 5398 servus
1023 5357 1321 5398 servorum
1371 5341 1492 5409 Dei,
1544 5341 1799 5400 ecclesiis

156 5420 305 5482 beati
339 5427 490 5485 Petri
524 5430 772 5503 apostoli
804 5431 925 5486 sitae
958 5435 1138 5498 extra,
1172 5431 1290 5486 imo
1322 5434 1378 5485 et
1398 5431 1569 5501 juxta
1598 5432 1797 5488 civita-

153 5512 266 5568 tem
298 5514 627 5588 Perusiam,
660 5519 871 5576 inloco
902 5519 1235 5593 quidicitur
1255 5518 1587 5590 Caprarius,
1621 5525 1679 5576 et
1698 5538 1801 5593 per

156 5612 279 5671 eam
309 5601 817 5666 Bomzom‘abbati
866 5609 1107 5682 suisque
1158 5608 1593 5667 successoribus
1638 5610 1798 5683 juste

158 5684 512 5754 intrantibus
542 5696 602 5753 in
635 5703 1003 5772 perpetuum.

468 5826 733 5893 Pareat.
779 5826 1035 5893 CXLIII.

1963 4722 2015 4775 6.
2040 4721 2215 4776 Porro
2239 4719 2558 4777 oblationes
2574 4722 2761 4778 eidem
2778 4723 3132 4779 monasterio
3153 4722 3397 4795 collata,
3414 4727 3539 4779 tam

1899 4826 2002 4883 pro
2030 4808 2177 4866 vivis
2210 4826 2384 4881 quam
2416 4827 2517 4882 pro
2548 4811 2857 4879 defunctis,
2878 4828 2911 4867 a
2936 4810 3098 4868 nullo
3130 4811 3541 4885 episcoporum

1901 4900 2311 4971 pervadantur,
2345 4900 2444 4954 sed
2494 4916 2561 4955 ex
2607 4901 2832 4974 integro
2871 4901 3180 4973 proﬁciant
3203 4900 3547 4958 monasterii

1901 4988 2256 5043 utilitatibus
2287 5004 2352 5043 ac
2382 4989 2629 5044 fratrum
2662 4990 3129 5046 necessitatibus.

1968 5080 2023 5132 7.
2048 5077 2295 5133 Decima:
2324 5083 2518 5133 autem
2543 5079 2809 5149 ejusdem
2831 5080 3199 5149 monasterii,
3221 5081 3549 5137 secundum

1863 5155 1868 5160 ’
1906 5183 2173 5233 canones,
2225 5167 2298 5221 ad
2332 5171 2559 5238 portam
2591 5169 2930 5224 monasterii
2960 5171 3019 5225 in
3052 5172 3424 5244 susceptione
3452 5169 3550 5226 ho-

1910 5257 2127 5329 spitum
2160 5260 2215 5311 et
2245 5257 2683 5329 peregrinorum
2717 5259 3114 5316 conferantur.

1979 5349 2029 5401 8.
2067 5346 2309 5417 Insuper
2330 5362 2499 5401 nemo
2533 5347 2751 5403 ibidem
2782 5353 3083 5405 mortuum
3107 5347 3334 5421 sepeliri
3359 5345 3548 5417 prohi-

1908 5435 2061 5490 beat.

1978 5523 2031 5577 9.
2056 5524 2378 5595 Episcopus
2400 5522 2666 5594 publicas
2698 5526 2912 5581 missas
2940 5530 2995 5581 et
3023 5526 3298 5580 stationes
3326 5521 3544 5577 ibidem

1910 5612 2098 5667 facere
2120 5611 2280 5667 nullo
2304 5612 2473 5668 modo
2490 5614 2913 5685 praetermittat,
2939 5614 3049 5667 nisi
3072 5613 3308 5668 statutis
3326 5615 3546 5681 tempo-

1908 5700 2095 5774 ribus,
2128 5700 2351 5759 scilicet
2378 5701 2631 5758 secunda
2660 5702 2802 5758 feria
2829 5699 3082 5768 Paschze,
3132 5705 3191 5757 et
3242 5701 3542 5756 beatorum

3143 5828 3224 5893 22
