3898 6360
379 378 503 444 βω
1449 383 1513 444 S.
1558 380 1839 444 LEONIS
1881 379 1964 443 IX
2009 379 2233 445 PAPE
2275 379 2709 446 OPUSCULA.
3705 376 3832 440 ϐω

386 510 788 583 apostolorum
816 513 970 570 Petri
998 516 1057 570 et
1096 511 1258 570 Pauli
1301 511 1589 572 Natalitiis
1633 513 2013 571 solemnibus.
2047 515 2103 582 Α
2131 514 2282 568 dono
2299 515 2744 570 concederemus
2761 515 2964 570 vestrm
2981 511 3820 586 religiositatimassaeellam

385 598 500 656 Sed
518 599 710 658 nullas
732 600 866 658 inde
885 601 1209 660 oblationes
1225 599 1390 656 tollat
1407 601 1584 658 invito
1607 602 1814 657 abbate
1835 605 1893 657 et
1912 601 2021 656 fra-
2129 601 2439 673 integram,
2471 618 2600 674 quae
2629 605 2869 658 vocatur
2897 601 3212 658 Materaria
3271 604 3330 657 et
3361 617 3652 658 massam
3689 617 3822 672 qua:

384 685 598 745 tribus.
2129 693 2368 744 vocatur
2397 688 2702 760 Mauseuli,
2737 689 3046 762 integram,
3077 693 3136 745 et
3171 689 3430 746 fundum
3471 690 3818 762 integrum,

457 775 547 832 40.
579 777 905 836 Statuimus
935 783 1150 848 autem,
1183 779 1232 836 si
1283 778 1517 850 quando
1548 778 1728 834 abbas
1759 779 2022 849 ejusdem
2131 777 2231 848 qui
2271 781 2511 832 vocatur
2544 777 2744 834 Casale
2785 777 3038 850 publico,
3068 783 3125 834 et
3155 795 3424 834 massam
3451 796 3596 851 quae
3649 796 3822 835 voca-

385 865 722 922 monasterii
749 867 1084 934 decesserit,
1111 871 1174 922 ut
1201 865 1398 922 nullus
1419 868 1490 922 ab
1509 867 1635 921 aliis
1658 866 1921 939 personis
1941 866 2020 921 ibi
2131 869 2229 920 tur
2257 866 2480 937 Nepoti,
2512 869 2568 921 et
2615 883 2874 922 massam
2931 883 3058 938 qua:
3107 872 3355 924 vocatur
3409 867 3814 938 Caputbovis,

387 950 637 1025 eligatur
665 955 865 1025 abbas,
900 956 948 1012 si
971 956 1266 1028 potuerint
1293 956 1364 1010 ad
1397 955 1506 1010 hoc
1527 972 1674 1027 opus
1695 956 1764 1010 de
1786 970 2023 1026 congre-
2135 957 2346 1008 terram
2377 959 2432 1010 et
2461 955 2711 1021 vineam,
2743 954 2916 1011 sicuti
2967 957 3142 1012 modo
3187 973 3289 1012 vos
3321 955 3602 1024 habetis,
3639 961 3704 1012 et
3731 963 3816 1012 te-

389 1041 618 1113 gatione
639 1043 914 1100 idoneum
939 1044 1174 1100 fratrem
1192 1043 1436 1116 eligere;
1472 1043 1555 1098 sic
1577 1042 1842 1098 videlicet
1873 1058 2025 1097 com-
2135 1043 2286 1097 netis
2301 1044 2433 1112 jure
2457 1042 2604 1098 beati
2636 1043 2790 1098 Petri
2821 1043 3066 1116 apostoli
3099 1061 3328 1100 necnon
3359 1048 3423 1100 et
3455 1045 3672 1117 ripam
3705 1045 3816 1100 ﬂu-

389 1130 553 1186 muni
583 1148 649 1188 ac
679 1132 930 1206 regulari
953 1132 1192 1188 consilio
1220 1133 1441 1204 absque
1463 1133 1668 1203 pretio,
1702 1148 1734 1186 a
1767 1131 2024 1186 Romano
2136 1131 2315 1185 minis
2343 1131 2638 1187 Alemonis
2659 1148 2728 1187 ex
2749 1132 3016 1204 utrisque
3037 1131 3306 1204 partibus
3323 1135 3514 1204 juxta
3545 1151 3814 1190 massam

387 1219 660 1292 pontiﬁce
693 1223 1176 1278 consecrandum.
2135 1235 2262 1290 qua:
2291 1223 2526 1274 vocatur
2545 1220 2734 1286 Prata,
2757 1221 3102 1276 extendente
3139 1219 3270 1293 ipsa
3289 1222 3426 1294 ripa
3447 1239 3486 1277 a
3509 1221 3816 1294 Bigaziolo

463 1308 868 1366 ll.Jubemus
923 1310 1100 1366 etiam
1131 1313 1196 1365 ut
1251 1325 1456 1365 omnes
1509 1309 1719 1364 nociva:
1777 1307 2026 1363 ecclesiae
2136 1323 2322 1378 usque
2350 1307 2420 1362 ad
2453 1324 2724 1379 campum
2785 1307 3027 1376 Bedulli,
3063 1313 3120 1364 et
3167 1314 3390 1366 terram
3447 1315 3514 1366 et
3573 1312 3816 1368 vineam

388 1397 569 1454 vestri
599 1398 937 1454 monasterii
969 1397 1511 1468 chartulaeomnino
1531 1412 1722 1452 vacuae
1749 1400 1804 1450 et
1824 1396 2026 1452 inanes
2127 1397 2300 1466 juxta
2331 1412 2530 1451 muros
2575 1396 2828 1453 civitatis
2881 1397 3168 1454 Ravennae
3221 1415 3360 1456 cum
3421 1405 3626 1471 turre,
3691 1419 3816 1474 quae

389 1484 733 1541 consistant.
2133 1488 2371 1540 vocatur
2399 1485 2641 1551 Branca,
2673 1485 2731 1539 in
2761 1484 3058 1558 integrum
3091 1504 3126 1543 a
3173 1487 3494 1544 Pusterula
3535 1491 3818 1563 Augusta

469 1575 551 1630 12.
584 1573 864 1629 Ριιωῐθτθθ.
894 1573 1211 1646 apostolica
1239 1577 1440 1630 nostra
1457 1574 1799 1630 auctoritate
1822 1573 2028 1628 consti-
2137 1589 2324 1644 usque
2357 1575 2426 1628 ad
2463 1573 2692 1628 Portam
2725 1575 3103 1630 Taurensem.
3135 1576 3208 1631 Et
3237 1575 3486 1634 hortum
3523 1595 3726 1634 unum
3757 1579 3814 1634 in

390 1659 617 1718 tuimus
648 1663 706 1718 et
734 1663 1151 1719 confirmamus
1181 1667 1247 1718 ut
1275 1662 1474 1719 nullus
1521 1664 1860 1735 imperator,
1909 1679 2026 1726 rex,
2138 1661 2428 1733 integrum
2461 1662 2518 1716 in
2569 1661 2692 1718 loco
2725 1663 2924 1718 Pontis
2965 1663 3204 1720 Calciati
3251 1665 3336 1720 in.
3369 1708 3384 1721 .
3421 1709 3434 1720 .
3465 1709 3478 1722 .
3513 1711 3526 1722 .
3559 1709 3574 1722 .
3613 1669 3812 1725 Sancti

393 1748 723 1822 episcopus,
757 1750 893 1820 dux,
953 1751 1234 1822 marchio,
1269 1767 1486 1818 comes,
1531 1751 1870 1818 vicecomes,
1929 1766 2026 1820 go-
2137 1751 2376 1805 Andreze
2409 1767 2443 1804 a
2475 1751 2702 1806 duobus
2743 1750 3023 1807 lateribus
3061 1753 3198 1824 jure
3257 1754 3460 1826 ipsius
3515 1757 3750 1827 Sancti,
3781 1775 3814 1814 a

393 1837 634 1948 ptaldio...
653 1842 755 1948 aut
775 1838 1178 1948 alianuaelibet
1199 1856 1412 1912 magna
1440 1857 1729 1912 parvaque
1759 1854 2027 1940 persona,
2059 1881 2108 1948 B
2141 1838 2380 1948 reliquis
2411 1840 2639 1895 duobus
2677 1840 3052 1948 viaLpubliqa.
3089 1841 3154 1896 Et
3168 1840 3399 1948 lacum,
3429 1845 3540 1916 qui
3559 1851 3812 1947 .vOcatur

391 1927 800 1998 tepraadictum
815 1925 2030 2000 abbatem,tuosquesuccessorescanonice
2059 1925 2108 1948 "
2141 1927 2406 1994 Sanctus,
2441 1944 2572 1982 cum
2605 1929 2881 1982 omnibus
2913 1930 3088 1984 rebus
3131 1935 3188 1986 et
3237 1933 3637 2002 pertinentiis
3669 1935 3808 2002 suis,

392 2014 679 2072 intrantes
708 2016 780 2072 de
799 2017 926 2087 jam
959 2017 1112 2073 dicto
1135 2017 1513 2082 monasterio,
1539 2017 1626 2071 vel
1657 2017 1726 2071 de
1757 2015 2030 2070 omnibus
2140 2033 2271 2071 cum
2305 2015 2469 2087 plebe
2499 2021 2554 2070 et
2604 2016 2842 2088 capellis
2874 2034 2939 2072 ac
2987 2017 3176 2074 titulis
3226 2019 3440 2092 ipsius,
3493 2024 3809 2080 vocabulis

391 2104 515 2160 suis
543 2105 740 2176 rebus,
764 2105 1625 2178 etproprietatibusmobilibus
1647 2109 1702 2160 et
1723 2104 2032 2160 immobili-
2139 2105 2358 2160 Sanctae
2416 2105 2629 2169 Mariae,
2687 2109 2744 2160 et
2782 2105 2978 2160 Sancti
3038 2107 3302 2172 Martini,
3357 2113 3572 2166 Sancti
3639 2113 3808 2181 Petri,

391 2194 503 2251 bus
531 2195 822 2265 divertire,
857 2201 958 2252 aut
985 2197 1310 2268 inquietare
1360 2197 1604 2262 audeat;
1657 2199 1714 2250 et
1757 2194 1855 2265 qui
1886 2211 2028 2265 prae-
2139 2193 2450 2263 Sanctique
2507 2193 2798 2264 Venantii,
2859 2210 2994 2249 cum
3053 2194 3314 2266 piscaria
3367 2215 3502 2270 quae
3539 2207 3808 2270 vocatur,

392 2283 712 2356 sumpserit
741 2282 888 2340 sciat
925 2299 986 2339 se
1015 2283 1360 2340 auctoritate
1403 2283 1634 2338 Domini
1679 2282 1862 2338 nostri
1889 2283 2030 2337 Jesu
2140 2281 2354 2348 Tidini,
2387 2285 2444 2336 et
2485 2282 2659 2336 Fossa
2697 2281 3222 2354 Archipresbyteri,
3275 2289 3334 2340 et
3383 2287 3648 2360 piscaria
3681 2307 3810 2362 quae

392 2370 628 2440 Christi,
663 2375 722 2426 et
746 2372 1048 2428 beatorum
1079 2372 1477 2443 apostolorum
1509 2373 1658 2428 Petri
1690 2379 1745 2428 et
1773 2372 1934 2428 Pauli
1965 2388 2030 2426 ac
2139 2374 2378 2424 vocatur
2415 2369 2597 2438 Falce,
2656 2387 2788 2425 cum
2849 2369 2972 2426 loco
3030 2371 3132 2443 qui
3187 2373 3413 2431 dicitur
3469 2377 3812 2436 Monticello

394 2461 596 2515 nostra
621 2459 1025 2516 maledictione
1055 2459 1552 2515 anathematizari.
2143 2457 2274 2513 Laci
2305 2457 2477 2524 sicco,
2529 2475 2662 2512 cum
2713 2458 2857 2530 ripis
2891 2459 3154 2517 ﬂuminis
3213 2463 3360 2518 Padi
3413 2469 3478 2520 et
3529 2467 3720 2523 Gauri
3747 2486 3814 2525 ex

463 2545 552 2604 13.
585 2547 692 2612 Qui
719 2563 852 2603 vero
881 2547 1034 2603 hanc
1064 2547 1366 2604 ecclesiam
1393 2547 1780 2614 honoraverit,
1809 2551 1865 2602 et
1888 2546 2029 2601 nihil
2141 2545 2403 2617 utrisque
2433 2547 2698 2618 partibus
2729 2564 2914 2619 usque
2944 2547 3004 2604 in
3031 2565 3214 2618 mare,
3249 2555 3310 2606 et
3329 2570 3364 2607 a
3391 2551 3532 2610 loco
3565 2556 3812 2612 Concha

392 2635 916 2703 indeaui‘erens,de
938 2637 1062 2692 suis
1081 2637 1813 2709 proredemptioneanima:
1836 2635 2033 2707 aliqua
2139 2634 2371 2705 Agathse
2403 2651 2470 2689 ex
2500 2651 2618 2689 una
2674 2641 2834 2706 parte
2895 2653 3082 2708 usque
3115 2637 3200 2692 'in
3263 2655 3456 2708 mare,
3513 2659 3661 2700 cum
3691 2645 3814 2702 loco

392 2724 444 2781 ei
474 2724 801 2792 contulerit,
836 2725 1258 2781 benedictionis
1298 2725 1544 2798 gratiam
1577 2742 1610 2779 a
1642 2724 1886 2780 Domino
1915 2724 2031 2780 Deo
2141 2724 2198 2777 in
2231 2723 2518 2794 integrum
2551 2723 2648 2794 qui
2681 2723 2895 2778 dicitur
2926 2725 3330 2794 Masinzatica,
3389 2729 3557 2787 inter
3607 2735 3814 2790 affines

392 2817 787 2886 consequatur
816 2817 875 2869 et
903 2831 1004 2886 per
1035 2814 1386 2886 clavigerum
1431 2813 1750 2886 principem
1798 2813 1923 2868 coeli
1973 2813 2030 2867 in
2140 2812 2211 2867 de
2251 2814 2368 2865 toto
2431 2811 2553 2864 loco.
2611 2828 2676 2866 ac
2731 2812 3020 2868 territorio
3073 2831 3308 2881 massa,
3371 2833 3510 2889 quae
3573 2827 3818 2880 vocatur

385 2902 603 2974 januas
633 2902 796 2974 regni
828 2903 1079 2958 ccelcstis
1111 2902 1400 2958 introduci
1432 2905 1742 2956 mereatur.
2143 2900 2328 2955 Lacus
2361 2900 2627 2968 Sanctus,
2679 2901 2750 2956 ab
2801 2918 2916 2956 uno
2955 2901 3132 2958 latere
3159 2905 3343 2960 Fossa
3373 2906 3718 2966 Molendini
3748 2914 3820 2968 de

461 2990 610 3046 Data
633 3007 716 3046 vn
744 2989 880 3046 Idus
913 2989 1104 3046 Martii
1161 3007 1263 3062 per
1313 3007 1525 3045 manus
1573 2989 1850 3044 Friderici
1910 2991 2028 3046 dia-
2139 2988 2308 3044 Volta
2337 2988 2600 3056 Latercli,
2651 2989 3034 3046 descendente
3067 2991 3126 3047 in
3177 2993 3496 3066 aquiliolo,
3547 3003 3614 3054 et
3645 3001 3820 3056 aﬂu-

393 3077 520 3136 coni
555 3083 610 3133 et
637 3081 854 3135 sanctas
901 3077 1173 3134 Romanis
1205 3077 1464 3133 Ecclesiae
1508 3077 1929 3133 bibliolhccarii
1977 3085 2032 3134 et
2138 3077 2228 3133 vio
2259 3077 2475 3132 Tribba
2507 3093 2690 3148 usque
2721 3077 2779 3131 in
2811 3077 3038 3147 Elliam,
3073 3083 3130 3134 et
3161 3096 3265 3152 per
3293 3081 3594 3154 paludem
3631 3105 3822 3161 usque

393 3165 743 3236 cancellarii,
767 3167 888 3222 vice
909 3167 1130 3222 domini
1150 3167 1486 3222 Herimanni
1510 3166 2025 3237 archicancellarii,
2074 3237 2105 3244 _
2142 3165 2393 3221 mediam
2425 3165 2699 3234 Curbam,
2731 3164 2998 3238 ultraque
3028 3168 3282 3224 Curbam
3317 3187 3524 3244 usque
3559 3175 3817 3242 Padum,

395 3259 454 3312 et
481 3253 843 3311 Coloniensis
873 3255 1152 3327 episcOpi,
1200 3271 1352 3311 anno
1383 3254 1602 3310 domini
1633 3255 1838 3310 Leonis
1897 3257 2034 3312 noni
2063 3237 2108 3305 C
2140 3259 2197 3310 et
2226 3253 2378 3309 ultra
2399 3254 2619 3308 Padum
2654 3271 2840 3326 usque
2872 3237 2942 3310 ad
2976 3255 3218 3312 Gazium
3251 3237 3554 3332 episcbpii
3590 3237 3822 3322 Sanctae

394 3359 556 3417 papae
579 3361 654 3413 IV,
681 3343 997 3399 indictione
1023 3361 1077 3399 v.
2144 3341 2534 3399 Comaclensis
2563 3342 2849 3412 Ecclesiae,
2881 3343 3018 3400 inde
3042 3361 3234 3417 usque
3271 3348 3346 3402 ad
3391 3349 3689 3419 ﬂuvium,
3721 3357 3824 3426 qui

1133 3449 1292 3504 [λεν⁸
2142 3435 2383 3487 vocatur
2423 3430 2586 3498 Cesi;
2621 3431 2692 3486 ab
2741 3430 2854 3486 alio
2893 3431 3070 3488 latere
3099 3433 3274 3490 Curlo
3307 3436 3732 3499 descendente
3767 3445 3826 3499 in

391 3539 587 3612 Leonis
610 3539 1140 3612 papaerbullahqux
1183 3540 1512 3612 monasterio
1561 3539 1778 3596 Sanctae
1829 3544 1930 3596 Ma.

2284 3519 2430 3574 :ham
2449 3518 2724 3590 Agatulae,
2746 3523 2801 3574 et
2822 3536 2924 3592 per
2945 3521 3134 3592 ipsam
3159 3523 3215 3578 in
3243 3523 3556 3596 Gaurum;
3589 3547 3626 3584 a
3649 3534 3823 3588 tertio

463 3608 528 3666 de
553 3607 840 3682 Pompou'a
869 3607 1154 3679 conﬁhnat
1183 3612 1342 3664 varia
1372 3611 1524 3664 illius
1545 3612 1681 3682 jura
1718 3615 1766 3666 et
1798 3612 1956 3666 bona.
2141 3608 2320 3664 latere
2373 3607 2603 3679 palude,
2663 3624 2788 3678 quae
2847 3609 3036 3682 pergit
3088 3609 3240 3666 inter
3283 3612 3482 3670 rivum
3519 3619 3740 3674 Anzeli
3771 3627 3824 3676 et

1011 3698 1197 3768 (Anno
1227 3697 1412 3768 4052.)
2141 3695 2589 3752 Masenzaticum
2623 3713 2809 3768 usque
2841 3697 3223 3768 Monticellos,
3257 3705 3316 3755 et
3347 3701 3664 3763 Vedetosa
3695 3725 3826 3764 cur-

711 3785 1034 3857 [Muratori,
1064 3787 1246 3856 Antiq.
1277 3787 1428 3851 Ital.,
1465 3786 1530 3854 V,
1562 3788 1711 3858 337.]
2137 3789 2300 3840 rente
2328 3785 2388 3840 in
2419 3785 2638 3840 Padum
2669 3802 2682 3852 ;
2715 3802 2748 3839 a
2779 3791 2984 3856 quarto
3017 3785 3194 3843 latere
3239 3788 3540 3849 Vaculino
3599 3801 3664 3851 et
3717 3801 3822 3854 Ar-

455 3873 569 3930 Lso
599 3874 928 3947 episcopus,
989 3890 1191 3930 servus
1239 3890 1536 3930 servorum
1595 3875 1714 3944 Dei,
1775 3877 2025 3934 ecclesia;
2133 3890 2262 3930 zere
2293 3873 2467 3942 malo,
2515 3877 2572 3928 et
2626 3873 2778 3928 Caile
2831 3875 2904 3929 de
2951 3875 3260 3933 Vincareto
3319 3888 3698 3954 pergentem
3763 3889 3820 3942 in

285 4023 294 4032 ,
383 3960 648 4036 gloriosae
678 3962 883 4020 matris
913 3967 970 4019 et
987 3963 1230 4036 virginis
1262 3967 1570 4034 perpetuas,
1597 3965 1777 4019 beatae
1811 3965 2020 4034 Mariae,
2134 3961 2519 4018 Laterculum.

383 4049 507 4107 sitan
538 4051 598 4106 in
629 4049 826 4107 insula
853 4051 1193 4123 Pomposiae,
1251 4056 1309 4107 et
1355 4067 1459 4123 per
1509 4069 1636 4107 eam
1695 4052 1901 4109 dilecto
1963 4055 2021 4110 in
2205 4051 2450 4122 Insuper
2469 4051 2919 4107 concederemus
2941 4053 3108 4110 vobis
3129 4053 3448 4126 piscariam
3475 4057 3816 4134 integram,

381 4137 629 4196 Domino
659 4139 800 4196 Jesu
830 4139 1054 4196 Christo
1081 4140 1202 4196 ﬁlio
1235 4139 1541 4196 MAINARDO
1571 4141 1887 4198 venerabili
1919 4144 2020 4198 ab-
2131 4156 2258 4211 quae
2289 4143 2528 4194 vocatur
2557 4139 2774 4196 Volana
2802 4157 2936 4196 cum
2982 4141 3122 4198 Rivo
3173 4143 3472 4200 Badarino
3503 4152 3574 4202 et
3623 4151 3818 4208 (Ξενο-

382 4227 525 4296 bati,
567 4228 801 4301 tuisque
853 4229 1290 4286 successoribus
1337 4229 1498 4300 juste
1549 4229 1902 4287 intrantibus
1957 4231 2018 4288 in
2127 4227 2264 4284 lona
2293 4229 2504 4298 Maiore
2529 4228 2598 4283 ad
2641 4227 2832 4300 ipsam
2879 4229 3194 4301 piscariam
3243 4233 3628 4306 pertinente,
3679 4257 3812 4296 cum

379 4319 747 4390 perpetuum.
2127 4315 2444 4388 porticellis
2473 4332 2540 4372 ex
2571 4317 2836 4388 utrisque
2867 4318 3152 4390 partibus,
3203 4320 3362 4376 sicut
3413 4322 3574 4381 olim
3631 4329 3814 4386 intra-

451 4405 672 4480 Regina
723 4406 1022 4476 caelorum,
1078 4406 1180 4462 Dei
1239 4405 1517 4474 Genitrix,
1579 4423 1756 4479 super
1811 4407 2016 4466 choros
2124 4409 2330 4460 verunt
2385 4405 2441 4459 in
2503 4422 2683 4473 mare,
2739 4405 2926 4461 eidem
2985 4407 3257 4464 similiter
3315 4413 3808 4481 pertinentibus.

377 4493 720 4569 angelorum
747 4495 1015 4565 exaltata,
1050 4499 1115 4551 ut
1142 4513 1176 4551 a
1206 4495 1373 4550 nobis
1405 4495 1500 4566 pia
1530 4495 1813 4551 exaltetur
1840 4497 2013 4552 devo-
2126 4493 2344 4549 Cuncta
2373 4493 2647 4566 praedicta
2675 4494 2802 4550 loca
2829 4511 2965 4550 eum
2995 4497 3275 4553 omnibus
3305 4498 3437 4554 suis
3481 4501 3810 4578 integrita-

373 4583 556 4653 tione,
587 4589 806 4654 nostra,
836 4585 896 4640 in
927 4588 1212 4656 quantum
1245 4587 1453 4655 potest,
1504 4584 1804 4655 providere
1845 4586 2016 4641 debet
2043 4605 2090 4668 D
2125 4582 2283 4638 tibus
2309 4599 2374 4638 ac
2395 4583 2783 4654 pertinentiis,
2808 4587 3095 4656 quantum
3120 4590 3336 4642 sancta:
3359 4587 3694 4666 Romanae,
3721 4597 3810 4651 cui

374 4669 630 4742 solertia,
655 4672 877 4730 scilicet
898 4673 956 4728 in
975 4673 1118 4730 locis
1137 4671 1356 4729 nomini
1381 4689 1487 4727 suo
1501 4672 1726 4738 dicatis,
1748 4673 2013 4744 augendo
2123 4671 2236 4726 Deo
2267 4675 2500 4726 auctore
2529 4673 2911 4744 presidemus
2941 4689 3008 4728 ac
3048 4674 3441 4744 deservimus,
3489 4683 3810 4752 pertinere

371 4759 746 4830 beneﬁcium,
777 4777 895 4833 quo
924 4761 1016 4817 sui
1057 4761 1335 4833 speciales
1391 4760 1594 4816 famuli
1645 4763 2012 4819 commodius
2118 4759 2389 4815 videntur
2418 4759 2704 4831 Ecclesiae,
2727 4761 2890 4816 vobis
2921 4761 2992 4816 ad
3025 4763 3344 4819 tenendum
3379 4767 3628 4826 emissa
3663 4790 3806 4844 prae-

374 4846 486 4903 sibi
542 4849 772 4919 possint
825 4849 1096 4905 exhibere
1145 4849 1467 4906 servitium.
1528 4851 1887 4922 Quapropter
1933 4855 2008 4917 te,
2123 4847 2384 4919 ceptione
2415 4849 2729 4905 concedere
2776 4849 3144 4906 deberemus.
3179 4850 3458 4909 Inclinati
3509 4864 3808 4929 precibus

372 4937 699 4991 venerande
728 4935 832 5004 ﬁli,
866 4953 1040 5007 quem
1071 4938 1180 4992 sibi
1207 4937 1533 4994 videbimus
1575 4937 1836 4994 fideliter.
1867 4981 1878 4994 .
1908 4982 1920 4994 .
1954 4981 1966 4994 .
1995 4981 2008 4994 .
2119 4937 2326 4992 vestris
2358 4941 2566 4993 cuncta
2595 4938 2832 5010 praefata
2864 4938 3008 5008 loca,
3049 4939 3138 4995 vel
3187 4957 3576 5016 quaecunque
3627 4951 3808 5006 modo

373 5019 434 5075 in
465 5021 702 5092 praefato
751 5026 1102 5080 monasterio
1131 5027 1182 5082 ei
1237 5026 1656 5082 famulantibus
1709 5027 2010 5083 monachis
2121 5027 2348 5082 habetis
2371 5043 2434 5080 ac
2467 5027 2674 5083 tenetis
2703 5044 2838 5082 cum
2871 5029 3148 5084 omnibus
3181 5031 3304 5086 suis
3335 5031 3808 5106 integritatibus

369 5107 643 5166 volumus
674 5115 872 5167 nostro
894 5113 1180 5184 adjutorio
1211 5115 1354 5171 bene
1387 5132 1655 5188 praaesse,
1689 5121 1754 5169 ut
1786 5123 1844 5168 tu
1887 5115 2010 5186 ipse
2120 5121 2175 5170 et
2205 5114 2568 5185 pertinentiis
2601 5121 2663 5170 ut
2691 5133 2870 5186 supra
2898 5116 3134 5188 legitur,
3175 5123 3231 5172 et
3277 5121 3538 5192 insuper
3596 5133 3808 5184 nostro

370 5199 688 5268 moraliter,
747 5201 896 5258 sicut
951 5209 1195 5277 oportet,
1251 5205 1428 5272 vivas,
1486 5205 1750 5258 debitum
1805 5203 2009 5259 dantes
2118 5205 2268 5258 dono
2301 5220 2366 5258 ac
2396 5204 2775 5276 benignitate,
2805 5205 2853 5260 si
2885 5205 3106 5277 aliquid
3134 5209 3345 5263 amodo
3377 5209 3440 5264 in
3476 5212 3713 5276 futuro
3745 5218 3810 5272 de

368 5286 704 5359 consilium,
738 5293 794 5345 et
823 5291 992 5364 bona,
1017 5311 1142 5365 quae
1175 5293 1256 5349 vel
1287 5291 1520 5347 aliunde
1549 5289 1636 5344 vel
1671 5289 1954 5361 praecipue
1976 5308 2010 5346 a
2117 5292 2481 5362 pertinentiis
2541 5297 2752 5348 sancta:
2807 5294 3080 5350 Romane:
3141 5295 3410 5352 Ecclesiae
3474 5307 3808 5375 acquirere

369 5377 504 5434 sede
535 5379 796 5436 Romana
827 5385 929 5438 tua
969 5388 1128 5438 tenet
1159 5381 1422 5444 ecclesia,
1453 5378 1540 5433 vel
1585 5377 1904 5448 acquireret
1947 5379 2007 5435 in
2117 5380 2422 5450 potueritis
2453 5380 2604 5436 circa
2633 5399 2734 5437 vos
2793 5383 2850 5436 in
2895 5387 3016 5438 toto
3074 5385 3406 5442 Exarchatu
3463 5389 3808 5460 Ravennae,

368 5471 739 5538 perpetuum,
773 5471 1184 5524 conﬁrmantes
1215 5468 1320 5523 tibi
1355 5485 1453 5539 per
1479 5465 1588 5520 hoc
1624 5469 1834 5520 sanctae
1866 5483 2008 5539 apo-
2115 5465 2430 5536 licentiam,
2489 5475 2771 5536 nostram,
2825 5477 3284 5546 nostrorumque
3355 5493 3808 5540 successorum

370 5553 586 5609 stolicaa
616 5557 983 5614 auctoritatis
1017 5555 1404 5629 privilegium.
1439 5553 1774 5626 lgiturquia
1805 5556 2008 5626 petitis
2115 5558 2391 5614 canonice
2423 5559 2790 5627 intrantium,
2841 5561 2948 5616 tibi
2997 5562 3238 5634 tuisque
3295 5573 3806 5638 successoribus,

369 5655 407 5698 α
435 5641 602 5699 nobis
657 5647 948 5717 quatenus
1004 5660 1074 5700 ex
1119 5647 1317 5700 nostra
1371 5643 1638 5718 largitate
1689 5645 2006 5718 nostroque
2117 5645 2638 5720 regularemvitam
2655 5650 3026 5726 ducentibus,
3045 5651 3480 5727 monachisque
3503 5661 3806 5736 religiose
