3898 6362
101 388 212 452 685
1059 382 1464 445 ΕΡΙΞΤΟΒΕ
1507 384 1609 447 ET

1940 381 2013 445 PA
2057 381 2530 449 PONTIFICIA.
3359 390 3479 456 686

100 519 421 577 viventibus
463 516 880 591 perpetualiter
907 518 1281 573 concedimus
1314 518 1647 573 habendum
1678 522 1734 573 et
1762 526 1812 592 Α
1846 517 1943 588 qui
1978 534 2091 573 non
2126 519 2318 573 studio
2350 516 2675 587 charitatis,
2705 518 2807 574 sed
2835 518 2957 575 zelo
2988 521 3316 593 rapacitatis
3333 523 3481 581 invi-

100 610 431 667 tenendum.
466 610 551 664 Ita
582 624 744 675 sane,
784 610 849 661 ut
877 622 911 662 a
944 613 998 662 te
1026 607 1262 678 tuisque
1293 607 1733 663 successoribus
1844 605 2046 678 gilant,
2076 610 2133 661 et
2161 607 2375 662 docent
2400 607 2593 678 adque
2623 608 2900 664 seducere
2928 625 3043 665 non
3061 616 3291 668 cessant
3309 629 3487 671 saecu-

97 699 342 771 singulis
365 700 698 770 quibusque
715 696 905 762 annis,
923 695 1219 768 pensionis
1241 697 1492 761 nomine,
1518 700 1732 750 sanctae
1842 694 1994 751 lares
2022 694 2292 750 homines
2324 712 2472 767 quos
2501 695 2817 769 illaqueare
2837 702 3105 770 possunt,
3136 704 3202 756 ut
3226 717 3319 759 res
3347 719 3488 760 suas

97 797 301 845 nostras
332 787 597 843 Ecclesiae
629 786 905 841 Romanae
934 792 1052 840 tres
1085 784 1311 856 argenti
1352 784 1546 851 solidi,
1580 784 1732 838 dit'fi-
1843 790 2015 855 atque
2063 783 2487 856 possessiones,
2546 785 2667 840 sive
2723 785 2783 841 in
2836 786 2975 853 vita,
3036 788 3156 845 sive
3202 789 3264 846 in
3302 794 3489 851 morte

95 878 305 933 cultate
348 873 694 949 postposita,
718 872 1124 946 persolvantur
1182 872 1538 928 actionariis.
1582 877 1731 926 Prze-
1845 874 2020 943 [Forte
2086 872 2355 930 redundat.
2412 872 2473 927 in
2525 873 2638 943 H.],
2700 874 2761 929 in
2817 877 3193 934 monasteriis
3253 878 3489 937 illorum

93 972 247 1023 terea
296 983 493 1023 amore
542 964 807 1033 ejusdem
850 962 1205 1017 intemeratae
1258 962 1569 1017 Genitricis
1609 960 1733 1028 Dei,
1841 962 2102 1028 tradant;
2136 966 2191 1016 et
2221 961 2480 1016 ecclesiis
2510 962 2727 1033 quibus
2758 964 3006 1036 subjecti
3037 983 3166 1023 esse
3213 968 3491 1026 videntur

92 1063 312 1127 tuoque
338 1054 545 1110 dilecte
574 1053 635 1107 in
669 1050 914 1107 Domino
944 1050 1073 1120 Fili,
1105 1050 1520 1105 constituimus
1552 1053 1609 1103 et
1638 1065 1734 1103 or-
1844 1055 1942 1104 eta
1958 1049 2175 1121 quibus
2189 1050 2572 1121 baptismum,
2592 1052 3018 1123 paenitentiam,
3039 1056 3485 1131 eucharistiam,

94 1147 370 1201 dinamus
421 1159 522 1215 per
563 1140 723 1196 illam
770 1138 1195 1205 auctoritatem,
1234 1155 1411 1210 quam
1465 1137 1735 1193 Christus
1843 1154 2068 1193 necnon
2101 1137 2381 1209 pabulum
2410 1139 2537 1193 vita:
2567 1156 2700 1195 cum
2732 1140 2880 1198 lacte
2905 1150 3253 1215 acceperunt
3273 1147 3359 1204 vel
3392 1165 3491 1205 aed

93 1234 380 1291 Dominus
412 1235 609 1287 noster
637 1230 803 1284 beato
834 1234 1001 1283 Petro
1032 1227 1427 1300 apostolorum
1464 1224 1734 1298 principi,
1846 1226 2090 1295 cipiunt,
2122 1226 2267 1281 nihil
2300 1227 2370 1281 de
2397 1228 2563 1283 bonis
2594 1230 2719 1285 suis
2749 1230 3100 1304 relinquant.
3134 1234 3294 1292 Hanc
3324 1237 3487 1294 deni-

93 1341 334 1398 suzeque
362 1320 631 1377 Ecclesiae
652 1316 972 1373 rectoribus
994 1316 1301 1381 concessit,
1337 1321 1401 1370 ut
1431 1330 1735 1386 nunquam
1846 1331 1960 1386 que
1983 1316 2229 1369 formam
2260 1314 2561 1370 discordiae
2592 1334 2697 1373 nos
2724 1320 3266 1395 animadvertentes,
3291 1327 3485 1384 omni-

92 1416 259 1471 locus
305 1412 451 1481 ipse,
497 1414 598 1465 aut
645 1423 738 1462 res
780 1407 854 1461 ad
903 1405 1097 1477 ipsum
1147 1404 1524 1475 pertinentes,
1560 1402 1735 1458 alicui
1849 1404 1960 1458 bus
1990 1402 2181 1458 modis
2221 1402 2484 1460 inhibere
2520 1404 2818 1477 volumus;
2851 1414 2927 1476 et,
2960 1427 3033 1467 ne
3063 1413 3315 1485 amplius
3358 1416 3481 1489 ﬁat,

90 1494 948 1570 submittanturpersonae,nisi
969 1493 1297 1565 apostolicae
1320 1492 1633 1548 tuitioniet
1654 1506 1739 1546 re-
1847 1492 2087 1547 omnino
2128 1491 2508 1564 prohibemus
2541 1511 2553 1548 :
2590 1496 3022 1555 considerantes
3061 1518 3178 1557 non
3207 1520 3339 1560 esse
3379 1504 3485 1562 ho-

87 1596 196 1668 giae
218 1590 458 1658 ditioni;
482 1587 798 1657 nullusque
818 1582 1154 1639 mortalium
1185 1587 1393 1653 praeter
1415 1578 1737 1668 imperialis
1800 1596 1809 1603 ο
1846 1598 1989 1645 num
2013 1585 2077 1635 ut
2106 1580 2190 1635 illi
2213 1582 2311 1653 qui
2334 1580 2473 1637 olim
2493 1583 2727 1639 fuerunt
2747 1586 2888 1642 socii
2908 1589 3250 1660 passionum
3272 1592 3345 1664 (ιι
3364 1593 3487 1650 Cor.

87 1667 400 1756 potestatis
449 1676 680 1734 culmen
729 1674 788 1728 in
829 1672 1066 1745 praefato
1121 1669 1500 1735 monasterio,
1545 1667 1736 1723 autin
1849 1688 1887 1737 ι,
1910 1671 1988 1741 7),
2023 1670 2345 1725 secundum
2374 1671 2737 1742 Apostolum,
2771 1674 2889 1731 sint
2918 1676 3212 1737 immunes
3241 1698 3277 1737 a
3308 1683 3490 1739 socie-

87 1754 486 1833 curtibus,vel
509 1766 569 1820 in
592 1762 873 1830 castellis,
899 1760 1017 1815 sive
1038 1759 1097 1814 in
1119 1758 1407 1831 plebibus,
1431 1761 1534 1811 aut
1552 1754 1732 1819 cellis,
1846 1762 1967 1814 tate
2005 1758 2467 1814 consolationum
2495 1778 2508 1829 ;
2557 1765 2614 1817 et
2642 1762 2782 1833 quia
2821 1764 3035 1836 dignus
3072 1771 3160 1825 est
3189 1770 3492 1842 operarius

87 1877 198 1917 seu
228 1858 403 1922 villis,
454 1854 539 1909 vel
573 1852 849 1907 omnibus
878 1849 1055 1904 rebus
1095 1845 1411 1901 mobilibus
1440 1849 1497 1900 et
1526 1845 1736 1899 immo-
1770 1892 1818 1958 B
1848 1848 2112 1903 mercede
2142 1865 2267 1904 sua.
2304 1849 2554 1920 Ideoque
2589 1852 2960 1925 praecipimus
2990 1861 3165 1929 atque
3187 1859 3488 1932 juhemus,

87 1951 100 1958 -
132 1948 213 1958 ..η
370 1946 379 1955 ι
466 1943 475 1952 -
635 1940 669 1958 ι’
700 1955 744 1958 ν-
771 1938 953 1958 ΑΑξι---
1026 1951 1246 1958 ..-Α-Α..
1300 1934 1355 1958 ε..
1409 1933 1589 1958 ..-....ε,.
1641 1936 1738 1958 -..ι
1852 1940 1910 1958 --ι
1946 1936 2270 1958 ____'--_____-
2311 1938 2505 1958 _...-_‘I_
2535 1938 2582 1958 2,,
2627 1956 2706 1958 ,U,
2839 1945 2849 1958 ι
2926 1942 2939 1955 ι
3314 1949 3349 1958 ..

85 1948 313 2004 bilihus
367 1943 480 2015 ipsi
529 1938 978 2013 pertinentibus,
1026 1951 1252 1990 necnon
1300 1934 1360 1988 in
1408 1933 1591 1989 servis
1641 1936 1742 1988 aut
1770 1933 1818 1958 υ
1851 1940 1914 1992 ut
1941 1936 2275 2008 quicunque
2305 1938 2591 1994 amodoin
2626 1942 2978 1999 monasterio
3005 1960 3068 2001 se
3096 1949 3352 2004 converti
3388 1966 3488 2007 vo-

90 2034 337 2094 t‘amulis
377 2030 684 2101 utriusque
715 2043 911 2091 sexus,
946 2026 1066 2079 sive
1097 2023 1271 2078 etiam
1302 2021 1524 2077 vellicis
1564 2036 1741 2093 super
1848 2026 2258 2098 luerint[Forte
2277 2027 2656 2099 voluerisH.],
2682 2030 2800 2086 sive
2822 2031 3034 2101 invita,
3058 2034 3177 2091 sive
3193 2035 3253 2092 in
3276 2042 3484 2107 morte,

88 2133 314 2182 terram
353 2120 618 2192 ejusdem
658 2113 998 2171 monasterii
1028 2111 1441 2177 residentibus,
1483 2110 1741 2183 aliquam
1849 2116 2113 2171 omnium
2144 2132 2338 2171 rerum
2362 2120 2419 2171 et
2459 2118 2918 2189 possessionum,
2952 2138 3101 2194 quas
3151 2143 3248 2194 pro
3297 2126 3489 2184 salute

89 2211 546 2274 ordinationem,
601 2210 703 2261 aut
732 2202 1226 2275 jurisdictionem,
1274 2199 1363 2255 vel
1394 2204 1741 2272 potestatem
1849 2205 2056 2260 animae
2079 2222 2196 2260 sua
2216 2205 2797 2277 disponideereverit,
2821 2209 3192 2269 medietatem
3208 2214 3488 2288 ecclesia,

88 2310 316 2368 tenere,
352 2303 452 2355 aut
471 2293 964 2352 conversationem
989 2290 1410 2345 monachorum
1434 2288 1738 2360 impedire,
1851 2293 1942 2348 cui
1971 2294 2095 2366 ipse
2126 2295 2413 2365 pertinere
2433 2293 2817 2367 dignoscitur,
2843 2297 3139 2371 relinquat
3165 2320 3180 2358 :
3203 2307 3261 2358 et
3279 2304 3364 2359 sic
3390 2305 3491 2361 de-

86 2411 191 2450 seu
232 2388 568 2445 molestiam
617 2382 830 2437 inferre
864 2383 1198 2453 praesumat,
1233 2377 1319 2433 vel
1351 2378 1409 2433 in
1442 2377 1739 2448 aliquibus
1852 2399 2015 2437 mum
2038 2382 2096 2437 in
2117 2383 2493 2449 monasterio,
2514 2384 2940 2454 proutlibitum
2958 2388 3070 2443 sibi
3089 2389 3284 2461 fuerit,
3316 2392 3496 2448 eundi

83 2482 235 2539 locis
266 2477 458 2551 ipsius
486 2473 814 2529 districtum
839 2487 939 2525 seu
975 2468 1252 2540 placitum
1276 2472 1492 2533 tenere,
1528 2470 1627 2521 aut
1650 2482 1743 2520 res
1853 2470 2342 2541 convertendique
2358 2470 2569 2527 habeat
2590 2471 2906 2530 licentiam.
2931 2476 3277 2550 Quicunque
3297 2485 3495 2538 autem

83 2565 441 2628 monasterii
473 2563 764 2629 invadere,
786 2559 872 2614 vel
900 2559 1107 2629 quovis
1130 2557 1303 2611 modo
1334 2555 1606 2621 alienare,
1641 2558 1743 2609 aut
1852 2560 2032 2627 hujus
2064 2559 2277 2613 decreti
2307 2560 2699 2616 contradictor
2735 2564 3020 2619 exstiterit
3065 2582 3131 2622 ac
3161 2572 3494 2639 temerator,

84 2653 461 2721 fodrum,vel
482 2654 735 2724 paratas,
759 2664 860 2703 seu
885 2647 1111 2719 aliquas
1134 2644 1396 2718 publicas
1415 2644 1742 2699 functiones
1851 2648 2245 2704 anathematis
2274 2646 2468 2719 gladio
2500 2650 2818 2720 suhjaceat.

81 2750 326 2820 exigere
356 2743 587 2799 audeat.
624 2739 814 2810 Ipsius
858 2752 1091 2807 quoque
1120 2734 1503 2806 proprietates
1540 2749 1741 2788 mona-
2563 2756 2775 2812 vaIL

82 2837 257 2896 sterii
313 2839 437 2889 tam
493 2848 543 2926 al
584 2831 871 2926 potestate
916 2824 1504 2926 archiepiscoporum
1554 2837 1740 2926 fluam
1852 2845 2013 2899 Bulla
2053 2843 2108 2898 S.
2158 2845 2345 2899 Leonis
2389 2845 2453 2899 IX
2484 2861 2583 2926 pro
2631 2848 2955 2904 monasterio
3000 2849 3300 2909 Casa-Dei
3343 2851 3492 2926 apud

79 2926 367 2984 omnium
400 2917 760 2982 mortalium,
792 2918 998 2986 praeter
1042 2912 1210 2984 regia
1241 2911 1740 2966 sublimitatis.....
2484 2911 2500 2916 '
2527 2916 2808 2973 Ανυενηοε,

73 3009 549 3073 irrevocabiliter
588 3003 1017 3069 subtrahimus,
1040 3018 1106 3057 ac
1128 3001 1370 3056 liberam
1406 3015 1533 3055 esse
1555 3015 1746 3055 cense—
2471 3005 2658 3075 (Anno
2689 3006 2874 3078 1052.)

76 3121 243 3171 mus,
266 3099 507 3168 salvafin
528 3096 605 3150 ibi
627 3092 969 3150 auctoritate
991 3089 1328 3162 apostolica,
1349 3105 1414 3144 ac
1434 3090 1632 3161 primae
1656 3105 1746 3144 se-
1855 3094 2099 3167 [Baluz.,
2115 3094 2270 3164 0pp.,
2289 3093 2349 3147 Β.
2370 3093 2590 3149 Servati
2610 3095 2750 3168 Lupi
2770 3096 3177 3169 Ferrariensis,
3197 3102 3497 3175 pag.527.]

76 3196 172 3251 dis
205 3192 507 3255 invocata,
540 3184 589 3240 si
620 3198 855 3237 necesse
885 3180 1079 3246 fuerit,
1114 3178 1427 3234 audientia.
1462 3177 1524 3232 In
1547 3177 1743 3248 acqui-
1928 3184 2039 3238 Leo
2085 3181 2415 3254 episcopus,
2472 3199 2674 3239 servus
2720 3200 3020 3243 servorum
3070 3188 3196 3258 Dei,
3240 3189 3497 3247 ecclesia

77 3280 292 3339 rendis
330 3280 529 3333 autem
559 3271 730 3328 bonis
758 3268 955 3326 Sancti
989 3267 1137 3323 Petri
1170 3267 1291 3321 haec
1321 3269 1582 3321 servetur
1610 3281 1744 3320 con-
1777 3258 1820 3324 C
1859 3273 2162 3328 beatorum
2193 3275 2515 3343 martyrum
2541 3271 2746 3329 Vitalis
2778 3277 2834 3329 et
2861 3276 3162 3348 Agricolae,
3196 3294 3324 3351 qua
3353 3278 3496 3334 dici-

78 3372 256 3440 ditio,
315 3372 387 3422 ut
435 3364 600 3436 prius
644 3378 711 3416 ex
758 3359 887 3431 ipsa
929 3362 985 3413 et
1044 3355 1297 3427 qualitas
1355 3359 1413 3409 et
1454 3354 1751 3426 quantitas
1861 3366 1956 3417 tur
1986 3359 2283 3428 Casa-Dei,
2317 3363 2375 3414 et
2409 3377 2512 3431 per
2540 3375 2668 3415 eam
2702 3362 2897 3417 abbati
2942 3365 3176 3422 nomine
3207 3367 3502 3439 Rosza'ro,

78 3475 294 3518 rerum
350 3453 545 3519 nobis,
577 3453 678 3506 aut
708 3446 923 3504 nostris
955 3444 1396 3501 successoribus
1425 3441 1750 3510 intimetur,
1863 3451 2108 3521 ejusque
2132 3448 2568 3505 successoribus
2587 3447 2724 3505 illuc
2745 3451 3022 3508 canonice
3050 3454 3407 3511 intrantibus
3438 3455 3502 3510 in

76 3556 138 3607 et
177 3554 338 3605 tunc
385 3539 643 3605 licentia,
697 3539 1000 3609 praecepto,
1055 3538 1113 3589 et
1157 3532 1397 3589 consilio
1430 3548 1463 3587 a
1492 3531 1756 3586 Romana
1866 3543 2234 3611 perpetuum.

79 3640 232 3697 sede
256 3636 524 3705 accepto,
549 3627 916 3697 additajusta
935 3622 1234 3695 pensione,
1258 3639 1292 3676 a
1311 3626 1365 3676 te
1379 3620 1618 3692 suscipi:

1974 3627 2219 3682 :onvenit
2238 3626 2553 3697 apostolico
2575 3629 2963 3686 moderamini
2980 3631 3257 3689 omnibus
3271 3632 3333 3690 in
3347 3633 3513 3690 Chri-

84 3729 214 3784 Hoc
251 3722 503 3797 quidem
527 3718 695 3773 modo
721 3713 1046 3787 proprietas
1075 3716 1365 3767 terrarum
1390 3715 1446 3765 et
1474 3724 1760 3781 aquarum
1874 3720 1962 3773 sto
1986 3715 2079 3788 pie
2106 3714 2295 3771 vivere
2324 3715 2652 3772 volentibus
2675 3722 2878 3775 contra
2907 3721 3172 3777 omnium
3204 3723 3519 3780 adversan-

86 3819 313 3872 sancto
366 3812 535 3866 Petro
576 3804 919 3867 remanebit,
972 3806 1028 3855 et
1073 3800 1224 3855 bono
1269 3815 1470 3854 eorum
1519 3815 1629 3852 usu
1660 3813 1764 3853 vos
1876 3805 2027 3860 tium
2071 3804 2221 3859 ictus
2250 3804 2627 3876 protectionis
2656 3806 2888 3878 clypeos
2920 3809 3194 3881 prabere,
3227 3815 3523 3884 quatenus

83 3905 317 3962 amodo
369 3895 668 3954 fruemini.
724 3891 1080 3947 Violatorem
1140 3889 1318 3961 igitur
1384 3887 1564 3958 hujus
1615 3886 1766 3941 sacri
1882 3893 2155 3966 quisquis
2186 3893 2414 3965 sejugo
2436 3894 2945 3966 subjugatChristi
2975 3897 3189 3955 auxilio
3215 3903 3525 3971 acprotec-

84 3988 429 4068 privilegii,
454 3986 567 4042 nisi
602 3982 934 4054 resipuerit,
967 3984 1023 4035 et
1053 3979 1124 4034 ad
1157 3977 1505 4068 condignam
1532 3974 1769 4068 satisfa-
1882 3982 2041 4038 tione
2079 3997 2324 4036 summae
2364 3981 2519 4037 sedis
2548 3986 2604 4037 et
2633 3983 2960 4053 apostolica;
3002 3985 3147 4042 illud
3180 3987 3243 4043 in
3272 3988 3526 4044 mitione

93 4066 382 4139 ctionem
398 4074 639 4141 venerit,
664 4069 1049 4144 apostolicum
1073 4067 1385 4123 anathema
1404 4066 1769 4120 condemnet.
1884 4071 2059 4127 etiam
2082 4068 2388 4141 temporali
2417 4075 2792 4143 recognoscat
2811 4076 2869 4129 et
2891 4074 3107 4131 sentiat
3127 4076 3285 4148 quod
3313 4080 3528 4134 sancta

94 4168 611 4225 Conservatorem
641 4176 777 4215 vero
827 4157 1078 4213 dominae
1108 4160 1320 4211 nostrae
1357 4154 1537 4209 beatae
1584 4152 1776 4208 Mariae
1887 4159 2151 4215 Ecclesue
2182 4175 2437 4230 sponsus
2451 4175 2622 4216 verus
2652 4166 2708 4216 et
2735 4178 2890 4219 unus
2916 4164 3129 4237 jugum
3161 4166 3533 4240 suscipienti-

92 4252 476 4314 intercessio
507 4249 760 4321 gloriosa
790 4247 1057 4303 laatiiicet.
1890 4248 2003 4303 bus
2024 4264 2196 4303 suum
2228 4247 2498 4303 leniendo
2520 4249 2837 4307 denunciat
2861 4252 3098 4310 dicens:
3122 4257 3323 4328 Iugum
3349 4270 3534 4312 meum

172 4350 415 4403 Datum
440 4358 514 4397 xv
546 4338 833 4395 Kalendas
860 4335 1100 4408 Aprilis,
1132 4351 1234 4405 per
1264 4349 1473 4388 manus
1508 4329 1781 4418 Frideriici
1893 4353 2059 4392 suave
2087 4339 2164 4392 est
2195 4344 2245 4391 et
2270 4352 2404 4391 onus
2432 4354 2615 4393 meum
2645 4340 2759 4395 leve
2786 4341 2996 4410 (Matth.
3027 4360 3106 4412 ιι,
3134 4343 3247 4417 30).
3281 4343 3536 4418 Quapro-

94 4438 340 4504 sanctea
377 4436 651 4486 Romanae
693 4426 848 4483 sedis
893 4422 1317 4480 bibliothecarii
1347 4426 1404 4477 et
1431 4417 1781 4486 cancellal‘ii,
1897 4431 2025 4498 pter
2053 4426 2178 4497 jam
2217 4425 2502 4497 prazdictm
2548 4427 2800 4483 ecclesia:
2844 4431 3187 4489 auctoritate
3216 4417 3537 4504 apostolica

92 4528 235 4582 vice
270 4518 516 4579 domini
568 4513 922 4580 Herimanni,
957 4509 1493 4569 archicbancellarii
1537 4514 1595 4565 et
1623 4507 1785 4565 Colo-
1896 4515 2269 4571 concedimus
2298 4517 2355 4570 et
2398 4514 2772 4587 impertimur
2800 4518 3084 4592 privilegii
3115 4521 3387 4593 gratiam,
3419 4536 3539 4594 qua

94 4612 357 4672 niensis
418 4604 865 4678 archiepiscopi,
915 4619 1067 4659 anno
1113 4600 1335 4657 domini
1386 4598 1597 4654 Leonis
1626 4614 1788 4670 papae
1821 4623 1866 4688 Β
1898 4604 2051 4658 tueri
2083 4607 2259 4674 queat
2288 4619 2349 4659 se
2380 4603 2453 4658 ab
2483 4604 2749 4660 omnium
2788 4622 2851 4662 se
2880 4606 3097 4679 injuste
3125 4608 3541 4681 impotentium

96 4705 338 4777 quarto
377 4694 700 4753 indictione
727 4710 782 4748 v.
1901 4691 2216 4759 calumnia,
2252 4696 2315 4747 ut
2335 4692 2621 4764 quidquid
2643 4693 2789 4749 inibi
2811 4711 2845 4750 a
2865 4695 3132 4753 Rencone
3153 4696 3403 4770 praesule
3421 4696 3543 4755 col-

879 4781 1067 4836 LXVI.
1903 4779 2087 4835 latum
2124 4785 2234 4846 est,
2276 4778 2365 4836 vel
2406 4780 2477 4834 ab
2526 4779 2823 4853 aliquibus
2866 4782 3078 4841 Christi
3117 4783 3392 4842 fidelibus
3417 4785 3548 4857 jam

95 4884 158 4938 S.
197 4876 432 4934 Leonis
461 4873 689 4944 epistola
711 4871 781 4926 ad
810 4886 995 4927 omnes
1026 4885 1120 4939 per
1150 4870 1371 4945 Italiam
1400 4870 1691 4945 episcopos.
1726 4897 1792 4907 —
1907 4868 2115 4925 collata
2140 4868 2229 4924 vel
2252 4869 2600 4925 conferenda
2624 4875 2812 4939 erunt,
2837 4871 2898 4926 in
2921 4877 3270 4945 perpetuum
3301 4874 3413 4931 sub
3433 4872 3555 4930 tui-

175 4952 294 5033 ΝϐΔ
318 4940 695 5033 ρρξεείςδίᾳηεε
720 4940 1797 5033 ίοηιτιςξμεμᾳξ,ςξίξιῖίζτέξξῖνιηέςτιξιληρς
1906 4960 2063 5014 tione
2094 4957 2410 5029 apostolica
2442 4958 2551 5013 sibi
2596 4976 2828 5031 semper
2869 4940 3146 5017 maneant
3186 4961 3555 5033 inconvulsa,

318 5008 336 5021 .
393 5020 404 5029 _
1196 5014 1202 5021 .
1284 5008 1299 5010 -
1622 5013 1630 5022 .
1912 5008 2058 5014 --ν--ν
2096 5008 2410 5029 -ι-νννν----
2442 5008 2551 5013 --η-
2596 5008 2818 5031 -ν--ι-ν-
2869 5008 3146 5017 --υ---νκ--ν
3188 5008 3536 5020 -ηνν-πυιιι-ν·

146 5015 807 5121 ‘ﬂ’afﬁif'arum
835 5014 1028 5070 saltem
1057 5008 1397 5067 medwmm
1429 5011 1684 5068 E66165"?
1728 5008 1798 5065 ad
1910 5052 2199 5120 quatenus
2231 5045 2448 5102 ibidem
2490 5048 2829 5116 servientes,
2863 5049 3057 5121 quiete
3085 5056 3142 5107 et
3172 5068 3378 5110 secure
3406 5008 3562 5109 com:

176 5108 377 5167 quam
405 5089 673 5160 pertinet.

783 5159 970 5225 (Anno
1007 5156 1185 5221 1052,)
1911 5140 2234 5207 manentes,
2268 5139 2426 5191 tanto
2460 5137 2724 5194 devotius
2763 5138 2980 5195 Christi
3018 5140 3345 5200 inhaereant
3387 5141 3561 5199 disci-

680 5229 915 5298 [Mansi,
949 5227 1091 5295 ΧΙΧ,
1123 5227 1272 5297 670.]
1911 5225 2155 5298 pulatui.
2193 5230 2412 5298 quanto
2438 5230 2495 5281 et
2524 5243 2558 5282 a
2588 5226 2780 5283 furiali
2805 5230 3011 5285 mundi
3036 5231 3283 5304 impetu,
3314 5229 3557 5304 protecti

175 5327 310 5383 LEO
347 5318 700 5393 episcopus,
734 5317 1011 5374 omnibus
1041 5315 1327 5389 episcopis
1359 5315 1417 5369 in
1448 5314 1679 5370 Christo
1701 5330 1805 5385 per
1913 5316 2021 5371 hac
2052 5315 2370 5387 apostolica
2399 5315 2631 5388 pagina,
2666 5316 2884 5374 fuerint
2924 5318 3120 5377 alieni.
3157 5319 3555 5391 Praecipientes

93 5422 309 5473 totam
350 5407 620 5467 Italiam.
1914 5404 2096 5476 igitur
2121 5405 2243 5459 vice
2266 5406 2450 5460 sancti
2474 5405 2626 5461 Petri
2654 5406 3053 5478 apostolorum
3084 5407 3383 5481 principis,
3413 5421 3557 5479 prm-

176 5500 500 5561 Relatum
523 5500 612 5552 est
663 5495 906 5551 auribus
950 5494 1168 5550 nostris
1201 5509 1327 5549 esse
1360 5492 1649 5565 quosdam
1682 5506 1800 5562 per
1914 5494 2191 5565 cipimus,
2223 5494 2412 5565 cujus,
2446 5494 2715 5565 quamvis
2745 5494 3021 5568 impares,
3062 5496 3212 5551 vices
3240 5499 3436 5551 tamen
3461 5508 3558 5566 ge-

87 5609 282 5653 verse
319 5588 609 5661 agentes.
635 5583 1083 5656 quisubvertere
1113 5587 1286 5654 atque
1306 5580 1562 5636 dividere
1590 5596 1804 5635 conan-
1916 5583 2123 5650 rimus,
2150 5589 2215 5638 ut
2239 5582 2438 5638 nullus
2459 5583 2796 5655 imperator,
2821 5602 2937 5651 rex,
2970 5585 3087 5641 sive
3111 5584 3248 5651 dux,
3282 5585 3386 5639 aut
3405 5598 3559 5639 mar-

85 5689 204 5747 tur
226 5670 1413 5740 ecclesiaaunitatem:videlicetabbates
1434 5677 1491 5727 et
1510 5668 1808 5745 monachi,
1916 5672 2069 5742 chio,
2130 5688 2325 5728 comes
2378 5670 2468 5729 vel
2490 5672 2831 5743 vicecomes,
2900 5689 2998 5730 seu
3055 5670 3246 5746 qualis
3304 5671 3559 5749 quisque
