3898 6346
378 403 397 419 ¹’
488 410 498 441 δ

371 446 494 513 68⁸1

1437 443 1502 507 S.
1546 441 1828 507 LEONIS
1873 437 1956 502 IX
1999 437 2231 502 PAPE
2271 438 2705 503 OPUSCUL‘A.

3716 427 3829 492 688

372 575 767 636 ecclesiastica
794 579 1082 650 potestate
1111 576 1308 649 aliqua
1335 575 1632 649 praaditus,
1668 573 1887 628 scilicet
1925 590 2010 627 ar-
2040 573 2090 638 Α
2125 589 2192 627 ac
2240 571 2697 628 subdiaconibus
2734 569 2805 626 ad
2855 569 2967 625 hoc
3014 564 3421 625 ministerium
3474 533 3834 636 prudenter

378 666 810 742 chiepiscopus,
830 666 949 724 sive
968 667 1296 740 episcopus,
1329 681 1429 721 seu
1454 663 1698 736 quilibet
1713 660 2020 718 vicedomi-

379 775 513 825 nus,
548 756 761 813 audeat
799 756 1099 830 prafatam
1123 755 1397 811 invadere
1427 752 1753 818 ecclesiam,
1783 750 1872 807 vel
1893 750 2021 821 ejus

381 845 632 922 diripere
661 846 834 913 bona,
858 861 983 917 qua:
999 860 1152 900 nunc
1172 843 1261 899 vel
1281 842 1475 913 aliquo
1497 842 1555 895 in
1577 844 1835 912 tempore
1858 840 2019 910 juste

382 936 644 1010 possidet
668 933 756 991 vel
787 937 875 989 est
903 949 1264 1006 possessura.
1280 931 1440 995 Quod
1455 929 1773 986 sanctionis
1794 926 2021 998 privile-

385 1024 547 1098 gium
570 1021 839 1097 quisquis
853 1021 1162 1077 temerario
1185 1018 1663 1089 ausuinfregerit,
1680 1016 2018 1071 anathema-

383 1113 459 1182 tis
490 1111 809 1179 vinculum,
849 1110 963 1165 nisi
996 1109 1326 1182 resipuerit,
1366 1107 1423 1162 in
1452 1110 1798 1179 perpetuum
1841 1102 2020 1158 susti-

382 1181 539 1258 neat.
571 1202 950 1258 Conservator
977 1181 1186 1254 veroin
1210 1197 1440 1252 aeternis
1471 1194 1700 1267 gaudiis
1730 1191 2022 1247 felicitatis

384 1290 545 1348 lucra
570 1289 886 1364 possideat.

386 1368 389 1371 i
452 1382 665 1436 Datum
685 1378 892 1434 Ginon.
916 1394 995 1442 vx,
1017 1376 1213 1432 Nonas
1229 1374 1386 1443 Maii,
1411 1389 1511 1444 per
1525 1388 1733 1427 manus
1755 1369 2022 1425 Friderici

387 1466 637 1533 diaconi,
654 1467 712 1521 S.
730 1466 797 1520 R.
819 1462 1318 1519 E.bibliothecarii
1337 1465 1393 1516 et
1407 1458 1752 1526 cancellarii,
1776 1458 2023 1513 vice-do-

387 1552 853 1612 miniHermanni
872 1548 1565 1608 cancellariiColoniensis
1576 1546 1994 1618 archiepiscopi
2008 1587 2020 1612 ,

391 1659 544 1700 anno
568 1639 802 1698 Domini
824 1638 1031 1696 Leonis
1046 1655 1208 1712 papae
1222 1637 1359 1694 noni
1372 1641 1597 1709 quarto,
1626 1634 1940 1690 indictione
1964 1652 2022 1690 v.

395 1821 450 1877 S.
478 1822 580 1877 Leo
602 1819 670 1876 IX
688 1818 984 1889 privilegia
1012 1817 1450 1889 metropolitapae
1477 1814 1722 1889 ccclesire
1740 1810 2025 1867 Colonien-

478 1835 580 1877 Leo
602 1835 664 1876 ιᾸ
782 1835 984 1889 vuegta
1012 1835 1450 1888 metropomanw
1477 1835 1712 1869 eccwsue
1740 1835 2023 1867 cownwn—

464 1893 540 1947 sis
563 1835 866 1960 confremat.
898 1893 1219 1960 Hernicum)
1240 1887 1651 1960 archiepiscopo
1673 1885 2023 1960 eiysquesucf

461 1932 759 2018 cessorilbus
803 1959 1044 2015 concedii
1085 1960 1306 2014 titulum
1355 1932 1675 2012 cancellcirit
1887 1956 1947 2009 E.
1978 1956 2027 2008 et
2058 1932 2104 1998 B

457 2033 760 2089 cardinaiis
787 2032 842 2087 S.
873 2032 1111 2088 Joannis
1150 2030 1221 2085 ad
1250 2032 1473 2085 Portam
1502 2030 1782 2091 Latinam,-
1838 2028 1894 2079 in
1942 2041 2025 2079 ec-

457 2106 627 2161 clesia
654 2118 783 2159 vero
813 2102 1120 2159 Coloniensi
1143 2104 1288 2156 creat
1319 2108 1518 2169 septem
1547 2098 1887 2169 presbyteros
1916 2113 2026 2151 car-

461 2176 673 2233 dinales
705 2173 1026 2246 totidemque
1054 2172 1307 2228 diaconos
1342 2176 1391 2227 et
1420 2172 1793 2226 subdiaconos.

835 2262 917 2317 Ex
943 2259 1199 2317 Historia
1227 2258 1574 2316 Coloniensi.

1006 2352 1196 2419 (Anno
1226 2347 1385 2419 4052)

698 2437 971 2510 [Miraeus,
1004 2437 1136 2509 Opp.
1167 2436 1412 2507 diplom.,
1446 2435 1516 2503 II,
1550 2435 1732 2505 1181']

466 2529 580 2585 LEO
608 2525 937 2599 episcopus,
980 2540 1181 2580 servus
1211 2539 1509 2579 servorum
1538 2521 1670 2592 iDei,
1694 2521 2030 2592 LHERMANNO

394 2618 452 2675 S.
503 2614 865 2673 Coloniensis
920 2611 1187 2669 Ecclesiae
1246 2610 1555 2667 venerabili
1598 2609 2030 2682 archiepiscopo

394 2706 638 2777 suisque
681 2700 1120 2760 successoribus
1172 2700 1310 2756 illuc
1351 2699 1625 2755 canonice
1676 2698 2032 2754 intrantibus

393 2794 643 2854 salutem
672 2792 732 2849 in
762 2795 1128 2865 perpetuum.

464 2882 695 2941 Gratias
723 2881 952 2954 agimus
983 2880 1098 2935 Deo
1129 2882 1186 2935 et
1216 2878 1456 2935 Domino
1484 2882 1684 2933 nostro
1704 2877 1842 2932 Jesu
1874 2875 2034 2931 Chri-

397 2977 508 3039 sto,
540 2970 643 3043 qui
671 2968 848 3025 nullis
898 2985 1005 3024 nos
1035 2967 1494 3040 prazcedentibus
1536 2965 1761 3022 meritis
1792 2966 1859 3020 ad
1895 2980 2033 3036 apo-

399 3058 613 3118 stolicis
642 3057 947 3130 dignitatis
994 3055 1225 3112 culmen
1257 3056 1389 3111 fecit
1420 3055 1749 3121 ascendere,
1784 3057 1839 3108 et
1870 3052 2035 3108 solli-

400 3144 721 3205 citudinem
768 3144 1034 3202 omnium
1072 3143 1457 3200 Ecclesiarum
1489 3158 1683 3216 gerere
1718 3157 2036 3214 earumque

403 3235 726 3294 rectoribus
755 3233 988 3307 pietatis
1017 3249 1320 3290 assensum
1352 3232 1627 3305 praebere.

471 3324 618 3391 Quia
645 3299 952 3397 postulasti
984 3340 1018 3379 a
1046 3326 1307 3378 Romana
1335 3299 1471 3377 sede
1491 3318 1821 3377 conﬁrmari
1862 3318 2036 3391 privi-
2067 3299 2109 3365 (ἶ

398 3413 552 3487 legia
581 3430 708 3486 quae
748 3412 820 3468 ab
851 3410 1319 3469 antecessoribus
1364 3408 1585 3465 nostris
1626 3413 1766 3465 sunt
1810 3411 1922 3463 tua:
1954 3425 2039 3463 ec-

400 3502 589 3561 clesiis
642 3516 938 3569 concessa,
991 3500 1183 3556 visum
1242 3498 1411 3554 nobis
1467 3497 1576 3552 fuit
1620 3498 1928 3553 honestum
1983 3500 2040 3552 et

400 3590 665 3649 Ecclesiae
697 3590 1095 3647 necessarium
1126 3587 1389 3661 petitioni
1419 3591 1533 3641 tuas
1562 3585 1909 3642 consentire.

474 3678 802 3736 Praesertim
833 3694 967 3733 cum
988 3674 1234 3733 ecclesia
1261 3676 1383 3731 haec
1413 3676 1522 3730 sub
1556 3674 1789 3730 nomine
1820 3673 2035 3746 princi-

400 3768 494 3841 pis
523 3764 918 3841 apostolorum
943 3763 1270 3821 beatissimi
1295 3762 1446 3818 Petri
1471 3763 1547 3817 sit
1571 3766 1924 3831 consecrata,
1959 3760 2036 3818 si-

375 3859 499 3932 cut
527 3858 714 3913 mater
739 3871 866 3923 sua,
890 3853 984 3911 cui
1008 3853 1389 3926 praesidemus
1410 3851 1605 3907 divina
1622 3850 1948 3918 clementia,
1974 3854 2041 3906 ut

370 3963 528 4021 {quae
577 3947 825 4002 matrem
876 3941 1145 3998 imitatur
1186 3957 1254 3998 ex
1298 3940 1530 3996 nomine
1580 3939 1721 4010 ﬁlia,
1780 3939 2040 3996 imitetur

400 4033 578 4090 etiam
608 4031 1031 4104 aliquantisper
1072 4029 1130 4085 in
1163 4028 1447 4101 dignitate
1476 4027 1728 4084 ecclesiae
1766 4032 2040 4101 protega-

401 4125 617 4193 turque
646 4120 757 4175 sub
789 4119 899 4176 alis
932 4118 1289 4174 defensionis
1318 4134 1456 4173 suae.

472 4210 590 4266 Nos
620 4207 800 4282 igitur
828 4212 951 4277 tua,
985 4206 1139 4264 sicut
1158 4210 1213 4262 et
1239 4205 1501 4262 omnium
1531 4205 1744 4261 Christi
1778 4204 2038 4262 ﬁdelium

370 4372 377 4375 ν
404 4296 705 4356 devotione
735 4296 983 4368 incitati,
1016 4299 1214 4352 nostra
1247 4299 1303 4351 et
1346 4293 1663 4367 apostolica
1699 4295 2039 4351 auctoritate

403 4387 821 4446 conﬁrmamus
857 4384 962 4441 tibi
984 4384 1218 4457 .omnia,
1252 4384 1744 4456 quemadmodum
1778 4381 1837 4438 in
1869 4382 2039 4454 privi-

399 4475 569 4552 legiis
600 4475 839 4532 Patrum
871 4478 1226 4543 nostrorum,
1262 4471 1715 4545 apostolicorum
1755 4470 2033 4541 virorum,

400 4570 540 4625 sunt
567 4564 803 4638 scripta,
836 4580 1068 4621 crucem
1097 4561 1365 4618 videlicet
1393 4566 1449 4616 et
1479 4559 1719 4633 pallium
1752 4577 1858 4615 suo
1888 4564 2033 4615 tem-

399 4671 538 4729 pore
583 4669 810 4726 suoque
854 4652 979 4709 loco
1028 4651 1353 4717 ferendum,
1399 4649 1626 4721 insigne
1657 4665 1889 4720 quoque
1920 4649 2029 4705 fes-
2064 4674 2110 4738 Β

398 4744 499 4801 tivi
528 4743 663 4817 equi
696 4758 869 4815 quem
900 4742 1157 4798 Naccum
1189 4744 1396 4796 vocant
1426 4738 1607 4794 nostri
1657 4738 1923 4794 Romani.

469 4830 903 4888 Confirmamus
931 4846 1163 4902 quoque
1186 4828 1312 4899 tibi,
1336 4844 1439 4900 per
1459 4828 1607 4883 hanc
1628 4827 2035 4900 praeceptionis

402 4921 614 4974 nostrae
641 4917 937 4990 paginam,
970 4922 1182 4973 sanctm
1204 4920 1261 4973 et
1281 4915 1606 4990 apostolicae
1638 4915 1792 4972 sedis
1813 4915 2036 4971 cancel-

358 5076 361 5079 Α
400 5005 654 5062 laturam
697 5009 754 5062 et
800 5003 1103 5061 ecclesiam
1134 5006 1317 5061 sancti
1374 5005 1619 5062 Joannis
1672 5004 2037 5077 evangelista:

401 5096 535 5150 ante
580 5096 813 5149 Portam
859 5093 1145 5161 Latinam,
1183 5099 1249 5151 ut
1296 5098 1351 5151 te
1382 5100 1587 5151 Petrus
1626 5093 2035 5150 cancellarium

402 5181 633 5248 habeat,
665 5179 919 5238 Joannes
949 5181 1269 5256 hospitium
1310 5184 1581 5256 praebeat.

472 5268 858 5329 Concedimus
895 5272 1068 5329 etiam
1115 5276 1289 5345 atque
1336 5275 1613 5355 perpetuo
1651 5268 1937 5339 largimur
1976 5274 2040 5324 ut

401 5362 597 5433 majus
628 5358 808 5419 altare
855 5362 1105 5419 ecclesiae
1149 5366 1261 5416 tua:
1285 5359 1510 5425 matris,
1544 5356 1801 5429 Virginis
1832 5357 2036 5414 honori

399 5449 751 5519 dedicatum,
785 5454 844 5506 at
877 5450 1035 5507 aliud
1068 5450 1305 5509 ibidem.
1339 5445 1735 5519 apostolorum
1767 5445 2037 5518 principi,

356 5604 363 5611 ι
400 5538 465 5591 Β.
494 5537 686 5608 Petro,
732 5538 1056 5605 addictum,
1095 5540 1423 5594 reverenter
1468 5533 1858 5589 ministrando
1907 5552 2037 5606 pro-

363 5678 367 5683 ,
404 5629 608 5679 curent
637 5628 859 5696 septem
877 5625 1071 5680 idonei
1092 5623 1415 5679 cardinales
1447 5622 1787 5694 presbyteri,
1820 5623 2039 5680 dalma-

403 5709 537 5767 ticis
565 5710 779 5778 induti,
811 5711 1028 5784 quibus
1057 5709 1231 5767 etiam
1261 5726 1392 5767 cum
1424 5709 1665 5768 totidem
1696 5709 2038 5771 diaconibus

2129 660 2350 730 electis,
2394 664 2457 715 ut
2486 658 2746 716 sandalis
2776 661 3020 715 utantur
3058 655 3455 714 concedimus
3489 656 3559 709 et
3595 651 3823 707 consti-

2130 750 2377 805 tuimus.

2203 837 2407 893 Postea
2445 837 2850 893 auctoritatem
2894 840 2951 892 et
2987 835 3273 891 honorem
3313 848 3514 906 quem
3550 829 3821 887 Ecclesia

2133 925 2415 981 hactenus
2436 926 2660 994 habuit,
2692 930 2813 981 tam
2844 925 2996 981 inter
3024 923 3172 980 alios
3192 939 3375 995 quam
3411 938 3450 977 a
3482 919 3653 986 suis,
3688 936 3819 975 con-

2134 1014 2437 1069 ﬁrmamus
2498 1014 2697 1086 clypeo
2755 1011 3089 1086 apostolica:
3148 1009 3581 1084 protectionis,
3652 1014 3721 1063 ut
3776 1009 3820 1063 si

2134 1103 2366 1171 quando
2382 1103 2639 1174 synodus
2660 1103 2811 1158 infra
2840 1105 3005 1158 tuam
3026 1100 3355 1168 dioecesim,
3383 1102 3497 1154 aut
3522 1100 3819 1170 praesente

2133 1191 2308 1262 hujus
2325 1192 2521 1263 primae
2538 1190 3141 1263 sedisarchiepiscopo
3158 1187 3473 1261 autlegato
3494 1187 3580 1243 ab
3595 1184 3821 1258 ejusla.

2132 1281 2251 1332 tere
2270 1279 2486 1335 directo
2500 1280 2673 1335 fuerit
2693 1282 3027 1352 aggregata,
3049 1278 3306 1350 priorem
3325 1276 3595 1349 quidem
3623 1274 3818 1331 locum

2134 1371 2264 1438 post
2291 1367 2484 1441 ipsum
2542 1373 2730 1425 rector
2758 1369 2887 1438 ejus
2917 1366 3193 1436 obtineat,
3228 1367 3289 1421 in
3322 1364 3708 1438 proferenda
3737 1380 3821 1420 sa-

2133 1478 2362 1519 crorum
2378 1474 2664 1513 canonum
2689 1458 3035 1513 auctoritate
3051 1455 3215 1528 prior
3226 1454 3470 1520 existat,
3494 1454 3586 1509 ita
3613 1458 3817 1509 tamen

2135 1555 2198 1607 ut
2240 1550 2390 1607 sicut
2429 1552 2517 1603 est
2565 1545 2721 1617 prior
2764 1544 2824 1599 in
2855 1544 2964 1600 hac
3014 1542 3307 1617 probabili
3339 1543 3678 1614 dignitate,
3741 1542 3819 1598 ita

2134 1642 2306 1697 etiam
2324 1638 2536 1710 polleat
2553 1636 2711 1707 prior
2723 1650 2953 1690 morum
2976 1633 3290 1706 probitate,
3306 1631 3444 1687 vitae
3469 1631 3816 1699 honestate,

2137 1734 2200 1783 ut
2227 1729 2397 1799 cujus
2418 1722 3038 1781 annuntiaveritverba
3056 1722 3188 1793 ejus
3209 1720 3489 1777 imitetur
3515 1721 3812 1793 exempla.

2208 1816 2446 1888 Regiam
2491 1810 3011 1878 consecrationem,
3042 1810 3199 1866 infra
3235 1808 3475 1865 limites
3507 1826 3641 1866 suae
3672 1809 3814 1865 dicc-

2136 1904 2281 1960 ccsis
2314 1903 2657 1967 faciendam,
2682 1899 2988 1972 potestatis
3013 1896 3351 1970 apostolicae
3390 1898 3731 1954 munimini
3765 1898 3812 1953 ei

2136 1993 2619 2055 corroboramus;
2669 1988 3001 2043 habendam
3037 1986 3386 2043 electionem
3432 2003 3691 2059 quoque
3726 2005 3810 2046 ar-

2134 2079 2508 2153 chiepiscopi,
2543 2077 2867 2134 secundum
2897 2076 3715 2145 auctoritatemcanonicam,
3750 2078 3812 2132 ﬁo

2135 2171 2229 2226 liis
2260 2168 2523 2225 Ecclesia:
2558 2166 2856 2221 sancimus
2887 2182 2989 2237 per
3017 2164 3171 2220 hanc
3204 2165 3634 2237 praeceptionis
3666 2184 3811 2223 nos-

2137 2265 2238 2315 tra:
2271 2252 2565 2330 p'aginam.

2211 2349 2368 2403 Bona
2407 2350 2623 2411 autem,
2653 2361 2779 2415 quas
2812 2357 3000 2414 usque
3022 2343 3198 2398 modo
3216 2344 3419 2399 tenuit
3439 2343 3536 2399 vel
3562 2343 3628 2400 in
3650 2347 3815 2400 aeter-

2142 2454 2282 2492 num
2313 2453 2443 2490 cum
2463 2433 2699 2505 justitia
2728 2432 3028 2504 acquirere
3057 2431 3296 2503 poterit,
3334 2431 3454 2488 hoc
3483 2432 3811 2505 apostolico

2142 2525 2467 2582 munimine
2483 2523 2794 2579 laudamus
2815 2525 2871 2576 et
2887 2522 3366 2590 corroboramus,
3391 2521 3813 2579 videlicetmo-

2142 2607 2414 2690 nasteria,
2447 2626 2502 2677 et
2526 2619 2799 2677 ecclesias
2830 2618 3080 2676 Colonia:
3103 2618 3350 2691 positas,
3368 2622 3814 2677 monasterium

2143 2712 2329 2769 sancti
2382 2709 2663 2766 Heriberti
2711 2725 2842 2765 cum
2898 2708 3178 2765 omnibus
3237 2709 3369 2766 suis
3400 2709 3815 2782 pertinentiis,

2143 2799 2444 2857 ecclesiam
2476 2799 2533 2855 S.
2568 2798 2777 2865 Mariae,
2812 2797 2965 2853 infra
2990 2797 3222 2866 urbem,
3262 2797 3595 2855 ecclesiam
3627 2801 3818 2856 sancti

2141 2889 2414 2946 Gcreonis
2431 2904 2496 2942 cu
2509 2904 2563 2941 in
2577 2885 2873 2943 omnibuis
2890 2885 3015 2941 suis
3026 2887 3675 2958 pertinentiis.Caatera
3686 2906 3822 2946 vero

2144 2994 2311 3033 sacra
2358 2976 2503 3042 loca,
2554 2980 2610 3030 et
2650 2974 2799 3029 infra
2845 2974 3052 3029 urbem
3082 2978 3141 3029 et
3165 2974 3344 3041 circa,
3377 2977 3824 3034 conﬁrmamus

2144 3065 2250 3121 tibi
2273 3063 2615 3120 auctoritate
2636 3062 2969 3134 apostolica,
2997 3066 3267 3120 monetae
3288 3063 3488 3131 urbis,
3510 3066 3826 3124 teloneum

2147 3158 2204 3209 et
2234 3169 2403 3208 omne
2426 3152 2527 3221 jus
2557 3149 2738 3217 civile,
2774 3149 2885 3204 sub
2917 3152 3207 3221 potestate
3236 3150 3724 3223 archipraesulis.

2219 3240 2498 3296 Abbatias
2527 3243 2719 3294 autem
2754 3254 2856 3310 per
2885 3238 3119 3295 diversa
3147 3238 3300 3307 loca,
3328 3238 3537 3308 villas,
3570 3242 3739 3299 vicos
3772 3248 3831 3299 et

2148 3329 2407 3395 castella,
2458 3328 2515 3382 in
2547 3327 2820 3383 omnibus
2850 3327 2975 3382 suis
3004 3327 3403 3399 pertinentiis,
3456 3331 3683 3401 servis,
3717 3349 3831 3389 an-

2149 3416 2495 3484 cillis,terris
2523 3415 2700 3472 cultis
2731 3420 2786 3471 et
2815 3414 3075 3485 incultis,
3098 3416 3295 3488 aquis,
3316 3418 3540 3489 pratis,
3564 3421 3831 3495 campis,

2146 3506 2329 3573 silvis,
2360 3504 2610 3561 forestis.

2218 3596 2499 3651 Praeterea
2529 3592 2976 3649 corroboramus
2994 3592 3252 3649 ecclesia
3272 3596 3505 3666 praedia
3527 3614 3671 3670 quae
3705 3600 3838 3673 ipse

2147 3683 2382 3750 dedisti,
2412 3681 2680 3738 videlicet
2706 3682 3129 3739 monasterium
3160 3683 3582 3742 Brauwellare
3615 3692 3679 3744 et
3712 3707 3838 3746 cas-

2146 3777 2323 3840 trum,
2357 3771 2592 3827 nomine
2620 3770 2987 3843 Zonneburg,
3018 3788 3155 3827 cum
3190 3773 3478 3830 omnibus
3513 3776 3660 3834 suis
3692 3795 3838 3852 per—

2145 3861 2428 3931 tinentiis,
2470 3860 2551 3915 ita
2587 3860 2751 3927 fsicut
2801 3860 3097 3917 neminem
3148 3861 3839 3940 coarchiepiscoporum

2147 3950 2252 4007 tibi
2284 3948 2656 4020 subjicimus,
2689 3948 2772 4004 ita
2802 3949 2912 4004 sub
2934 3948 3097 4005 nullo
3124 3950 3381 4021 primate
3412 3956 3473 4007 te
3498 3954 3609 4027 agi
3644 3956 3844 4013 decre-

2146 4039 2340 4094 vimus
2366 4056 2379 4107 ;
2413 4036 2571 4093 salva
2599 4036 2767 4093 nobis
2797 4036 2856 4092 in
2882 4041 2961 4107 te,
2992 4037 3147 4094 sicut
3174 4039 3236 4093 in
3258 4039 3492 4096 caeteris
3526 4044 3842 4118 archiepi-

2149 4125 2362 4197 scopis,
2396 4142 2520 4196 qum
2543 4125 2678 4197 jure
2717 4126 3006 4181 debentur
3030 4126 3365 4199 apostolica
3418 4130 3843 4202 subjectionis

2148 4215 2509 4271 auctoritate.

2219 4304 2550 4359 Statuentes
2566 4302 2884 4375 apostolica
2899 4320 3153 4361 censura
3164 4309 3231 4361 ut
3244 4305 3450 4364 nullus
3464 4308 3839 4383 imperator,

2150 4409 2267 4459 rex,
2290 4392 2427 4460 dux,
2461 4391 2744 4463 marchio,
2777 4409 2995 4460 comes,
3025 4394 3411 4463 vice-comes,
3439 4401 3500 4453 et
3534 4406 3842 4472 praeterea

2148 4479 2345 4536 nullus
2394 4480 2886 4553 archiepiscopus,
2937 4482 3248 4556 episcopus
3297 4488 3708 4558 praepositus,
3750 4489 3839 4547 vel

2148 4568 2348 4642 aliqua
2376 4585 2590 4641 magna
2620 4586 2911 4642 parvaque
2932 4589 3204 4645 persona,
3232 4573 3574 4646 cujuslibet
3593 4579 3837 4635 ordinis

2142 4663 2199 4714 et
2228 4658 2551 4731 dignitatis,
2583 4662 2785 4714 contra
2815 4659 2967 4716 hanc
3003 4666 3216 4718 nostra:
3248 4666 3699 4738 praeceptionis
3733 4687 3836 4743 pa-

2144 4747 2340 4820 ginam
2372 4752 2429 4803 et
2458 4746 2922 4804 conﬁrmationis
2963 4751 3176 4807 audeat
3202 4759 3598 4824 praesentare.

2217 4836 2275 4891 Si
2333 4835 2465 4907 quis
2523 4837 2678 4907 quod
2738 4853 2853 4893 non
2913 4843 3209 4910 optamus,
3275 4845 3609 4901 temerario
3678 4864 3839 4903 ausu

2147 4929 2346 4979 contra
2392 4925 2570 4993 hujus
2602 4924 2928 4997 apostolicae
2957 4933 3168 4984 nostrae
3211 4932 3603 4990 auctoritatis
3634 4939 3839 5008 scrip-

2148 5017 2273 5068 tum
2318 5013 2412 5085 pie
2445 5030 2477 5068 a
2506 5013 2675 5069 nobis
2716 5014 3125 5088 pervulgatum
3171 5022 3510 5088 tentaverit,
3571 5026 3841 5081 anathe-

2147 5102 2321 5156 matis
2365 5100 2614 5157 vinculis
2657 5102 2973 5161 innodatus
3018 5123 3052 5161 a
3092 5123 3271 5178 regno
3324 5110 3429 5164 Dei
3472 5110 3560 5166 sit
3591 5112 3844 5171 alienus

2149 5190 2328 5244 donec
2361 5190 2684 5262 resipiscat.
2722 5192 2827 5257 Qui
2859 5209 2991 5249 vero
3025 5196 3121 5267 pio
3152 5196 3370 5261 intuitu
3390 5198 3601 5256 cultor
3633 5209 3707 5260 et
3744 5206 3844 5261 ob-

2148 5282 2404 5334 servator
2431 5279 2735 5349 exstiterit,
2767 5282 3189 5341 benedictionis
3224 5287 3482 5357 gratiam
3517 5295 3587 5346 et
3619 5293 3843 5350 cales-

2145 5366 2222 5421 tis
2253 5367 2413 5438 regni
2444 5368 2658 5439 gaudia
2678 5385 2713 5424 a
2734 5370 3285 5451 misericordissima
3315 5375 3587 5435 Domino
3622 5388 3843 5440 nostro

2146 5456 2420 5526 consequi
2452 5460 2762 5515 mereatur.

2217 5543 2366 5598 Data
2410 5543 2589 5601 Nonis
2620 5545 2776 5613 Maii,
2809 5565 2913 5620 per
2954 5566 3166 5607 manus
3213 5552 3498 5611 Friderici
3552 5559 3842 5631 diaconi,

2145 5630 2201 5719 S.
2228 5631 2504 5688 Romanae
2520 5633 2784 5691 Ecclesia:
2798 5637 3227 5698 bibliothecarii
3244 5646 3426 5715 atque
3442 5650 3843 5719 cancellarii,

2146 5718 2266 5779 vice
2283 5720 2504 5778 domini
2517 5723 2832 5782 Hermanni
2852 5728 3390 5795 archichanoellarii
3409 5738 3469 5791 et
3485 5734 3737 5801 Colon.
3754 5718 3841 5801 ως
