3898 6352
113 402 232 468 689

1098 402 1503 467 ΕΡῙΞΤθῙ-ιλΕ
1545 401 1645 466 ET
1690 400 2054 465 DECRETA
2093 400 2570 470 PONTIFICIA.

3389 409 3514 501 θα)

114 535 679 612 chiepiscopi.Anno
697 532 930 594 Domini
948 534 1239 594 millesino
1265 534 1754 610 quinquagesimo
1785 533 1843 603 Α
1870 536 2091 593 domini
2136 536 2453 595 Hermanni
2500 535 3001 598 archicancellarii
3043 540 3102 599 et
3145 524 3510 603 Coloniensis

114 629 372 685 secundo
408 628 610 685 Leonis
638 628 711 684 IX
740 644 903 700 papze
926 631 1150 699 quarto,
1188 628 1502 684 indictione
1523 626 1749 699 quinta.

842 718 1022 773 LXIX.

253 808 423 865 Bulla
454 808 508 864 S.
541 808 735 864 Leonis
765 808 832 863 IX
864 824 963 879 pro
1000 807 1241 864 caenobio
1275 806 1604 876 Altorﬁensi.

775 913 926 951 anno
962 897 1099 952 1052

572 985 742 1056 [Gal].
775 985 989 1041 Christ.
1032 986 1102 1053 V,
1137 986 1285 1057 473.]

179 1076 294 1130 Lso
324 1075 653 1148 episcopus,
687 1090 989 1130 servorum
1019 1074 1119 1130 Dei
1149 1089 1373 1141 servus,
1398 1077 1753 1129 Jucrrnaa'ro

108 1163 305 1221 abbati
339 1162 603 1218 Ecclesiae
646 1162 830 1218 sancti
882 1163 1125 1235 Cyriaci,
1180 1164 1379 1236 positae
1412 1163 1470 1217 in
1501 1162 1751 1227 Alsatiee,

106 1252 234 1309 loco
254 1254 353 1325 qui
372 1252 586 1307 dicitur
606 1251 805 1307 Altum
824 1253 1175 1318 coenobium,
1195 1253 1441 1325 ejusque
1464 1268 1757 1307 successo-

108 1342 296 1409 ribus,
330 1346 384 1397 et
407 1359 507 1414 per
526 1358 661 1398 eum
685 1342 990 1398 monachis
1013 1342 1231 1397 ibidem
1267 1346 1543 1414 perpetuo
1565 1342 1753 1396 famu-

105 1431 338 1498 laturis,
376 1436 715 1503 perpetuam
746 1431 805 1486 in
838 1431 1080 1487 Domino
1125 1431 1395 1486 salutem.

180 1521 465 1585 Quoniam
515 1520 754 1592 quidem
801 1520 1130 1593 apostolica:
1182 1520 1450 1575 convenit
1495 1536 1752 1575 censurae

106 1609 458 1666 venerabilia
474 1608 599 1665 loca
616 1608 851 1682 propria
867 1613 1167 1682 protegere
1182 1610 1445 1677 tuitione,
1463 1612 1753 1680 quatenus

104 1700 223 1755 Deo
251 1699 603 1755 famulantes
633 1699 704 1754 ab
738 1698 1145 1771 impetentium
1169 1715 1230 1753 se
1261 1698 1545 1769 injuste...
1569 1696 1751 1769 quieti

103 1792 160 1844 et
181 1788 349 1843 liberi
377 1805 604 1859 semper
623 1788 854 1843 valeant
880 1803 1135 1843 manere.
1164 1790 1526 1860 Quapropter
1547 1786 1753 1859 aequis-

106 1877 325 1937 simum
375 1876 715 1932 censuimus
754 1880 965 1932 nostrae
1019 1875 1339 1932 sanationis
1388 1876 1747 1948 paginajam
1780 1908 1829 1974 Β

104 1965 442 2039 praedictam
470 1963 803 2032 ecclesiam,
835 1982 869 2020 a
891 1965 1107 2020 nostris
1130 1965 1597 2037 progenitoribus
1618 1982 1749 2020 con-

103 2056 410 2120 structam,
443 2057 720 2125 perpetuo
745 2068 979 2107 manere
1000 2052 1288 2108 munitam
1314 2054 1749 2127 monasticoque

104 2143 296 2199 ordini
329 2141 741 2198 inviolabiliter
770 2142 929 2197 omni
960 2146 1220 2214 tempore
1251 2158 1378 2198 esse
1399 2143 1744 2198 dedicatam.

103 2233 285 2305 Igitur
314 2246 382 2286 ea
403 2231 743 2286 auctoritate
771 2248 883 2303 qua
908 2231 1093 2286 sancti
1117 2232 1265 2287 Petri
1282 2232 1584 2304 fungimur
1602 2232 1746 2301 vice,

104 2320 525 2377 confirmamus
555 2324 730 2392 atque
761 2321 1210 2376 corroboramus
1242 2321 1493 2376 ecclesiae
1523 2338 1745 2394 praeno-

102 2410 335 2465 minatae
366 2410 549 2464 nostri
586 2409 887 2481 apostolici
938 2409 1226 2482 privilegii
1272 2414 1555 2482 potestate
1588 2428 1743 2483 quae-

102 2516 334 2571 cunque
365 2516 398 2553 a
437 2498 651 2554 nostris
694 2499 1034 2571 parentibus
1083 2498 1300 2554 ibidem
1348 2517 1626 2556 concessa
1655 2499 1743 2555 vel

102 2588 476 2646 concedenda
509 2591 665 2655 sunt,
703 2591 765 2641 ut
798 2586 1013 2642 nemini
1063 2586 1236 2642 liceat
1284 2586 1506 2659 aliquid
1539 2589 1744 2644 exinde

102 2677 390 2744 minuere,
410 2676 492 2732 vel
513 2676 834 2748 quidquam
855 2694 925 2731 au
937 2677 1100 2742 ferre,
1117 2677 1216 2731 sed
1232 2676 1427 2733 omnia
1442 2677 1745 2733 monachis

102 2769 216 2826 Deo
260 2766 410 2821 inibi
473 2765 860 2821 servientibus
904 2765 1280 2837 integerrima
1342 2782 1572 2839 semper
1619 2784 1742 2822 ma-

101 2860 293 2914 neant.
319 2855 467 2911 Illud
485 2855 660 2910 etiam
684 2856 1153 2910 confirmandum
1178 2855 1539 2911 decrevimus
1563 2859 1625 2910 ut
1647 2856 1745 2911 ab-

100 2947 227 3003 bate
279 2945 475 3018 ipsius
523 2944 633 2999 loci
682 2944 880 3015 aliquo
920 2944 1035 2999 vita
1091 2944 1420 3013 decedente,
1474 2945 1741 3001 monachi

1863 626 2307 700 archiepiscopi,
2324 645 2476 684 anno
2489 628 2716 685 domini
2732 630 2942 688 Leonis
2956 630 3089 688 noni
3104 647 3268 707 papae
3282 632 3520 707 quarto,

1860 716 2060 774 indict.
2094 735 2149 787 v,
2184 718 2430 775 Domino
2460 735 2596 775 vero
2642 720 2800 776 1052,

2614 809 2776 864 LXX.

1861 897 1917 951 S.
1952 897 2141 954 Leonis-
2169 898 2237 953 IX
2257 899 2615 970 privilegium
2653 913 2757 971 pro
2804 900 3147 959 monasterio
3201 901 3512 960 Casinensi.

2497 987 2684 1059 (Anno
2719 988 2907 1061 1052.)

2244 1075 2516 1147 [Gattula,
2549 1077 2685 1132 Hist.
2734 1076 2945 1148 (faxim,
2979 1078 3126 1152 117.]

1936 1164 2048 1218 Lso
2076 1163 2407 1236 episcopus,
2453 1182 2654 1222 servus
2702 1182 3002 1223 servorum
3051 1167 3174 1238 Dei,
3226 1169 3510 1228 RICHERIO

1863 1251 2059 1307 abbati
2111 1252 2449 1308 monasterii
2506 1253 2831 1310 beatissimi
2890 1254 3102 1314 Christi
3152 1257 3508 1317 confessoris

1865 1340 2186 1411 Benedicti,
2220 1342 2372 1413 quod
2403 1345 2490 1397 est
2518 1346 2919 1400 constructum
2948 1343 3010 1400 in
3035 1349 3229 1403 monte
3261 1347 3365 1421 qui
3391 1349 3503 1405 Ca-

1863 1430 2031 1486 sinus
2061 1429 2297 1497 dicitur,
2319 1430 2375 1485 in
2404 1430 2693 1488 territorio
2718 1436 3141 1504 Beneventano,
3161 1437 3504 1510 cunctisque

1862 1520 1981 1576 tuis
2008 1519 2448 1575 successoribus
2471 1520 2641 1591 juxta
2670 1520 2932 1593 praedicti
2952 1523 3301 1582 confessoris
3329 1526 3504 1583 Bene-

1862 1608 1998 1665 dicti
2031 1612 2315 1665 statutum
2346 1609 2626 1666 canonice
2655 1609 2796 1667 illuc
2826 1610 3181 1670 intrantibus
3210 1612 3272 1670 in
3302 1630 3505 1688 perpe-

1861 1701 2050 1754 tuum.

1933 1787 2216 1855 Quoniam
2257 1787 2495 1862 quidem
2547 1788 2879 1863 apostolica:
2934 1791 3203 1847 convenit
3247 1809 3505 1850 censurae

1860 1878 1973 1934 Deo
1996 1877 2417 1934 famulantibus
2438 1878 2631 1935 omnis
2652 1879 3211 1957 protectionisjusta
3231 1883 3508 1957 ettequis-

1858 1966 2009 2023 sima
2030 1984 2278 2039 semper,
2302 1970 2358 2022 et
2377 1950 2671 2024 indefieua
2686 1950 2963 2026 adhibere
2984 1950 3334 2042 munimina,
3357 1950 3503 2045 qua-

1858 2059 2032 2111 tenus
2062 2073 2335 2128 possessa
2363 2056 2583 2129 absque
2613 2055 2735 2113 ulla
2754 2057 2918 2128 juste
2947 2057 3330 2131 inquetudine
3359 2077 3502 2134 pos-

1858 2145 2171 2213 sideant,et
2192 2146 2409 2217 injuste
2430 2144 2541 2201 sibi
2563 2146 2863 2204 subtracta
2883 2163 3227 2222 recuperare
3245 2149 3496 2208 valeant.

1857 2234 2104 2290 Proinde
2135 2251 2268 2290 cum
2301 2238 2493 2307 partes
2536 2235 3027 2307 pertransiremus
3072 2238 3421 2312 Campania,
3445 2243 3504 2297 et

1858 2323 2013 2394 apud
2043 2323 2101 2378 S.
2134 2323 2488 2378 Germanum
2521 2323 2630 2378 sub
2678 2323 2948 2395 pradicto
2996 2329 3195 2382 monte
3240 2327 3498 2400 positum

1857 2427 2364 2467 commaneremus
2382 2427 2515 2467 cum
2537 2411 2755 2468 nostris
2775 2412 3164 2471 confratribus
3181 2430 3357 2488 quam
3379 2414 3517 2488 plu-.

1856 2499 2023 2556 ribus
2050 2498 2317 2556 videlicet
2355 2499 2808 2574 archiepiscopis
2836 2505 2893 2558 et
2921 2501 3231 2576 episcopis,
3257 2502 3504 2578 aliisque

1857 2589 1916 2644 S.
1946 2588 2118 2657 Petri,
2160 2589 2495 2662 nostrisque
2543 2588 2836 2658 ﬁdelibus,
2885 2594 3026 2648 tunc
3073 2592 3351 2665 praefatus
3372 2596 3501 2668 jam

1856 2677 2160 2733 Richerius
2178 2678 2563 2751 suprascripti
2587 2679 2924 2735 monasterii
2946 2680 3330 2739 benedicendi
3352 2699 3503 2741 sem-

1854 2785 1957 2841 per
1977 2770 2035 2824 S.
2058 2768 2350 2824 Benedicti
2374 2768 2602 2824 abbatis
2625 2784 2759 2824 cum
2782 2768 2906 2825 suis
2927 2769 3335 2843 confratribus,
3356 2788 3498 2845 quo-

1854 2874 1986 2915 rum
2006 2875 2157 2914 unus
2172 2861 2413 2913 vocatur
2427 2857 2677 2923 Firmus,
2697 2858 3000 2930 conquesti
3020 2862 3161 2915 sunt
3177 2859 3492 2917 Ecclesiam

1855 2952 1908 3001 et
1939 2944 2265 3001 cmnobium
2290 2945 2417 3016 jam
2460 2945 2600 3000 dicti
2648 2945 2944 3002 Benedicti
2976 2947 3336 3005 sanctissimi
3373 2949 3493 3023 pri-

99 3034 354 3091 cmnobii
387 3034 650 3104 ejusdem
683 3034 975 3101 abbatem,
1000 3031 1100 3104 qui
1123 3032 1492 3105 eislegaliter
1511 3036 1744 3106 etjuste
1851 3037 2051 3091 vatum
2081 3039 2136 3090 et
2165 3035 2451 3090 nudatum
2507 3032 2754 3091 ecclesia
2789 3037 2846 3091 et
2890 3036 3246 3094 monasterio
3272 3037 3332 3094 S.
3366 3039 3499 3096 Ste-

90 3125 259 3195 juxta
306 3122 636 3178 beatissimi
686 3121 980 3177 Benedicti
1048 3120 1478 3177 institutionem
1527 3122 1741 3194 praesit,

97 3216 445 3286 potestatem
476 3210 731 3266 habeant
760 3210 991 3283 eligere,
1026 3226 1165 3266 sane
1188 3215 1249 3266 ut
1270 3211 1341 3266 de
1364 3212 1509 3278 suis,
1540 3213 1587 3268 si
1616 3229 1746 3268 eon-

1854 3123 2033 3196 phani
2056 3124 2228 3195 juxta
2257 3122 2550 3179 civitatem
2579 3124 3060 3182 Terracinensem
3098 3126 3309 3199 posito,
3341 3129 3498 3201 quod

1855 3212 2169 3285 praedictus
2197 3217 2254 3267 et
2289 3212 2405 3269 Deo
2453 3212 2840 3286 dignissimus
2884 3213 2977 3271 vir
3017 3215 3383 3286 Benedictus,
3412 3217 3497 3274 vi-

99 3302 345 3375 dignum
381 3300 649 3355 invenere
680 3300 992 3371 potuerint,
1044 3300 1281 3372 eligant,
1332 3301 1741 3373 przecipimus;
1774 3276 1818 3344 CI
1855 3305 2024 3358 vente
2091 3318 2350 3374 corpore,
2400 3304 2820 3358 construxerat.
2885 3302 3149 3376 Denique
3193 3305 3321 3378 ejus
3366 3306 3496 3363 vitis

104 3391 193 3446 ein
225 3394 444 3456 autem,
479 3406 592 3460 quo
638 3387 938 3444 meliorem
971 3389 1268 3461 potuerint
1317 3390 1567 3462 reperire
1598 3390 1746 3447 acci-

104 3480 287 3553 piant,
304 3477 623 3534 etelectum
646 3478 1108 3533 consecrandum
1131 3476 1404 3550 episcopo
1427 3479 1744 3548 deducant;

107 3569 257 3640 quod
291 3567 341 3624 si
373 3568 549 3638 justas
582 3566 832 3621 fratrum
863 3565 1127 3638 petitioni
1168 3566 1499 3639 acquiscere
1521 3567 1750 3640 episco-

106 3673 216 3728 pus
234 3654 615 3720 renuerit,vel
640 3653 1014 3710 simonialein
1039 3671 1174 3709 eum
1198 3671 1368 3727 agere
1390 3654 1609 3727 aliquid
1632 3662 1751 3712 ten-

106 3744 332 3811 taverit,
364 3747 711 3816 potestatem
756 3744 1096 3799 auctoritate
1150 3743 1467 3816 apostolica
1497 3746 1749 3801 adeundi

106 3837 370 3890 nostram
412 3832 666 3889 habeant
696 3833 1085 3905 prasentiam.

174 3922 458 3978 Prazterea
486 3922 859 3977 decernimus
908 3926 972 3977 ut
1019 3920 1218 3976 nullus
1266 3938 1526 3993 unquam
1558 3922 1755 3995 aliqua

106 4026 321 4083 magna
350 4028 646 4084 parvaque
668 4028 935 4083 persona,
961 4012 1360 4082 cujuscunque
1382 4012 1751 4082 conditionis,

106 4116 206 4155 seu
233 4099 538 4173 potestatis
559 4099 886 4155 munimine
909 4100 1237 4168 roboratus,
1268 4117 1300 4155 a
1322 4101 1558 4172 praefata
1581 4103 1757 4159 eccle-

107 4189 192 4246 sia
221 4206 328 4246 seu
361 4189 717 4245 monasterio
750 4189 947 4261 aliqua
976 4189 1204 4261 exigere
1225 4190 1455 4259 audeat,
1482 4192 1594 4247 nisi
1617 4194 1755 4264 quid

108 4295 213 4335 sua
230 4282 444 4352 sponte
460 4280 586 4350 jam
615 4277 756 4334 dicti
774 4277 1080 4333 lociabbas
1098 4277 1395 4334 obtulerit.
1418 4279 1600 4351 Igitur
1621 4299 1759 4353 apo-

105 4365 314 4424 stolica
343 4384 596 4424 censura
626 4366 997 4422 decernimus
1037 4370 1093 4421 et
1143 4367 1592 4425 irrevocabiliter
1623 4388 1757 4427 con-

110 4455 422 4513 ﬁrmamus
453 4460 516 4512 ut
546 4455 747 4511 nullus
767 4455 1105 4528 imperator,
1125 4459 1357 4525 autrex,
1374 4462 1471 4513 aut
1488 4462 1624 4527 dux,
1644 4461 1761 4517 sive

110 4546 396 4613 marchio,
431 4562 648 4616 comes,
691 4562 791 4601 seu
830 4545 1171 4611 vicecomes,
1222 4545 1539 4618 nullusque
1589 4550 1758 4606 advo-

1856 3390 2161 3446 historiam
2194 3407 2228 3445 a
2259 3390 2597 3446 beatissimo
2628 3407 2778 3462 papa
2805 3390 3079 3465 Gregorio
3100 3392 3318 3448 editam
3347 3397 3499 3450 attu-

1857 3478 2051 3535 lerunt
2081 3478 2138 3532 in
2179 3478 2472 3534 medium:
2523 3477 2720 3550 ibique
2765 3479 3157 3551 perquisitum
3194 3481 3497 3540 inventum

1858 3573 1946 3624 est
1976 3573 2038 3623 ut
2067 3566 2320 3639 qualiter
2349 3567 2534 3623 isdem
2561 3570 2803 3623 sanctus
2834 3584 2869 3624 a
2898 3569 3153 3641 quodam
3178 3574 3418 3645 rogatus
3438 3571 3499 3628 in

1860 3658 1987 3728 ejus
2006 3656 2220 3728 praedio
2245 3655 2666 3712 monasterium
2681 3658 3039 3727 construere,
3056 3658 3352 3730 abbatem,
3370 3677 3510 3735 prm-

1861 3745 2262 3819 positumque,
2292 3744 2393 3816 qui
2418 3744 2505 3799 illi
2525 3749 2680 3801 esset
2701 3747 3021 3821 secundus,
3041 3747 3102 3804 in
3122 3750 3513 3808 construendo

1863 3834 2148 3907 delegavit
2170 3833 2453 3902 coenobio,
2481 3834 2839 3892 denuntians
2860 3834 3015 3893 diem
3038 3854 3153 3911 quo
3175 3842 3331 3896 esset
3345 3838 3516 3895 adfu-

1863 3927 2055 3990 turus,
2091 3926 2157 3977 ut
2187 3921 2421 3995 singula
2449 3921 2533 3978 eis
2562 3924 2915 3990 ostenderet,
2946 3941 3062 3997 quo
3105 3930 3517 3983 construerent

1864 4010 2009 4078 loca,
2035 4009 2299 4067 ofﬁcinas
2320 4011 2760 4068 commanendis
2782 4013 3107 4084 monachis,
3123 4017 3182 4071 et
3200 4013 3515 4072 advenien-

1866 4101 1977 4171 dis,
1993 4116 2093 4156 seu
2110 4099 2502 4172 suscipiendis
2532 4100 3227 4173 hosPitibusnecessaria.
3250 4107 3513 4176 Cumque

1869 4188 2169 4261 promissae
2200 4189 2315 4244 diei
2354 4206 2467 4244 nox
2496 4189 2821 4262 perveniret
2847 4190 2909 4246 in
2941 4192 3189 4261 somnis,
3213 4192 3515 4251 sanctissi-

1870 4295 2003 4334 mus
2033 4278 2119 4333 vir
2153 4278 2403 4345 Domini,
2434 4278 2800 4351 Benedictus,
2824 4281 3079 4354 praefatis
3100 4281 3391 4341 ambobus
3411 4281 3519 4341 sci-

1870 4367 2004 4423 licet
2069 4366 2249 4423 electo
2311 4367 2507 4423 abbati
2572 4369 2818 4441 ejusque
2875 4370 3185 4443 praeposito
3225 4371 3519 4446 apparuit-

1870 4454 2074 4528 eisque
2128 4455 2252 4511 loca
2306 4455 2558 4528 singula,
2616 4461 2681 4512 ut
2735 4457 3103 4530 promiserat,
3169 4459 3514 4534 designavit.

1873 4546 2139 4617 Quinque
2192 4562 2316 4617 quae
2361 4544 2660 4618 sigillatim
2708 4545 2973 4603 viderant
3032 4547 3355 4606 retulerunt
3400 4548 3515 4607 sibi

113 4638 296 4701 catus,
318 4634 520 4691 nullus
538 4634 1031 4707 archiepiscopus,
1052 4651 1153 4689 seu
1177 4633 1510 4708 episcopus,
1538 4642 1590 4692 et
1614 4656 1754 4711 prm-
1795 4650 1839 4713 D
1868 4634 2127 4690 vicissim
2156 4633 2462 4690 collatione
2503 4639 2730 4704 mutua,
2779 4652 2892 4691 non
2944 4639 3138 4693 tamen
3186 4635 3396 4694 visioni
3427 4636 3516 4694 illi

112 4726 268 4780 terea
282 4722 765 4780 nullahominum
781 4739 1028 4795 persona
1040 4722 1345 4795 utriusque
1357 4730 1763 4798 sexus,ta‘.isue,

110 4816 314 4869 contra
333 4813 487 4869 hanc
510 4817 720 4869 nostrae
735 4811 1063 4885 apostolicae
1078 4814 1440 4870 auctoritatis
1454 4818 1763 4876 conﬁrma-

111 4900 331 4957 tionem
348 4905 526 4973 atque
538 4901 1018 4958 constitutionem
1037 4905 1217 4957 tentet
1230 4902 1421 4958 venire
1439 4922 1450 4971 ;
1469 4906 1567 4960 sed
1583 4925 1769 4981 neque

112 4990 470 5047 constitutus
492 4990 573 5047 ibi
596 4992 777 5048 abbas
799 4991 953 5046 bona
971 4991 1307 5046 monasterii
1328 4992 1542 5063 injuste
1560 4999 1772 5059 audeat

110 5079 363 5135 vendere
375 5079 464 5136 vel
483 5080 851 5136 distribuere.
873 5079 1035 5144 Quod
1051 5078 1430 5151 quincunque
1442 5081 1661 5154 fecerit,
1677 5104 1771 5142 no-

111 5171 231 5223 stro
264 5168 588 5241 apostolico
613 5169 983 5225 anathemate
1005 5184 1190 5239 usque
1212 5169 1283 5223 ad
1309 5169 1770 5231 satisfactionem

114 5255 357 5330 dignam
391 5274 708 5330 percussus
734 5257 959 5313 existat.
984 5257 1092 5323 Qui
1115 5274 1246 5312 vero
1269 5274 1329 5312 sc
1352 5261 1695 5318 custodierit
1716 5269 1774 5319 et

114 5345 517 5402 observaverit
554 5347 628 5402 ad
659 5345 1161 5403 confirmationem
1194 5349 1250 5399 et
1270 5346 1769 5420 constitutionem,

116 5438 321 5491 nostra
366 5436 775 5493 accumulatur
819 5434 1221 5492 benedictione
1267 5439 1324 5490 et
1370 5435 1498 5491 vitae
1546 5443 1771 5496 aeterna:

116 5523 415 5597 particeps
448 5523 753 5581 efficiatur.

189 5611 338 5668 Data
365 5611 565 5669 Nonas
596 5614 732 5670 Maii
754 5630 857 5687 per
880 5628 1089 5669 manus
1118 5611 1391 5667 Frideriei
1433 5614 1681 5689 diaconi,
1713 5618 1769 5673 S.

121 5698 401 5759 Romanae
434 5701 703 5761 Ecclesiae
735 5700 1161 5761 bibliothecarii
1193 5704 1249 5757 et
1272 5701 1622 5775 cancellarii,
1654 5707 1775 5764 vice

1875 4724 2049 4779 fidem
2096 4723 2601 4779 accommodantes
2652 4723 3009 4797 corporalem
3047 4725 3359 4799 prestolati
3376 4730 3520 4784 sunt

1874 4812 2263 4886 praesentiam.
2287 4814 2468 4878 Quem
2491 4813 2631 4868 dum
2654 4816 2948 4886 expectato
2972 4813 3213 4872 minime
3230 4807 3523 4873 vidissent

1880 4900 1971 4956 die
1998 4900 2857 4972 venisse,moestisuntreversi,
2883 4906 3305 4976 conquerentes
3318 4905 3523 4962 adver-

1880 5010 1985 5049 sus
2012 4990 2111 5047 Dei
2165 4988 2451 5046 famulum
2501 5006 2564 5047 se
2612 4988 2781 5046 illum
2823 4991 3240 5064 expectavisse,
3268 5007 3527 5068 eumque

1881 5081 2123 5138 minime
2148 5080 2317 5151 juxta
2346 5095 2516 5134 suam
2546 5080 2922 5153 sponsionem
2954 5079 3280 5138 advenisse.
3302 5081 3528 5150 Quibus

1881 5172 2023 5226 dum
2064 5169 2444 5241 approbasset
2491 5170 2647 5241 quod
2694 5169 3049 5242 promiserat
3126 5186 3232 5244 pro
3279 5174 3435 5228 certo
3465 5184 3528 5228 se

1883 5257 2267 5330 complevisse
2297 5257 2440 5312 dum
2472 5258 2845 5315 uniformiter
2893 5257 3229 5316 alternatim
3277 5256 3528 5330 singulis

1882 5347 2272 5421 apparuisset.
2296 5348 2352 5401 et
2372 5346 2577 5402 eadem
2594 5346 2722 5403 loca
2737 5346 2988 5421 singulis
3006 5345 3356 5404 utilitatibus
3376 5361 3531 5402 com-

1885 5438 2055 5493 moda
2085 5440 2150 5491 ut
2207 5435 2308 5490 uni
2366 5439 2423 5491 et
2479 5435 2644 5492 alteri
2675 5435 3068 5494 ostendisset:
3111 5431 3383 5507 praecepit
3411 5432 3523 5489 ita-

1884 5542 2017 5598 que,
2052 5529 2116 5580 ut
2150 5523 2303 5580 sicut
2334 5541 2402 5579 ex
2431 5523 2652 5581 visione
2681 5526 3024 5591 didicerant,
3048 5539 3115 5579 ea
3135 5519 3519 5595 perﬁcerent:

1885 5616 2040 5689 quod
2076 5618 2129 5670 et
2159 5614 2371 5668 factum
2402 5618 2512 5669 est.
2543 5613 2724 5686 Igitur
2751 5614 2872 5670 haec
2901 5611 3095 5669 omnia
3124 5624 3259 5667 cum
3290 5609 3520 5667 confra-

1885 5704 2075 5761 tribus
2108 5702 2324 5760 nostris
2374 5700 2817 5775 diligentissime
2868 5698 3242 5773 respicientes
3268 5714 3520 5774 veraque
