3898 6410
362 476 478 543 691

364 627 494 671 esse
522 617 959 685 cognoscentes,
999 615 1409 687 dignissimum
1456 616 1725 672 arbitrari
1769 629 1996 680 sumus,
2026 611 2083 680 Α

364 706 422 759 et
478 702 819 758 censuimus
850 706 1146 774 praefatam
1204 706 1261 759 S.
1342 706 1619 775 Stephani
1689 705 1995 761 ecclesiam

364 791 699 846 monasticae
730 791 994 863 religioni
1025 810 1058 847 a
1086 793 1366 863 principio
1399 793 1487 847 sui
1520 793 1993 855 dedicatam.sic-

365 884 433 937 ut
454 881 577 952 jam
608 881 827 937 dictum
858 887 963 945 est,
991 883 1159 951 juxta
1188 884 1557 937 Terracinam
1581 882 1832 953 positam
1864 898 2002 952 pra:-

366 968 689 1035 uominato,
721 975 776 1023 et
806 986 918 1039 prie
950 970 1129 1024 electo
1164 971 1262 1025 SS.
1298 972 1659 1025 Cont’essoris
1708 969 2001 1024 Benedicti

366 1056 626 1114 ccenobio
665 1058 901 1113 reddere
947 1064 1002 1113 et
1048 1058 1364 1129 apostolica
1410 1059 1747 1113 auctoritate
1793 1059 2001 1113 conﬁr-

372 1162 552 1202 mare.
586 1148 879 1211 Quatenus
912 1164 1037 1218 qum
1070 1148 1198 1215 ejus
1247 1148 1492 1201 fundata
1533 1152 1621 1201 est
1665 1146 1997 1216 magisterio

366 1232 524 1289 illius
540 1248 770 1305 semper
784 1239 1017 1305 regatur
1027 1240 1200 1306 atque
1219 1234 1791 1305 muniaturimperio.
1810 1234 2004 1303 Itaque

364 1322 470 1378 tibi
502 1322 767 1377 llicberio
798 1323 1017 1391 abbati,
1051 1324 1359 1393 cuntisque
1399 1324 1517 1377 tuis
1571 1322 2005 1377 successoribus

358 1412 519 1482 juste
547 1409 606 1465 in
638 1412 1059 1465 monasterium
1091 1411 1149 1465 in
1182 1416 1377 1465 monte
1428 1410 1637 1465 Casino
1689 1410 1943 1481 positum
1974 1427 2005 1463 a

366 1496 676 1554 Benedicto
690 1497 1029 1552 beatissimo
1044 1497 1206 1552 Patre
1220 1502 1614 1553 constructum
1629 1498 1842 1552 intrant
1853 1498 2001 1565 ibus,

367 1588 542 1655 atque
571 1584 845 1655 praefatis,
881 1590 937 1640 et
966 1603 1114 1657 saepe
1144 1586 1422 1641 nominati
1475 1587 1762 1641 Benedicti
1804 1603 2006 1641 mona-

369 1673 545 1730 sterio
577 1676 635 1728 et
662 1673 914 1729 ecclesiae
947 1675 1279 1745 praedictam
1312 1675 1493 1730 sancti
1527 1675 1803 1745 Stephani
1834 1675 2005 1729 eccle-

371 1762 519 1820 siam
536 1765 593 1817 et
614 1763 1030 1819 monasterium
1052 1781 1185 1819 cum
1206 1764 1479 1818 omnibus
1502 1764 1624 1818 suis
1643 1764 2008 1834 pertinentiis

372 1851 2007 1920 reddimus,concedimus,etcorroboramus.Coustituen-

370 1941 649 2012 tesigitur
664 1958 895 1996 summa
907 1946 961 1995 et
977 1941 1292 2013 apostolica
1305 1958 1553 1997 censura
1570 1941 2003 2007 constituimus,
2039 1974 2085 2038 Β

370 2033 434 2084 ut
450 2028 595 2084 nulli
615 2028 890 2101 cuiquam
903 2029 1097 2102 aliquo
1120 2030 1177 2085 in
1200 2035 1459 2101 tempore
1481 2030 1650 2084 liceat
1671 2030 2006 2101 praedictam

369 2117 660 2182 invadere,
691 2117 776 2173 vel
824 2118 1489 2190 subripere'uecclesiam,
1551 2123 1653 2173 aut
1705 2118 1763 2171 in
1811 2118 2007 2189 aliquo

362 2207 523 2278 juste
538 2206 649 2261 sibi
667 2223 734 2262 ex
754 2208 1217 2279 competentibus
1232 2224 1358 2261 eam
1373 2207 1597 2274 laedere,
1616 2206 1702 2260 vel
1724 2206 2009 2272 minuere,

367 2294 457 2350 vel
486 2294 714 2367 direpta
742 2294 961 2363 injuste
990 2295 1437 2366 eigcontendere,
1468 2311 1571 2349 seu
1602 2313 1635 2350 a
1657 2294 2008 2349 monasterio

371 2383 559 2438 sancti
589 2386 646 2438 et
674 2382 995 2438 beatissimi
1034 2383 1325 2439 Benedicti
1373 2389 1569 2439 monte
1616 2384 1822 2438 Casino
1855 2383 2009 2453 posi-

371 2473 507 2526 tum.
530 2469 793 2534 avellere,
826 2471 947 2526 sive
977 2470 1249 2537 alienare,
1281 2476 1383 2527 aut
1428 2472 1713 2543 quidquid
1745 2472 1828 2526 illi
1852 2473 2011 2542 juste

372 2560 492 2630 iam
524 2575 798 2615 concessa
828 2560 1093 2631 quamvis
1123 2560 1429 2615 videantur
1448 2562 1520 2615 ab
1541 2560 1671 2615 aliis
1695 2577 1847 2615 nunc
1878 2576 2009 2631 pos-

372 2664 557 2715 sessa,
588 2647 675 2703 vel
708 2665 833 2720 qua)
864 2648 965 2703 tibi
998 2652 1137 2704 sunt
1166 2649 1355 2704 adhuc
1395 2649 1778 2715 concedenda,
1813 2652 2014 2703 contra

370 2737 662 2810 aequitatis
686 2738 979 2808 justitiam
1013 2738 1333 2808 subripere,
1368 2738 1655 2803 invadere,
1691 2755 1793 2793 seu
1826 2736 2013 2791 diver-

369 2826 500 2893 tire,
529 2825 618 2882 vel
650 2825 846 2898 aliquo
879 2827 1051 2882 modo
1095 2827 1459 2882 contendere.
1493 2825 1618 2881 Non
1652 2825 2008 2896 imperiator,

370 2918 471 2971 aut
501 2931 619 2982 rex,
652 2932 788 2982 non,
813 2914 1077 2987 inquam,
1112 2915 1248 2981 dux,
1273 2915 1359 2970 vel
1386 2915 1665 2981 marchio,
1695 2930 1888 2969 comes
1910 2918 2013 2968 aut

366 3002 723 3073 vicecomes,1
755 3019 869 3057 non
929 3003 1423 3073 archiepiscopus,
1500 3020 1603 3058 seu
1679 3004 2008 3072 episcopus,

366 3092 469 3145 aut
488 3088 705 3159 aliquis
726 3091 1077 3159 cujusquam
1098 3090 1340 3155 ordinis,
1358 3089 1478 3145 sive
1498 3091 1800 3161 potestatis
1826 3088 2013 3143 muni-

372 3177 531 3232 mine
578 3174 782 3243 fultus,
832 3177 1236 3246 cujuscunque
1284 3177 1651 3244 conditionis,
1701 3176 1789 3232 vel
1839 3194 2011 3231 sexus

373 3280 645 3338 persona,
678 3269 878 3320 contra
899 3263 1005 3319 hoc
1023 3270 1237 3320 nostrae
1283 3266 1602 3320 sanctionis
1646 3265 2010 3336 privilegium

378 3326 539 3411 adire
570 3326 798 3415 audeat.
832 3353 1174 3425 Quicunque
1204 3352 1383 3426 igitur
1411 3359 1611 3408 contra
1647 3326 1765 3409 .boc
1805 3326 2013 3423 justis-
2044 3326 2087 3396 θ

381 3444 543 3499 sima
574 3443 989 3499 moderationis
1037 3443 1353 3509 decretum,
1405 3448 1577 3514 atque
1627 3442 2015 3515 privilegium,

383 3533 539 3605 quod
569 3532 908 3588 auctoritate
937 3531 1273 3604 apostolica,
1308 3537 1600 3586 annuente
1624 3532 1737 3586 Deo
1759 3532 2019 3603 omnipo-

385 3625 563 3687 tente,
582 3620 933 3677 monasterio
947 3620 1062 3675 Deo
1084 3619 1413 3693 dignissimi
1439 3620 1749 3684 Benedicti,
1768 3621 2017 3675 cunctis-

383 3726 498 3783 que
523 3708 661 3765 illuc
682 3708 1255 3779 justepraeordinatis
1269 3708 1574 3763 abbatibus
1596 3708 1861 3774 fecimus,
1879 3724 2016 3763 con-

376 3798 768 3865 firmavimus,
817 3802 991 3870 atque
1037 3797 1537 3852 corroboravimus
1586 3796 1920 3851 contraierit
1962 3801 2017 3851 et

377 3886 610 3945 rebellis
636 3887 908 3952 extiterit,
939 3885 1051 3943 nisi
1095 3884 1421 3956 resipuerit,
1467 3890 1744 3957 perpetuo
1790 3885 2013 3940 confes-

374 3993 477 4055 sus
507 3976 876 4033 anathemate
905 3974 1144 4030 ultrices
1190 3973 1541 4028 aaternaliter
1586 3990 1786 4045 pcenas
1834 3973 2013 4028 susti-

370 4069 524 4121 neat.
557 4064 939 4120 Conservator
965 4079 1097 4119 vero
1128 4062 1451 4119 beatissimi
1482 4061 1775 4118 Benedicti
1809 4078 2012 4117 mona-

368 4152 612 4208 chorum
641 4152 851 4219 Patris,
882 4158 936 4207 et
968 4152 1131 4207 ducis
1157 4151 1370 4223 egregii
1392 4151 1682 4222 precibus,
1706 4154 1762 4205 et
1787 4150 2010 4205 meritis

370 4239 626 4308 auditus,
678 4239 749 4294 ab
789 4239 949 4294 omni
995 4243 1157 4294 reatu
1204 4238 1525 4307 absolutus,
1588 4238 2006 4294 benedictionis

370 4327 641 4402 gratiam,
674 4331 733 4382 et
760 4327 938 4383 vitam
970 4326 1215 4398 adipisci
1248 4331 1537 4382 mereatur
1568 4331 1864 4381 aeternam.

440 4417 588 4474 Data
615 4432 720 4490 per
747 4432 958 4472 manus
990 4415 1273 4471 Frederici
1321 4416 1571 4471 diaconi.
1624 4415 1682 4471 S.
1736 4416 2006 4471 Romanae

367 4505 638 4565 Ecclesiae
665 4504 995 4563 cancellarii
1048 4509 1105 4560 et
1142 4503 1584 4570 bibliothecarii,
1635 4504 1757 4559 vice
1807 4504 2007 4560 domni

364 4596 704 4667 Hermanni,
756 4592 1248 4651 archicancellarii
1291 4596 1468 4664 atque
1516 4591 1763 4647 Colonia:
1817 4592 2006 4647 archi-

364 4686 642 4761 episcopi,
672 4683 843 4741 tertio
864 4684 1089 4741 decimo
1112 4682 1399 4738 Kalendas
1418 4680 1605 4747 Junii,
1634 4681 1832 4735 domni
1861 4681 2003 4736 Leo-
2035 4689 2081 4752 ι)

363 4777 454 4834 nis
484 4776 621 4834 noni
653 4791 813 4848 papa:
843 4790 994 4830 anno
1023 4777 1251 4844 quarto,
1284 4770 1597 4825 indictione
1626 4770 1849 4841 quinta.

1110 4877 1293 4933 LXXI.

364 4968 419 5024 S.
470 4969 573 5022 Leo
619 4968 685 5022 IX
724 4969 931 5023 Joanni
992 4968 1235 5037 episcopo
1298 4972 1348 5020 et
1392 4966 1640 5037 omnibus
1697 4966 2004 5023 Terracinae

433 5038 930 5110 positisrccclesiam
973 5036 1029 5093 et
1059 5038 1455 5092 monasterium
1494 5036 1550 5091 S.
1601 5036 1859 5107 Stephani
1884 5053 2000 5092 mo-

433 5108 672 5163 nasterio
704 5108 981 5163 Casinensi
1010 5126 1043 5162 a
1070 5124 1181 5162 sese
1218 5110 1469 5161 restilula
1500 5109 1738 5162 nuntiat.

984 5197 1169 5265 (Anno
1200 5196 1384 5265 4052.)

718 5282 1018 5354 [Gattulla,
1053 5285 1196 5337 Hist.
1230 5283 1438 5337 Casam.
1470 5282 1623 5352 118.]

434 5394 547 5449 Lso
575 5391 906 5465 episcopus,
940 5404 1141 5443 servus
1170 5403 1467 5442 servorum
1499 5386 1621 5452 Dei,
1652 5387 1859 5441 JOANNI
1889 5388 2004 5458 epi-

363 5498 537 5554 scopo
586 5484 643 5538 et
690 5479 965 5535 omnibus
1010 5476 1331 5531 Terracinae
1381 5474 1587 5546 positis
1630 5476 1717 5530 vel
1764 5475 1821 5529 in
1874 5477 2002 5547 ejus

364 5568 693 5626 confinibus
726 5569 784 5625 S.
830 5566 1003 5636 Petri,
1054 5564 1387 5633 nostrisque
1432 5562 1719 5627 ﬁdelibus,
1753 5562 2001 5621 salutem

364 5672 501 5713 cum
538 5656 936 5713 benedictione
972 5652 1311 5727 apostolica.

436 5741 666 5799 Noverit
695 5743 922 5800 dilectio
954 5747 1145 5800 vestra
1172 5740 1474 5798 ecclesiam
1502 5746 1558 5798 et
1580 5740 1999 5799 monasterium

1451 484 1513 545 S.
1565 481 1836 545 LEONIS
1878 480 1958 543 IX
1998 479 2225 543 PAPJE
2267 479 2703 545 OPUSCULA.

2111 614 2170 670 S.
2218 613 2495 686 Stephani
2539 614 2711 684 juxta
2752 615 3135 670 Terraemam
3194 611 3423 685 posita
3478 624 3602 665 nos
3632 610 3791 677 reddi-i

2105 703 2286 767 disse,
2338 708 2395 757 et
2449 703 2828 758 confirmasse
2888 702 3265 758 monasterio
3344 703 3417 756 S.
3499 699 3793 769 Benedicti,

2107 795 2303 846 monte
2330 790 2537 847 Casino
2569 791 2826 862 positum
2857 808 2992 847 cum
3013 790 3316 847 omnibus
3350 787 3508 845 suis
3532 786 3787 859 pertinen-

2107 880 2226 943 tiis,
2261 896 2386 950 quas
2416 878 2524 934 sibi
2549 880 2710 948 juste
2741 879 3047 934 debentur.
3082 878 3362 933 Proinde
3420 874 3781 948 praecipimus

2109 968 2449 1022 auctoritate
2480 965 2799 1037 apostolica
2838 972 2902 1021 ut
2948 966 3154 1022 nullus
3205 962 3647 1038 privilegium
3679 966 3791 1035 quod

2110 1056 2298 1111 eidem
2330 1055 2678 1111 monasterio
2718 1055 2965 1111 fecimus
3012 1061 3071 1111 et
3122 1053 3696 1111 corroboravimus
3721 1070 3791 1107 au-

2111 1145 2239 1199 deat
2270 1143 2601 1215 infringere,
2633 1144 2734 1215 qui
2764 1144 3158 1200 anathematis
3205 1160 3488 1217 poenam
3528 1159 3673 1197 mon
3703 1142 3792 1197 vult

2112 1234 2443 1297 incurrere;
2486 1233 2587 1287 sed
2618 1232 2959 1305 quicunque
3028 1234 3262 1304 injuste
3297 1232 3571 1304 aliquid
3610 1232 3796 1287 detinet

2108 1337 2177 1376 ex
2204 1321 2451 1390 eajuste
2495 1320 2785 1386 restituat,
2835 1326 2901 1376 ut
2945 1321 3468 1377 benedictionem
3520 1320 3797 1376 habeatet

2113 1425 2303 1464 meam
2333 1409 2544 1464 bonam
2575 1409 2933 1466 voluntatem
2960 1427 3076 1466 non
3109 1410 3365 1482 perdat.

2832 1499 3047 1554 LXXII.

2114 1587 2165 1642 S.
2202 1588 2300 1642 Leo
2328 1588 2395 1642 IX
2420 1589 2742 1642 monasterii
2770 1587 2827 1643 S.
2870 1587 3099 1659 Sophia?
3145 1590 3575 1643 Beneventani
3612 1604 3800 1660 posse;-

2471 1676 2727 1747 sionesjei
2753 1677 3052 1748 privilegia
3074 1677 3420 1746 conﬁrmat.

2732 1765 2919 1835 (Anno
2951 1766 3140 1835 £052.)

2502 1852 2737 1922 [Mansi,
2771 1853 3003 1920 Concil.,
3044 1853 3192 1921 XIX,
3224 1854 3401 1926 687.]

2187 1944 2299 1997 Leo
2328 1941 2658 2012 episcopus,
2690 1958 2891 1997 servus
2911 1958 3215 1997 servorum
3238 1942 3381 2012 Dei,
3410 1943 3801 2007 SICENOLPHO,

2117 2030 2323 2086 dilecto
2354 2036 2550 2085 nostro
2579 2029 2635 2083 in
2677 2030 2905 2085 Christo
2938 2029 3057 2085 ﬁlio
3086 2035 3145 2086 et
3172 2031 3393 2087 abbati
3450 2032 3802 2088 venerabilis

2117 2119 2361 2174 cmnobii
2392 2118 2558 2173 alma
2602 2122 2659 2173 et
2704 2123 3000 2174 coaaternaa
3050 2119 3313 2175 Domino
3367 2121 3548 2176 Patri
3584 2122 3803 2194 Sophia

2118 2209 2271 2264 intra
2300 2209 2711 2273 Beneventum,
2743 2207 2802 2261 in
2834 2206 2959 2262 loco
2989 2212 3347 2279 nuncupata
3382 2209 3801 2277 Urbe-Vetere,

2119 2296 2460 2361 constructi,
2511 2300 2569 2351 et
2616 2300 2745 2366 post
2806 2299 2863 2350 te
2930 2296 2989 2351 in
3059 2296 3270 2351 eodem
3349 2298 3636 2354 coenobio
3688 2299 3806 2355 tuis

2119 2384 2554 2440 successoribus
2626 2384 2900 2441 canonice
2971 2386 3405 2456 promovendis
3472 2387 3538 2442 in
3601 2404 3803 2460 perpe-

2119 2479 2310 2529 tuum.

2188 2562 2271 2617 Ad
2312 2560 2419 2615 hoc
2454 2560 2514 2615 in
2545 2560 2889 2617 sacerdotali
2922 2560 3181 2616 culmine
3224 2562 3563 2618 constituti
3599 2580 3806 2620 sumus

2120 2654 2185 2705 ut
2212 2648 2550 2712 evellamus,
2578 2665 2799 2704 necnon
2822 2652 2880 2704 et
2898 2649 3305 2717 destruamus,
3341 2654 3403 2706 et
3433 2651 3809 2708 aediﬁcamus

2112 2740 2281 2809 juxta
2312 2755 2377 2793 ac
2408 2737 2737 2809 plantemus
2772 2737 2831 2791 in
2863 2736 3099 2793 nomine
3130 2739 3286 2809 ejus.
3345 2738 3578 2796 Debita
3636 2741 3807 2796 ofﬁcii

2121 2827 2303 2882 nostri
2336 2827 2619 2898 exigente,
2650 2826 2940 2897 optimum
2967 2824 3251 2883 duximus
3294 2827 3528 2885 diebus
3564 2830 3808 2896 nostris,

2120 2918 2292 2986 prout
2339 2930 2593 2984 superna
2639 2913 2827 2985 gratia
2877 2913 3258 2979 concesserit,
3319 2915 3511 2972 obvia
3561 2932 3815 2988 queque

2122 3002 2288 3058 nobis
2320 3001 2523 3058 illicita
2568 3002 2712 3057 falce
2749 3001 3157 3058 ecclesiasticae
3204 3002 3557 3076 discipline
3615 3006 3814 3062 deme-

2120 3096 2259 3158 tere,
2292 3097 2349 3146 et
2378 3090 2551 3147 licitis
2579 3091 2805 3162 copiam
2825 3090 3218 3146 fructificandi
3247 3093 3489 3163 passim
3520 3094 3819 3167 suppedi-

2121 3184 2262 3234 tare.
2296 3180 2685 3243 Quamobrem
2717 3182 2850 3250 post
2880 3178 3129 3234 nimiam
3161 3179 3592 3237 calamitatem
3632 3184 3816 3239 Bene-

2124 3273 2528 3332 ventanorum,
2560 3283 2739 3334 quam
2764 3265 3309 3338 pertuleruntjuste
3330 3270 3408 3325 ob
3426 3269 3747 3342 injuriam
3769 3276 3820 3326 et

2125 3356 2459 3426 superbiam
2492 3356 2885 3411 Romanorum
2918 3356 3267 3427 pontificum
3315 3361 3377 3412 et
3407 3357 3821 3416 dominorum

2126 3445 2567 3517 imperatorum,
2591 3449 2835 3516 postque
2847 3460 3052 3499 eorum
3066 3444 3485 3502 miserabilem
3499 3453 3565 3503 et
3588 3449 3827 3505 luctuo-

2127 3550 2253 3589 sam
2271 3532 2747 3596 satisfactionem,
2771 3531 2877 3586 tibi
2892 3532 3017 3602 jam
3039 3532 3195 3588 dicto
3216 3532 3617 3607 Sicenolpho,
3638 3553 3826 3609 quem

2124 3623 2248 3677 loco
2295 3620 2454 3676 illius
2503 3621 2707 3689 dejecti
2757 3636 2823 3674 ac
2868 3618 3135 3676 scelerati
3196 3621 3498 3693 Gregorii,
3569 3626 3831 3681 abbatis

2125 3711 2415 3766 immerito
2437 3708 2597 3773 dicti,
2622 3708 2866 3779 necjam
2890 3708 3143 3777 dicendi,
3161 3710 3622 3779 ordinavimus,
3646 3715 3831 3785 juxta

2124 3799 2421 3872 petitionis
2467 3801 2581 3852 tuae
2630 3801 2913 3864 tenorem,
2973 3796 3406 3854 confirmamus
3457 3816 3538 3856 ex
3571 3802 3829 3876 integro

2123 3888 2418 3960 praefatam
2450 3885 2744 3941 abbatiam
2776 3886 2834 3941 S.
2863 3885 3117 3957 Sophim,
3149 3901 3287 3941 cum
3333 3886 3651 3959 ecclesiis,
3691 3908 3828 3948 cor-

2119 3977 2298 4041 tibus,
2328 3974 2503 4039 villis,
2534 3971 2847 4039 casalibus,
2878 3972 3085 4041 vineis,
3118 3974 3315 4041 terris,
3359 3976 3560 4032 servis
3592 3995 3676 4034 ac
3717 3996 3830 4035 au-

2120 4062 2697 4132 cillis,omnibusque
2727 4059 3045 4117 mobilibus
3075 4062 3164 4117 vel
3198 4062 3632 4122 immobilibus
3654 4069 3739 4123 ad
3763 4086 3828 4124 se

2111 4154 2273 4223 juste
2307 4149 2751 4221 pertinentibus,
2770 4152 2891 4204 tam
2923 4164 2991 4204 ea
3011 4166 3139 4221 quis
3162 4150 3457 4208 hactenus
3480 4156 3831 4226 acquirere

2118 4240 2305 4313 potuit
2339 4255 2516 4310 quam
2542 4255 2672 4310 qua:
2711 4237 2984 4310 deinceps
3031 4237 3415 4308 liberalitate,
3470 4242 3825 4302 collatione

2117 4330 2235 4385 sive
2246 4326 2614 4384 concessione
2627 4325 3023 4398 quorumlibet
3035 4326 3456 4399 religiosorum
3471 4328 3824 4389 hominum

2116 4413 2789 4487 poteritadipisci,atque
2810 4430 3074 4485 prorsus,
3099 4430 3479 4487 quaecunque
3495 4434 3818 4478 concessa

2116 4510 2252 4561 sunt
2271 4503 2378 4574 illi,
2404 4503 2773 4558 corroborata
2789 4502 3021 4573 piorum
3042 4502 3481 4575 imperatorum
3510 4507 3608 4563 vel
3638 4510 3822 4582 prin-

2114 4594 2309 4665 cipum
2340 4591 2640 4664 praeceptis
2671 4594 2773 4645 aut
2802 4589 3228 4663 chirographis.
3264 4591 3571 4652 Praeterea
3603 4604 3828 4655 aucto-

2116 4684 2283 4738 ritate
2326 4678 2652 4753 apostolicaa
2702 4678 2860 4734 sedis
2929 4680 3205 4735 Romanis
3277 4683 3688 4742 concedimus
3746 4705 3822 4744 ac

2102 4772 2519 4828 confirmamus
2531 4769 2635 4823 tibi
2649 4768 2882 4839 tuisque
2892 4768 3335 4825 successoribus
3347 4770 3407 4825 in
3422 4780 3817 4845 perpetuum

2113 4875 2317 4916 omnes
2341 4859 2398 4913 in
2421 4856 2715 4928 integrum
2738 4855 3061 4911 oblationes
3077 4857 3346 4912 vivorum
3374 4874 3446 4913 ac
3468 4860 3815 4919 defuncto-

2111 4965 2264 5013 rum,
2299 4963 2425 5019 quae
2457 4945 2664 5000 amodo
2696 4950 2754 5000 et
2798 4944 3075 5017 deinceps
3127 4946 3243 5017 ipsi
3290 4951 3673 5006 monasterio
3708 4952 3815 5009 vel

2110 5036 2369 5092 ecclesiis
2390 5034 2474 5089 illi
2496 5034 2826 5105 subjectisa
2847 5033 3306 5107 quibuscunque
3334 5039 3625 5107 personis
3643 5040 3814 5098 data

2110 5126 2361 5189 fuerint;
2395 5123 2566 5178 liceat
2607 5138 2841 5193 quoque
2889 5120 3036 5189 ipsis
3086 5123 3399 5179 monachis
3450 5140 3526 5181 ex
3576 5129 3817 5187 eadem

2109 5212 2554 5285 congregatione
2566 5209 2777 5283 eligere
2789 5210 3060 5267 abbatem
3082 5211 3218 5281 sibi,
3235 5213 3285 5267 si
3312 5212 3462 5269 inihi
3490 5213 3813 5276 idoneum

2109 5303 2182 5358 ad
2212 5302 2320 5357 hoc
2349 5300 2607 5357 ofﬁcium
2641 5299 3003 5356 invenerint:
3040 5300 3134 5354 sin
3166 5299 3337 5370 alias,
3372 5302 3815 5379 undecunque

2110 5393 2375 5462 possunt,
2399 5389 2641 5459 dignum
2667 5394 2948 5443 rectorem
2970 5387 3084 5444 sibi
3104 5388 3328 5460 eligant
3351 5407 3366 5457 ;
3392 5393 3452 5445 et
3484 5401 3814 5465 perpetuo

2111 5481 2343 5533 maneat
2363 5475 2489 5544 jam
2519 5492 2670 5547 saepe
2699 5476 2885 5531 fatum
2925 5476 3258 5532 coenobium
3292 5477 3408 5532 sub
3442 5480 3649 5537 tutela
3681 5500 3814 5543 seu

2109 5567 2234 5637 jure
2265 5569 2476 5620 sancta:
2509 5564 2780 5619 Romanae
2810 5563 3076 5620 Ecclesiae
3108 5563 3362 5620 liberum
3409 5570 3470 5622 et
3501 5567 3814 5633 immune

2110 5656 2180 5711 ab
2206 5653 2364 5710 omni
2397 5652 2755 5722 subjectione
2767 5670 2832 5709 ac
2847 5654 2991 5727 jugo
3011 5652 3348 5710 Casinensis
3373 5662 3761 5718 monasterii
3793 5683 3814 5735 ;

2108 5742 2189 5799 ita
2218 5744 2281 5798 ut
2308 5756 2414 5797 nec
2444 5757 2551 5797 vox
2578 5740 3071 5800 calmuniatorum
3100 5757 3277 5814 super
3306 5741 3420 5799 hoc
3441 5743 3818 5818 recipiatur
