3898 6350
120 454 242 519 693

1097 452 1502 517 EPISTOLE
1545 449 1645 515 ET
1689 448 2052 518 DECRETA
2090 454 2560 523 PONTIFIGIA.

3395 457 3520 527 69‘

23 598 93 643 ’ῆι
125 588 344 664 aliqua,
374 589 475 648 sed
507 587 740 663 penitus
757 587 1042 646 habeatur
1062 587 1265 646 frivola
1284 593 1341 646 et
1364 588 1549 658 irrita,
1575 586 1768 661 sitque
1794 585 1852 655 Α
1879 587 2178 660 Bernardi,
2202 592 2459 667 episcopi
2479 594 2539 652 S.
2562 590 2831 652 Ecclesia
2851 590 3171 664 Esculants,
3193 593 3521 669 apostolica

10 690 21 723 έ
59 700 91 739 ἰ
124 684 252 736 rata
282 678 680 736 controversiae
711 677 872 734 illius
898 678 1205 734 manifeste
1244 695 1309 734 ac
1356 677 1587 751 publice
1619 677 1770 733 facta
1878 680 2239 737 auctoritatis
2301 683 2629 741 munimem
2678 684 3085 755 concedentes,
3138 686 3196 741 et
3244 701 3350 758 per
3393 701 3523 745 eam

50 880 87 903 ιη

34 966 85 989 η,

66 992 85 1008 ι

122 768 385 825 deﬁnitio
433 787 467 825 a
517 767 808 841 religiosis
875 768 1240 841 principibus
1303 766 1656 840 Jandolpho,
1701 782 1769 822 ac

122 857 476 930 Pandolpho,
501 857 880 930 magnatibus
912 873 977 912 ac
1003 857 1252 912 ducibus
1281 874 1503 922 eorum,
1534 856 1767 928 quando

119 948 281 1018 prius
316 946 664 1018 Malepotus,
700 946 909 1001 deinde
939 947 1197 1002 Joannes
1229 945 1575 1002 Casinenses
1598 945 1772 1000 abba-

24 1057 85 1097 ·τ
122 1039 233 1105 tes,
292 1036 578 1091 adversus
636 1034 851 1090 Ursum
911 1050 977 1090 ac
1021 1034 1367 1106 Gregorium
1415 1033 1658 1089 abbatia
1706 1034 1765 1088 S.

48 1150 77 1187 λι
121 1124 355 1196 Sophia:
389 1128 661 1189 rectores,
694 1141 869 1195 super
892 1124 1013 1179 haec
1043 1123 1205 1180 litem
1237 1138 1564 1195 suscepere.
1610 1121 1767 1177 Obti-

66 1244 81 1279 ζ
121 1218 257 1268 neat
286 1231 425 1287 ergo
457 1216 512 1269 et
543 1212 839 1285 possideat
869 1229 1101 1285 semper
1145 1213 1475 1269 libertatem
1508 1214 1768 1267 anteces-

123 1319 326 1358 sorum
360 1305 693 1359 nostrorum
712 1301 1028 1374 privilegiis
1048 1305 1105 1358 et
1126 1302 1539 1373 imperatorum
1560 1315 1768 1373 praece-

124 1391 239 1461 ptis
271 1391 556 1448 hactenus
577 1391 687 1447 sibi
714 1407 1047 1447 concessam
1073 1394 1130 1447 et
1151 1392 1578 1461 conﬁrmatam,
1602 1388 1683 1444 ita
1704 1391 1771 1443 ut

125 1479 325 1537 nullus
357 1481 631 1553 deinceps
660 1480 1101 1552 imperatorum,
1137 1496 1360 1553 regum,
1420 1480 1639 1534 ducum
1678 1476 1769 1533 vel

68 1606 77 1639 ε
124 1569 480 1643 principum,
502 1574 603 1627 aut
626 1564 1059 1638 marehionum,
1080 1586 1185 1626 nec
1203 1568 1322 1625 ulla
1343 1570 1769 1641 cujuscumque

121 1658 420 1731 dignitatis
434 1676 684 1733 persona
700 1663 905 1715 contra
920 1658 1070 1714 hanc
1084 1664 1344 1715 nostram
1360 1656 1767 1713 auctoritatem

121 1752 223 1802 aut
254 1750 646 1804 conditionem
678 1748 1120 1822 privilegiorum
1160 1747 1352 1803 venire
1398 1747 1632 1815 audeat,
1666 1747 1768 1800 aut

121 1836 191 1890 de
222 1838 394 1893 bonis
426 1839 690 1909 ejusdem
714 1838 959 1893 abbatiaa
981 1855 1081 1910 per
1103 1854 1209 1893 nos
1241 1840 1342 1893 aut
1362 1849 1767 1909 quoscumque

20 1948 67 2001 μέ
121 1926 432 1994 concessis,
449 1944 755 1999 usurpare,
773 1926 1037 1981 minuere
1052 1929 1153 1981 aut
1169 1926 1421 1981 alienare
1441 1925 1763 1998 quidquam

10 2070 53 2091 ,Α
123 2031 472 2087 quocunque
522 2016 694 2071 modo
740 2020 842 2070 aut
884 2015 1117 2087 ingenio
1163 2020 1498 2087 praesumat,
1549 2030 1621 2070 ne
1655 2013 1764 2068 sub

14 2150 23 2157 ν
51 2146 67 2163 ρ

116 2104 338 2175 judicio
368 2104 615 2159 districti
645 2104 1038 2160 anathematis
1060 2104 1307 2159 decidat.
1333 2104 1508 2159 Porro
1533 2103 1671 2177 quia
1690 2104 1762 2159 ab

123 2192 419 2264 aliquibus
451 2193 740 2265 episcopis
772 2192 960 2248 solent
989 2193 1250 2248 ccenobia
1274 2193 1613 2266 gravamina
1633 2210 1762 2249 sus-

10 2326 60 2364 ζα

10 2432 47 2455 ᾧ.

10 3632 51 3713 ίᾴ.

10 3760 47 3801 ti

10 3846 49 3895 ξιτ

10 3940 49 3983 3!

10 4024 49 4071 τρεῖ

10 4114 47 4163 ιιι

10 4202 47 4251 ξε

22 4202 47 4243 ε

18 4298 47 4335 ξι

10 4374 43 4429 Μ

18 4470 43 4513 5

9 4564 35 4607 [Β

9 4642 41 4695 ιι

9 4726 37 4784 Β

10 4900 33 4961 Ι

9 5090 29 5136 ﬂ

15 5174 31 5218 l

9 5352 31 5403 Ι

10 5442 31 5529 l

9 5528 33 5579 ge

9 5616 33 5667 ύ

9 5706 33 5757 ε

9 5790 35 5861 ἔ

123 2282 325 2347 tinere,
359 2299 469 2336 nos
500 2299 631 2336 vero
679 2280 855 2336 alicui
903 2282 1309 2353 praejudicium
1356 2298 1461 2337 nec
1491 2281 1764 2337 volumus

12 2402 47 2439 ,ί
123 2386 222 2425 nec
253 2370 539 2426 debemus
571 2370 791 2439 facere;
825 2369 933 2426 hoc
963 2371 1199 2427 tandem
1250 2370 1626 2427 concedimus
1659 2369 1763 2425 tibi

118 2458 222 2514 hac
256 2464 461 2515 nostra
491 2459 854 2526 auctoritate,
889 2464 951 2514 ut
976 2460 1025 2515 si
1057 2461 1128 2515 ab
1177 2460 1449 2532 episcopo
1501 2460 1559 2514 in
1592 2461 1762 2530 cujus

116 2547 342 2603 dioecesi
376 2550 680 2616 consistis,
713 2548 1041 2620 nequiveris
1071 2548 1497 2605 ecclesiasticas
1528 2549 1761 2605 ordina-

114 2637 295 2693 tiones
311 2638 505 2710 gratis
523 2642 579 2693 et
593 2637 864 2693 canonice
886 2637 1206 2709 acquirere,
1226 2636 1521 2693 licentiam
1542 2637 1762 2693 habeas

118 2743 517 2800 aquocunque
540 2726 644 2781 tibi
662 2726 893 2798 tuisque
906 2725 1243 2798 acquirendi
1261 2727 1549 2797 easjuste.
1572 2725 1759 2797 Hujus

124 2816 303 2872 nostri
333 2815 623 2889 privilegii
654 2820 874 2872 statuta
896 2814 1207 2888 infringere
1228 2819 1286 2871 et
1310 2832 1538 2871 cessare
1562 2813 1760 2871 nullus

127 2906 434 2980 aliquando
465 2921 816 2977 quacunque
838 2908 959 2959 arte
978 2909 1315 2976 praesumat,
1340 2921 1411 2959 ne
1432 2903 1759 2959 damnatio-

127 3011 254 3050 nem
286 2995 356 3050 ab
388 2982 554 3049 initio
586 3011 618 3048 a
648 2993 868 3049 sanctis
897 2993 1165 3048 Patribus
1197 2992 1626 3066 promulgatam
1658 3008 1761 3065 pro

125 3083 413 3156 sacrilegis
444 3083 724 3138 incurrat.
757 3082 904 3137 Nam
935 3082 1205 3154 quisquis
1250 3082 1371 3137 haec
1417 3083 1512 3155 pio
1542 3081 1762 3137 Divini-

125 3173 256 3229 tatis
288 3177 554 3246 respectu
591 3176 918 3228 reverenter
947 3172 1360 3239 observaverit,
1410 3171 1762 3227 conﬁdimus

126 3262 535 3339 quiaasancta
558 3261 839 3316 Trinitate
888 3260 1350 3316 benedictionem
1400 3260 1657 3328 habebit,
1706 3263 1763 3313 et

1876 769 2111 841 praefato
2160 771 2453 845 episcopo,
2504 774 2850 846 cunctisque
2906 774 3035 846 ejus
3083 774 3524 833 successoribus

1877 860 2151 916 canonice
2183 860 2788 934 inibiinthronizatis,
2823 879 2949 936 quae
2986 864 3058 919 ad
3105 863 3389 921 honorem
3422 865 3524 923 Dei

1877 947 2173 1018 genitricis
2204 967 2547 1025 semperque
2601 951 2849 1025 virginis
2909 951 3103 1009 Maria;
3120 955 3213 1009 est
3231 952 3522 1026 dedicata,

1880 1052 1983 1090 nec
1996 1036 2054 1092 in
2075 1036 2366 1095 inferioris
2381 1039 2753 1097 liberalitatis
2765 1040 3196 1115 praescriptum,
3214 1043 3318 1099 sed
3329 1042 3524 1101 obsta-

1880 1122 2076 1179 culum
2109 1130 2166 1182 et
2194 1128 2373 1185 totius
2404 1128 2775 1200 protectionis
2793 1129 3060 1203 clypeum
3080 1129 3374 1204 privilegii
3391 1148 3523 1190 mu-

1880 1212 2080 1269 nimen
2109 1216 2484 1287 conferimus,
2513 1221 2580 1273 ut
2602 1218 2845 1276 ecclesia
2873 1236 2999 1292 quae
3028 1219 3255 1276 nomini
3293 1221 3518 1280 summi

1882 1301 2302 1374 omnipotentis
2318 1305 2490 1378 Regis
2506 1310 2828 1379 martyrum
2840 1310 2931 1364 est
2945 1306 3231 1378 dedicata,
3244 1304 3514 1367 sitetiam

1877 1390 2095 1445 summi
2130 1392 2333 1450 militis
2362 1395 2491 1465 ejus
2520 1394 2624 1450 ﬁlii
2651 1396 2867 1468 scripto
2910 1399 3168 1469 protecta
3203 1395 3516 1471 gladioque

1880 1477 2138 1536 defensa.
2173 1482 2423 1555 Ideoque
2453 1482 2772 1557 apostolica
2784 1483 3126 1541 auctoritate
3146 1485 3515 1558 providentes

1876 1568 2130 1643 singula,
2163 1571 2449 1644 quidquid
2473 1573 2638 1644 juste
2665 1571 2855 1629 eidem
2891 1573 3215 1629 deferretur
3240 1572 3516 1647 ecclesia,

1875 1659 2294 1717 conﬁrmamus
2324 1665 2382 1717 et
2410 1662 2860 1719 corroboramus
2884 1660 3013 1732 tibi,
3034 1664 3103 1718 ut
3121 1676 3294 1719 nemo
3313 1661 3522 1721 exinde

1874 1764 2010 1804 eum
2042 1750 2257 1807 audeat
2285 1745 2595 1819 devestire,
2625 1751 2716 1807 vel
2747 1752 3080 1819 molestare,
3124 1767 3230 1808 seu
3260 1750 3519 1825 aliquam

1875 1838 2341 1911 inquietudinem
2372 1840 2457 1896 illi
2486 1840 2699 1897 inferre
2725 1857 2738 1895 :
2773 1839 2830 1895 id
2864 1843 2956 1896 est
3007 1838 3305 1896 civitatem
3334 1840 3520 1898 Escu-

1876 1925 2071 1982 lanam
2102 1944 2171 1984 ex
2199 1928 2423 2002 integro
2454 1945 2587 1985 cum
2618 1929 2747 2002 ipsa
2776 1945 2884 1985 sua
2914 1927 3181 2001 portione
3209 1929 3282 1985 de
3311 1944 3520 1987 mona-

1874 2018 2052 2073 sterio
2083 2018 2281 2074 Sancti
2311 2018 2534 2091 Angeli,
2567 2020 2722 2092 quod
2753 2018 2813 2074 in
2845 2019 2973 2091 ipsa
3001 2017 3231 2076 civitate
3260 2022 3351 2076 est
3376 2035 3517 2077 con-

1873 2109 2184 2173 structum,
2212 2111 2271 2163 et
2300 2107 2721 2164 monasterium
2743 2108 2966 2164 Sancta;
2987 2107 3201 2177 Maria,
3223 2106 3283 2163 in
3310 2112 3514 2166 sancto

1873 2200 2070 2252 monte
2100 2196 2378 2268 positum,
2407 2213 2541 2251 cum
2573 2196 3021 2268 omnibusjuste
3037 2194 3150 2253 sibi
3172 2195 3515 2269 pertinenti-

1871 2284 2004 2355 bus,
2062 2284 2150 2340 vel
2208 2303 2335 2358 quaa
2392 2285 2630 2342 inantea
2683 2285 3016 2359 aliquorum
3062 2285 3229 2356 justa
3282 2285 3517 2344 datione

1870 2371 2135 2446 legaliter
2164 2375 2455 2447 pertinere
2482 2378 2780 2448 poterunt.
2811 2370 3155 2443 Castellum,
3187 2375 3341 2447 quod
3372 2374 3518 2433 dioi-

1870 2466 1968 2518 tur
1995 2462 2210 2519 Trione
2239 2479 2372 2518 cum
2401 2462 2758 2519 monasterio
2802 2462 3003 2519 Sancti
3051 2462 3351 2519 Laurentii
3383 2479 3520 2523 cum

1872 2550 2148 2606 omnibus
2176 2551 2545 2623 pertinentiis
2569 2551 2714 2621 suis,
2765 2554 2991 2607 curtem
3038 2550 3111 2607 de
3159 2551 3356 2609 Massa
3382 2569 3521 2612 cum

1871 2639 1997 2712 ipso
2025 2639 2162 2711 Pojo
2195 2641 2265 2696 de
2294 2639 2441 2697 valle
2467 2640 2683 2709 lucida,
2715 2643 2940 2696 curtem
2962 2640 3033 2696 de
3055 2640 3271 2710 Monte,
3295 2644 3519 2699 curtem

1869 2728 1940 2784 de
1970 2728 2217 2797 Pazano,
2251 2729 2405 2785 sicut
2424 2729 2484 2785 in
2508 2728 2779 2785 chartula
2800 2729 3103 2802 Maynardi
3127 2727 3232 2784 filii
3252 2729 3517 2804 Sigolphi

1868 2816 2117 2872 habetur
2155 2822 2213 2874 et
2242 2817 2473 2891 legitur.
2507 2818 2711 2874 Castra
2742 2835 2870 2891 quae
2900 2816 3180 2874 dicuntur
3216 2817 3512 2890 Sculcula,

1869 2904 2127 2974 Matrice,
2175 2905 2510 2979 Spinetula;
2563 2910 2788 2963 curtem
2832 2906 2902 2961 de
2945 2904 3105 2972 Hica,
3167 2909 3393 2962 curtem
3440 2906 3523 2964 de

1870 2993 2135 3063 Cariano,
2164 3000 2389 3050 curtem
2446 2995 2517 3050 de
2565 2995 2729 3062 Core,
2779 2998 3004 3051 curtem
3058 2994 3132 3051 de
3167 2992 3516 3068 Belenterio,

1871 3085 2098 3137 curtem
2125 3083 2195 3139 de
2227 3082 2614 3152 Flaminiano,
2645 3088 2871 3140 curtem
2900 3082 2971 3140 de
2998 3083 3130 3158 Api,
3180 3090 3402 3142 curtem
3444 3084 3519 3145 de

1869 3170 2204 3238 Tarracina,
2254 3176 2479 3227 curtem
2527 3173 2598 3229 de
2642 3172 2887 3245 Bapino,
2932 3176 3158 3230 curtem
3196 3172 3268 3230 de
3294 3172 3517 3231 Vuasto

1871 3258 2231 3329 Promarese,
2290 3266 2514 3318 curtem
2570 3262 2642 3318 de
2702 3262 2871 3331 Saxa,
2929 3265 3152 3318 curtem
3210 3263 3281 3319 de
3346 3261 3511 3331 Salii,

127 3329 335 3407 sortem
365 3351 737 3407 nanciscetur
765 3367 898 3405 cum
932 3350 1015 3405 eis
1034 3350 1132 3422 qui
1154 3354 1441 3422 praecepta
1460 3346 1762 3405 Dominica
1790 3329 1834 3397 C
1873 3354 2096 3405 curtem
2161 3350 2233 3405 de
2288 3350 2547 3419 Patarco,
2611 3329 2862 3406 curtem'
2909 3350 2980 3407 de
3046 3349 3199 3407 Villa
3271 3329 3509 3424 magna,

127 3444 515 3509 servaverunt,
550 3443 605 3495 et
635 3440 707 3495 ad
730 3438 987 3495 caelestes
1012 3438 1317 3495 thesauros
1340 3442 1568 3494 terrena
1588 3436 1761 3511 patri-

127 3529 314 3586 monia
341 3528 792 3585 transtulerunt.

190 3619 331 3676 Data
358 3637 438 3674 xu
469 3617 596 3674 Kal.
628 3617 788 3674 Junii
821 3634 922 3690 per
952 3634 1163 3674 manus
1193 3616 1479 3673 Frederici
1509 3615 1759 3685 diaconi,

126 3706 180 3762 S.
216 3708 275 3763 ll.
310 3709 373 3763 Ε.
426 3706 884 3772 bibliothecarii,
935 3723 1158 3762 necnon
1205 3709 1261 3761 et
1281 3704 1610 3762 cancellarii
1641 3705 1764 3761 vice

125 3794 338 3852 domini
395 3795 715 3853 Hermanni
761 3794 1251 3851 archicancellarii
1283 3798 1340 3850 et
1404 3793 1764 3852 Coloniensis

126 3883 560 3959 archiepiscOpi,
613 3902 766 3941 anno
814 3884 1037 3941 domini
1084 3884 1292 3940 Leonis
1340 3901 1502 3957 papa:
1533 3889 1762 3956 quarto,

133 3972 324 4032 indict.
358 3994 412 4035 v.

827 4062 1064 4119 LXXIII.

131 4148 182 4205 S.
205 4151 306 4210 Leo
329 4155 395 4209 IX
420 4154 682 4239 Ιξσοζεδξέε
700 4153 990 4239 Αεειιζαηέε
1001 4155 1364 4239 possessiones
1382 4163 1433 4209 et
1448 4155 1768 4239 privilegia,

366 4227 579 4297 petente
608 4225 886 4281 Bernardo
916 4225 1188 4297 episcopo,
1218 4225 1520 4295 conﬁrmat.

746 4315 932 4385 (Anno
966 4313 1150 4384 1052.)

486 4402 759 4477 [Ughelli,
785 4404 951 4459 Italia
978 4420 1159 4472 sacra,
1196 4403 1238 4473 Ι,
1268 4403 1415 4473 4/19.]

206 4505 320 4563 Leo
370 4508 703 4583 episCOpus,
755 4526 956 4566 servus
1002 4526 1301 4566 servorum
1346 4509 1468 4578 Dei,
1502 4509 1774 4566 Bsaaano

138 4597 386 4653 secundo
426 4598 701 4671 episcopo
747 4597 1012 4655 Ecclesia:
1059 4602 1116 4654 et
1161 4597 1533 4669 episcopatus
1580 4598 1638 4654 Si
1678 4598 1771 4653 Dei

1870 3440 1929 3492 et
1985 3437 2183 3493 omnia
2238 3455 2365 3510 qua:
2443 3437 2717 3511 praedicto
2791 3436 3172 3510 episcopatui,
3246 3440 3369 3494 tam
3445 3438 3510 3495 in

1870 3527 2339 3599 supradictorum
2371 3530 2696 3583 castrorum
2727 3542 2903 3599 quam
2933 3528 3158 3584 curtem
3189 3526 3263 3583 de
3292 3526 3515 3584 Monta-

1871 3614 2189 3671 riolointus
2203 3615 2497 3672 civitatem
2519 3614 2917 3688 Spoletanam,
2941 3618 3169 3673 curtem
3187 3615 3259 3672 de
3268 3615 3515 3674 Paterno

1872 3704 1933 3760 in
1964 3704 2086 3761 loco
2130 3703 2230 3777 qui
2275 3705 2454 3760 Ponte
2502 3703 2739 3776 dicitur,
2789 3706 3013 3761 curtem
3056 3705 3129 3761 de
3156 3703 3519 3775 Primocasu,

1873 3792 2163 3850 Gualdum
2183 3793 2256 3849 de
2279 3793 2600 3866 Languine,
2619 3792 2680 3848 in
2702 3793 3204 3862 Nursiamcasam,
3226 3796 3285 3849 et
3298 3797 3523 3852 curtem

1873 3882 2027 3938 infra
2055 3882 2273 3952 locum,
2313 3881 2412 3938 ubi
2445 3881 2583 3938 olim
2618 3881 2730 3938 fuit
2757 3881 3006 3939 civitas:
3036 3885 3261 3939 curtem
3290 3882 3363 3938 de
3391 3880 3529 3940 Sala

1876 3971 1936 4026 in
1960 3971 2162 4027 eadem
2189 3969 2422 4036 Nursia,
2449 3968 2742 4026 Gualdum
2763 3970 2836 4026 de
2854 3970 3049 4040 Fesso,
3072 3972 3297 4027 curtem
3312 3966 3526 4027 Savelli

1879 4059 1937 4114 in
1971 4058 2251 4115 comitatu
2276 4059 2416 4114 item
2441 4056 2750 4128 Esculano,
2768 4058 2829 4114 in
2847 4057 2975 4115 loco
2989 4056 3088 4131 qui
3103 4060 3270 4131 Aqua
3289 4056 3525 4125 dicitur,

1880 4146 2187 4204 castellum
2219 4148 2290 4204 de
2321 4148 2499 4216 Luco,
2532 4150 2589 4203 et
2611 4146 2822 4203 turrim
2853 4147 2924 4204 de
2947 4146 3215 4217 Fotiano,
3239 4150 3299 4204 et
3327 4146 3531 4220 Pojum

1879 4238 1950 4293 de
1965 4236 2426 4305 Quintodeeimo,
2444 4236 3002 4293 curtemMazzanam
3015 4253 3153 4294 cum
3165 4234 3372 4293 salinis
3382 4234 3533 4306 suis,

1880 4325 2184 4382 castellum
2205 4325 2273 4380 de
2295 4325 2489 4381 Murro
2508 4327 2770 4382 castrum
2793 4325 3533 4395 Fundanianum,montem

1880 4416 2100 4471 Purum
2134 4431 2268 4471 cum
2301 4413 2532 4469 torestis
2561 4416 2619 4469 et
2650 4412 2839 4481 silvis,
2867 4428 3002 4470 cum
3033 4412 3171 4486 Pojo
3220 4412 3375 4486 quod
3404 4409 3536 4467 Cla-

1886 4503 2201 4561 matorium
2232 4502 2464 4574 dicitur,
2498 4501 2670 4575 Plage
2694 4518 2832 4558 cum
2856 4505 3048 4559 castro
3067 4499 3539 4569 Lusiano,Villa-

1884 4610 2104 4667 magna
2134 4609 2267 4649 cum
2298 4592 2460 4664 Pojo,
2491 4595 2548 4647 et
2574 4588 2834 4658 castello,
2865 4589 3228 4659 Cicilianum,
3277 4589 3536 4646 Montem

137 4682 431 4751 genitricis
495 4686 741 4759 virginis
806 4686 1001 4743 Maria:
1069 4690 1125 4742 et
1182 4685 1509 4742 beatissimi
1567 4685 1782 4742 Christi
1814 4697 1861 4761 Ι)
1893 4681 2153 4748 Calvum,
2214 4680 2563 4753 Bajuanum,
2624 4681 2882 4735 castrum
2932 4678 3004 4734 de
3034 4678 3279 4747 Gualdo,
3312 4679 3541 4734 curtem

136 4773 404 4846 martyris
452 4775 726 4848 Emigdii,
776 4775 978 4849 positae
1050 4775 1109 4830 in
1164 4776 1443 4831 comitatu
1495 4775 1782 4833 Rsculano
1891 4769 2099 4844 Agelli,
2133 4773 2391 4826 castrum
2418 4766 2833 4841 Ligunianum,
2865 4770 3089 4823 curtem
3125 4762 3545 4840 Pupillianam,

17 4856 33 4939 ί
133 4856 279 4917 intra
292 4863 613 4935 civitatem,
634 4865 980 4939 cunctisque
1003 4864 1127 4921 suis
1150 4864 1590 4921 successoribus
1612 4882 1783 4922 cano-

138 4945 260 5005 nice
292 4949 432 5008 illuc
463 4951 827 5010 intrantibus
858 4953 918 5009 in
950 4956 1317 5026 perpetuum.

196 5038 337 5103 Quia
353 5039 558 5097 divina
573 5043 845 5117 largitate
859 5042 1059 5116 gratia:
1080 5042 1142 5096 Β.
1167 5044 1359 5108 Petro,
1382 5040 1783 5113 apostolorum

136 5123 400 5201 principi,
431 5144 657 5203 regere,
693 5132 1053 5205 dispensare,
1089 5130 1240 5186 etab
1275 5129 1434 5185 omni
1472 5146 1786 5201 pravorum

142 5210 506 5275 infestatione
525 5220 851 5287 defensare,
869 5222 1061 5276 omnis
1079 5218 1396 5275 commissa
1412 5222 1500 5273 est
1514 5217 1787 5287 Ecclesia,

146 5307 205 5356 ut
249 5307 418 5377 cujus
469 5310 734 5381 pascitur
782 5310 1068 5379 doctrina,
1118 5315 1174 5365 et
1225 5308 1351 5380 ejus
1404 5306 1707 5362 muniatur
1736 5312 1793 5363 et

144 5391 338 5465 tutela,
368 5398 640 5454 convenit
668 5416 798 5467 nos,
829 5399 929 5472 qui
959 5400 1087 5471 ejus
1117 5398 1237 5454 vice
1263 5394 1623 5468 apostolatus
1658 5396 1789 5451 fun-

147 5478 331 5549 gimur
352 5484 632 5557 culmine,
656 5488 907 5563 singulis
933 5487 1198 5544 Ecclesiae
1214 5487 1392 5559 justas
1412 5484 1792 5558 protectionis

154 5582 361 5629 manus
389 5573 709 5648 porrigere,
743 5582 1053 5651 quatenus,
1079 5576 1234 5649 quod
1257 5574 1372 5630 illis
1391 5573 1461 5629 ad
1486 5571 1792 5628 tutaminis

149 5659 372 5727 proficit
398 5662 834 5735 fulcimentum,
886 5685 992 5724 nos
1041 5664 1308 5738 expediat
1337 5681 1371 5719 a
1400 5661 1593 5718 debito
1635 5661 1792 5733 quod

149 5743 424 5811 debemus
437 5752 736 5815 omnibus.
750 5755 998 5814 Proinde
1010 5757 1218 5828 rogatu
1230 5752 1297 5810 D.
1314 5767 1495 5825 supra
1510 5749 1795 5808 nominati

1894 4876 1961 4914 cu
1972 4862 2123 4914 rtem
2157 4857 2215 4913 S.
2251 4853 2553 4928 Stephani,
2577 4859 2799 4910 curtem
2819 4854 2892 4910 de
2910 4853 3181 4923 Paterno,
3207 4855 3266 4910 et
3283 4854 3549 4910 castrum

1896 4949 1967 5003 de
1998 4946 2289 5019 Spelunca
2319 4960 2454 5000 cum
2488 4944 2618 5016 ipsa
2647 4946 2807 4999 curte
2836 4942 2908 4999 de
2949 4941 3282 5013 Valeriano,
3322 4943 3550 5000 curtem

1896 5038 1967 5092 de
1996 5035 2253 5103 Boﬁano,
2275 5037 2534 5089 montem
2547 5032 2813 5100 Andreae,
2827 5032 3036 5105 Pojum
3048 5031 3377 5102 Silvistum,
3394 5030 3553 5106 quod

1897 5128 1988 5181 est
2017 5129 2151 5180 ante
2182 5121 2492 5180 castellum
2525 5120 2875 5189 Gusianum,
2907 5137 3015 5179 nec
3045 5138 3164 5179 non
3210 5124 3269 5178 et
3294 5125 3554 5179 castrum

1898 5215 1968 5270 de
1999 5212 2308 5286 Spinetulo
2340 5226 2473 5267 cum
2497 5213 2663 5267 curte
2686 5226 2814 5281 sua,
2838 5227 2970 5283 quis
2988 5210 3299 5269 Francisca
3317 5209 3552 5276 dicitur,

1899 5306 2122 5359 curtem
2156 5300 2526 5367 Fassianam,
2558 5302 2784 5355 curtem
2807 5299 3207 5367 Prostitulam,
3232 5297 3430 5368 Pojum
3446 5295 3555 5353 Va-

1899 5391 2101 5448 lenteri
2113 5409 2143 5446 u
2158 5407 2233 5458 m,
2251 5387 2555 5446 castellum
2575 5388 2645 5444 de
2657 5388 2880 5457 Ottavo,
2897 5389 3101 5461 Pojum
3116 5383 3549 5452 Gaminaldum,

1901 5485 2125 5537 curtem
2158 5477 2575 5543 Ccrvinariam,
2626 5480 2850 5533 curtem
2901 5476 3284 5542 Chrisianam,
3325 5472 3549 5528 curtem

1900 5571 1972 5626 de
2001 5570 2255 5637 Vivario,
2289 5570 2512 5624 curtem
2545 5566 2604 5622 S.
2639 5565 2870 5636 Felicis,
2923 5566 3129 5638 Pojum
3188 5562 3261 5619 de
3290 5556 3548 5636 Pignole,

1901 5663 2125 5715 curtem
2157 5660 2214 5715 S.
2248 5656 2502 5723 Martini,
2558 5658 2818 5715 castrum
2870 5654 2941 5711 de
2988 5653 3192 5710 Corato
3243 5665 3380 5707 cum
3411 5647 3551 5725 Pojo

1901 5747 2144 5805 Iieliceti
2199 5752 2258 5803 et
2312 5742 2627 5810 Cisimulaa,
2678 5745 2905 5803 curtem
2963 5739 3284 5815 Popiliano,
3326 5739 3549 5797 curtem
