3898 6384
347 431 472 511 696
1371 434 1474 496 -S.
1519 429 1796 496 LEONIS
1839 433 1930 496 ΙΧ-
1964 430 2193 496 PAPE
2234 429 2670 496 OPUSGULA.
3659 424 3796 492 690

349 561 781 634 Lauretianam,
813 567 1036 620 curtem
1066 564 1486 633 Maltinianam,
1541 563 1846 620 castellum
1885 564 1983 620 Ca-
2010 566 2066 634 Α
2093 564 2525 638 archiepiscopo
2541 561 3130 638 Moguntino,dilecto
3144 561 3266 620 filio
3279 563 3491 622 nostro
3523 559 3792 618 etfratri

350 655 526 724 stelli,
559 655 617 711 in
653 655 990 724 Frondaria,
1024 659 1245 709 curtem
1278 653 1546 721 Porilem,
1597 657 1818 708 curtem
1849 653 1983 710 Dia-
2094 652 2406 726 spirituali.

350 746 738 812 nam,curtem
769 744 838 798 de
869 745 1103 810 Quarto,
1137 742 1449 799 Castellum
1475 743 1544 797 de
1565 743 1982 808 Post-montes,
2165 742 2223 798 Si
2256 745 2516 814 pastores
2546 741 2740 798 ovium
2771 740 2955 798 solem
2985 739 3241 814 geluque
3264 755 3372 812 pro
3406 739 3631 813 gregis
3690 739 3790 794 sui

353 837 575 889 curtem
606 831 1016 904 Capitinulam,
1041 836 1261 886 curtem
1281 831 1663 898 Paternionis,
1683 848 1816 886 cum
1849 831 1986 903 Pojo
2095 831 2359 887 custodia
2387 830 2479 886 die
2509 847 2574 886 ac
2605 834 2772 886 nocte
2802 830 2950 886 ferre
2980 827 3238 886 contenti
3270 832 3439 894 sunt,
3467 831 3534 883 et
3557 844 3642 884 ne
3666 844 3790 900 qua

351 921 688 994 Avignonis,
722 920 1023 976 castellum
1052 921 1121 976 de
1153 919 1488 975 Callonnata
1509 937 1640 974 cum
1666 921 1789 975 suis
1815 920 1988 975 curti-
2095 937 2163 975 ex
2185 920 2270 974 eis
2300 923 2400 974 aut
2426 919 2672 975 errando
2705 922 2923 990 pereat,
2956 921 3059 974 aut
3087 916 3292 973 ferinis
3317 915 3563 973 laniata
3620 933 3791 972 mor-

353 1012 487 1077 bus,
519 1015 738 1065 curtcm
769 1009 980 1064 Ciniari
1040 1025 1173 1064 cum
1213 1026 1318 1064 suo
1375 1007 1630 1077 castello,
1665 1014 1886 1064 curtein
1918 1010 1989 1064 de
2097 1008 2260 1064 sibus
2291 1008 2570 1081 rapiatur,
2601 1007 2786 1064 oculis
2816 1024 3050 1081 semper
3079 1005 3474 1080 vigilantibus
3509 1005 3788 1061 circum-

355 1099 582 1168 Casule,
611 1103 666 1154 et
691 1097 994 1154 castellum
1024 1099 1092 1152 de
1113 1098 1276 1153 Vina.
2098 1101 2361 1169 spectant
2386 1115 2398 1165 ;
2432 1101 2650 1169 quanto
2682 1097 2914 1163 sudore,
2939 1099 3280 1168 quantaque
3303 1112 3452 1152 cura
3472 1095 3791 1150 debemus

424 1189 555 1244 Hzec
584 1187 1273 1258 omniasupranominata
1293 1204 1425 1241 cum
1453 1186 1720 1258 plebibus
1741 1189 1796 1241 et
1819 1187 1990 1242 eccle-
2097 1202 2224 1242 esse
2254 1185 2580 1258 pervigiles,
2613 1203 2720 1240 nos
2751 1185 2851 1257 qui
2897 1189 3166 1257 pastores
3216 1184 3578 1239 animarum
3631 1183 3785 1239 dici-

355 1278 459 1335 siis
491 1277 762 1349 singulis,
803 1291 1122 1346 earumque
1171 1275 1486 1342 dotalibus,
1541 1294 1673 1330 cum
1725 1275 1904 1330 servis
1935 1281 1990 1330 et
2099 1291 2250 1330 mur.
2282 1275 2689 1342 Attendamus,
2719 1278 2775 1330 et
2805 1277 3149 1346 susceptum
3179 1272 3452 1329 officium
3483 1272 3788 1330 exhibere

354 1367 602 1436 ancillis,
632 1365 842 1432 viduis,
877 1365 1244 1432 massaritiis,
1276 1365 1721 1420 commendatiis
1752 1370 1808 1419 et
1836 1365 1991 1420 colo-
2099 1379 2235 1435 orga
2261 1363 2585 1418 custodiam
2609 1363 3046 1420 Dominicarum
3072 1361 3270 1420 ovium
3288 1378 3414 1418 non
3431 1377 3785 1426 cessemus,

355 1456 449 1512 nis
481 1454 754 1526 singulis,
785 1471 922 1508 cum
945 1455 1174 1524 alpibus
1190 1453 1986 1526 etmontibus,silvis,pratis,
2101 1469 2170 1508 ne
2200 1453 2258 1508 in
2291 1453 2383 1508 die
2412 1452 2660 1508 districti
2691 1451 2977 1508 examinis
3008 1468 3112 1524 pro
3138 1449 3373 1507 desidia
3392 1455 3616 1508 nostra
3638 1453 3786 1506 ante

356 1544 613 1618 pascuis,
640 1542 843 1611 vineis,
897 1541 1141 1610 olivetis,
1189 1543 1360 1597 cultis
1403 1547 1460 1597 et
1507 1542 1763 1609 incultis,
1797 1543 1986 1616 aquis,
2100 1558 2398 1598 summum
2430 1545 2726 1598 Pastorem
2771 1540 3138 1614 negligentia:
3183 1544 3386 1596 reatus
3438 1540 3781 1605 excruciet,

360 1631 731 1699 molendinis,
766 1631 1051 1702 piscariis,
1084 1631 1522 1702 piscationibus,
1556 1631 1782 1700 salinis,
1813 1649 1991 1702 aqua-
2099 1631 2255 1686 unde
2286 1631 2456 1686 modo
2486 1631 2723 1698 honore,
2757 1630 3097 1698 reverentia,
3121 1628 3279 1684 inter
3302 1631 3558 1684 ceteros
3581 1627 3784 1684 subli-

361 1737 611 1792 rumque
633 1719 998 1785 decursibus,
1028 1736 1128 1774 nec
1152 1737 1262 1774 non
1283 1725 1336 1773 et
1357 1721 1656 1786 armentis,
1686 1737 1992 1791 equorum-
2101 1720 2315 1776 miores
2336 1719 2694 1791 judicamur.

361 1827 476 1883 que
507 1809 759 1876 forestis,
792 1825 891 1864 seu
915 1808 1186 1862 omnibus
1209 1809 1367 1878 juste
1399 1808 1509 1864 sibi
1543 1808 1988 1880 pertinentibus,
2169 1807 2419 1864 Pallium
2438 1812 2632 1864 autem
2657 1807 3006 1864 fraternitati
3023 1810 3139 1864 tua:
3164 1823 3234 1862 ex
3249 1821 3439 1874 more,
3462 1807 3544 1862 ad
3562 1805 3784 1862 missa-

361 1899 422 1955 in
448 1899 738 1971 integrum
771 1899 1206 1962 confirmamus,
1241 1902 1414 1968 atque
1445 1897 1761 1970 apostolica
1791 1902 1992 1954 aucto-
2022 1933 2070 1998 Β
2101 1915 2232 1953 rum
2255 1897 2538 1954 solemnia
2558 1897 2902 1954 celebranda
2923 1897 3326 1963 concedimus,
3353 1912 3476 1968 quo
3489 1894 3636 1963 tibi,
3665 1911 3782 1949 non

361 1987 529 2043 ritate
557 1987 1024 2042 corroboramus.
1061 1987 1319 2042 Decimas
1342 1987 1536 2053 etiam,
1558 2003 1660 2042 seu
1683 1986 1990 2059 primitias,
2022 1985 2069 1998 ”
2103 1987 2290 2054 aliter,
2321 1985 2588 2042 Ecclesiae
2617 1992 2730 2042 tua:
2762 1985 3081 2059 privilegiis
3109 1985 3171 2040 in
3195 2001 3302 2040 suo
3326 1988 3490 2040 statu
3517 1999 3782 2040 manen-

361 2080 418 2134 et
445 2075 1325 2146 cunctas:oblationes'ﬁdelium
1355 2075 1615 2130 vivorum
1646 2079 1704 2130 ct
1737 2080 1993 2131 mortuo-
2102 2076 2262 2132 tibus
2293 2076 2377 2130 uti
2409 2075 2804 2144 concedimus,
2837 2091 3017 2147 quam
3047 2075 3386 2130 decessores
3431 2073 3786 2145 predeces-

360 2182 491 2220 rum
523 2165 710 2220 eidem
742 2165 1096 2236 episcopatui
1124 2165 1283 2235 juste
1310 2169 1365 2219 et
1394 2165 1669 2220 canonice
1702 2166 1993 2236 pertinen-
2105 2181 2381 2236 soresque
2405 2168 2536 2220 tuos
2576 2181 2715 2220 usos
2763 2178 2913 2233 esse,
2962 2161 3336 2234 incognitum
3387 2177 3510 2217 non
3559 2161 3784 2216 babes.

361 2269 447 2315 tes
475 2254 783 2324 tibi,juxta
804 2252 1143 2308 canonicam
1165 2253 1594 2308 institutionem
1612 2255 1711 2308 SS.
1736 2253 1996 2319 Patrum,
2105 2251 2386 2308 Videlicet
2417 2253 2475 2307 in
2509 2252 2599 2308 die
2631 2251 2840 2307 natalis
2871 2247 3126 2316 Domini,
3177 2250 3239 2304 in
3291 2247 3652 2322 Epiphania,
3715 2248 3784 2302 in

365 2341 890 2398 concedimus.Nec
913 2359 1028 2395 non
1053 2347 1107 2396 et
1126 2340 1267 2396 illud
1282 2343 1588 2396 statuendo
1612 2343 1998 2408 decernimus,
2108 2358 2270 2396 omna
2300 2339 2548 2407 Domini,
2582 2339 2638 2395 in
2671 2341 2922 2395 Sabbato
2962 2342 3194 2407 sancto,
3242 2337 3306 2393 in
3355 2338 3453 2394 die
3500 2353 3782 2393 resurre-

366 2447 440 2486 ne
470 2429 683 2501 aliquis
714 2428 1044 2500 episcopus,
1075 2429 1324 2501 alicujus
1375 2431 1732 2497 auctoritate,
1788 2430 1872 2485 vel
1901 2449 1998 2502 po-
2110 2429 2318 2486 ctionis
2343 2429 2590 2495 Domini,
2614 2429 2672 2483 in
2693 2427 3050 2484 Ascensione
3069 2425 3330 2496 Domini,
3355 2426 3416 2481 in
3444 2425 3547 2482 die
3569 2430 3784 2482 sancto

367 2521 574 2575 testate
608 2517 883 2574 suﬂultus
913 2518 1122 2573 audeat
1152 2519 1372 2590 absque
1403 2519 1638 2574 licentia
1668 2519 1808 2574 inibi
1834 2520 2003 2591 juxta
2111 2519 2495 2585 Pentecostes,
2527 2517 2588 2572 in
2635 2516 3054 2574 festivitatibus
3087 2516 3147 2571 S.
3199 2514 3426 2581 Maria,
3483 2514 3785 2570 natalitiis

369 2607 590 2680 praefati
642 2605 919 2678 episcopi,
972 2607 1364 2664 ordinationes
1421 2624 1521 2662 seu
1554 2608 1999 2662 constitutiones
2112 2607 2528 2678 apostolorum,
2558 2605 2618 2660 in
2642 2604 2954 2661 festivitate
2975 2603 3512 2670 S.Martini,etSS.
3539 2603 3786 2670 Albani,

370 2695 600 2766 aliquas
629 2695 832 2760 facere,
885 2694 970 2750 vel
996 2695 1220 2766 judicia
1249 2696 1576 2769 disponere,
1609 2713 1710 2752 seu
1741 2697 2004 2766 clericos,
2113 2695 2292 2768 Sergii
2323 2699 2380 2750 et
2410 2695 2639 2761 Bacchi,
2673 2693 2841 2750 Aurci
2873 2698 2931 2750 et
2957 2693 3205 2750 Justine
3231 2711 3247 2760 ;
3289 2692 3352 2748 in
3399 2692 3790 2748 ordinatione

369 2787 470 2842 aut
501 2783 868 2856 presbyteros
881 2785 1098 2856 synodo
1117 2785 1509 2857 qualicunque
1525 2787 1897 2856 distringere,
1915 2785 2003 2840 vel
2114 2784 2516 2856 episcoporum
2548 2788 2604 2839 et
2634 2783 3002 2850 clericorum,
3035 2782 3097 2838 in
3119 2781 3211 2838 die
3227 2779 3451 2838 natalis
3468 2781 3586 2851 tui,
3610 2781 3674 2838 in
3689 2782 3789 2838 de-

370 2873 633 2946 fatigare.
685 2872 1016 2928 Statuentes
1063 2874 1240 2945 igitur
1292 2873 1610 2946 apostolica
1641 2874 2006 2940 auctoritate,
2116 2873 2402 2928 dicatione
2429 2873 2704 2929 ecclesiae.

373 2979 500 3036 qua:
530 2962 814 3017 servanda
842 2962 1013 3016 estab
1031 2963 1466 3031 omnibus,etin
1501 2964 1776 3018 omnibus
1807 2962 2006 3019 statui-
2188 2963 2254 3016 Et
2283 2962 2422 3033 quia
2451 2962 2511 3016 in
2541 2959 2666 3016 loco
2699 2960 2802 3015 filii
2835 2965 2889 3016 te
2919 2959 3246 3033 diligimus,
3278 2959 3436 3015 duos
3487 2959 3610 3016 bos
3663 2959 3796 3015 dies

375 3065 532 3118 mus,
556 3052 613 3104 et
641 3049 750 3104 sub
784 3049 1149 3105 anathemate
1187 3051 1663 3123 constringimus,
1713 3057 1778 3107 ut
1809 3051 2006 3108 nullus
2117 3067 2264 3122 quos
2294 3050 2746 3123 praedecessores
2783 3049 2868 3105 tui
2916 3066 3033 3105 non
3081 3048 3450 3116 habuerunt,
3510 3051 3794 3105 octavam

376 3137 713 3210 imperator,
745 3135 863 3192 sive
896 3153 1012 3205 rex,
1046 3137 1244 3193 nullus
1292 3140 1426 3208 dux,
1476 3139 1562 3195 vel
1603 3140 1882 3207 niarchio,
1912 3158 2006 3196 co-
2118 3139 2336 3196 scilicet
2354 3139 2608 3202 Domini.
2629 3142 2688 3195 et
2709 3138 3082 3195 festivitatem
3104 3137 3376 3194 omnium
3400 3141 3798 3204 sanctorum,

377 3243 524 3293 mes,
581 3224 918 3293 vicecomes,
974 3225 1288 3293 castaldus,
1355 3227 1442 3282 vel
1491 3227 1736 3299 quilibet
1781 3229 2012 3301 publice
2051 3293 2083 3301 _
2120 3228 2225 3284 tibi
2248 3227 2582 3284 charitative
2603 3228 2996 3285 concedimus.
3025 3229 3271 3300 Insuper
3289 3225 3796 3299 etcuphiamtibi

384 3315 598 3387 pariter
642 3317 894 3384 exactor,
939 3332 1040 3370 seu
1095 3315 1408 3386 cujuslibet
1447 3293 1702 3372 hominis
1743 3293 2009 3390 persona,
2043 3293 2086 3360 Ο
2123 3316 2535 3390 permittimus,
2555 3321 2612 3373 et
2632 3334 2806 3389 super
2827 3319 3056 3372 nattum
3073 3293 3340 3388 equitare
3365 3293 3801 3382 concedimus,

383 3405 787 3476 cujuscunque
837 3404 912 3458 sit
954 3403 1197 3470 ordinis,
1245 3405 1330 3460 vel
1382 3405 1704 3477 dignitatis,
1747 3424 1846 3463 seu
1880 3407 2012 3462 reli-
2124 3411 2180 3462 et
2209 3423 2434 3462 crucem
2469 3409 2603 3462 ante
2632 3410 2689 3461 te
2720 3405 3014 3461 deferendi
3065 3402 3369 3460 licentiam
3419 3403 3682 3459 damus.
3734 3404 3804 3459 Et

376 3493 589 3568 gionis,
640 3493 791 3548 hanc
840 3494 1262 3565 pragmaticam
1306 3494 1591 3566 privilegii
1651 3497 2010 3552 sanctionem
2122 3495 2170 3550 si
2201 3494 2341 3565 quid
2375 3495 2432 3549 in
2463 3493 2707 3550 ecclesia
2734 3498 2855 3560 tua,
2888 3492 2977 3548 vel
3006 3493 3488 3565 sutiraganorum
3540 3495 3802 3549 tuorum

373 3583 584 3638 audeat
604 3581 1015 3652 refragare,vel
1040 3583 1095 3636 in
1121 3600 1416 3653 quoquam
1441 3584 1800 3656 confringere
1824 3586 2010 3658 ;quod
2119 3583 2414 3654 acciderit,
2446 3583 2598 3655 quod
2612 3581 2898 3652 judicium
2921 3578 3442 3654 apostolicum,vel
3463 3581 3802 3653 apostolici

367 3669 468 3740 qui
520 3669 826 3723 tcntaverit
876 3687 909 3724 a
957 3671 998 3724 B
1043 3670 1230 3738 Petro,
1283 3671 1678 3741 apostolorum
1721 3673 2004 3746 principe,
2116 3672 2292 3744 legati
2350 3671 2718 3744 praesentiam
2772 3674 3018 3742 expetat,
3080 3673 3143 3726 et
3204 3671 3375 3724 tanta
3446 3669 3803 3726 necessitas

365 3755 736 3812 anathemate
781 3755 974 3812 divino
1027 3771 1340 3828 percussus
1403 3757 1669 3825 intereat,
1721 3760 1856 3832 quia
1903 3761 2004 3815 Dei
2116 3764 2283 3833 urget
2311 3763 2375 3815 ut
2402 3763 2700 3832 expectare
2729 3757 2892 3814 nulla
2946 3757 3172 3814 ratione
3228 3755 3506 3825 valeatis,
3578 3761 3805 3814 nostra

360 3843 738 3912 Genitricem,
772 3844 942 3916 eique
965 3845 1314 3901 famulantes
1336 3847 1626 3904 offendere
1648 3865 1762 3904 non
1785 3847 2002 3918 timuit,
2112 3849 2233 3905 vice
2263 3865 2364 3904 vos
2411 3847 2725 3903 terminare
2775 3845 3094 3920 apostolica
3139 3844 3498 3902 auctoritate
3544 3845 3803 3917 judica-

361 3931 661 4005 Deumque
718 3933 825 3989 hoc
857 3933 1141 4006 inspicere
1171 3953 1274 4006 pro
1324 3935 1504 3992 nihilo
1553 3937 1737 4007 duxit,
1769 3954 2002 3993 conser-
2112 3955 2267 3994 mus.

363 4025 526 4078 vator
551 4039 684 4078 vero
715 4023 1116 4078 benedictione
1146 4023 1424 4080 suffultus
1473 4025 1790 4096 apostolica
1819 4043 1853 4081 a
1884 4027 1998 4082 Deo
2177 4026 2432 4089 Quarum
2463 4023 2816 4096 dignitatum
2843 4021 3198 4094 honor,quia
3226 4020 3505 4077 modesta
3529 4025 3798 4078 actuum

366 4109 762 4182 omnipotente
789 4111 961 4166 vitam
997 4117 1392 4183 consequatur
1419 4118 1710 4168 aeternam.
2106 4115 2404 4170 vivacitate
2435 4113 2750 4168 servandus
2789 4115 2898 4178 est,
2948 4111 3275 4178 hortamur,
3322 4113 3393 4164 ut
3445 4109 3500 4165 ei
3559 4116 3800 4168 cuncta

437 4197 584 4253 Data
610 4197 733 4254 Kal.
765 4198 901 4253 Julii
931 4217 1031 4271 per
1077 4217 1288 4256 manus
1332 4200 1623 4268 Friderici,
1675 4201 1992 4258 diaconi
2105 4219 2332 4259 morum
2365 4207 2600 4257 tuorum
2651 4202 2994 4256 ornamenta
3039 4196 3412 4265 conveniant,
3467 4203 3796 4271 quatenus

366 4284 434 4341 R.
470 4285 532 4340 Ε.
581 4285 1026 4354 bihliothecarii,
1085 4293 1140 4342 et
1179 4287 1504 4344 cancellarii
1577 4289 1695 4345 vice
1739 4291 1804 4346 D.
1834 4291 1993 4346 Heri-
2103 4295 2338 4348 auctore
2357 4291 2468 4346 Deo
2492 4293 2645 4345 recte
2667 4288 2980 4360 utrobique
2998 4287 3192 4360 possis
3221 4287 3797 4359 esseconspicuus.

362 4373 562 4429 manni
584 4374 1095 4444 archicancellarii,
1117 4381 1175 4432 et
1195 4376 1520 4454 Coloniensi
1574 4378 1992 4452 archiepiscopi
2100 4382 2300 4452 Itaque
2331 4379 2447 4434 vita
2474 4382 2576 4433 tua
2608 4377 2740 4432 ﬁliis
2774 4376 2892 4432 tuis
2922 4376 3001 4432 sit
3028 4373 3234 4448 regula
3281 4373 3341 4430 in
3373 4373 3538 4447 ipsa.
3572 4376 3636 4431 Si
3671 4393 3796 4448 qua

358 4479 510 4520 anno
543 4463 609 4519 D.
643 4465 853 4520 Leonis
883 4465 978 4533 IX,
1014 4483 1174 4538 papa:
1208 4484 1281 4535 IV,
1316 4467 1514 4522 indict.
1557 4484 1614 4536 v,
1657 4471 1852 4524 actum
1887 4469 1990 4524 Be-
2097 4468 2379 4525 tortitudo
2405 4465 2522 4522 illis
2550 4465 2762 4537 injecta
2790 4468 2898 4532 est,
2931 4463 3230 4536 dirigant;
3263 4462 3324 4518 in
3355 4477 3429 4518 ea
3459 4463 3628 4534 quid
3646 4465 3794 4521 imi-

355 4553 608 4621 neventi,
641 4553 698 4608 in
730 4553 831 4611 Dei
862 4554 1094 4610 nomine
1120 4555 1378 4610 feliciter.
1410 4558 1614 4612 Amen.
2095 4562 2292 4615 tentur
2318 4555 2626 4628 aspiciant,
2660 4554 2718 4610 in
2749 4553 2878 4626 ipsa
2929 4570 2990 4608 se
3040 4568 3274 4625 semper
3322 4551 3792 4610 considerando

1052 4663 1288 4720 LXXIV.
2021 4657 2066 4721 ι)
2097 4647 2422 4722 proficiant,
2455 4647 2519 4699 ut
2546 4647 2737 4711 tuum,
2771 4646 2905 4715 post
2933 4642 3141 4710 Deum,
3175 4640 3452 4696 videatur
3483 4656 3639 4700 esse
3684 4644 3794 4699 bo-

355 4746 408 4802 S.
441 4750 639 4826 Le_o_IX
667 4749 1006 4826 Liuthonido,
1041 4753 1436 4824 archiepiscopo
1465 4753 1795 4822 Moguntina,
1825 4755 1989 4826 pallii
2098 4751 2238 4791 num
2269 4734 2422 4826 qugd
2455 4731 2719 4826 Vi¥?ri“f'j
2751 4732 2862 4826 ΟΨ
2885 4745 3247 4826 θτεοιηξίῖυθ
3278 4745 3612 4826 prospera}
3668 4749 3792 4804 qua

424 4821 766 4899 culpamque
795 4823 940 4899 (t33)
972 4816 1130 4878 usum
1142 4828 1194 4899 et
1217 4816 1244 4874 ἱ(
1263 4816 1426 4896 supcr
1441 4816 1652 4880 natium
1674 4816 1988 4899 (i3i)'equi-
2062 4884 2072 4892 _
2097 4821 2492 4896 temporaliter
2519 4819 2925 4887 blandiuntur,
2958 4816 3264 4885 extollant,
3288 4833 3488 4888 neque
3516 4819 3794 4876 adversa

423 4889 578 4944 tandi
610 4912 636 4939 »
669 4889 944 4948 licentiam
975 4894 1230 4950 concedit.
1326 4889 1341 4896 ’
1678 4889 1687 4897 ’
1803 4889 1812 4898 ’
1876 4889 1890 4899 ’

2252 4914 2388 4977 iant,
2403 4910 2502 4966 sed
2517 4907 2804 4982 quidquid
2827 4906 2971 4963 illud
2996 4907 3194 4976 fuerit,
3217 4906 3440 4962 virtute
3461 4909 3791 4979 patientia:

975 4983 1157 5051 (Anno
1192 4983 1370 5052 1052.)
1493 4987 1500 4994 ’
2094 4983 2455 5061 devincatur.

689 5065 1006 5136 [Gudenus,
1041 5069 1167 5126 Cod.
1200 5071 1423 5144 diplom.
1459 5073 1501 5140 Ι,
1533 5073 1642 5146 47.1
2162 5094 2228 5148 Ni

2255 5090 2400 5146 llum
2434 5087 2585 5160 apud
2617 5091 2671 5143 te
2700 5087 2896 5142 locum
2924 5083 3078 5153 odia,
3107 5083 3312 5140 nullus
3353 5083 3534 5140 favor
3583 5085 3793 5144 indis-

391 5169 535 5251 ‘Leo
560 5169 890 5244 episcopus,
925 5190 1220 5232 servorum
1253 5197 1457 5236 servus
1481 5180 1984 5246 Dci,Luxrnnano
2093 5187 2284 5238 cretus
2317 5177 2592 5233 inveniat.
2625 5175 3048 5232 Discretionem
3082 5172 3223 5230 mali
3253 5179 3634 5245 agnoscant.
3691 5177 3792 5233 In-

342 5319 348 5324 -
415 5285 563 5368 (ΙᾷΒ)
593 5287 815 5368 Cuphia
835 5289 990 5346 Idem
1020 5308 1086 5368 ac
1104 5295 1307 5368 mitra,
1323 5311 1442 5368 seu
1477 5301 1726 5368 tegmen
1753 5295 1980 5368 capitis,
2091 5298 2264 5352 batur
2293 5291 2615 5368 privilegia,
2649 5291 2698 5346 si
2716 5288 3200 5368 cun_episcopo_in
3225 5287 3642 5368 processione
3657 5292 3794 5368 Pal-

346 5358 503 5437 qu_o_c_l
533 5364 711 5430 caput
731 5363 1271 5437 totumambiebat.
1298 5358 1638 5434 (Durass‘ivs,
1667 5358 1838 5420 Gloss:
1859 5365 1899 5420 l.
1929 5358 1982 5437 v,
2093 5358 2344 5434 marum,
2379 5369 2435 5420 et
2464 5358 2607 5419 fe'ria
2636 5358 2905 5418 secunda"
2937 5358 3069 5430 post
3116 5358 3376 5437 Pascha,
3403 5375 3596 5437 _equo
3650 5365 3794 5421 albo

345 5429 388 5486 t7.
722 5433 858 5487 1233
878 5434 1009 5510 edit
1037 5451 1164 5488 nov.
1203 5435 1239 5510 )Σ
1305 5429 1312 5434 ’
1392 5508 1398 5510 _
1625 5429 1631 5432 ’
1695 5507 1703 5510 Α
1893 5508 1901 5510 _
1971 5429 1980 5437 ’
2092 5440 2190 5510 qui
2226 5429 2413 5510 udone
2445 5452 2546 5510 seu
2580 5439 2750 5510 nacta
2766 5429 3076 5510 coopertus
3096 5435 3240 5510 erat,
3258 5429 3792 5510 insidereetproo

380 5499 841 5580 .(1341Nnttnm.
878 5504 1120 5580 Nacturn
1144 5503 1239 5580 vel
1276 5508 1480 5580 nactus
1514 5507 1857 5580 propriepcst
1890 5508 1982 5560 in-
2093 5499 2292 5565 cedere
2326 5506 2576 5580 facultas
2606 5507 2739 5561 data
2762 5499 3321 5580 fuerat.Quod_nulli
3345 5499 3796 5572 planelicebat

349 5572 514 5650 signa
544 5572 728 5650 festivi
772 5574 951 5650 «ξιιυὶἰ
981 5591 1029 5650 τιΔ
1060 5574 1404 5650 quihusdam
1457 5572 1686 5650 quoque
1744 5579 1986 5632 [furuum
2092 5581 2312 5650 absque
2343 5577 2579 5650 speciali
2604 5574 3305 5650 _concessione_.:-(ldem
3337 5589 3490 5650 voco
3542 5580 3792 5650 Equus,

353 5641 653 5723 vocatum.
677 5641 1113 5723 Insternebatur
1141 5644 1296 5723 enim
1323 5641 1768 5723 strag‘ulo‘totus
1799 5664 1986 5723 equus
2094 5657 2135 5706 t.
2173 5641 2266 5720 Ill,
2298 5667 2354 5722 p.
2377 5641 2512 5717 ⁵119,
2546 5648 2669 5703 add.
2707 5654 2745 5704 t.
2780 5649 2849 5716 II,
2883 5665 2940 5719 p.
2974 5647 3097 5714 434,
3128 5641 3186 5700 ’ν.
3221 5645 3499 5701 Nectum.

359 5705 420 5759 in
451 5705 778 5779 festivitate,
800 5713 890 5765 vel
914 5726 1147 5782 pompa.
1170 5714 1358 5786 Atque
1382 5705 1532 5772 inter
1551 5717 1760 5774 eximia
1781 5705 1985 5775 refere-
