3952 6430
231 441 365 511 897
1245 439 1650 515 EPISTOLIE
1691 441 1794 505 ET
1835 439 2201 504 DEGRETA
2244 439 2712 507 PONTIFIGIA.
3551 444 3669 510 698

224 581 478 638 sontem
509 578 673 650 apud
705 579 764 634 te
794 576 1145 651 culpabilem
1177 576 1476 650 suggestio
1504 576 1660 633 mala
1683 593 1797 632 non
1829 575 1911 631 fa-
1939 574 1994 641 Α
2022 580 2331 638 ecclesiam
2379 581 2572 637 hanno
2620 576 2935 654 episcopali
2980 582 3036 636 et
3075 579 3353 653 episcopii
3395 581 3667 646 termino,

225 670 384 728 oiat.
431 668 757 725 Nocentem
805 668 996 740 gratia
1025 683 1141 722 non
1177 671 1445 734 excuset;
1497 666 1814 723 remissum
1858 670 1916 721 te
2026 675 2261 743 accepta
2299 670 2513 743 placita
2559 669 3037 739 commutatione,
3085 671 3375 738 ﬁrmavit;
3422 689 3548 744 quae
3590 671 3672 728 sic

225 756 738 830 delinquentibus
773 773 890 812 non
935 757 1232 824 ostendas,
1280 773 1353 810 ne
1395 756 1548 827 quod
1608 755 1768 811 ultus
1800 772 1912 811 non
2025 764 2154 815 acta
2183 765 2273 816 est
2308 777 2319 814 :

222 847 457 915 fueris,
481 846 812 919 perpetrari
837 845 1166 918 permittas.
2095 853 2242 904 Dum
2273 849 2601 916 Heinricus,
2632 849 2692 905 in
2723 849 2969 922 imperio
2999 849 3248 922 primus,
3281 851 3337 905 in
3373 867 3551 924 regno
3592 868 3677 908 se-

313 936 416 993 Sit
444 935 504 991 in
535 939 590 991 te
620 939 680 991 et
713 934 855 990 boni
884 934 1137 1006 pastoris
1169 933 1433 1002 dulcedo,
1463 934 1540 990 sit
1570 935 1917 1005 etiamjudi~
2027 939 2276 1003 cundus,
2310 938 2494 993 divini
2527 939 2679 1010 ignis
2711 956 2906 994 amore
2943 956 3284 1007 succensus,
3320 941 3391 996 de
3441 941 3672 1014 praediis

225 1025 327 1082 eis
365 1025 554 1081 severi
580 1024 879 1080 discretio.
903 1022 1299 1093 Iramjudicio
1323 1023 1572 1090 refrena,
1590 1027 1647 1079 et
1671 1040 1918 1078 censura
2027 1044 2152 1099 quae
2187 1027 2282 1082 Dei
2314 1019 2500 1098 gratia
2522 1028 2888 1084 hzereditario
2905 1030 3038 1100 jure
3060 1029 3119 1083 in
3140 1047 3259 1085 suae
3283 1031 3677 1101 possessionis

231 1113 584 1186 disciplinae
636 1113 722 1168 sic
756 1117 938 1179 utere,
975 1117 1038 1167 ut
1068 1115 1124 1167 et
1155 1112 1360 1185 culpas
1397 1111 1590 1182 ferias,
1625 1116 1682 1167 et
1712 1130 1744 1167 a
1776 1112 1916 1167 dile-
2027 1117 2352 1172 dominium
2387 1122 2784 1187 pervenerant,
2818 1117 2915 1173 Dei
2949 1119 3246 1173 servitium
3273 1135 3502 1190 augere,
3539 1137 3676 1176 con-

232 1203 447 1259 ctione
479 1219 873 1274 personarum
896 1217 1071 1272 quam
1105 1201 1350 1273 corrigis
1383 1217 1497 1256 non
1524 1202 1779 1284 recedas.
1814 1202 1919 1256 Mi-
2028 1206 2305 1262 struendo
2325 1206 2726 1276 episcopatum
2744 1210 2917 1277 atque
2935 1207 3674 1276 ordinando,desideraret,

234 1291 613 1349 sericordem
649 1295 704 1346 te
736 1290 796 1345 in
828 1290 1104 1345 omnibus
1136 1291 1410 1361 operibus
1451 1290 1677 1360 exhibe,
1711 1294 1767 1344 et
1805 1308 1920 1346 non
2029 1311 2143 1365 quo
2194 1295 2250 1347 id
2305 1294 2562 1365 legitime
2619 1284 3156 1366 rationabiliterque
3205 1297 3327 1352 ﬁeri
3369 1299 3676 1370 potuisset,

236 1380 328 1437 sit
383 1396 776 1452 personarum
829 1379 1052 1450 accpiio
1103 1379 1257 1450 apud
1303 1383 1380 1434 te.
1435 1377 1668 1434 Nullius
1714 1379 1920 1435 faciem
2029 1383 2367 1439 Heinricum
2424 1383 2814 1438 venerabilem
2873 1385 3370 1455 Wirziburgnnsis
3425 1387 3678 1442 ecclesiae

239 1473 462 1526 contra
483 1469 788 1540 justitiam
822 1468 1094 1539 accipias,
1127 1467 1355 1523 nullum
1387 1469 1924 1538 qurerentemjusta
2030 1472 2720 1545 provisorem,quatenus
2736 1473 3284 1544 praadictumlocum
3301 1476 3676 1531 Babemberch

241 1559 576 1634 deepicias.
609 1557 890 1614 Custodia
920 1557 979 1611 in
1013 1559 1066 1612 te
1097 1556 1390 1628 aequitatis
1418 1556 1680 1623 excellat,
1717 1562 1916 1628 quate-
2031 1566 2461 1634 nuncupatum,
2486 1579 2617 1616 cum
2639 1578 2788 1633 pago
2807 1561 2906 1633 qui
2930 1563 3315 1634 Ratenzgowo
3331 1563 3565 1630 dicitur,
3582 1565 3682 1635 qui

240 1667 370 1708 nus
405 1649 522 1705 Deo
554 1647 878 1702 miserante
899 1650 956 1700 et
979 1649 1272 1702 annuente
1293 1645 1428 1702 talis
1451 1647 1643 1718 possis
1673 1647 1921 1702 existere
2033 1650 2104 1706 ad
2154 1667 2270 1705 sua:
2311 1650 2623 1706 diceeeseos
2671 1655 2888 1706 statum
2929 1652 3218 1723 pertinere
3252 1651 3580 1720 videbatur,
3613 1653 3684 1708 de

247 1738 498 1812 qualem
542 1752 714 1792 sacra
755 1735 928 1790 lectio
969 1735 1219 1808 percipit
1259 1735 1460 1791 dicens
1495 1753 1507 1791 :
1543 1737 1756 1807 Oportet
1779 1739 1919 1806 cpz’s-
2032 1756 2138 1795 suo
2162 1740 2373 1811 jurein
2400 1740 2644 1810 ejusjus
2663 1741 2734 1795 ad
2763 1740 2815 1794 id
2844 1740 3268 1811 perﬁciendum
3299 1741 3675 1797 transfunde-

247 1844 460 1901 copum
491 1825 1034 1898 irreprehensibilem
1071 1841 1184 1880 esse
1215 1825 1258 1895 (Ι
1289 1826 1419 1879 Tim.
1457 1842 1542 1890 III,
1573 1826 1650 1896 2).
1687 1826 1796 1880 Sed
1829 1825 1922 1879 his
2032 1833 2138 1896 ret,
2172 1828 2432 1883 studiose
2454 1829 2624 1899 coepit
2649 1828 2934 1899 ﬂagitare.
2975 1827 3105 1892 Qui,
3130 1828 3407 1901 quoniam
3434 1829 3607 1900 justze
3631 1835 3687 1885 et

255 1916 552 1975 omnibus
584 1913 904 1970 salubriter
932 1912 1014 1967 uti
1051 1913 1285 1984 poteris,
1321 1913 1366 1967 si
1392 1913 1759 1980 charitatem,
1793 1931 1920 1985 quae
1955 1949 2002 2014 Β
2033 1917 2410 1973 rationabiles
2441 1933 2625 1971 causae
2643 1917 3008 1983 videbantur,
3029 1917 3292 1987 ejusdem
3315 1917 3685 1976 invictissimi

253 2010 350 2063 est
376 2008 570 2060 mater
587 2001 879 2058 virtutum
902 2001 1348 2056 habueris.Ecce
1367 2002 1544 2056 frater
1560 2001 1924 2064 charissime.
1955 2001 2002 2014 ⁵’
2037 2007 2191 2077 regis
2221 2006 2602 2078 petitionibus
2635 2005 3030 2078 acquiesccns,
3052 2023 3185 2061 cum
3218 2008 3516 2062 communi
3549 2007 3686 2083 cieri

252 2096 418 2152 inter
447 2091 638 2151 multa
669 2091 781 2146 alia
819 2091 932 2145 ista
961 2095 1101 2145 sunt
1132 2090 1462 2156 sacerdotii,
1498 2090 1610 2145 ista
1642 2096 1780 2146 sunt
1809 2091 1926 2163 pal-
2037 2096 2130 2151 sui
2162 2100 2335 2167 atque
2368 2095 2623 2150 militum
2659 2112 2881 2150 necnon
2914 2096 3094 2150 totius
3127 2096 3327 2168 populi
3360 2096 3602 2152 consilio
3633 2105 3688 2153 et

254 2185 322 2240 lii
359 2201 374 2239 :
411 2199 540 2255 quae
573 2180 623 2236 si
648 2179 913 2237 studiose
944 2178 1284 2246 servaveris,
1309 2180 1466 2250 quod
1491 2179 1631 2234 foris
1654 2181 1924 2235 ostende-
2037 2200 2349 2252 consensu,
2383 2185 2687 2256 praefatum
2720 2183 2912 2239 locum
2936 2201 3066 2239 cum
3091 2185 3363 2258 praedicto
3384 2203 3551 2259 pago,
3584 2187 3686 2241 tri-

259 2273 344 2331 ris
377 2270 701 2343 accepisse,
736 2270 894 2324 intus
924 2269 1123 2323 habcs-
2037 2275 2149 2330 bus
2179 2273 2552 2346 parochianis
2582 2273 2843 2329 ecclesiis
2875 2291 3008 2329 cum
3042 2276 3168 2330 suis
3208 2276 3555 2345 adjacentiis
3590 2293 3685 2331 ex-

333 2363 557 2418 Sancta
575 2358 836 2414 Trinitas
881 2357 1308 2412 fraternitatem
1322 2360 1571 2412 vestram
1585 2357 1783 2428 gratiae
1807 2375 1926 2412 suae
2038 2363 2220 2436 ceptis
2249 2380 2500 2434 quarum
2533 2363 2773 2418 nomina
2803 2368 2943 2417 sunt
2973 2363 3094 2418 haec
3125 2364 3550 2436 Wachenrode,
3584 2369 3686 2421 Lo-

261 2448 634 2524 protectione
679 2446 985 2512 confortet,
1039 2450 1212 2518 atque
1242 2446 1321 2500 ita
1361 2445 1418 2500 in
1450 2445 1680 2500 timoris
1714 2447 1803 2501 sui
1834 2447 1928 2502 via
2037 2455 2280 2516 nerstat,
2317 2451 2672 2519 Mulihusen,
2706 2452 2861 2507 omni
2899 2455 3276 2525 postmodum
3308 2457 3534 2511 remota
3559 2471 3688 2510 con-

263 2557 375 2597 nos
409 2539 653 2610 dirigat,
686 2540 754 2592 ut
783 2539 918 2608 post
933 2535 1064 2589 vitae
1087 2534 1266 2604 hujus
1291 2534 1769 2600 amaritudinem,
1804 2553 1925 2607 per-
2035 2540 2403 2609 tradictione,
2437 2558 2555 2597 suae
2587 2541 2857 2612 potestati
2891 2541 3170 2608 tradidit;
3213 2540 3457 2598 alterius
3489 2546 3686 2598 autem

261 2628 466 2686 venire
488 2642 828 2682 mereamur
848 2625 918 2678 ad
941 2628 1163 2678 aeterna}
1184 2623 1927 2680 felicitatisinterminabile
2037 2629 2192 2702 pagi,
2227 2630 2326 2700 qui
2357 2629 2974 2693 Volcfeltnominatur,
2995 2629 3052 2684 in
3080 2646 3194 2700 quo
3221 2630 3492 2701 praefatus
3523 2631 3687 2687 locus

263 2717 580 2792 gaudium,
613 2715 772 2787 quod
804 2712 1008 2768 oculus
1031 2729 1148 2767 non
1179 2712 1340 2778 vidit,
1369 2729 1473 2767 nec
1490 2712 1650 2767 auris
1683 2712 1923 2780 audivit,
2037 2717 2188 2772 situs
2210 2722 2318 2785 est,
2351 2722 2574 2788 partem
2597 2718 2784 2772 eidem
2810 2716 2928 2786 regi
2953 2719 3259 2784 concessit,
3287 2723 3579 2788 quantum
3598 2723 3686 2774 est

264 2822 371 2863 nec
400 2807 465 2860 in
498 2821 601 2860 cor
630 2802 891 2858 hominis
918 2801 1180 2856 ascendit
1213 2819 1224 2856 :
1259 2801 1533 2856 omnibus
1565 2801 1750 2856 Deum
1799 2801 1927 2856 dili~
2038 2806 2109 2860 de
2139 2805 2511 2859 Babenberch
2544 2819 2730 2874 usque
2775 2803 2847 2858 ad
2880 2804 3096 2858 ﬂumen
3130 2803 3321 2858 Uraha
3361 2803 3420 2858 in
3471 2804 3684 2858 Raten-

260 2895 547 2970 gentibus
581 2890 1043 2956 evidentissime,
1073 2889 1399 2945 certissime
1437 2891 1821 2962 promissum.
2036 2910 2164 2948 zam
2198 2894 2412 2948 flumen
2444 2897 2500 2948 et
2531 2893 2614 2948 sic
2636 2894 2805 2963 juxta
2833 2892 3143 2946 decursum
3179 2891 3444 2960 ejusdem
3489 2892 3682 2947 ﬂumi-

331 2985 486 3040 Data
517 2997 623 3055 per
651 2995 868 3035 manus
890 2978 1164 3034 Friderici
1193 2979 1584 3033 archidiaconi
1617 2977 1926 3034 biblioibe-
2039 2983 2132 3038 nis
2153 2981 2213 3037 in
2245 2981 2422 3046 Mein,
2454 2985 2511 3036 et
2543 2981 2677 3036 inde
2696 2981 2765 3035 ad
2792 2980 3042 3035 rivulum
3069 2980 3435 3047 Wichibach,
3473 2981 3683 3037 deinde

258 3074 404 3132 carii
441 3076 504 3129 et
533 3068 874 3127 cancellarii
906 3069 964 3123 S.
1000 3069 1272 3123 Romanae
1302 3066 1571 3122 Ecclesiae
1603 3067 1758 3123 sedis
1790 3085 1929 3139 apo-
2041 3073 2112 3128 ad
2141 3075 2319 3144 caput
2348 3071 2616 3142 ejusdem
2665 3069 2858 3137 rivuli,
2900 3070 3100 3142 sicque
3141 3088 3258 3142 qua
3302 3070 3588 3127 citissime
3619 3089 3685 3127 ac

256 3162 521 3228 stolicae;
568 3160 693 3215 vice
743 3157 945 3214 domni
985 3155 1301 3211 Hermanni
1347 3155 1710 3211 Coloniensis
1741 3155 1930 3211 archi-
2041 3161 2301 3235 proxime
2332 3159 2616 3232 perveniri
2649 3163 2840 3232 potest
2869 3159 2938 3215 ad
2972 3159 3184 3214 Uraha.
3228 3159 3296 3214 Et
3325 3163 3390 3213 ut
3419 3158 3541 3215 haec
3573 3167 3684 3216 tra-

257 3249 532 3326 episcopi
583 3245 1106 3304 archicancellarii.
1144 3244 1360 3310 Quinta
1388 3244 1617 3300 decima
1661 3244 1786 3299 Kal.
1819 3245 1929 3300 No-
1970 3318 2002 3326 _
2041 3251 2186 3306 ditio
2218 3250 2388 3304 ﬁrma
2417 3253 2474 3303 et
2505 3248 2847 3304 inconvulsa
2870 3252 3258 3320 permaneret,
3290 3247 3414 3319 ipse
3446 3248 3686 3319 praedic—

256 3318 498 3398 vemhr'.
527 3355 540 3393 ε
577 3354 730 3395 anno
761 3335 1078 3392 Dominicse
1101 3333 1529 3390 Incarnationis
1773 3334 1930 3389 Indi-
1962 3318 2004 3384 Ο
2041 3343 2139 3396 tus
2170 3337 2381 3411 praesul
2411 3337 2719 3393 Heinricus
2750 3318 2888 3392 curn—
2924 3336 3221 3393 canonicis
3250 3318 3376 3392 surdis
3411 3318 3686 3392 opm-cbo-

259 3431 466 3487 ctione
496 3445 579 3496 v1,
609 3443 766 3482 anno
797 3423 997 3480 domui
1022 3423 1224 3480 Leonis
1255 3424 1321 3478 IX
1357 3439 1516 3494 papa-2
1559 3426 1787 3494 quarto.
2044 3429 2191 3484 ravit
2221 3432 2277 3482 et
2306 3425 2678 3498 subscripsit.

1006 3512 1216 3568 LXXV.
1399 3568 1407 3578 ,
2113 3517 2236 3580 Qua
2291 3514 2720 3585 conscriptione
2778 3513 3008 3578 relecta,
3067 3528 3203 3567 cum
3254 3514 3426 3584 juxta
3487 3517 3685 3570 votum

260 3609 320 3664 S.
379 3610 489 3664 Leo
549 3607 608 3661 IX
644 3603 932 3672 Hartwigi
994 3568 1407 3672 Bambcrgensia
1463 3605 1519 3654 et
1576 3600 1930 3674 Adatbcronis
2043 3568 2348 3669 omnium,
2381 3568 2456 3658 uti
2488 3568 2719 3674 semper
2757 3602 2938 3673 justis
2977 3568 3276 3674 operibus"
3304 3568 3685 3659 favoremde-
3758 3639 3773 3652 -

340 3672 1932 3766 i’Vim???“iiffliii?9{’.°"ﬁi’1filiai}Wfﬁﬁiﬂeiﬂf‘f"
2041 3695 2270 3760 bemus,
2303 3697 2361 3747 et
2393 3709 2499 3748 nos
2528 3672 2870 3764 pradictum
2901 3672 3291 3748 venerabilem
3320 3692 3514 3748 locum
3547 3710 3689 3766 apo-

336 3743 699 3820 imperatoré,
756 3743 1077 3812 Bambergae
1127 3744 1443 3813 composita,
1486 3743 1730 3798 ecclesiae
1763 3745 1897 3796 Bam

337 3821 628 3890 bergemis
650 3817 1012 3890 possessiones
1042 3823 1093 3871 et
1111 3815 1411 3890 priuilegia
1440 3813 1746 3883 conﬁrmat.

2124 3743 2270 3760 ““”””⁷1
2309 3743 2357 3747 ν’
2393 3743 2497 3748 ”“’Ὗ
2529 3743 2637 3764 (ι’-’γ
2657 3743 2868 3746 "7"7"'
2945 3743 3291 3748 ““’“““’““”“”⁷“’“
3321 3743 3514 3748 “⁷”“““”“
3549 3743 3650 3766 *Γ*

2124 3782 2246 3837 ιὶίοιι
2286 3780 2630 3836 auctoritate
2676 3779 2962 3836 vellemus
3008 3781 3336 3848 corrobare,
3372 3781 3497 3854 ipse
3541 3799 3685 3854 pra;-

2124 3871 2380 3890 ,-_',_-L___
2454 3869 2708 3890 -:___J-__
2772 3868 2878 3890 ‘I--:
2947 3870 3250 3890 ___:_____A_
3333 3871 3660 3890 YI___A,,,3A_,,

905 3868 1341 3957 (’Aado‘ioszy
1414 3955 1419 3957 Α
1477 3868 1484 3870 ἡ
1543 3868 1622 3957 '__
1686 3955 1731 3957 Η
1809 3956 1816 3957 γ
2041 3871 2382 3928 nominatus
2449 3869 2712 3939 ejusdem
2772 3868 2882 3924 loci
2941 3870 3274 3942 episcopus,
3332 3871 3686 3942 Hartwicus,

394 3963 606 4035 [Pertz,
637 3961 882 4016 Monum.
913 3954 1098 4013 'Germ.
1132 3958 1266 4012 Hist.
1302 3955 1514 4027 Scripi.
1550 3954 1643 4021 IV,
1673 3955 1823 4026 802.]
2039 3958 2560 4032 proclamationem
2594 3973 2761 4013 suam
2794 3957 2929 4012 fecit
2963 3958 3101 4029 quia
3130 3957 3292 4013 locus
3323 3975 3468 4013 suus
3501 3976 3533 4014 a
3572 3957 3687 4015 cle-

332 4053 456 4109 LEO
505 4048 844 4122 episcopus,
877 4063 1079 4102 servus
1111 4061 1412 4102 servorum
1450 4044 1571 4111 Dei,
1613 4044 1929 4100 HARTVVICO
2039 4048 2175 4104 ricis
2223 4046 2604 4120 Adelgeronis
2649 4045 3153 4118 Wigziburgensis
3202 4047 3460 4118 episcopi
3503 4052 3684 4103 teme-

246 4137 743 4211 Babenbergensi
795 4136 1068 4208 episcopo
1115 4134 1349 4206 sibique
1383 4132 1660 4190 canonice
1701 4133 1761 4188 in
1795 4135 1930 4189 sede
2039 4137 2193 4194 raria
2225 4134 2677 4208 praesumptione
2706 4134 2942 4189 invasus
2986 4140 3160 4191 esset.
3194 4137 3358 4201 Quod
3387 4153 3515 4204 nos,
3550 4136 3689 4208 quia

246 4231 644 4302 episcopatus
675 4223 1121 4282 successurisin
1153 4226 1525 4296 perpetuum,
1557 4225 1835 4278 aeternam
1869 4222 1926 4278 in
2037 4227 2272 4298 utrique
2320 4223 2578 4296 episcOpi
2637 4228 2951 4295 praesentes
3009 4225 3274 4290 aderant,
3332 4224 3487 4280 inter
3536 4241 3685 4296 quos

248 4319 518 4377 Domino
553 4317 830 4374 salutem.
2033 4332 2211 4372 causa
2227 4313 2662 4379 stabat,ibidem
2689 4311 2947 4368 volentes
2969 4312 3259 4368 discutere
3282 4313 3310 4367 ‘?
3333 4314 3683 4370 Adelberoni

327 4413 481 4464 Cum
536 4406 806 4479 exigente
851 4420 991 4460 cura
1019 4400 1299 4476 pastorali
1342 4400 1522 4456 totius
1565 4403 1779 4456 sancte
1827 4400 1928 4455 Dei
2038 4404 2331 4478 episcopo,
2364 4419 2398 4457 a
2432 4419 2546 4473 quo
2575 4401 2792 4471 injuria
2817 4401 2982 4456 illata
3012 4406 3154 4469 erat,
3206 4401 3685 4458 deliberationem

250 4497 563 4566 Ecclesia,
584 4494 760 4551 nobis
783 4491 1267 4564 Deiprovidentia
1287 4490 1636 4558 commissae,
1660 4489 1717 4544 in
1731 4493 1928 4562 partes
2039 4493 2306 4561 fecimus,
2340 4496 2406 4546 ut
2437 4490 2826 4561 objectionem
2850 4489 3000 4544 hanc
3031 4490 3079 4544 si
3112 4494 3328 4561 posset,
3363 4489 3684 4557 refelleret;

251 4584 597 4644 Germaniae
627 4582 998 4640 venissemus
1030 4597 1156 4654 quae
1187 4579 1454 4635 orientali
1480 4579 1728 4634 Francize
1760 4578 1928 4650 adja—
2039 4582 2086 4638 si
2121 4599 2256 4648 non,
2300 4578 2548 4652 justitiaa
2600 4577 2982 4633 satisfaceret.
3017 4579 3181 4634 Tunc
3215 4577 3328 4645 ille,
3378 4578 3520 4634 inito
3551 4594 3685 4634 cum

253 4680 418 4743 cent,
453 4689 630 4747 prece
652 4669 1020 4728 dilectissimi
1045 4669 1148 4724 ﬁlii
1175 4669 1355 4724 nostri
1390 4667 1662 4736 Heinrici,
1687 4667 1926 4724 secundi
1960 4688 2006 4754 Ι)
2038 4671 2162 4728 suis
2193 4669 2468 4725 omnibus
2499 4668 2598 4740 qui
2618 4668 2863 4722 aderant
2883 4665 3107 4722 clericis
3139 4671 3195 4721 et
3223 4666 3388 4722 laicis
3418 4667 3683 4737 consilio,

252 4762 648 4837 imperatoris
673 4765 732 4816 et
753 4760 910 4816 tertii
934 4758 1108 4832 regis,
1128 4775 1193 4814 ac
1213 4773 1394 4829 supra
1429 4755 1529 4812 tati
1557 4755 1928 4813 dilectissimi
2040 4759 2372 4833 regrediens
2403 4758 2474 4812 ad
2499 4757 2831 4822 amboncm,
2856 4755 2926 4810 de
2946 4754 3107 4810 illata
3130 4754 3344 4825 injuria
3362 4772 3423 4811 se
3444 4773 3577 4811 cum
3599 4774 3688 4812 sa-
3771 4755 3777 4764 ’

259 4852 581 4911 confratris
635 4848 824 4906 nostri
871 4847 1126 4921 episcopi
1178 4844 1480 4912 Hartwici,
1530 4845 1927 4901 Babemberch
2038 4849 2367 4906 tisfactione
2383 4845 2698 4914 excusavit,
2723 4849 2777 4900 et
2797 4845 2867 4899 de
2885 4845 3159 4900 omnibus
3182 4862 3306 4916 quae
3329 4845 3401 4900 ad
3423 4846 3685 4902 bannum

258 4944 557 5010 venimus,
591 4943 652 4997 et
683 4940 742 4994 in
777 4937 871 4993 die
902 4936 1114 4993 natalis
1162 4935 1315 4993 beati
1355 4934 1497 4990 lucae
1535 4934 1924 5007 evangelista},
2040 4934 2799 5011 etepiscopalemjustitiam
2818 4938 2874 4989 et
2890 4937 3235 5006 potestatem
3252 4934 3691 5008 Babenbergen-

264 5033 413 5092 inter
441 5032 777 5090 missarum
811 5025 1118 5094 solemnia,
1143 5043 1275 5081 cum
1305 5024 1548 5080 verbum
1571 5023 1673 5079 Dei
1694 5024 1933 5080 habere-
2040 5029 2124 5084 sis
2153 5025 2406 5100 episcopi
2439 5025 2818 5097 pertinerent,
2849 5028 3059 5079 extunc
3091 5027 3147 5079 et
3167 5023 3442 5097 deinceps
3473 5041 3687 5081 renun-

265 5140 390 5180 mus
407 5124 480 5180 ad
495 5113 1432 5196 populum,praesentenominato
1447 5112 1929 5170 charissimofilio
2037 5117 2223 5187 tiavit,
2257 5114 2508 5185 exceptis
2540 5113 2632 5168 his
2664 5111 2860 5168 causis
2886 5129 3033 5184 quas
3079 5113 3148 5169 de
3179 5113 3349 5168 bonis
3381 5114 3691 5187 utriusque

267 5219 450 5274 nostro
474 5208 790 5275 Heinrico,
811 5210 867 5260 ct
887 5204 1176 5278 episcopis
1194 5201 1671 5276 quamplurimis,
1695 5203 1932 5258 astanti-
2039 5205 2317 5279 episcopii
2344 5203 2454 5275 ipsi
2491 5202 2643 5257 inter
2673 5218 2734 5256 se
2765 5201 3020 5273 episcopi
3046 5205 3288 5274 possent
3305 5202 3569 5275 legaliter
3591 5204 3689 5258 de-

265 5305 360 5364 bus
387 5304 575 5363 etiam
614 5295 794 5354 laicis
825 5297 883 5349 et
908 5293 1152 5350 diversis
1174 5291 1562 5364 potestatibus
1584 5291 1806 5359 smculi,
1841 5308 1928 5346 re-
2041 5297 2228 5351 ﬁnire.
2254 5294 2469 5347 Verum
2505 5308 2630 5358 nos,
2652 5291 2807 5345 sicut
2837 5307 3068 5363 semper
3085 5293 3154 5348 de
3177 5296 3449 5364 provectu
3473 5291 3690 5361 gaude-

261 5397 386 5458 ιεειε
435 5394 599 5455 sunt
644 5384 1156 5460 praedecessorum
1210 5385 1546 5438 nostrorum
1605 5379 1929 5452 privilegia,
2043 5371 3684 5451 musﬁdeliumetjustiSOperibusdebemusaugmeutum

255 5491 453 5568 quibus
479 5484 661 5540 idem
690 5473 864 5528 locus
894 5471 1173 5526 fundatus
1195 5475 1250 5526 et
1271 5469 1680 5526 corroboratus
1711 5473 1798 5524 est
1827 5486 1929 5524 au-
2042 5473 2314 5529 eumdem
2336 5469 2530 5525 locum
2547 5469 3200 5542 Babenbergensem,ab
3215 5463 3685 5568 antecessoribus

250 5550 502 5647 claritate
540 5572 842 5628 Romam!
872 5562 1086 5616 saneta?
1119 5560 1274 5615 SBdiS
1310 5555 1931 5647 δΡοεξοῙίοέἓιῄΗβξβθζᾶ
2041 5561 2260 5618 nostris
2282 5559 2749 5647 corroboratum,
2773 5557 3088 5628 apostolica
3108 5550 3684 5647 auctoritateibidem

451 5669 520 5725 et
548 5647 938 5720 oonscriptio
965 5652 1022 5703 et
1051 5647 1414 5704 conﬁrmatio
1437 5645 1688 5701 Heinrici
1721 5645 1926 5700 Wirzi-
2039 5651 2167 5707 viva
2194 5665 2330 5704 voce
2375 5645 2896 5709 corroboravimus,
2941 5647 2995 5697 et
3038 5639 3298 5697 eamdem
3344 5636 3684 5743 corrlobora-

239 5719 885 5847 ﬁgensi-sepiscopi:
903 5738 1366 5812 quaPPiniOtam
1381 5736 1928 5809 Babenbergonsem
2038 5738 2256 5795 tionem
2279 5749 2436 5791 nunc
2457 5730 2632 5788 etiam
2651 5730 2867 5786 litteris
2887 5728 3206 5801 signamus,
3222 5725 3285 5776 ut
3306 5719 3578 5777 eumdem
3602 5723 3685 5779 lo-
