3898 6344
366 449 484 518 699

1427 445 1493 511 S.
1536 441 1814 510 LEONIS
1855 440 1936 506 IX
1977 437 2206 505 PAPJE
2248 441 2685 510 OPUSCULA.

3681 439 3811 506 700

365 601 500 642 cum
530 585 587 640 et
616 579 832 648 omnia,
867 597 993 654 quze
1023 579 1240 638 ibidem
1271 583 1385 637 Deo
1416 585 1732 653 sanctoque
1775 583 1938 636 Petro
1970 595 2005 636 a
2033 574 2084 641 A
2117 576 2228 634 bus
2257 576 2346 632 vel
2377 578 2568 634 estiam
2599 575 3042 651 prelationibus
3081 573 3272 651 ipsius
3300 574 3418 636 loci
3451 574 3806 644 emineant,

369 670 551 727 felicis
600 669 890 725 memoriae
929 670 1215 738 Heinrico,
1265 672 1516 725 secundo
1567 687 1698 740 rege
1728 673 1782 723 et
1813 669 1999 740 primo

367 761 736 831 imperatore,
767 757 979 812 tradita
1009 763 1163 824 sunt,
1197 763 1254 812 et
1284 775 1409 829 quae
1443 759 1499 813 in
1532 765 1829 829 posterum
1868 759 2000 828 jure

367 849 590 919 acquiri
639 852 884 918 possunt
929 847 1016 900 vel
1056 847 1218 916 juste
1241 847 1528 916 acquisita
1568 850 1726 914 sunt,
1761 846 1994 917 praedia,

367 935 681 1007 mancipia,
698 951 924 1002 aurum,
941 935 1471 1006 argentum,pallia,
1489 953 1646 1002 vasa,
1663 939 2002 990 ornamenta

364 1024 449 1080 vel
475 1023 588 1078 alia
611 1021 930 1088 ustensilia,
955 1039 1124 1076 nemo
1143 1023 1426 1077 audeatin
1450 1028 1792 1094 perpetuum
1816 1022 2002 1077 subri-

365 1130 519 1185 pere,
544 1112 767 1167 auferre
786 1115 884 1164 aut
901 1115 1282 1176 commutare,
1302 1111 1412 1165 nisi
1429 1112 1498 1165 ad
1517 1111 1826 1165 utilitatem
1846 1111 2000 1179 ejus-

364 1203 493 1257 dem
517 1199 767 1255 ecclesize
793 1217 804 1262 ;
832 1200 930 1253 sed
956 1199 1263 1269 cpiscOpus
1282 1200 1541 1268 ejusdem
1566 1197 1798 1266 loci,vel
1822 1197 1920 1269 qui
1942 1197 2000 1252 in

362 1295 703 1361 perpetuum
738 1288 996 1357 ejusdem
1027 1288 1243 1341 fuerint
1261 1304 1647 1352 successores,
1673 1303 1875 1341 secura
1904 1303 2000 1341 eas

361 1377 786 1447 tranquillitate
813 1375 1175 1446 possideant,
1207 1391 1272 1429 ac
1301 1375 1543 1430 liberam
1581 1376 1834 1430 habeant
1853 1380 2004 1446 pote-

363 1471 571 1521 statem
598 1480 801 1517 omnes
825 1480 914 1517 res
937 1467 994 1517 et
1017 1463 1401 1534 proprietates
1425 1464 1684 1533 ejusdem
1713 1464 1820 1518 loci
1846 1463 1999 1518 ordi-

363 1571 499 1609 nare
530 1557 705 1622 atque
731 1567 1075 1621 componere
1094 1551 1182 1604 vel
1206 1552 1376 1607 etiam
1410 1557 1804 1623 augmentare,
1829 1551 1999 1607 dissi-

364 1658 500 1714 pare
548 1656 680 1694 vero
730 1643 902 1709 atque
947 1640 1298 1695 confundere
1329 1639 1549 1696 nullam
1582 1641 1833 1697 habeant
1865 1641 2000 1696 inde

363 1731 708 1803 potestatem
739 1731 838 1782 aut
869 1728 1345 1784 dominationem.
1391 1730 1634 1801 Insuper
1664 1747 1766 1801 pro
1800 1733 2000 1785 nostra

363 1819 668 1875 autoritate
717 1817 1013 1872 sancimus
1043 1821 1107 1871 ut
1139 1817 1194 1872 in
1226 1818 1492 1874 terminis
1542 1835 1606 1873 ac
1639 1820 1810 1873 rebus
1841 1820 1994 1888 ejus-

2109 665 2202 722 his
2220 667 2486 724 videlicet
2506 667 2734 733 diebus,
2759 668 2817 724 in
2845 669 3151 724 nativitate
3173 667 3412 728 Domini
3435 671 3498 723 et
3519 665 3812 723 Salvato-

2107 755 2250 810 toris
2281 756 2462 812 nostri
2507 755 2643 814 Jesu
2676 757 2913 823 Christi,
2942 761 3000 812 et
3029 757 3090 811 in
3122 773 3288 812 coena
3318 755 3596 822 Domini,
3633 759 3702 810 et
3733 754 3796 812 in

2107 844 2356 900 Sabbato
2401 850 2600 900 sancto
2644 849 2701 900 et
2742 846 2802 900 in
2849 845 2941 901 die
2989 845 3256 917 gloriosa;
3287 844 3798 901 Resurrectionis

2108 932 2393 1001 ejusdem,
2445 939 2502 988 et
2541 937 2741 989 sancto
2793 933 3189 1003 Pentecostes,
3223 937 3282 989 et
3328 933 3386 988 in
3433 932 3538 988 die
3597 932 3800 988 sancti

2111 1020 2358 1092 Georgii,
2394 1026 2450 1076 et
2479 1021 2538 1077 in
2571 1022 2663 1077 die
2693 1026 3032 1078 sanctorum
3065 1022 3218 1077 Petri
3251 1025 3309 1077 et
3342 1020 3546 1086 Pauli,
3585 1025 3652 1076 et
3681 1022 3798 1077 As-

2109 1109 2461 1180 sumptionis
2508 1110 2860 1166 beatissima)
2906 1110 3101 1166 Mariae
3151 1114 3209 1166 et
3251 1109 3446 1166 sancti
3479 1109 3795 1181 Dionysii,

2109 1213 2212 1268 pro
2228 1199 2545 1254 reverentia
2565 1199 2750 1254 nostri
2771 1198 3055 1271 praelibati
3077 1197 3540 1270 praedecessoris
3577 1197 3800 1253 domni

2109 1285 2419 1342 Clementis
2469 1304 2648 1360 papa),
2697 1287 2869 1359 cujus
2899 1285 3292 1342 aniversarius
3325 1287 3458 1341 dies
3501 1289 3665 1341 tunc
3721 1286 3797 1340 ab

2109 1374 2328 1429 eisdem
2345 1375 2622 1431 fratribus
2645 1375 2854 1447 agitur,
2879 1375 3004 1430 etin
3028 1375 3432 1430 anniversario
3453 1375 3556 1430 die
3571 1374 3798 1429 domui

2109 1463 2360 1518 Heinrici
2389 1463 2778 1536 imperatoris,
2805 1464 3071 1532 ejusdem
3103 1461 3212 1517 loci
3241 1461 3614 1518 venerabilis
3651 1479 3800 1518 con-

2109 1552 2432 1607 structoris.
2483 1551 2586 1607 His
2629 1568 2762 1607 vero
2794 1551 3171 1607 concedimus
3203 1549 3360 1606 hanc
3408 1550 3792 1622 dignitatem

2109 1639 2208 1710 qui
2257 1643 2487 1695 tantum
2547 1633 2876 1712 specialiter
2931 1638 3225 1694 excubant
3277 1636 3368 1693 vel
3419 1637 3792 1694 deserviunt

2106 1727 2260 1798 apud
2284 1727 2541 1798 praedicti
2557 1727 3004 1800 praedecessoris
3019 1726 3204 1781 nostri
3217 1725 3598 1798 sepulcrum.
3625 1725 3791 1782 Con-

2105 1818 2293 1870 tentos
2325 1819 2520 1870 tamen
2542 1814 2635 1872 his
2656 1815 2956 1871 sancimus
2985 1812 3195 1869 diebus
3223 1814 3368 1878 fore,
3403 1830 3518 1869 nec
3551 1813 3722 1870 ultra
3755 1832 3792 1870 a

363 1908 493 1962 dem
517 1905 769 1962 ecclesia:
792 1905 948 1960 nulla
963 1905 1348 1961 sitinfestatio
1366 1912 1746 1978 tyrannorum
1759 1907 1843 1962 vel
1863 1906 1998 1962 alio-
2026 1931 2073 1996 B
2106 1919 2401 1974 quoquam
2431 1907 2650 1959 temere
2677 1902 2971 1975 usurpari,
2989 1919 3062 1958 ne
3093 1901 3285 1956 honor
3307 1901 3600 1974 proprius
3633 1918 3788 1973 apo-

359 2013 492 2054 rum
525 1994 920 2066 quorumlibet
940 1995 1246 2050 hominum
1277 2013 1607 2066 pravorum,
1644 1997 1761 2052 sive
1789 1997 1902 2051 sint
1933 1997 1992 2050 in

360 2084 585 2140 civitate
629 2084 755 2155 ipsa
794 2083 1186 2150 Bahenberch,
1238 2084 1356 2138 sive
1391 2083 1450 2138 in
1501 2085 1772 2150 castellis,
1820 2084 1994 2152 villis,

359 2175 560 2238 servis,
593 2171 842 2236 ancillis,
877 2172 1220 2240 tributariis,
1252 2173 1515 2238 decimis,
1537 2173 1786 2242 forestis,
1811 2173 1994 2240 silvis,

356 2262 791 2326 venationibus,
843 2260 1284 2331 piscationibus,
1333 2261 1707 2331 molendinis,
1747 2262 1993 2333 campis,

359 2350 563 2422 pratis,
598 2349 853 2420 pascuis,
886 2349 1042 2419 agris
1079 2347 1253 2402 cultis
1285 2353 1340 2403 et
1379 2349 1649 2416 incultis;
1685 2354 1786 2404 aut
1823 2350 1994 2421 quid-

360 2437 499 2510 quid
531 2437 701 2491 modo
753 2434 888 2490 illuc
940 2436 1188 2506 pertinet
1247 2441 1346 2490 aut
1403 2437 1460 2491 in
1521 2438 1782 2492 futurum
1833 2439 1994 2508 juste

361 2525 584 2596 acquiri
629 2523 854 2595 poterit,
915 2541 1017 2594 per
1060 2529 1268 2579 nostrae
1320 2525 1646 2596 apostolica:
1683 2526 2008 2581 auctorita?

359 2613 436 2669 tis
465 2611 830 2684 privilegium
866 2613 1326 2678 corroboratum,
1351 2613 1409 2668 in
1435 2631 1638 2669 secura
1661 2621 1996 2686 permaneat

359 2702 572 2773 quiete.
597 2699 802 2754 Nullus
833 2699 912 2755 ibi
944 2717 1137 2755 comes
1170 2703 1462 2772 autjudex
1485 2703 1762 2774 placitum
1783 2720 1882 2758 seu
1907 2703 1992 2758 di-

357 2789 717 2845 strictionem
767 2788 1022 2860 aliquam
1054 2789 1240 2844 facere
1270 2791 1354 2845 vel
1387 2797 1581 2847 tenere
1618 2793 1844 2858 audeat,
1879 2791 1994 2846 nisi

358 2894 532 2948 quam
575 2895 676 2948 per
708 2877 1140 2932 concessionem
1173 2879 1582 2950 gloriosissimi
1625 2879 1993 2952 imperatoris

357 2965 598 3020 secundi
641 2965 913 3030 Heinrici,
955 2965 1043 3020 vel
1075 2983 1478 3022 successorum
1516 2970 1644 3036 ejus
1687 2969 1994 3040 episcopus

357 3053 620 3122 ejusdem
643 3051 752 3106 loci
775 3051 1194 3108 deliberaverit.
1219 3054 1390 3110 Nulla
1413 3055 1470 3109 in
1495 3055 1691 3125 aliqua
1711 3056 1994 3128 dignitate

358 3139 768 3211 positamagna
779 3157 1068 3211 parvaque
1081 3158 1326 3212 persona
1340 3159 1439 3213 per
1449 3142 1775 3198 violentiam
1789 3143 1991 3198 irruat.

359 3228 443 3283 Sit
471 3227 565 3283 ille
605 3229 973 3300 episcopatus
1003 3229 1167 3294 liber,
1203 3231 1462 3286 Romano
1491 3235 1719 3286 tantum
1753 3233 1991 3287 mundi-

2105 1991 2318 2047 stolicze
2350 1993 2506 2049 sedis
2535 1992 2792 2048 vilescat.
2839 1991 2969 2047 Hec
2998 2006 3134 2046 vero
3158 1991 3356 2046 omnia
3385 2005 3584 2062 supra
3617 1991 3794 2046 dicta

2104 2080 2394 2135 observari
2425 2085 2480 2135 et
2509 2080 2787 2136 custodiri
2808 2079 2869 2136 in
2889 2083 3263 2152 perpetuum,
3287 2083 3496 2134 nostra
3529 2083 3788 2152 aposto-

2102 2168 2214 2223 lica
2243 2169 2584 2224 auctoritate
2607 2169 2997 2236 decernimus,
3023 2167 3453 2222 confirmamus
3475 2170 3534 2221 et
3564 2183 3792 2222 corro-

2103 2257 2399 2313 boramus.
2435 2257 2542 2322 Qui
2563 2274 2718 2323 vero,
2751 2257 2907 2328 quod
2939 2255 3113 2324 absit,
3147 2255 3334 2326 hujus
3365 2255 3550 2310 nostri
3583 2253 3790 2326 privi-

2103 2344 2240 2418 legii
2270 2346 2615 2400 temerarius
2645 2349 3044 2417 transgressor
3063 2343 3374 2412 exstiterit,
3399 2343 3528 2410 Dei,
3551 2348 3614 2398 et
3631 2344 3788 2399 bea-

2103 2434 2345 2490 tissimaa
2377 2434 2590 2504 Mariae,
2615 2435 2987 2490 etbeatorum
3011 2432 3164 2488 Petri
3187 2431 3426 2487 etPauli
3457 2432 3788 2488 omnium-

2103 2540 2215 2595 que
2237 2527 2572 2578 sanctorum
2595 2527 2652 2578 et
2671 2526 2870 2578 nostra
2889 2527 3104 2578 (eterna
3134 2519 3562 2576 maledictione
3583 2520 3790 2577 male-

2103 2612 2350 2678 dicatur,
2373 2615 2430 2666 et
2447 2612 2710 2683 perpetui
2733 2609 3124 2666 anathematis
3137 2607 3394 2664 vinculis
3416 2607 3786 2680 innodetur,

2103 2700 2214 2756 nisi
2245 2700 2422 2772 digna
2444 2699 2838 2756 satisfactione
2862 2699 3176 2771 resipuerit
3195 2703 3252 2754 et
3273 2697 3568 2753 canonice
3596 2699 3788 2754 satis-

2102 2788 2317 2844 fecerit.
2353 2789 2458 2853 Qui
2493 2793 2686 2844 autem
2718 2788 2813 2861 pio
2845 2789 3018 2843 corde
3046 2787 3230 2858 hujus
3269 2787 3626 2842 observator
3667 2787 3793 2860 pri-

2101 2876 2291 2949 vilegii
2319 2877 2624 2945 exstiterit,
2647 2878 2748 2934 Dei
2766 2875 3187 2950 omnipotentis
3207 2878 3266 2932 et
3283 2875 3458 2930 almae
3478 2876 3694 2932 Mariae
3727 2881 3792 2932 et

2102 2966 2406 3021 beatorum
2436 2965 2833 3038 apostolorum
2873 2965 3025 3022 Petri
3056 2970 3114 3020 et
3145 2964 3314 3020 Pauli
3347 2964 3788 3022 benedictione

2103 3053 2342 3122 ditatus,
2376 3055 2572 3110 aeterni
2603 3055 2766 3127 regni
2801 3055 3092 3127 particeps
3127 3053 3250 3108 fieri
3283 3058 3622 3108 mereatur.

2173 3141 2317 3196 Data
2361 3158 2462 3214 per
2503 3158 2714 3197 manus
2745 3141 3018 3197 Friderici
3049 3139 3290 3195 Diaconi
3319 3139 3788 3196 bibliothecarii

2103 3233 2158 3284 et
2187 3228 2513 3285 cancellarii
2553 3235 2766 3285 sanctae
2798 3229 3072 3284 Romanae
3103 3227 3406 3284 catholica:
3437 3231 3500 3282 et
3525 3235 3790 3301 aposto-

355 3317 562 3372 burdio
583 3293 875 3382 subditus,
897 3293 1186 3387 quatenus
1209 3318 1514 3390 episc-Opus
1535 3319 1775 3374 liberius
1807 3325 1862 3375 et
1889 3321 1987 3377 de-
2021 3293 2062 3360 C
2101 3315 2222 3373 licaa
2253 3315 2539 3386 Ecclesia,
2572 3334 2724 3374 anno
2763 3317 3077 3374 Dominicaa
3122 3293 3788 3386 humationis-1052,

359 3404 688 3460 lectabilius
722 3421 853 3459 cum
889 3405 1113 3461 clericis
1145 3405 1268 3462 suis
1301 3407 1530 3461 servitio
1565 3406 1666 3463 Dei
1697 3409 1989 3480 possitin-

353 3493 574 3561 sistere,
607 3497 664 3548 et
683 3493 935 3548 Heinrici
967 3494 1139 3566 primi
1173 3494 1560 3566 imperatoris,
1586 3497 1848 3567 ejusdem
1879 3497 1988 3553 loci

353 3580 699 3636 venerabilis
753 3581 1096 3648 fundatoris,
1129 3583 1450 3654 nostrique,
1511 3583 1732 3640 scilicet
1783 3586 1989 3642 Leonis

355 3669 492 3725 noni
535 3686 718 3740 papae,
761 3686 826 3723 ac
875 3675 1209 3725 nostrorum
1251 3687 1677 3738 successorum,
1737 3673 1990 3730 Heinrici

356 3773 585 3828 quoque
597 3757 926 3812 charissimi
941 3757 1041 3812 lii
1059 3759 1240 3814 nostri
1254 3759 1490 3814 secundi
1507 3760 1892 3832 imperatoris,
1912 3766 1993 3817 at-

352 3861 464 3916 que
495 3844 780 3908 omnium,
812 3845 1026 3914 quibus
1044 3846 1333 3900 debitores
1356 3851 1515 3912 sunt,
1535 3848 1876 3904 memoriam
1892 3851 1989 3920 ju-

353 3933 501 4005 giter
527 3933 757 3988 habere.
795 3932 882 3988 Sit
911 3937 1104 3989 tamen
1127 3935 1282 3990 idem
1306 3935 1612 4007 episcopus
1641 3952 1746 3991 suo
1780 3942 1992 3994 metro-

354 4019 608 4092 politano
649 4020 919 4092 episcopo
967 4023 1328 4094 Moguntino,
1365 4022 1421 4076 in
1469 4023 1761 4078 canonicis
1801 4026 1994 4081 causis

355 4109 782 4176 tantummodo,
807 4110 1106 4180 subjectus
1128 4114 1183 4165 et
1201 4110 1498 4166 obediens.
1528 4111 1869 4169 Deliberatis
1887 4113 1992 4186 igi-

353 4200 468 4261 tur,
505 4195 723 4250 sanctis
771 4212 836 4250 ac
871 4198 1260 4252 corroboratis
1303 4199 1577 4254 omnibus
1618 4217 1797 4270 supra
1827 4202 1996 4258 dictis

355 4285 549 4352 rebus,
583 4284 770 4338 cidem
794 4290 994 4341 sancto
1019 4285 1143 4341 loco
1171 4285 1394 4357 placuit
1413 4287 1746 4342 addendum
1767 4287 1995 4361 insigne

353 4371 589 4427 honoris
613 4372 985 4430 ecclesiastici
1017 4391 1049 4428 a
1081 4374 1614 4445 nostraapostolica
1628 4377 1992 4447 auctoritate,

354 4460 510 4515 ducti
544 4477 739 4517 amore
771 4467 826 4517 et
855 4463 1176 4518 reverentia
1205 4461 1538 4531 Clementis,
1565 4463 1670 4535 pize
1701 4466 1996 4522 memorias

353 4549 796 4621 prmdecessoris
829 4551 1034 4619 nostri,
1056 4568 1232 4622 quem
1251 4551 1404 4606 Deus
1426 4552 1573 4607 miro
1595 4551 1996 4624 dispositionis

2099 3423 2250 3462 anno
2283 3406 2658 3478 ponticatus
2687 3405 2888 3462 domui
2919 3404 3131 3461 Leonis
3157 3403 3298 3460 noni
3329 3419 3500 3476 papa:
3537 3421 3621 3462 1v.

2811 3511 3024 3568 LXXVI

2100 3602 2154 3658 S.
2189 3602 2289 3656 Leo
2337 3601 2404 3657 IX
2437 3601 2730 3668 Hartwigo,
2777 3601 3022 3672 episcopo
3075 3601 3496 3669 Bambergemi,
3565 3607 3794 3670 rogatu

2167 3673 2414 3799 Hteincri'ici
2467 3671 2834 3742 imperatoris,
2883 3671 3122 3743 pallium
3165 3671 3338 3726 mittit
3381 3673 3470 3725 ter
3521 3673 3590 3726 in
3621 3690 3796 3728 anno

2233 3759 2298 3799 en
2337 3759 2450 3797 um.

2171 3759 2450 3799 utendum.

2728 3831 2912 3902 (Anno
2945 3831 3124 3900 1053.)

2235 3921 2440 3991 [Pertz,
2472 3919 2713 3975 Ilionam.
2743 3917 2918 3975 Germ.
2950 3921 3086 3974 Hist.
3119 3919 3334 3992 Script.
3369 3919 3468 3986 IV,
3501 3919 3640 3992 80.]

2175 4027 2287 4081 Lso
2327 4023 2658 4096 episcopus,
2699 4039 2902 4080 servus
2959 4024 3260 4080 servorum
3307 4025 3436 4090 Dei,
3471 4023 3798 4082 Hanwxco

2104 4110 2604 4184 Babenbergensis
2625 4111 2890 4168 Ecclesiae
2931 4113 3252 4170 venerabili
3291 4113 3610 4186 episcopo,
3649 4131 3798 4186 per-

2103 4207 2340 4275 petuam
2367 4201 2428 4255 in
2460 4200 2704 4256 Domino
2733 4201 2872 4257 Jesu
2901 4202 3128 4258 Christo
3161 4202 3440 4258 salutem.

2173 4291 2229 4344 Si
2261 4293 2522 4362 pastores
2552 4288 2746 4344 ovium
2778 4289 2960 4346 solem
2993 4291 3244 4364 geluque
3272 4307 3378 4364 pro
3425 4291 3650 4364 gregis
3697 4293 3800 4348 sui

2104 4378 2370 4436 custodia
2399 4377 2492 4434 die
2521 4393 2587 4433 ac
2617 4381 2783 4434 nocte
2813 4379 2959 4436 ferre
2989 4379 3250 4436 contenti
3289 4383 3462 4446 sunt,
3505 4385 3577 4436 et
3613 4385 3696 4436 ut
3726 4398 3804 4436 ne

2107 4485 2222 4541 qua
2251 4485 2320 4524 ex
2356 4466 2440 4523 eis
2472 4471 2572 4522 aut
2599 4467 2846 4523 errando
2891 4473 3112 4540 pereat,
3157 4473 3260 4525 aut
3289 4467 3503 4525 ferinis
3553 4468 3804 4526 laniata

2097 4556 2402 4628 _morsibus
2429 4555 2710 4628 rapiatur,
2744 4555 2930 4613 oculis
2961 4573 3196 4630 semper
3233 4556 3650 4630 vigilantibus
3679 4559 3806 4616 eir-

352 4637 556 4693 ordine
587 4655 621 4693 a
660 4639 996 4710 prazlatione
1026 4639 1205 4711 hujus
1236 4639 1346 4695 loci
1379 4641 1449 4695 ad
1481 4645 1694 4696 sanctae
1725 4642 1994 4699 Romana:
2026 4658 2072 4723 D
2104 4648 2528 4718 cumspectant,
2559 4649 2778 4715 quanto
2823 4646 3038 4702 sudore
3081 4651 3426 4718 quantaque
3475 4646 3806 4704 debemus

351 4726 649 4782 catholicae
664 4728 1058 4799 etapostolicm
1073 4727 1336 4784 Ecclesiae
1360 4729 1582 4800 apicem
1601 4730 1876 4802 dignatus
1909 4737 1998 4788 est

353 4815 655 4880 accersirc,
690 4821 745 4870 et
777 4816 1103 4873 mirabilius
1132 4835 1164 4873 e
1195 4817 1474 4872 Romanis
1496 4817 1763 4874 finitimis
1792 4821 1992 4875 defun-

353 4906 516 4957 ctum
551 4917 763 4972 corpus
792 4905 918 4975 ejus
949 4907 1242 4972 reducere,
1277 4903 1474 4960 volens
1497 4905 1646 4962 hanc
1667 4907 1995 4980 ecclesiam,

359 4993 426 5044 ut
453 4988 834 5060 aestimamus,
869 4995 1038 5065 quasi
1071 5011 1276 5050 novam
1305 4999 1466 5051 tanto
1496 4995 1835 5053 decoratum
1865 5015 1995 5055 esse

2107 4732 2414 4808 pervigiles
2435 4749 2563 4788 esse
2577 4732 2880 4805 diligentia
2893 4751 3000 4790 nos
3013 4735 3112 4807 qui
3135 4741 3405 4807 pastores
3421 4735 3808 4793 animarum

2099 4821 2769 4880 dicimurIAttendamus
2783 4827 2840 4878 et
2851 4829 3194 4896 susceptum
3208 4823 3478 4880 officium
3493 4825 3810 4882 exhibere

2105 4927 2242 4983 erga
2258 4908 2582 4966 custodiam
2605 4909 3046 4966 Dominicarum
3067 4911 3266 4968 ovium
3289 4927 3408 4966 non
3433 4927 3810 4982 cessemus,

263 5739 266 5742 ,
361 5689 468 5742 teri
491 5695 546 5744 et
567 5692 814 5762 diaconi,
841 5697 940 5766 qui
959 5697 1127 5752 bonis
1155 5697 1413 5754 moribus
1431 5697 1520 5754 vel
1542 5701 1789 5757 maturis
1810 5703 1993 5760 aetati-

2105 5015 2178 5055 ne
2207 4999 2267 5054 in
2289 4997 2381 5053 die
2417 4997 2598 5052 divini
2629 4997 2938 5068 examinis,
2970 5017 3076 5073 pro
3107 4999 3336 5056 desidia
3363 5003 3622 5067 nostra,
3657 5007 3816 5059 ante

2103 5103 2406 5144 summum
2429 5085 2726 5142 Pastorem
2745 5086 3110 5160 negligentia
3125 5092 3324 5144 reatus
3338 5103 3452 5143 nos
3475 5092 3818 5148 excruciet

2104 5174 2258 5230 unde
2289 5173 2461 5229 modo
2485 5172 2720 5230 honoris
2747 5177 3067 5232 reverentia
3083 5176 3467 5232 sublimiores
3491 5177 3680 5235 inter
3701 5197 3822 5237 cce-

2102 5261 2622 5333 terosjudicamur.
2642 5263 2732 5317 Ad
2753 5263 3072 5320 missarum
3091 5265 3290 5337 itaque
3303 5263 3626 5323 solemnia
3649 5269 3822 5327 cele-

2105 5351 2330 5407 branda
2347 5349 2693 5406 fraternitati
2714 5355 2826 5408 tuae
2839 5352 3082 5424 pallium
3101 5352 3619 5426 transmittimus,
3639 5359 3821 5430 quod

2105 5438 2572 5496 antecessoribus
2593 5439 2711 5496 tuis
2729 5457 3030 5514 nunquam
3047 5447 3182 5498 ante
3197 5459 3598 5513 concessum,
3615 5448 3824 5506 modo

2103 5527 2209 5582 tibi
2226 5526 2414 5598 primo
2427 5527 2824 5598 concedimus,
2841 5535 3047 5604 rogatu
3061 5529 3438 5590 dilectissimi
3457 5531 3528 5586 l
3539 5533 3586 5588 ii
3605 5539 3826 5594 nostri

2105 5615 2473 5688 imperatoris
2485 5615 2760 5686 Heinrici,
2783 5623 2841 5675 et
2861 5637 2964 5693 pro
2983 5619 3356 5676 veneratione
3367 5623 3826 5684 antecesseris

2103 5705 2211 5774 tui,
2261 5703 2366 5776 piae
2411 5704 2706 5763 memoriae
2735 5707 2938 5765 domni
2969 5725 3128 5782 papa
3179 5705 3546 5782 Clementis,
3599 5717 3680 5770 et
3715 5733 3826 5790 pro

355 5081 626 5148 patrono,
669 5079 1106 5156 Romanamque
1137 5087 1468 5139 contentam
1500 5089 1557 5138 et
1587 5085 1994 5157 sufficientem,

356 5165 661 5238 praeteritis
679 5172 736 5222 et
759 5169 968 5227 futuris
993 5173 1258 5227 Patribus
1282 5189 1516 5226 manere
1539 5177 1821 5227 ornatam.
1847 5176 1994 5238 Quin

355 5255 554 5322 etiam,
579 5272 772 5312 amore
795 5266 849 5314 et
865 5262 1150 5317 desiderio
1174 5263 1438 5329 fratrum,
1459 5260 1558 5330 qui
1579 5261 1754 5315 nosin
1773 5263 1896 5316 suis
1918 5280 2000 5319 re-

357 5360 560 5416 cepere
587 5345 1316 5419 ccclesiasticisstipendiis
1336 5353 1394 5403 et
1411 5347 1791 5418 quotidianis,
1813 5367 1995 5406 unum

355 5437 555 5486 nostra
585 5433 985 5490 vicissitudine
1003 5453 1198 5507 regere
1217 5437 1478 5500 fratrem,
1505 5433 1709 5490 mitras
1728 5439 1995 5508 gestandi

355 5523 728 5576 concedimus
759 5523 1075 5590 licentiam,
1105 5541 1172 5578 ea
1203 5523 1424 5578 scilicet
1458 5523 1679 5579 ratione
1701 5530 1766 5578 ut
1787 5526 1858 5582 ab
1881 5527 1997 5597 epi-

359 5621 532 5673 scopo
557 5611 963 5674 provideantur
983 5611 1276 5682 digniores
1305 5615 1361 5664 et
1377 5611 1736 5668 honestiores
1755 5615 1992 5686 presby-
