3922 6426
355 385 473 446 203

1267 387 1330 444 S.
1378 382 1775 446 BRUNONIS
1820 381 2444 445 HERBIPOLENSIS
2491 383 2871 446 EPISCOPI.

3662 387 3768 450 204

356 518 707 577 versionem.
742 515 913 574 Orbis
961 521 1125 573 terra:
1173 514 1334 572 illius
1394 521 1503 584 est,
1548 517 1604 572 id
1663 520 1770 586 est,
1814 520 2016 573 sancta
2043 517 2100 584 Α
2126 518 2200 571 20
2275 522 2353 574 0s
2383 523 2547 574 tuum
2576 517 2900 575 abundavit
2930 515 3176 576 malitia
3205 537 3225 575 :

361 607 642 676 Ecclesia,
673 623 739 663 ac
771 607 820 662 si
854 605 1091 671 diceret,
1124 621 1254 662 eam
1287 606 1691 662 redimendam
1739 623 1867 662 esse
1907 623 2015 662 suo

361 695 673 773 sanguine.

364 789 434 844 14
505 787 783 864 Nunquid
810 786 1172 848 manducabo
1201 802 1402 846 carnes
1434 796 1739 842 taurorum
1763 807 1783 841 :

506 883 629 933 Aut
655 877 1000 950 sanguinem
1031 877 1325 934 hircorum
1350 879 1600 949 potabo?

435 963 477 1022 C
507 967 808 1033 Quomodo
839 969 1007 1040 grata
1033 969 1205 1022 erunt
1235 966 1374 1032 Deo,
1409 983 1534 1039 quae
1565 982 1680 1022 non
1725 969 1864 1020 sunt
1913 981 2017 1020 ne-

365 1055 656 1114 cessaria?
686 1058 736 1110 Η
763 1050 975 1111 Vetera
1017 1053 1113 1112 hic
1162 1054 1449 1112 sacriﬁcia
1496 1055 1835 1111 evacuanda
1890 1071 2018 1110 esse

364 1143 786 1202 declarat.Ideo
815 1143 876 1200 in
907 1146 1172 1201 moribus
1193 1145 1364 1201 bonis
1394 1142 1748 1201 sacrificium
1773 1141 2020 1216 requirit

363 1234 565 1292 dicens
597 1251 611 1290 :
645 1233 910 1304 Immola,
943 1239 1054 1290 etc.
1089 1235 1200 1290 Sed
1250 1239 1499 1308 possunt
1543 1233 1666 1289 hanc
1713 1233 2020 1306 repudiata

364 1323 536 1381 nobis
565 1323 866 1399 proficere,
898 1339 1034 1380 cum
1067 1324 1398 1396 acceperint
1426 1341 1461 1380 a
1490 1323 1661 1381 nobis
1702 1323 1818 1380 ista
1864 1322 2018 1378 indi-

358 1416 584 1487 gentes,
615 1427 751 1470 cum
782 1413 1050 1469 esuriens
1080 1416 1374 1487 pascatur,
1408 1413 1615 1468 sitiens
1668 1417 1918 1486 potetur.
1951 1413 2021 1468 Et

361 1502 420 1559 in
451 1501 812 1577 pauperibus
843 1501 1055 1578 accipit
1082 1502 1260 1568 Deus,
1293 1520 1419 1575 quas
1453 1503 1564 1558 sibi
1607 1503 1666 1558 in
1711 1501 2020 1559 sacrificiis

361 1589 554 1648 oll'erri
582 1608 699 1649 non
729 1591 1038 1666 permittit.

349 1673 437 1738 ’15
509 1681 766 1740 Immola
794 1683 908 1738 Deo
951 1681 1382 1754 +sacriﬁcium
1427 1687 1441 1745 ζ
1488 1683 1686 1740 laudis
1713 1704 1733 1738 :

513 1771 593 1827 Et
625 1770 806 1828 redde
835 1769 1137 1826 Altissimo
1169 1780 1304 1828 vota
1333 1779 1465 1828 tua.

2268 609 2346 662 Et
2385 605 2594 679 lingua
2622 613 2730 664 tua
2761 608 3144 666 concinnabat
3170 605 3355 666 dolos.

2195 698 2236 750 C
2265 695 2367 751 Hic
2399 695 2554 752 enim
2577 695 3090 770 os,cogitationem
3117 697 3312 756 cordis
3336 698 3620 758 debemus
3633 701 3769 759 acci-

2125 800 2309 858 pere:
2345 788 2486 841 tunc
2543 785 2700 842 enim
2746 785 3052 843 abundant
3098 787 3326 846 malitia
3377 789 3766 864 cogitationes,

2126 875 2365 946 quando
2396 891 2500 946 per
2529 875 2759 931 diversa
2788 893 3004 949 genera
3032 879 3404 950 peccatorum
3451 877 3655 954 iniqua
3679 877 3767 937 vo-

2127 963 2355 1019 luntate
2396 969 2762 1037 grassantur.
2795 965 2866 1020 Et
2894 961 3098 1039 lingua
3143 970 3262 1024 tua.
3293 968 3402 1036 Qui
3447 968 3604 1026 enim
3634 969 3769 1028 falso

2125 1051 2330 1108 laudat
2358 1051 2562 1122 alium,
2588 1051 2790 1110 dolum
2823 1055 2879 1109 in
2913 1053 3119 1128 lingua
3149 1055 3307 1112 facit.

2126 1143 2192 1198 21
2268 1143 2486 1200 Sedens
2513 1144 2799 1200 adversus
2819 1143 3261 1216 fratrem'tuum
3292 1145 3624 1220 loquebaris
3641 1168 3660 1204 .-

2271 1236 2342 1288 Et
2371 1232 2650 1289 adversus
2671 1232 2867 1305 [ilium
2898 1233 3109 1291 matris
3126 1241 3246 1292 tua:
3260 1235 3524 1306 ponebas
3538 1239 3772 1296 scandao

2343 1321 2484 1378 lum.

2271 1415 2412 1468 H.130
2437 1412 2630 1485 fecisti
2657 1419 2712 1468 et
2741 1413 2927 1471 tacui.

2199 1505 2239 1555 Ο
2271 1501 2479 1558 Sedere
2510 1501 2667 1559 enim
2691 1502 2978 1559 morantis
3008 1507 3118 1573 est,
3137 1508 3194 1560 et
3223 1503 3370 1561 ideo
3388 1505 3622 1580 gravius
3651 1517 3770 1582 pec-

2130 1591 2348 1663 cat,qui
2369 1595 2634 1647 moratur
2652 1592 2712 1647 in
2734 1591 3090 1650 detractione
3112 1594 3391 1652 fraterna.
3407 1595 3666 1653 Fratrem
3685 1595 3772 1652 hic

2130 1696 2364 1736 omnem
2391 1681 2726 1753 proximum
2752 1681 2945 1738 carnis
2961 1681 3244 1738 debemus
3274 1684 3695 1758 accipere,qu'ra
3723 1689 3774 1741 et

2128 1770 2198 1826 de
2231 1769 2520 1842 epirituali
2550 1771 2817 1827 dicturus
2846 1775 2954 1827 est.
2989 1769 3202 1828 Filium
3234 1774 3446 1830 matris
3478 1791 3492 1829 :
3526 1773 3772 1831 sobolem

435 1858 608 1961 (lilio
638 1859 763 1961 Deq
786 1859 1054 1960 immolat
1083 1860 1438 1916 sacrificium
1469 1860 1683 1961 laudis,
1719 1861 1819 1934 qui
1846 1879 1879 1917 a
1904 1867 2017 1918 ter-
2049 1895 2096 1961 Β
2129 1859 2272 1961 dicit
2301 1858 2786 1959 Ecclesia..Ponit
2816 1860 3512 1961 ergo‘scand‘alum't’ratri
3543 1863 3772 1961 suo,qui

361 1949 522 2006 renis
550 1947 708 2005 vitiis
737 1949 911 2006 fuerit
939 1953 1301 2024 segregatus,
1333 1956 1390 2005 et
1423 1951 1672 2006 moritur
1700 1953 2022 2019 mundo,ut
2049 1947 2095 1961 ”
2128 1949 2432 2004 hmreticas
2462 1949 2778 2022 pravitates
2805 1949 2893 2006 vel
2923 1949 3068 2006 alias
3088 1950 3773 2026 interceptiones'excogi-

362 2038 554 2094 hostia
585 2038 684 2094 fiat
711 2034 960 2094 Christo.
993 2039 1136 2096 Vota
1187 2057 1422 2114 quoque
1462 2040 1656 2096 reddit
1694 2040 2015 2110 Altissimo,

359 2125 463 2200 qui
491 2128 540 2183 ei
575 2126 712 2184 talia
742 2125 1103 2184 immolanda
1132 2127 1710 2202 praeparavit,qualia
1740 2130 1864 2203 ipse
1886 2149 2018 2204 pro-

360 2215 542 2290 pitius
572 2217 863 2290 praecepit.
895 2217 942 2272 Η
974 2217 1092 2274 Hoc
1118 2222 1207 2274 est
1235 2223 1432 2275 autem
1465 2219 1816 2275 sacriﬁcium
1850 2239 2018 2278 acce-

358 2305 597 2378 ptabile,
633 2306 739 2362 hoc
769 2310 859 2362 est
906 2305 1316 2363 holocaustum
1369 2307 1586 2382 pingue
1638 2314 1700 2364 ut
1744 2308 2019 2366 laudetur

357 2393 512 2452 Deus
543 2395 616 2452 ab
647 2393 886 2453 homine
916 2413 1092 2470 quem
1124 2397 1360 2454 creavit.

433 2487 501 2540 16
527 2483 672 2559 Χία
713 2491 727 2550 ζ
772 2487 976 2542 invoca
1006 2504 1096 2542 me
1126 2487 1186 2542 in
1215 2488 1312 2543 die
1335 2487 1754 2545 tribulationis
1782 2510 1801 2544 .-

500 2577 570 2631 Et
599 2589 810 2632 eruam
837 2583 891 2632 te
920 2582 978 2632 et
1009 2575 1433 2647 honori/icabis
1461 2595 1569 2632 me.
1604 2578 1978 2648 Diapsalma.

430 2663 473 2718 C
498 2662 774 2734 Praecepit
802 2663 958 2720 enim
981 2663 1189 2719 invoca
1212 2680 1326 2730 me,
1343 2681 1412 2720 ne
1436 2666 1568 2737 quis
1593 2684 1756 2739 spem
1779 2667 2018 2726 haberet

361 2751 422 2807 in
454 2756 684 2808 terreno
716 2752 948 2821 solatio,
971 2753 1070 2808 ubi
1103 2758 1241 2808 sunt
1263 2754 1483 2810 caduca
1514 2757 1804 2812 universa.
1839 2758 1902 2814 In
1926 2760 2018 2814 die

362 2839 599 2914 quando
615 2843 671 2897 te
691 2840 900 2914 afﬂigit
914 2842 1303 2898 adversarius.
1325 2843 1534 2899 Eruam
1555 2847 1809 2918 te,quasi
1830 2848 2014 2905 dicat:

361 2929 801 2987 Circumdatum
833 2947 867 2986 a
897 2929 1250 2988 satellitibus
1281 2931 1516 3000 diaboli,
1551 2951 1788 2991 summa
1817 2936 2017 2992 celeri-

364 3021 482 3076 tate
503 3017 1202 3093 liberabo.Magniﬁcabis
1224 3021 1344 3077 sive
1368 3021 1684 3080 honorabis
1706 3025 1884 3096 me,id
1907 3033 2020 3097 est,

363 3125 648 3183 magnum
681 3125 776 3167 me
803 3125 932 3166 esse
962 3109 1019 3165 in
1053 3113 1334 3168 aeternum
1363 3114 1730 3186 pronunties.
1756 3115 2020 3174 Romana

361 3199 656 3272 siquidem
686 3197 994 3255 translatio
1034 3199 1442 3273 magnificabis
1486 3201 1683 3272 habet,
1717 3203 2019 3264 Gallicana

358 3305 515 3357 vero,
547 3287 983 3357 honorificabis,
1017 3289 1173 3363 quod
1205 3288 1360 3346 idem
1390 3295 1498 3348 est.

361 3379 428 3435 17
500 3380 818 3437 Peccatori
835 3385 1038 3436 autem
1067 3379 1227 3436 dixit
1255 3379 1400 3436 Deus
1427 3399 1613 3455 quare
1653 3392 1716 3440 tu
1763 3401 2018 3444 enarra:

560 3469 837 3539 justitias
866 3485 1024 3524 meas
1049 3488 1071 3524 .-

502 3562 570 3616 Et
602 3559 849 3614 assumis
875 3562 1278 3614 testamentum
1309 3576 1494 3615 meum
1523 3579 1632 3634 per
1647 3578 1711 3618 os
1738 3571 1922 3620 tuum.

426 3649 468 3701 C
497 3645 873 3701 Interdicitur
901 3643 997 3701 hic
1027 3644 1324 3702 sceleratis
1354 3648 1452 3720 qui
1484 3652 1738 3707 converti
1784 3653 2013 3724 nolunt,

356 3752 428 3791 ne
456 3751 518 3791 se
550 3738 910 3807 praasumant
939 3734 1313 3792 sermonibus
1343 3737 1588 3794 miscere
1615 3740 1850 3810 divinis,
1875 3744 2016 3814 quia

355 3841 421 3880 os
451 3823 626 3880 debet
654 3840 785 3880 esse
805 3825 1059 3898 justum,
1093 3825 1250 3897 quod
1272 3825 1539 3897 justitias
1573 3828 1804 3886 Domini
1841 3849 2014 3888 enar-

357 3929 485 3969 rare
500 3913 824 3985 praesumit.
845 3914 1290 3971 Testamentum
1312 3931 1442 3972 vero
1470 3934 1482 3971 :
1507 3917 1687 3973 Vetus
1708 3925 1765 3974 et
1785 3919 2011 3978 Novum

355 4001 815 4075 significat,quia
831 4003 972 4058 dum
995 4021 1180 4059 unum
1204 4022 1490 4078 suspense
1519 4005 2010 4084 dicitur,utraque

354 4096 778 4149 memorantur.
814 4093 861 4149 Η
892 4092 1146 4149 Audiant
1166 4093 1288 4150 haec
1320 4095 1586 4153 doctores
1615 4097 1703 4153 vel
1751 4099 2009 4175 episcopi

356 4179 767 4251 Ecclesiarum,
803 4181 904 4255 qui
937 4187 1172 4256 peccata
1202 4184 1552 4256 populorum
1585 4193 1851 4244 resecant
1870 4207 2010 4262 pra:-

352 4271 740 4344 dicando,qui
774 4272 930 4344 quod
962 4271 1282 4346 praedicant
1311 4291 1484 4347 opere
1518 4293 1632 4332 non
1666 4277 1933 4351 implent.

355 4359 420 4417 18
499 4361 585 4417 Tu
612 4377 744 4417 vero
771 4362 962 4419 odisti
987 4361 1369 4432 disciplinam
1397 4384 1418 4420 :

494 4453 563 4508 Et
583 4453 901 4524 projecisti
915 4469 1204 4508 sermones
1232 4469 1389 4510 meos
1411 4465 1752 4514 retrorsum.

2129 2043 2216 2094 tat
2248 2055 2261 2094 :
2295 2038 2512 2110 quibus
2535 2038 2714 2094 frater
2742 2037 3024 2096 innocens
3057 2038 3342 2113 capiatur.
3371 2041 3498 2097 Haec
3527 2038 3774 2097 fecistiét

2129 2127 2304 2183 tacui.
2342 2128 2382 2182 ll
2407 2125 2553 2190 Quia
2581 2144 2648 2184 ea
2678 2126 3069 2184 examinanda
3099 2128 3158 2184 in
3190 2123 3459 2187 futurum
3485 2129 3775 2187 reservavi

2119 2216 2414 2289 judicium
2449 2233 2461 2270 :
2495 2217 2648 2272 tacui
2681 2216 2838 2273 enim
2863 2219 3012 2290 jam,
3046 2217 3185 2292 quia
3213 2235 3331 2276 non
3364 2219 3564 2277 statim
3591 2211 3774 2275 vin'di-

2127 2306 2250 2361 cavi
2281 2307 2379 2362 sed
2414 2305 2690 2362 sustinui.

2126 2397 2198 2449 22
2273 2395 2615 2451 Existimasti
2643 2397 2833 2469 inique
2862 2397 3005 2470 quod
3031 2413 3123 2454 ero
3153 2400 3238 2455 tui
3263 2400 3471 2456 similis
3503 2418 3523 2455 :

2271 2487 2511 2556 Arguam
2540 2494 2590 2543 te
2617 2492 2669 2542 et
2697 2495 2938 2567 statuant
2965 2498 3154 2546 contra
3183 2489 3388 2562 faciem
3417 2497 3588 2546 tuam.

2199 2579 2238 2629 C
2269 2575 2629 2633 Existimasti
2661 2577 2880 2649 inique,
2917 2577 3025 2634 hoc
3050 2583 3158 2645 est,
3194 2579 3338 2651 quia
3374 2579 3527 2636 Deus
3558 2581 3701 2634 tacet
3723 2581 3775 2633 et

2129 2664 2322 2720 differt
2349 2665 2647 2721 vindicare
2674 2670 2930 2739 peccata,
2964 2667 3093 2724 ideo
3124 2668 3387 2724 creditur
3411 2686 3445 2724 a
3476 2663 3669 2724 stultis
3694 2665 3774 2721 illi

2129 2752 2419 2826 placuisse
2451 2753 2670 2810 scelera
2698 2755 2978 2812 humana.
3011 2759 3060 2811 Η
3085 2759 3344 2830 Arguam
3376 2761 3620 2823 verote,
3648 2767 3774 2811 cum

2131 2844 2186 2898 in
2225 2844 2464 2899 sinistra
2493 2849 2657 2917 parte
2687 2843 2847 2901 sedis
2878 2843 3060 2902 fueris
3078 2845 3477 2903 collocatus.C
3495 2846 3771 2911 Statuam,

2129 2931 2286 3004 quod
2340 2933 2614 3005 superius
2656 2933 2844 2988 dixit:
2881 2939 3245 3006 pecoatorem
3287 2935 3603 2993 verba’sua
3631 2935 3772 3006 (quae

2130 3038 2363 3095 semper
2391 3026 2526 3078 ante
2555 3021 2756 3078 oculos
2787 3019 3002 3080 habere
3032 3020 3252 3090 debuit,
3275 3029 3341 3080 ut
3372 3023 3689 3081 secundum
3711 3021 3774 3076 ea

2127 3109 2361 3183 viveret)
2394 3115 2528 3184 post
2555 3113 2786 3186 tergum
2813 3116 2870 3168 et
2899 3115 3052 3168 retro
3083 3112 3422 3186 proje‘cisSe.
3458 3115 3523 3170 In
3545 3107 3773 3185 'fudicio

2129 3197 2309 3273 igitur
2339 3203 2606 3273 peccator
2635 3203 2770 3256 ante
2799 3201 3006 3258 faciem
3038 3215 3208 3258 suam
3245 3203 3486 3272 videbit,
3515 3199 3668 3278 quod
3716 3213 3774 3254 se

2045 3271 2088 3338 C
2128 3271 2374 3363 putabat
2423 3287 2733 3345 oblivionis
2779 3289 3064 3346 beneﬁcio
3125 3289 3472 3364 praeterisse.
3516 3271 3774 3364 li‘ormido

2125 3377 2313 3434 incesti
2325 3375 2688 3446 mabilis,illa
2712 3378 2982 3436 homines
2997 3379 3327 3454 videre,per
3342 3397 3472 3456 qua;
3489 3395 3550 3438 se
3571 3377 3774 3434 norunt

2125 3467 2198 3524 ad
2228 3471 2446 3522 aeterna
2477 3464 2770 3540 supplicia
2801 3467 3120 3541 pervenire.

2123 3557 2194 3612 23
2266 3556 2562 3626 lntelligite
2587 3556 2706 3613 haec
2734 3559 2834 3629 qui
2863 3557 3260 3615 obliviscimini
3282 3558 3456 3616 Deum
3479 3578 3499 3614 :

2267 3645 2562 3721 Nequando
2593 3649 2778 3721 rapiat
2805 3656 2856 3705 et
2885 3663 2996 3705 non
3022 3649 3096 3706 sit
3122 3651 3222 3722 qui
3246 3651 3471 3722 eripiat.

2195 3734 2590 3809 CIntelligite,
2644 3735 2702 3791 id
2762 3741 2871 3806 est,
2932 3737 3164 3794 obedite
3211 3737 3313 3812 qui
3371 3729 3773 3795 obliviscimini

2123 3823 2331 3882 Deum.
2365 3824 2466 3881 Ille
2525 3825 2890 3881 obliviscitur
2945 3824 3202 3898 Dei,_qui
3259 3821 3776 3899 precepta'ips’ius

2122 3913 2328 3986 iniqua
2355 3913 2813 3987 praesumptione
2845 3913 3184 3970 contemnit.
3219 3913 3543 3988 Nequando
3575 3909 3773 3986 rapiat,

2121 4002 2344 4059 scilicet
2373 4001 2923 4070 diabolus.0uando
2953 4002 3110 4058 enim
3143 4002 3246 4058 ille‘
3265 4003 3427 4076 rapit
3444 4019 3563 4060 non
3579 3995 3776 4072 ‘est'qm

2121 4091 2331 4165 eripiat
2359 4092 2433 4146 ad
2464 4077 2860 4163 salutem,nisi
2879 4091 3170 4148 Dominus
3187 4103 3290 4166 per
3317 4103 3491 4150 suam
3512 4101 3778 4164 magnam

2121 4180 2610 4237 misericordiam.
2645 4179 2692 4236 Η
2723 4179 2825 4236 Vel
2854 4179 3042 4252 aliter,
3063 4179 3302 4254 quando
3329 4181 3488 4255 rapit
3511 4179 3776 4236 Christus

2119 4269 2528 4327 obliviscentes
2569 4285 2651 4337 se,
2679 4268 2787 4325 hoc
2819 4274 2907 4326 est
2956 4269 3279 4344 praecipitat
3321 4270 3380 4326 in
3431 4273 3696 4334 mortem,
3727 4258 3776 4320 ei

2119 4375 2290 4415 nemo
2320 4359 2542 4433 eripere
2573 4362 2786 4432 potest.
2819 4359 3062 4426 Quando
3100 4358 3260 4416 enim
3313 4357 3586 4416 diabolus
3631 4349 3781 4425 rapit

2117 4447 2232 4515 hic,
2267 4453 2356 4505 est
2388 4449 2489 4522 qui
2532 4447 2743 4521 eripiat
2788 4448 2861 4504 ad
2913 4447 3186 4518 salutem,
3219 4441 3490 4506 Christus
3537 4443 3778 4504 scilicet.

422 4543 462 4594 C
491 4540 626 4596 Odit
654 4539 1049 4614 disciplinam,
1083 4541 1223 4614 quia
1263 4544 1336 4598 ad
1393 4544 1780 4603 correctiones
1809 4547 2007 4620 justas
2114 4539 2260 4593 Cum
2285 4554 2418 4594 νθνο
2451 4536 2736 4620 Domitius
2761 4537 2916 4610 rapit
2948 4539 3020 4594 ad
3050 4535 3397 4610 Vindicmm.
3421 4553 3536 4595 non
3567 4538 3656 4591 θεῖ
3675 4528 3773 4604 qui

349 4629 557 4704 iniqua
603 4631 1062 4703 przesumptione
1123 4637 1543 4700 remurmurat,
1578 4638 1636 4688 et
1694 4614 1830 4691 non.
1867 4637 2010 4709 vult,
2049 4647 2094 4712 1)
2122 4625 2371 4682 liberare
2396 4626 2583 4699 POSSit
2611 4614 2936 4682 addictum-

349 4719 536 4776 Deum
567 4718 627 4775 in
659 4737 720 4775 se
750 4719 1044 4776 vindicare
1091 4721 1245 4792 quod
1295 4725 1514 4793 peccat.
1551 4721 1785 4794 Projicit
1832 4727 2012 4784 etiam
2122 4717 2193 4770 24
2267 4715 2616 4786 Sacri/ieiuni
2647 4715 2826 4770 Ῑαυάίδ
2849 4715 3233 4790 honoriﬁca“!
3257 4733 3346 4775 τηϐ
3375 4733 3390 4774 ε

347 4811 483 4883 post
512 4825 574 4867 se
604 4825 939 4866 sermonem
973 4808 1098 4874 Dei,
1127 4808 1228 4880 qui
1259 4809 1427 4879 sequi
1460 4808 1658 4865 divina
1678 4811 1852 4882 jussa
1875 4832 2014 4872 con-

349 4897 579 4954 temnit.

349 4984 418 5040 19
489 4985 555 5042 Si
585 4987 828 5042 videbas
857 4985 1052 5062 furem
1080 4987 1364 5041 currcbas
1380 5000 1507 5041 cnm
1538 5003 1605 5042 eo
1638 5004 1651 5043 :

488 5077 718 5131 Etcum
749 5073 1051 5132 adulteris
1077 5074 1403 5146 portioiiem
1435 5081 1597 5130 tuam
1620 5079 1890 5149 ponebas.

419 5166 459 5218 C
488 5162 572 5219 Ita
608 5164 790 5218 istum
822 5159 1174 5217 versiculum
1209 5161 1494 5218 debemus
1538 5167 1821 5239 accipere,
1856 5174 1920 5225 ut
1951 5170 2010 5226 in

346 5253 440 5310 his
471 5253 706 5309 duobus
734 5249 1068 5324 prohibitis,
1101 5250 1299 5306 omnia
1327 5252 1577 5309 crimina
1623 5256 1877 5314 vetuisse
1925 5259 2008 5315 vi-

345 5342 574 5398 deatur.
610 5339 711 5394 llle
741 5338 926 5394 currit
955 5353 1086 5391 cum
1123 5337 1267 5405 fure,
1302 5341 1400 5411 qui
1447 5343 1497 5397 ei
1552 5346 1621 5399 ad
1676 5345 2009 5404 faciendum

319 5427 542 5488 'scelus
590 5425 750 5484 socia
797 5417 1097 5482 voluntate
1137 5424 1431 5500 jungitur.
1467 5431 1634 5487 Ponit
1682 5435 2009 5506 portionem

311 5520 481 5574 'cum
511 5513 800 5580 adultero,
833 5512 934 5584 qui
974 5513 1025 5568 ei
1057 5515 1414 5586 adjutorium
1466 5521 1703 5593 prmbct,
1737 5538 1854 5595 quo
1902 5541 2012 5581 sua

341 5609 477 5665 vota
506 5601 788 5676 perficiat.
804 5599 1007 5675 Ibique
1039 5602 1165 5661 sine
1195 5604 1374 5664 dubio
1397 5607 1612 5667 habere
1643 5612 2012 5686 dignoscitur

339 5690 698 5773 portionem.

2269 4807 2335 4861 Et
2365 4805 2486 4860 illic
2515 4805 2618 4860 iter
2647 4819 2751 4877 quo
2776 4805 3058 4862 ostendam
3086 4803 3179 4863 illi
3202 4805 3450 4863 salutare
3476 4801 3595 4862 Dei.

2195 4893 2241 4948 li
2274 4891 2639 4950 Sacrificium
2689 4891 2906 4968 laudis,
2943 4897 3082 4968 quia
3105 4895 3201 4952 'de
3247 4895 3410 4952 omni
3442 4896 3610 4952 bono‘
3626 4883 3776 4962 quod

2124 4985 2312 5041 sancti
2347 4983 2567 5040 faciunt
2596 4984 2751 5042 Deus
2781 4985 3124 5043 honoratur.
3147 4985 3264 5043 lter
3283 4986 3552 5043 Christus
3571 4984 3661 5040 est
3679 4979 3778 5052 per

2123 5089 2301 5146 opera
2330 5079 2690 5131 sanctorum.
2722 5074 3008 5132 Salutaris
3053 5077 3150 5133 Dei
3201 5075 3389 5134 Patris
3437 5079 3526 5132 est
3577 5065 3775 5148 Filius.

2121 5168 2162 5218 C
2192 5161 2292 5220 Vel
2325 5163 2436 5219 iter
2463 5163 2871 5222 beatissimam
2904 5159 3296 5238 psalmodiam
3325 5161 3604 5239 appellat,
3624 5153 3774 5236 quod

2120 5270 2235 5309 non
2268 5253 2516 5326 pedibus
2539 5254 2640 5311 sed
2665 5255 2830 5328 puris
2862 5254 3160 5312 mentibus
3182 5246 3603 5320 ambulatur,et
3622 5243 3776 5304 ducit

2120 5343 2192 5398 ad
2214 5341 2531 5400 Christum.
2557 5343 2603 5399 ll
2635 5344 2679 5398 Ο
2701 5343 2959 5416 gloriosa
2977 5345 3206 5414 semita,
3222 5357 3350 5418 quae
3375 5342 3537 5400 ducit
3557 5338 3626 5396 ad
3643 5331 3770 5392 mli

2119 5438 2408 5505 terraeque
2439 5435 2761 5489 creatorem
2783 5432 2796 5488 Σ

2597 5537 2802 5578 ORATIO
2837 5537 2910 5580 ΒΧ
2950 5535 3110 5580 PSAL.
3150 5535 3302 5582 XLIX.

2189 5611 2442 5666 Deorum
2474 5610 2740 5679 Domine,
2772 5616 2829 5668 te
2857 5623 3160 5687 rogamus,
3195 5614 3284 5670 nti
3336 5597 3772 5678 nos‘suseipias

2118 5700 2178 5757 in
2211 5699 2496 5757 sacrificio
2526 5697 2739 5772 laudis,
2773 5718 2891 5780 quo
2924 5702 3051 5762 sine
3083 5719 3258 5762 onere
3287 5699 3508 5783 peccati
3535 5702 3668 5756 tuas
3687 5691 3775 5769 Ju-
