3952 6334
156 485 269 550 701

1135 489 1542 553 EPISTOL/E
1585 490 1686 552 ET
1728 489 2090 552 DECRETA
2137 488 2609 554 PONTIFIGIA.

3450 467 3569 556 702

156 619 440 678 memoria
467 620 727 678 Heinrici
761 622 1133 694 imperatoris
1151 623 1602 696 primi,prafata
1627 622 1809 679 eccle-
1839 624 1895 690 Α
1925 623 2064 696 quia
2093 623 2406 696 postulasti
2427 642 2462 681 a
2490 625 2659 682 nobis
2685 628 2976 698 quatenus
2999 625 3564 698 archiepiscopatum

157 709 250 766 sia
269 711 701 768 constructoris
724 713 1152 785 benignissimi.
1177 713 1299 777 Quo
1325 713 1429 767 tibi
1451 716 1539 767 ter
1578 712 1637 767 in
1657 729 1811 767 anno

156 799 240 853 uti
257 798 684 870 permittimus,
709 801 868 856 salva
899 801 1243 858 auctoritate
1273 803 1502 857 domna
1524 803 1814 872 metropo-

153 887 348 944 litana
380 888 762 961 Moguntina,
798 891 1076 953 ecclesia,
1108 890 1330 946 scilicet
1359 890 1417 944 in
1459 891 1552 945 die
1601 893 1813 945 sancta

155 978 647 1044 Resurrectionis,
682 984 740 1034 et
770 980 828 1034 in
861 979 1144 1035 natalitiis
1168 979 1565 1051 apostolorum
1588 978 1740 1033 Petri
1761 981 1818 1032 et

155 1065 404 1132 Pauli,et
427 1065 487 1120 in
514 1067 893 1123 solemnitate
912 1069 1100 1124 sancti
1127 1068 1481 1140 Dionysii,eo
1504 1068 1659 1138 quod
1678 1071 1816 1121 tunc

158 1153 601 1210 anniversarias
623 1156 747 1211 dies
761 1156 1088 1212 celebratur
1107 1158 1306 1213 domni
1324 1175 1484 1229 papa
1502 1155 1817 1212 Clementis

157 1259 331 1314 supra
357 1245 674 1300 memorati
697 1246 998 1317 ;hancque
1019 1247 1172 1302 diem
1198 1251 1462 1302 sanctam
1499 1243 1817 1316 apostolica

157 1332 504 1387 auctoritate
535 1333 856 1388 statuimus
887 1333 1173 1390 celebrem
1194 1351 1322 1390 esse
1352 1351 1451 1406 per
1470 1338 1660 1389 totum
1695 1332 1816 1403 epi-

159 1425 484 1492 scopatum.
510 1422 696 1492 Cujus
714 1422 992 1493 quoniam
1010 1423 1339 1478 indumenti
1354 1422 1541 1477 honor
1553 1423 1820 1478 modesta

158 1514 388 1564 actuum
427 1510 744 1567 vivacitate
780 1513 1101 1567 servandus
1151 1514 1260 1583 est,
1319 1511 1624 1568 hortamur
1652 1515 1718 1567 ut
1766 1511 1818 1567 ei

157 1616 383 1656 morum
414 1603 665 1657 tuorum
697 1605 1044 1657 ornamenta
1099 1602 1467 1671 conveniant,
1529 1606 1818 1673 quatenus

155 1692 383 1745 auctore
404 1688 535 1744 Deo
560 1693 716 1744 recte
740 1689 1048 1762 utrobique
1071 1691 1263 1762 possis
1294 1707 1421 1747 esse
1439 1690 1814 1761 conspicuus.

150 1779 344 1850 Itaque
373 1777 519 1833 viva
547 1784 652 1833 tua
678 1779 821 1834 ﬁliis
849 1779 968 1833 tuis
1001 1780 1078 1834 sit
1106 1779 1326 1851 regula.
1363 1781 1423 1834 In
1454 1781 1583 1851 ipsa
1621 1780 1669 1835 si
1702 1797 1818 1851 qua

152 1866 423 1922 fortitudo
471 1865 592 1922 illis
614 1865 828 1937 injecta
857 1873 945 1922 est
974 1867 1280 1938 dirigatur,
1315 1869 1374 1922 in
1405 1869 1642 1940 eaquod
1685 1868 1817 1923 imi-

1925 713 2481 785 Hammaburgensis
2504 715 2765 771 Ecclesia
2797 719 2984 771 totum
3016 715 3073 769 in
3109 715 3402 786 integrum
3461 715 3566 770 tibi

1923 803 2479 874 successoribusque
2501 803 2616 859 tuis
2641 805 3143 871 conﬁrmaremus,
3171 804 3342 858 sicuti
3366 822 3400 859 a
3423 821 3568 872 pra-

1923 891 2328 946 decessoribus
2358 893 2594 956 nostris,
2626 893 2891 948 videlicet
2915 893 3150 948 Nicolao
3169 898 3227 948 et
3246 893 3492 964 Agapito
3517 896 3573 947 et

1926 979 2231 1034 Benedicto
2263 981 2442 1052 hujus
2471 983 2802 1053 apostolicae
2835 983 2994 1037 sedis
3023 981 3334 1054 episcopis,
3369 981 3570 1036 decre-

1925 1072 2050 1122 tum
2069 1072 2175 1124 est.
2203 1069 2466 1125 Inclinati
2497 1071 2765 1142 precibus
2787 1071 3015 1137 vestris,
3035 1070 3356 1142 apostolica
3379 1074 3572 1126 aucto-

1924 1155 2092 1210 ritate
2115 1159 2489 1214 concedimus
2511 1164 2566 1215 et
2585 1161 3002 1215 conﬁrmamus
3023 1177 3155 1215 cum
3176 1160 3450 1215 omnibus
3473 1176 3570 1231 ge-

1927 1244 2199 1300 neraliter
2223 1251 2395 1317 atque
2434 1247 2760 1318 specialiter
2806 1250 2877 1303 ad
2935 1249 3209 1304 eumdem
3258 1248 3567 1319 praefatum

1927 1332 2760 1404 arcliiepiscOpatumvestrum
2778 1335 3452 1406 pertinentibus,scilicet
3473 1353 3566 1390 om

1928 1420 2027 1476 nia
2056 1437 2183 1492 qua
2204 1421 2378 1477 vestri
2407 1427 2800 1479 antecessores
2822 1425 2944 1479 suis
2977 1425 3570 1495 laboribusacquisie-

1928 1513 2085 1574 runt,
2118 1509 2206 1564 vel
2238 1511 2414 1566 etiam
2446 1528 2641 1566 amore
2671 1515 2894 1566 aterna
2928 1515 3124 1582 patria
3159 1513 3234 1566 ibi
3267 1529 3300 1566 a
3329 1512 3571 1566 Christi-

1928 1597 2189 1653 colarum
2214 1597 2482 1654 ﬁdelibus
2510 1599 2722 1671 largita
2753 1605 2894 1655 sunt
2922 1599 3007 1654 vel
3040 1599 3392 1671 largiuntur.
3429 1599 3572 1654 Cum

1926 1686 2046 1742 illis
2077 1688 2380 1756 etiam,qui
2414 1688 2520 1743 hoc
2543 1692 2802 1760 tempore
2816 1691 2884 1743 ad
2909 1689 3121 1744 Christi
3153 1687 3414 1744 conversi
3439 1691 3576 1743 sunt

1930 1777 2126 1840 ﬁdem,
2160 1781 2495 1849 protegente
2526 1777 2628 1832 Dei
2660 1778 2866 1848 gratia,
2890 1777 3163 1832 videlicet
3191 1777 3494 1848 episcopos
3516 1776 3575 1831 in

1930 1864 2204 1920 omnibus
2236 1865 2509 1936 gentibus
2539 1867 2834 1921 Sueonum
2863 1883 2962 1921 seu
3000 1867 3318 1930 Danorum,
3344 1865 3576 1921 Norwe-

147 1960 335 2012 tentur
355 1955 689 2027 aspiciant,
715 1955 773 2010 in
800 1956 925 2026 ipsa
939 1956 1360 2012 considerando
1384 1974 1617 2028 semper
1643 1958 1813 2029 proﬁ-
1841 1986 1890 2050 Β
1931 1954 2196 2020 chorum,
2233 1954 2430 2019 Islant,
2465 1954 2886 2019 Scrirlevinum,
2920 1954 3203 2011 Gronlant
3231 1959 3288 2009 et
3345 1953 3575 2008 univer-

149 2045 314 2110 ciant,
344 2048 412 2099 ut
466 2046 638 2098 tuum
671 2049 802 2114 post
833 2050 1014 2098 Deum
1045 2044 1311 2100 videatur
1340 2062 1468 2100 esse
1482 2046 1636 2117 quod
1669 2047 1813 2102 bene

152 2133 412 2188 vixerint.
459 2131 577 2188 Cor
605 2148 744 2203 ergo
775 2136 944 2188 tuum
976 2149 1165 2204 neque
1197 2150 1492 2205 prospera,
1519 2151 1643 2204 qua
1672 2138 1815 2191 tem-

158 2222 422 2295 poraliter
443 2220 868 2285 blandiuntur,
889 2221 1187 2289 extollant,
1211 2238 1398 2294 neque
1416 2223 1483 2278 ad
1494 2240 1659 2279 versa
1670 2224 1812 2292 deji-

161 2312 326 2378 ciant,
358 2311 464 2366 sed
503 2309 802 2381 quidquid
834 2309 976 2364 illud
1008 2310 1203 2377 fuerit,
1261 2310 1473 2365 virtute
1522 2310 1813 2381 patientia

160 2399 522 2455 devincatur.
558 2397 803 2454 Nullum
835 2400 988 2470 apud
1009 2404 1063 2455 te
1091 2399 1284 2455 locum
1307 2400 1459 2466 odia,
1483 2399 1714 2455 nullum
1738 2401 1815 2454 fa-

159 2505 251 2544 vor
278 2488 648 2543 indiscretus
677 2487 994 2542 inveniant.
1029 2488 1463 2544 Misericordem
1515 2493 1589 2554 te,
1642 2493 1816 2559 prout

158 2578 332 2634 virtus
357 2578 613 2649 patitur,
639 2577 997 2648 pauperibus
1013 2576 1262 2632 exibeto.
1288 2576 1595 2648 Oppressis
1617 2578 1814 2632 defen-

163 2665 239 2721 sio
267 2670 369 2721 tua
401 2665 744 2730 subveniat,
779 2664 1247 2736 opprimentibus
1279 2666 1579 2720 moderata
1607 2666 1815 2722 erectio

164 2754 544 2809 contradicat.
571 2752 1000 2808 Nullusfaciem
1020 2754 1519 2824 contrajustitiam
1539 2755 1814 2826 accipias,

165 2841 380 2898 nullum
429 2845 800 2913 quarentem
840 2842 1008 2911 justa
1055 2841 1362 2912 despicias.
1395 2843 1816 2899 Custodiainte

164 2931 444 3002 aquitatis
465 2929 715 2985 excellat
726 2935 810 2996 ,ut
823 2946 926 2986 nec
939 2931 1179 2986 divitem
1201 2931 1459 3002 potentia
1472 2949 1579 2986 sua
1595 2931 1816 3002 aliquid

165 3021 307 3091 apud
334 3025 391 3075 te
409 3025 586 3075 extra
599 3019 754 3075 viam
778 3020 1022 3075 suadeat
1040 3019 1281 3076 rationis
1297 3020 1519 3088 audire,
1546 3037 1650 3076 nec
1673 3037 1815 3092 pau-

167 3125 348 3179 perem
363 3109 435 3164 de
451 3124 522 3164 se
538 3125 650 3163 sua
663 3107 836 3162 faciat
848 3107 1154 3164 humilitas
1175 3109 1485 3180 desperare
1501 3112 1814 3180 quatenus,

166 3199 268 3252 Deo
299 3197 652 3260 miserante,
686 3195 822 3252 talis
849 3197 1041 3268 possis
1072 3196 1316 3252 existere
1361 3195 1594 3268 qualem
1653 3214 1819 3252 sacra

166 3283 320 3340 lectio
342 3285 521 3356 praci
531 3284 638 3355 pit,
661 3284 860 3340 dicens
879 3302 892 3340 :
919 3286 1135 3356 Oportet
1151 3289 1461 3357 episcOpum
1473 3287 1816 3358 irrcprehen-

1923 2059 2123 2098 sarum
2149 2043 2698 2114 septentrionalium
2723 2045 3161 2106 nationum,nec
3175 2060 3289 2098 non
3315 2043 3491 2098 etiam
3513 2042 3570 2097 in

1923 2131 2040 2187 illis
2072 2132 2339 2202 partibus
2378 2132 2714 2188 Sclavorum
2735 2150 2862 2204 qua
2896 2137 3036 2188 sunt
3066 2150 3100 2187 a
3131 2131 3374 2188 ﬂumine
3425 2136 3576 2187 Pene

1924 2238 2111 2292 usque
2133 2223 2204 2276 ad
2234 2222 2474 2276 fluvium
2503 2222 2732 2293 Egidre,
2764 2222 2844 2277 ita
2867 2228 2928 2277 ut
2953 2223 3062 2278 sub
3089 2227 3193 2278 tua
3215 2226 3577 2292 tuorumque

1926 2313 2881 2384 successorum,Ammaburgensis
2903 2311 3170 2368 Ecclesia
3193 2310 3580 2382 archiepisco-

1926 2416 2134 2470 porum
2166 2406 2440 2455 maneant
2462 2400 2860 2471 potestate,vel
2881 2400 3169 2472 quidquid
3193 2404 3294 2456 tuo
3315 2403 3578 2456 tuorum-

1925 2504 2038 2560 que
2070 2505 2473 2545 successorum
2506 2489 2723 2544 laboris
2753 2491 3091 2556 certamine,
3127 2489 3326 2544 divina
3343 2490 3580 2546 favente

1924 2575 2130 2643 gratia,
2166 2577 2238 2631 ab
2280 2593 2474 2632 errore
2505 2577 2758 2648 perﬁdia
2791 2578 2912 2633 sive
2942 2578 3250 2632 hominum
3275 2577 3395 2633 sive
3425 2577 3578 2633 loco-

1925 2680 2056 2718 rum
2089 2664 2157 2718 ad
2183 2663 2522 2736 religionem
2544 2664 2935 2719 Christianam
2951 2665 3173 2736 acquiri
3200 2665 3575 2735 potestis,tibi

1923 2752 2159 2822 tuisque
2202 2752 2639 2807 successoribus
2680 2753 3093 2824 perpetualiter
3122 2757 3320 2807 tenere
3379 2768 3577 2808 cense-

1926 2841 2412 2912 mus.Etinsuper
2431 2841 2802 2896 decrevimus
2824 2846 2880 2896 et
2903 2841 3203 2896 sancimus
3219 2840 3452 2896 nullum
3481 2859 3576 2896 ar-

1926 2929 2546 3001 chiepiscoporum,vel
2571 2929 2974 2985 Coloniensem
3003 2929 3088 2985 vel
3114 2929 3293 2985 alium
3335 2929 3578 3002 quemli-

1924 3017 2107 3084 bet,in
2129 3018 2471 3073 tuadimcesi
2490 3017 2670 3072 ullam
2705 3018 2818 3074 sibi
2863 3018 3161 3074 vindicare
3200 3023 3571 3091 potestatem.

1925 3105 2198 3170 Quinimo
2211 3106 2423 3176 etipsis
2446 3110 2501 3161 et
2519 3105 2792 3162 omnibus
2807 3108 3046 3162 omnino
3060 3109 3380 3163 suademus
3395 3108 3576 3164 culto-

1927 3195 2090 3250 ribus
2111 3212 2256 3250 vera
2276 3194 2596 3266 religionis,
2632 3200 2697 3250 ut
2714 3196 3072 3266 adjutorium
3091 3200 3147 3251 et
3165 3195 3441 3252 solatium
3471 3196 3577 3251 tibi

1926 3283 2161 3354 tuisque
2191 3284 2632 3338 successoribus
2688 3283 2746 3337 in
2807 3285 3083 3339 omnibus
3143 3284 3576 3352 administrent,

164 3351 366 3429 sibilent
393 3390 514 3430 esse
531 3351 588 3444 ξι
613 3375 748 3429 Tim.
769 3391 851 3442 III,
882 3351 1078 3445 2).-Sed
1101 3351 1194 3428 his
1218 3351 1494 3430 omnibus
1508 3351 1820 3430 salubriter
1850 3351 1893 3419 (ἶ
1932 3351 2224 3444 quat—enus
2255 3389 2356 3442 pro
2370 3372 2557 3442 gratia
2577 3371 2757 3442 hujus
2773 3372 3038 3427 beneﬁcii
3064 3371 3294 3442 plenam
3325 3373 3577 3442 recipere

164 3461 238 3515 uti
268 3462 575 3533 poteris,si
598 3462 946 3533 magistram
960 3461 1310 3517 charitatem
1329 3462 1818 3527 habueris.Quam

165 3549 251 3620 qui
283 3555 529 3606 secutus
562 3551 760 3616 fuerit,
791 3567 823 3604 a
853 3554 1009 3606 recto
1041 3550 1355 3622 aliquando
1411 3551 1648 3606 tramite
1703 3569 1818 3607 non

164 3638 388 3694 recedit.
422 3640 596 3703 Ecce,
632 3638 811 3694 frater
862 3638 1226 3706 charissime,
1277 3638 1430 3694 inter
1478 3639 1661 3694 multa
1707 3639 1821 3694 alia

166 3723 269 3782 ista
296 3726 641 3793 sacerdotii,
674 3726 789 3782 ista
813 3732 954 3783 sunt
984 3726 1164 3799 pallii.
1189 3727 1322 3789 Qua
1344 3728 1394 3782 si
1417 3727 1677 3783 studiose
1698 3745 1817 3783 ser-

166 3816 396 3886 vaveris,
431 3815 597 3888 quod
622 3815 766 3872 foris
790 3815 1084 3887 accepisse
1102 3815 1616 3883 ostenderis,intus
1638 3815 1818 3872 hahe-

168 3901 247 3957 bis
277 3909 486 3960 sancta
546 3903 805 3959 Trinitas
852 3903 1275 3960 fraternitatem
1324 3909 1579 3959 vestram
1631 3904 1821 3976 gratia

170 4006 274 4046 sua
304 3992 698 4064 protectionis
747 3992 1087 4060 circumdet,
1144 3995 1318 4063 atque
1347 3991 1429 4046 ita
1483 3991 1542 4047 in
1591 3991 1820 4048 itineris

170 4079 251 4133 sui
270 4081 362 4136 via
373 4097 485 4136 nos
507 4080 749 4152 dirigat,
772 4085 838 4135 ut
857 4084 990 4152 post
1010 4081 1190 4150 hujus
1213 4080 1340 4135 vita
1364 4080 1817 4136 amaritudinem

170 4168 231 4222 ad
243 4173 521 4225 aternam
546 4168 728 4225 simul
752 4170 1052 4240 pervenire
1073 4169 1442 4224 dulcedinem
1464 4185 1811 4225 mereamur.

227 4255 369 4313 Data
399 4275 466 4313 ιιι
495 4257 698 4312 Nonas
727 4257 995 4325 Januar.,
1022 4274 1174 4313 anno
1198 4257 1397 4312 domni
1423 4257 1634 4314 Leonis
1657 4275 1816 4330 papa

167 4346 292 4400 noni
321 4363 400 4414 ιν,
431 4346 764 4402 indictione
794 4364 872 4404 νι.

860 4451 1127 4506 LXXVII.

167 4535 214 4612 S_.
225 4539 329 4612 _Lco
350 4541 423 4595 IX
429 4540 698 4612 Ecclesia
712 4541 1141 4612 Hamburge—nsis
1153 4541 1447 4610 privilegia
1460 4557 1556 4596 con
1562 4542 1752 4612 ﬁrmat
1763 4547 1816 4598 et

164 4607 438 4668 Adalbcrto
449 4611 863 4682 archiepiscopo
879 4607 1344 4682 pailiimitraque
1355 4607 1514 4667 usum
1548 4607 1810 4669 concedit.

787 4699 974 4770 (Anno
1008 4700 1194 4770 1053.)

333 4789 776 4861 [Lappenberg,
803 4789 1106 4858 Hamburg.
1135 4788 1400 4857 Urkund.,
1440 4791 1477 4855 Ι,
1507 4790 1624 4860 74.]

222 4873 328 4931 LEO
366 4877 714 4950 episcopus,
747 4893 949 4933 servus
971 4893 1273 4934 servorum
1303 4877 1426 4942 Dei,
1449 4877 1657 4934 dilecto
1680 4896 1812 4936 con-

165 4959 311 5018 fratri
343 4971 552 5022 nostro
593 4968 950 5037 ADELssa'ro,
1007 4966 1324 5022 venerabili
1369 4966 1809 5041 archiepiSCOpo

166 5047 722 5128 Hammaburgensis
751 5055 1039 5121 Ecclesia,
1071 5055 1177 5111 tibi
1197 5055 1433 5127 tuisque
1455 5058 1809 5113 successori-

166 5136 263 5195 bus
291 5142 350 5198 in
395 5147 778 5216 perpetuum.

225 5230 500 5287 Convenit
522 5230 846 5303 apostolico
869 5232 1250 5287 moderamini
1267 5232 1364 5303 pia
1384 5231 1661 5304 religione
1683 5234 1806 5306 pol-

165 5310 404 5376 lentibus
423 5319 704 5375 benivola
719 5321 1125 5391 compassione
1138 5326 1548 5391 succurrereet
1565 5312 1807 5394 poscené

163 5402 295 5460 tium
327 5408 552 5464 animis
587 5405 1083 5466 alacridevotione
1110 5410 1411 5482 impertire
1470 5426 1802 5468 assensum.

161 5489 230 5546 Ex
256 5494 360 5552 hoc
381 5498 548 5553 enim
584 5495 736 5550 lucri
763 5497 1134 5565 potissimum
1157 5499 1465 5571 pramium
1487 5501 1642 5571 apud
1666 5517 1801 5556 con-

162 5577 392 5639 ditorem
435 5583 717 5640 omnium
749 5583 1062 5642 Dominum
1095 5587 1297 5659 procul
1321 5587 1498 5644 dubio
1517 5605 1808 5659 promerc-

162 5667 263 5736 tur,
295 5673 436 5729 dum
461 5670 834 5729 venerabilia
862 5670 986 5729 loca
1042 5680 1367 5747 opportune
1415 5677 1684 5732 ordinata
1731 5677 1802 5732 ad

157 5755 444 5818 meliorem
477 5757 711 5818 fuerint
743 5775 846 5830 per
865 5777 970 5819 nos
1000 5767 1219 5823 statum
1276 5764 1574 5837 perducta,
1627 5764 1807 5837 igitur

1928 3459 2255 3514 mercedem
2271 3476 2304 3514 a
2321 3459 2558 3515 Domino
2577 3463 2927 3525 mereantur,
2943 3459 3222 3529 quoniam
3242 3459 3436 3514 omnia
3450 3476 3576 3530 qua

1929 3548 2187 3620 proﬁcua
2217 3546 2482 3602 Ecclesia
2505 3547 2830 3618 probantur
2858 3547 3101 3603 existere
3133 3551 3190 3602 et
3217 3546 3429 3602 divinis
3460 3565 3574 3603 non

1927 3638 2278 3709 impugnant
2308 3636 2816 3708 praceptionibus,
2849 3636 3150 3691 efﬁcienda
3170 3640 3226 3692 et
3247 3637 3575 3709 prabenda,

1927 3726 2348 3797 omnipotentis
2383 3726 2482 3781 Dei
2517 3725 2865 3781 auctoritate
2887 3730 2944 3780 et
2970 3727 3271 3781 beatorum
3291 3726 3578 3798 apostolo-

1928 3832 2059 3869 rum
2092 3814 2241 3869 Petri
2273 3819 2331 3870 et
2371 3813 2530 3869 Pauli
2563 3831 2691 3869 esse
2718 3832 2834 3870 non
2866 3814 3228 3869 dubitamus.
3263 3814 3449 3870 Ethoc
3473 3832 3576 3870 no-

1928 3908 2048 3959 stro
2079 3905 2308 3958 decreto
2339 3903 2731 3969 decernimus,
2783 3903 3107 3958 secundum
3169 3903 3572 3973 pranominati

1927 3993 2089 4047 bona
2121 3991 2414 4046 memoria
2440 3991 2659 4046 Nicolai
2694 4009 2854 4063 papa
2893 3996 2950 4046 et
2981 3992 3273 4048 Benedicti
3308 4008 3469 4063 papa
3518 3995 3576 4048 et

1925 4079 2154 4153 Agapiti
2182 4097 2342 4151 papa
2383 4079 2767 4147 sanctionem,
2792 4080 2951 4151 ipsas
2973 4080 3272 4145 dioeceses,
3300 4080 3573 4137 Hamma-

1928 4169 2280 4241 burgensem
2311 4166 2532 4223 scilicet
2561 4173 2619 4222 et
2677 4169 3073 4236 Bremensem,
3121 4186 3233 4224 non
3280 4169 3428 4224 duas
3475 4171 3574 4226 sed

1926 4275 2105 4313 unam
2133 4273 2261 4312 esse
2291 4261 2348 4312 et
2375 4255 2588 4311 vocari.
2625 4257 2872 4312 Omnem
2906 4275 3139 4329 quoque
3169 4259 3573 4314 adversantem

1925 4345 2013 4402 vel
2044 4345 2531 4401 contradicentem
2564 4349 2739 4416 atque
2771 4345 2881 4417 piis
2914 4346 3130 4401 nostris
3153 4346 3366 4401 studiis
3386 4346 3572 4418 quoli-

1926 4436 2023 4491 bet
2053 4434 2226 4489 modo
2247 4433 2623 4488 insidiantem
2648 4433 3039 4489 anathematis
3061 4434 3423 4505 percutimus
3446 4452 3572 4490 mu-

1925 4541 2098 4580 crone
2128 4526 2522 4594 perpetuaque
2579 4521 2819 4576 ultionis
2862 4539 3026 4577 reum
3077 4521 3364 4577 diabolica
3414 4528 3569 4579 sorte

1923 4614 2298 4677 damnamus,
2332 4615 2395 4666 ut
2416 4610 2647 4666 culmen
2663 4609 3237 4682 apostolicum,more
3254 4611 3568 4682 pradeces-

1843 4717 1892 4783 D
1923 4719 2122 4758 sorum
2147 4704 2480 4756 nostrorum
2500 4715 2857 4769 causamque
2883 4698 2981 4753 Dei
3031 4699 3126 4770 pio
3157 4702 3394 4769 aspectu
3446 4699 3566 4773 [pro

1923 4791 2156 4860 affectu]
2190 4788 2463 4855 zelantes,
2521 4788 2593 4842 ab
2623 4788 2882 4844 adversis
2927 4787 3062 4842 hinc
3112 4787 3249 4842 inde
3301 4789 3567 4859 partibus

1923 4879 2284 4935 muniamus.

1994 4965 2573 5040 Insuperapostolica
2597 4965 2937 5022 auctoritate
2944 4966 3226 5037 jubemus
3250 4970 3426 5038 atque
3438 4985 3570 5023 sua-

1919 5060 2127 5114 demus
2144 5053 2434 5127 episcOpis
2447 5052 2971 5110 Halversathensis
2984 5054 3569 5112 etHildedeneshem-

1919 5147 2000 5203 sis
2013 5151 2070 5202 et
2082 5143 3088 5201 BodalbruniensisetMimindensis
3100 5147 3158 5199 et
3171 5144 3480 5200 Ferdensis
3493 5146 3569 5201 Ec

1917 5231 2496 5296 clesiarum,utsalva
2518 5231 2572 5284 in
2595 5232 2869 5287 omnibus
2894 5232 3566 5302 debitasubjectionear-

1915 5324 2422 5396 chiepiscoporum
2453 5337 2716 5387 suorum,
2735 5321 2840 5374 tibi
2868 5321 3102 5392 tuisque
3127 5319 3566 5376 successoribus

1915 5412 2191 5468 solatium
2225 5414 2748 5480 quantumcunque
2779 5415 3045 5480 possunt,
3078 5405 3385 5480 peromnia
3417 5423 3564 5476 pra-

1915 5503 2090 5557 beant
2121 5501 2192 5554 ad
2223 5498 2388 5552 lucra
2417 5498 2749 5552 animarum
2780 5498 3111 5568 quarenda,
3139 5495 3221 5547 sic
3270 5498 3462 5546 tamen
3499 5498 3565 5549 ut

1907 5591 2035 5660 jam
2062 5587 2307 5642 Domino
2341 5585 2611 5655 acquisiti
2635 5590 2689 5640 et
2720 5582 3057 5656 acquirendi
3081 5587 3179 5634 tuo
3207 5584 3564 5650 tuorumque

1913 5691 2321 5732 successorum
2336 5673 2858 5745 archiepiswpatui
2883 5666 3126 5738 subjecti
3154 5673 3558 5734 permaneant.

1985 5765 2052 5821 Et
2081 5763 2221 5835 quia
2247 5761 2538 5832 legatione
2560 5759 2890 5831 apostolica
2921 5755 3078 5814 sedis
3108 5755 3163 5807 et
3185 5748 3303 5804 vice
3352 5754 3560 5806 nostra
