3898 6378
309 443 431 510 ’119
1372 443 1436 505 S.
1481 437 1762 504 LEONIS
1804 438 1888 502 IX
1931 435 1973 499 P

2206 435 2639 499 OPUSCULA.
3623 424 3766 488 ’⁵120

311 595 444 636 rum
475 581 533 634 et
559 593 692 634 cum
713 576 988 632 omnibus
1011 574 1478 650 possessionibus
1501 578 1556 630 et
1582 570 1945 645 pcrtinentiis
1973 570 2029 638 Α
2057 570 2151 624 Sic
2182 567 2558 624 concedimus
2614 571 2670 622 et
2718 564 3138 622 confirmamus
3185 561 3334 620 alios
3383 559 3638 616 fundos
3695 557 3762 614 in

313 671 461 741 ejus.
494 665 880 724 Concedimus
907 666 1082 722 etiam
1115 670 1172 720 et
1209 665 1654 720 corroboramus
1697 660 1944 716 fundum
2057 659 2184 730 ipso
2214 657 2502 713 territorio
2557 655 2815 724 Galeria,
2875 654 3127 710 fundum
3189 651 3292 726 qui
3343 651 3762 741 vocatur"...

312 735 1114 822 eumTerrione,cumlacu,et
1130 767 1259 807 cum
1276 749 1633 806 omnibusad
1648 746 1950 802 euminin-
2057 747 2208 802 infra
2235 745 2596 818 subscriptos
2629 745 2794 812 ﬁnes,
2827 761 2946 800 una
2976 760 3112 800 cum
3144 740 3415 798 ecclesiis
3446 741 3516 795 et
3555 735 3762 810 perti-

313 849 476 918 tegro
506 843 948 917 pertinentibus,
982 847 1038 896 et
1069 841 1314 894 fundum
1347 837 1664 910 Casagurdi
1695 835 1949 908 positum
2060 835 2274 890 ncntiis
2303 836 2430 906 ejus
2453 833 2914 906 ;aprimolatere
2930 831 3096 896 silex,
3120 831 3219 903 qui
3237 827 3758 894 vocaturStrata,

316 940 1000 1011 viaCornelia(186),quaz
1017 937 1262 992 mittitin
1277 937 1579 992 basilicam
1604 937 1950 990 Sanctarum
2061 930 2116 978 et
2148 925 2284 978 fund
2297 940 2393 978 um
2417 922 2801 1011 Octavianum
2825 938 3013 1011 usque
3035 921 3094 975 in
3119 920 3308 1011 forma
3333 935 3471 992 quae
3489 920 3762 1011 vocatur

322 1031 543 1086 Rufina:
573 1033 630 1084 et
659 1005 932 1084 secundae
965 1028 1131 1098 (187),
1164 1028 1405 1096 etjuxta
1427 1026 1673 1078 formam
1698 1021 1952 1077 sabbati-
2061 1011 2364 1078 Artiones;
2395 1009 2604 1065 deinde
2635 1009 2692 1064 in
2727 1026 2925 1066 massa
2943 1007 3156 1064 Toroni
3185 1024 3198 1074 ;
3224 1005 3556 1098 asecundo
3583 1007 3761 1060 tenet

323 1093 1213 1191 nam(188).Concedimusetiam
1229 1093 1553 1183 casalcqum
1571 1111 1957 1166 vocaturSue-
2064 1098 2714 1191 HIOBQStCPIUm‘SallCtI
2743 1099 2932 1191 Saba,
2960 1101 3018 1191 et
3045 1093 3510 1191 terra‘prazdicti
3532 1109 3758 1191 mona-

323 1211 449 1264 retu
479 1183 626 1278 (489)
647 1205 802 1277 juris
833 1204 1029 1261 Sancti
1061 1203 1350 1259 Laurentii
1385 1201 1645 1256 Palatina
1674 1217 1706 1255 a
1748 1201 1956 1253 Sancto
2067 1188 2222 1278 sterii
2256 1188 2450 1244 Sancti
2480 1187 2793 1278 Stephani;
2825 1204 2860 1243 a
2887 1185 3058 1243 tertio
3081 1183 3466 1278 fund_um_qui
3492 1187 3758 1278 voca-tur

322 1270 685 1377 Petro‘(19tl)-,
717 1307 773 1358 et
803 1303 1049 1358 fundum
1082 1301 1180 1372 qui
1239 1303 1476 1354 vocatur
1533 1299 1701 1368 Zaga.
1775 1341 1786 1351 .
1859 1339 1870 1352 .
1944 1339 1956 1350 .
2068 1274 3474 1377 θεοίωυ-Πῖζξξμδωτξξίθήυωἰθίὶυενῖῇξυξάυαξ
3499 1270 3761 1327 Adin”

321 1399 377 1450 et
406 1362 651 1448 fundum
684 1391 934 1456 Bialum,
989 1393 1045 1445 et
1086 1389 1273 1444 easalc
1331 1388 1426 1458 qui
1486 1391 1721 1441 vocatur
1778 1385 1960 1440 Brccti

2175 1383 2232 1432 n,
2267 1372 2322 1420 et
2353 1364 2722 1421 Villarustica
2745 1382 2812 1421 ex
2835 1381 3076 1437 corpore
3089 1362 3260 1419 vallis
3281 1362 3530 1434 Praeytaa
3549 1375 3760 1432 usque

308 1499 456 1537 (cum
487 1479 762 1536 omnibus
778 1480 849 1534 ad
881 1477 1492 1548 cosdeminintegrum
1514 1474 1958 1546 pertinentibus.

2175 1455 2353 1508 rivum
2375 1453 2981 1524 quivocaturGalera;
3013 1450 3313 1523 simulque
3345 1449 3760 1506 concedimus

324 1570 711 1626 Concedimus
743 1573 800 1624 et
830 1567 1247 1623 confirmamus
1282 1566 1530 1619 fundum
1581 1563 1678 1634 qui
1727 1567 1965 1617 voratur

2179 1544 2316 1598 dum
2351 1543 2445 1614 qui
2479 1548 2717 1597 vocatur
2740 1542 3144 1608 Cosarianum,
3170 1544 3227 1596 et
3244 1540 3506 1595 fundum
3526 1537 3758 1612 Agelli,

325 1667 525 1724 Sancti
555 1665 816 1722 Cassiani
844 1684 856 1731 ;
891 1668 946 1720 et
977 1665 1221 1719 fundum
1246 1663 1344 1736 qui
1370 1661 1966 1724 vocaturillemore,et
2164 1649 2278 1703 quo
2311 1637 2396 1736 ῗδί
2426 1630 2618 1686 mania
2661 1630 2880 1736 530""
2938 1628 3766 1736 Syllanuﬁlcflcﬁlﬂmﬁ

323 1757 596 1824 fundum,
629 1757 727 1828 qui
759 1758 997 1810 vocatur
1027 1753 1281 1825 Scuppla
1311 1751 1537 1806 Ancilla
1571 1750 1662 1806 Dei
1690 1751 1837 1821 (191)
1865 1769 1877 1816 ;
1911 1753 1967 1806 et

331 1845 602 1914 fundum,
621 1844 716 1916 qui
739 1847 967 1900 vocatar
985 1841 1480 1907 Palombarolum,
1501 1857 1702 1895 omnes
1722 1838 1966 1894 invicem

335 1934 692 1990 cohmrentes
723 1949 904 2003 usque
933 1933 990 1986 in
1024 1930 1185 1986 silice
1221 1931 1317 2001 qui
1351 1929 1563 1984 dicitur
1593 1931 1805 1996 Strata,
1837 1943 1970 1984 cum
2003 1935 2050 2002 Β

332 2029 598 2088 terminis
629 2033 685 2086 et
703 2029 1063 2102 appendiciis
1083 2029 1231 2100 ejus,
1257 2033 1467 2083 etcum
1493 2026 1762 2082 omnibus
1777 2027 1846 2080 ad
1865 2043 1962 2082 eos

334 2118 680 2194 generaliter
708 2123 765 2174 et
807 2118 1029 2190 integre
1076 2117 1534 2188 pertinentibus;
1578 2115 1774 2170 omnia
1813 2114 1966 2186 juris

335 2207 594 2283 praedicti
624 2206 961 2264 monasterii
985 2205 1182 2261 Sancti
1199 2205 1476 2277 Stephani
1501 2204 1758 2275 Majoris,
1779 2203 1970 2274 posita

337 2298 430 2354 via
458 2297 659 2354 Clodia
681 2295 851 2367 (192),
884 2293 1158 2349 milliario
1199 2293 1333 2366 plus
1391 2293 1587 2347 minus
1635 2298 1840 2364 quarto
1883 2290 1972 2346 vel

341 2395 565 2468 quinto.
597 2394 712 2449 Nec
742 2411 857 2449 non
891 2392 1264 2448 concedimus
1293 2391 1539 2446 fundum
1592 2390 1692 2461 qui
1743 2395 1978 2445 vocatur

345 2484 491 2544 Casa
521 2481 696 2550 mala,
729 2481 898 2538 sicuti
930 2481 1082 2536 infra
1110 2498 1249 2536 suos
1293 2481 1620 2535 continetur
1667 2479 1830 2534 fines.
1879 2479 1978 2534 Isti

347 2576 486 2630 sunt
509 2570 732 2642 antiqui
755 2571 1012 2627 conﬁnes
1036 2588 1048 2638 ;
1073 2569 1312 2640 aprimo
1344 2569 1522 2624 latere
1552 2573 1640 2623 est
1673 2569 1778 2622 P...
1797 2586 1848 2634 a,
1872 2571 1928 2622 et
1951 2583 1984 2622 a

347 2667 603 2726 secundo
633 2666 883 2722 fundum
917 2665 1156 2732 Menori,
1183 2671 1240 2720 et
1261 2663 1726 2720 Palombarolum
1755 2683 1767 2731 ;
1793 2681 1826 2718 a
1847 2664 1986 2718 duo-

351 2759 464 2814 bus
529 2755 810 2812 lateribus
867 2755 1010 2810 silva
1067 2755 1241 2810 vestri
1299 2753 1658 2809 monasterii.
1710 2753 1990 2808 Similiter

353 2846 770 2904 conﬁrmamus
785 2845 1033 2900 fundum
1057 2844 1158 2915 qui
1183 2848 1418 2899 vocatur
1445 2841 1812 2908 Peritanella,
1837 2842 1992 2914 posi-

355 2939 484 2992 tum
507 2935 602 2992 via
616 2933 878 2990 Cornelia
899 2933 970 2987 ad
989 2936 1223 3004 pontem
1243 2931 1465 2986 Sofﬂari
1477 2932 1646 3002 juxta
1662 2929 1992 2998 Talianum,

361 3037 420 3089 et
446 3031 688 3102 Menori,
719 3034 776 3086 et
806 3035 962 3086 terra
989 3029 1146 3084 tituli
1177 3029 1371 3084 Sancti
1403 3027 1618 3100 Angeli.
1641 3027 1782 3082 Item
1801 3044 1999 3082 conce-

369 3120 566 3177 dimus
595 3123 652 3175 et
681 3119 1125 3174 corroboramus
1178 3118 1424 3172 fundum
1474 3115 1896 3184 Camelianum,
1947 3121 2004 3171 et

373 3207 902 3280 OlibulaAgellum,
923 3207 1088 3262 Pium
1104 3208 1512 3272 Camaranum,
1531 3205 1842 3260 Lauretum
1857 3205 2002 3276 (l92)

2076 1721 2541 1791 Margaritarum,
2575 1720 2795 1791 positos
2826 1737 2894 1776 ex
2925 1719 3041 1776 alia
3070 1723 3234 1792 parte
3257 1719 3492 1774 Strata.
3522 1715 3764 1774 Simili-

2077 1815 2162 1864 ter
2191 1809 2588 1875 concedimus,
2622 1812 2678 1862 et
2707 1809 3128 1864 conﬁrmamus
3158 1807 3413 1862 fundum
3467 1805 3767 1862 Octavia-

2082 1914 2223 1952 num
2256 1902 2313 1952 et
2343 1896 2589 1950 fundum
2620 1897 2908 1952 Cesanum
2941 1913 3076 1952 cum
3109 1899 3232 1952 toto
3278 1893 3592 1952 territorio
3649 1911 3766 1950 suo

2085 1988 2305 2057 absque
2335 2001 2531 2040 massa
2562 1985 2736 2039 Trani
2767 2001 2898 2040 cum
2929 1983 3172 2056 cryptis,
3213 1983 3654 2040 mansionibus
3705 1986 3770 2040 et

2081 2075 2342 2139 familiis,
2373 2078 2428 2128 et
2461 2073 2704 2128 fundum
2738 2073 3104 2130 Pisinianum
3136 2089 3274 2128 cum
3305 2075 3513 2128 monte
3545 2071 3768 2128 Sancti

2080 2162 2308 2233 Angeli.
2341 2162 2407 2215 Et
2428 2162 2800 2216 concedimus
2819 2178 3076 2218 massam
3089 2160 3439 2218 Clodianum
3455 2177 3600 2216 cum
3621 2159 3766 2217 loco

2082 2252 2382 2323 Paparana)
2413 2255 2468 2304 et
2499 2249 2650 2304 sicut
2679 2251 2808 2321 ipsa
2837 2267 3038 2306 massa
3067 2248 3424 2318 extenditur,
3459 2265 3664 2322 usque
3699 2249 3770 2305 in

2083 2341 2359 2396 Soranam
2389 2355 2520 2394 cum
2583 2338 2712 2394 lacu
2743 2339 3103 2404 Baccanis,et
3133 2337 3419 2394 omnibus
3437 2337 3566 2394 suis
3582 2339 3780 2410 perti-

2087 2429 2318 2484 nentiis.
2351 2429 2420 2483 Et
2449 2429 2868 2483 conﬁrmamus
2897 2427 3208 2484 ecclesiam
3241 2427 3448 2483 Sancti
3493 2427 3772 2484 Alexan-

2091 2518 2176 2574 dri
2209 2534 2335 2588 quas
2367 2521 2454 2572 est
2483 2516 2540 2570 in
2574 2516 2873 2582 Baccanis,
2911 2521 2969 2571 et
3016 2517 3271 2572 fundum
3323 2515 3659 2586 Visanum,
3718 2521 3777 2574 et

2096 2606 2535 2679 Perpinianum.
2584 2607 2648 2660 Et
2679 2605 3100 2662 confirmamus
3126 2605 3384 2661 fundum
3417 2605 3779 2662 Germane]-

2097 2695 2220 2750 lum
2254 2694 2506 2766 positum
2555 2693 2648 2748 via
2704 2693 3024 2760 Flammea,
3081 2693 3381 2750 territorio
3440 2694 3778 2767 Nepesino,

2044 2825 2053 2832 .
2101 2785 2349 2840 miliario
2383 2784 2516 2855 plus
2547 2783 2744 2838 minus
2773 2783 3049 2839 vicesimo
3082 2783 3364 2840 secundo.
3417 2783 3779 2856 Pariterque

2103 2873 2476 2930 concedimus
2508 2879 2562 2926 ct
2593 2873 3012 2928 confirmamus
3063 2873 3280 2928 fundos
3325 2871 3434 2945 qui
3480 2877 3782 2930 vocantur

2103 2964 2450 3034 Tracquata,
2493 2961 2922 3029 Cornelianum,
2971 2961 3358 3032 Vivariolum,
3421 2961 3666 3034 positos
3723 2961 3784 3017 in

2109 3053 2415 3108 Macorano
2440 3051 2609 3120 juxta
2639 3050 3028 3121 Capracorum
3059 3049 3212 3121 (494)
3245 3054 3305 3106 et
3345 3050 3532 3122 juxta
3581 3051 3787 3107 rivum

2110 3139 2310 3207 Gralli,
2343 3145 2399 3195 et
2429 3155 2606 3212 prope
2634 3143 2855 3194 eurtem
2889 3139 2960 3194 de
2989 3139 3323 3196 Macorano.
3366 3139 3523 3196 Item
3573 3155 3788 3197 conoe-

2115 3229 2310 3286 dimus
2343 3229 2589 3283 fundum
2622 3227 2721 3300 qui
2751 3231 2992 3283 vocatur
3014 3227 3324 3284 Balneolas
3345 3227 3617 3285 Faticlas
3641 3229 3790 3286 alias

374 3311 432 3364 et
460 3309 748 3378 ψιοῑςυοι
777 3305 929 3361 infra
981 3305 1340 3376 ευδθονίρίοε
1397 3303 1542 3358 ﬁnes
1601 3303 2002 3370 continentur;
2035 3297 2078 3364 (ἶ
2119 3323 2312 3375 monte
2343 3317 2522 3388 Lupis
2553 3297 2729 3389 supra
2749 3317 3028 3373 Sanctum
3049 3317 3452 3374 Alexandrum
3473 3317 3542 3373 in
3572 3319 3792 3375 Bacca-

372 3395 604 3468 aprimo
627 3393 804 3450 latere
829 3393 1184 3450 territorium
1207 3394 1277 3448 de
1290 3396 1547 3464 Buccege
1551 3391 1704 3461 juris
1724 3395 2008 3447 monaste-

369 3483 440 3540 rii
471 3482 669 3542 Sancti
699 3482 932 3540 Martini
961 3501 974 3552 ;
1007 3499 1042 3538 a
1093 3481 1370 3546 secundo,
1430 3480 1620 3534 casale
1677 3479 2005 3536 Celisanum

360 3581 520 3654 juris
539 3581 879 3638 monasterii
903 3579 1098 3636 Sancti
1119 3579 1302 3645 Sabae,
1319 3583 1376 3634 et
1386 3583 1540 3633 terra
1543 3577 1696 3649 juris
1715 3583 2006 3634 monaste-

365 3671 436 3726 rii
467 3669 663 3726 Sancti
689 3667 970 3740 Stephani
1003 3668 1275 3739 Majoris;
1309 3685 1343 3721 a
1371 3667 1540 3722 tertio
1572 3666 1760 3721 rivum
1791 3667 1891 3738 qui
1907 3683 2004 3722 vo-

368 3762 537 3815 catur
565 3756 808 3825 Galero;
867 3774 900 3813 a
930 3761 1138 3828 quarto
1170 3757 1357 3811 rivum
1390 3755 1490 3826 qui
1510 3759 1748 3810 vocatur
1765 3757 2003 3827 Arrone,

365 3846 623 3919 positum
647 3845 937 3902 territorio
964 3843 1225 3901 Galeriae.
1249 3843 1530 3900 Similiter
1553 3843 1928 3899 concedimus
1945 3844 2004 3899 in

367 3936 521 3994 dicto
551 3935 908 3990 monasterio
939 3933 1085 3990 alios
1113 3932 1353 3999 casales,
1382 3933 1481 4003 qui
1505 3937 1780 3988 vocantur
1799 3932 2002 3999 Galdo,

365 4034 580 4090 Mensae
609 4031 931 4099 Palumbae,
952 4030 1112 4086 Valle
1135 4031 1204 4084 de
1227 4029 1422 4096 Paulo,
1453 4029 1778 4096 Ortianum,
1805 4030 2005 4102 Spina-

366 4121 542 4189 bleta,
599 4119 1018 4186 Barbulanum,
1077 4118 1297 4190 positos
1347 4119 1518 4189 juxta
1565 4119 1754 4174 casale
1810 4118 2002 4174 Celsa-

368 4225 540 4266 num.
572 4208 687 4264 Nec
719 4225 834 4262 non
887 4207 1262 4263 concedimus
1319 4208 1567 4262 fundum
1623 4206 2002 4275 Actitianum,

363 4303 423 4352 et
445 4297 695 4353 fundum
723 4294 1094 4352 Villarustica
1124 4313 1193 4352 ex
1249 4312 1485 4368 corpore
1539 4295 1710 4352 vallis
1765 4296 2000 4368 Preytae.

361 4421 462 4493 sed
495 4418 910 4493 interpolatum
941 4420 1140 4489 edidit,
1175 4438 1277 4493 pro
1317 4420 1543 4491 Gajanio
1576 4420 1768 4493 Ahabct
1825 4424 2004 4476 vicum

360 4490 714 4564 Gajanaruin.
750 4492 956 4562 Gajani
997 4490 1279 4548 vocabulo
1329 4490 1669 4565 Pancirolus
1722 4493 2004 4565 intelligit

358 4565 481 4634 Caji
511 4565 854 4636 obeliscum,
888 4565 989 4636 qui
1022 4565 1157 4636 ejus,
1179 4565 1396 4620 circum
1431 4564 1488 4636 in
1512 4564 1788 4618 Vaticano
1814 4564 2000 4636 quoh-

356 4637 492 4692 dam
521 4635 850 4692 nobilitavit
878 4635 934 4691 et
962 4651 1117 4692 nunc
1147 4635 1206 4689 in
1239 4637 1295 4692 S.
1329 4635 1480 4690 Petri
1512 4651 1644 4690 area
1683 4635 1922 4691 eminet.

430 4707 1245 4780 (186)VConferantecedentes
1266 4710 1323 4764 S.
1359 4707 1566 4762 Leonis
1598 4706 1669 4761 IX
1707 4708 1994 4762 constitu-

359 4777 546 4833 tiones
560 4777 680 4851 ‘(Ex
709 4779 922 4834 Bullar.
940 4849 947 4851 _
962 4779 1179 4851 Vutz'c.).

431 4847 690 4918 (187)'De
719 4866 834 4972 qua
864 4849 1091 4920 egimus
1119 4847 1178 4905 in
1227 4847 1510 4920 superiori
1562 4850 1618 4904 S.
1665 4849 1872 4904 Leonis
1919 4849 1989 4904 ΙΧ

405 4919 677 4972 inlomate
713 4921 727 4972 (
761 4919 918 4972 bid.l.

361 4919 923 5002 diplemate(lbid.).
1256 4919 1316 5001 ,ί
1433 4992 1442 5001 _
1656 4993 1664 5001 ,
1779 4987 1802 5002 ε
1944 4991 1954 5002 ,

423 4987 1407 5063 (188)Ηαηοευρὶιδωθωονεινὶωυε
1430 4992 1486 5046 in
1510 4987 1990 5063 proximaLeonis

359 5053 436 5117 IX
466 5059 635 5130 bulla
660 5059 862 5130 (Ibid.).

431 5129 476 5200 (Ι
491 5130 580 5200 89)
609 5129 863 5185 Joannes
877 5131 1185 5201 Cajetanus
1201 5134 1391 5187 Sancti
1405 5133 1689 5188 Theodori
1711 5135 1914 5188 diacon
1926 5151 1992 5187 us

359 5202 536 5275 terras
562 5201 848 5275 vinearum
875 5203 1120 5275 Suveretz'
1147 5207 1420 5275 totumque
1439 5207 1612 5275 ipsius
1636 5207 1992 5275 tcnz'mentum

359 5271 612 5352 basilicae
642 5271 930 5352 vaticanaa
944 5273 1225 5352 donavit;
1273 5271 1442 5352 quem
1454 5271 1520 5352 ad
1534 5275 1660 5352 mod
1673 5274 1994 5352 urnuhabet

359 5360 472 5400 ms.
505 5344 810 5426 cujusdam
849 5344 1080 5426 lacinia,
1137 5344 1698 5426 apud'_'l‘urrigiuxr1,
1755 5344 1855 5398 lib.
1916 5350 1993 5400 De

359 5420 544 5540 crypt.
577 5417 786 5482 Vatic.,
822 5433 949 5488 pag.
989 5419 1106 5500 161,
1139 5418 1279 5472 edit.
1312 5417 1479 5498 “339..
1549 5484 1558 5494 _
1877 5487 1885 5496 .

431 5493 445 5554 (
488 5487 579 5554 90)
611 5485 859 5543 Consule
889 5505 1158 5554 superius
1183 5489 1390 5542 Leonis
1412 5487 1480 5540 IX
1505 5483 1764 5554 diploma
1785 5483 1968 5554 (Ιὺτά.)

431 5493 579 5624 (19Οέ
611 5493 859 5543 Consule
889 5493 1158 5559 superius
1184 5493 1390 5542 Leonis
1412 5493 1480 5540 1x
1505 5493 1988 5566 diploma(lbz’d.).

459 5557 547 5610 191
610 5557 954 5612 Benedictus
987 5561 1072 5623 IX,
1108 5559 1166 5611 in
1251 5557 1504 5624 rivilegio
1555 5572 1656 5626 pro
1707 5571 1897 5626 episco
1944 5557 1993 5612 is

409 5624 531 5677 ilvm
561 5626 827 5677 Candidm
861 5628 1128 5677 meminit
1157 5575 1310 5677 sii’vm
1342 5643 1468 5677 qua}
1500 5625 1824 5677 appellatur
1875 5574 1991 5677 liga.

364 5623 531 5679 Silvae
561 5623 1128 5708 Candidce'rnemi'nit
1157 5623 1310 5708 silvae
1342 5643 1468 5708 quae
1500 5623 1830 5708 appellatur
1875 5623 1991 5708 Ma-

365 5709 502 5763 gna,
534 5709 667 5752 cum
698 5699 974 5752 omnibus
995 5697 1108 5750 sibi
1122 5696 1542 5764 pertinentibus
1567 5696 1667 5762 ;ab
1686 5713 1796 5750 uno
1816 5697 1993 5752 latere

365 5763 530 5840 rivus
559 5764 988 5840 de_Galera,_ab
1019 5763 1130 5840 alio
1160 5762 1336 5840 latere
1359 5782 1533 5840 mons
1555 5765 1654 5840 qui
1672 5766 1996 5840 appellatur

365 5777 528 5817 erllS
559 5777 628 5820 de
657 5777 883 5828 Ualera,
916 5777 988 5819 ab
1019 5777 1130 5818 alio
1161 5777 1336 5818 latere
1367 5782 1533 5822 mons
1596 5783 1654 5819 Ill
1672 5777 1990 5840 appellatur

367 5829 594 5908 Stupha
619 5834 844 5894 Ancilla
871 5833 994 5892 Dei.
1026 5833 1121 5892 Sic
1159 5833 1312 5906 apud
1358 5836 1508 5916 Bull3
1555 5784 1724 5896 Sam.
1775 5837 1990 5898 novies.

2023 4665 2072 4730 υ
2107 4665 2292 4777 (mihi;

2115 3408 2226 3474 nis,
2259 3409 2316 3462 et
2346 3406 2591 3462 fundum
2623 3404 2722 3477 qui
2751 3409 2990 3462 vocatur
3020 3405 3154 3462 Fisa
3182 3422 3320 3462 cum
3350 3406 3558 3479 Burge
3580 3407 3794 3464 Sancti

2113 3495 2442 3552 Alexandri.
2479 3497 2720 3566 Insuper
2748 3494 2924 3550 etiam
2951 3495 3332 3551 concedimus
3355 3499 3416 3550 et
3435 3496 3794 3552 corrobora-

2115 3601 2248 3641 mus
2303 3582 2556 3640 insulam
2591 3583 2916 3638 Martanam
2947 3582 3117 3655 (195),
3159 3599 3280 3639 una
3324 3599 3463 3638 cum
3511 3583 3796 3640 ecclesiis

2115 3675 2310 3730 Sancti
2341 3670 2636 3744 Stephani,
2663 3674 2718 3726 et
2735 3671 2928 3727 Sancti
2945 3670 3263 3740 Valentini,
3277 3671 3594 3740 domibus,
3614 3673 3797 3729 fami-

2113 3762 2226 3830 liis,
2255 3759 2520 3834 piscariis
2537 3764 2740 3816 etcum
2759 3760 3034 3816 omnibus
3055 3761 3130 3816 ad
3153 3777 3284 3816 eam
3315 3760 3797 3832 pertinentibus,

2114 3853 2184 3908 ad
2215 3867 2389 3906 usum
2421 3854 2478 3906 et
2507 3849 2992 3905 sustentationem
3029 3849 3461 3906 monachorum
3481 3849 3550 3905 in
3577 3867 3798 3906 mona-

2113 3939 2286 3997 sterio
2317 3940 2506 3995 Sancti
2539 3937 2819 4010 Stephani
2841 3937 3241 4005 existentium,
3265 3937 3422 3994 sicut
3449 3939 3798 4010 predeces-

2113 4047 2208 4085 sor
2239 4034 2434 4084 noster
2462 4026 2783 4096 Paschalis,
2812 4025 2910 4099 qui
2935 4027 3124 4083 fuerat
3137 4025 3328 4084 rector
3357 4027 3564 4100 ipsius
3580 4045 3800 4086 mona-

2112 4117 2272 4174 sterii
2300 4118 2448 4190 (196)
2470 4116 2628 4172 dedit
2649 4115 2758 4172 hoc
2779 4115 3204 4188 patrimonium
3227 4133 3409 4173 suum
3435 4117 3512 4173 ad
3541 4123 3800 4176 susten-

2110 4206 2388 4262 tationem
2421 4204 2842 4260 monachorum
2873 4205 3067 4260 Sancti
3101 4205 3388 4278 Stephani
3423 4205 3714 4279 Majoris,
3737 4207 3798 4263 in

2111 4296 2285 4352 choro
2315 4295 2469 4351 beati
2498 4293 2654 4350 Petri
2683 4293 3088 4363 servientium,
3117 4298 3176 4350 et
3227 4293 3341 4350 sub
3394 4295 3798 4354 anathemate

2111 4421 2248 4476 edit.
2277 4423 2418 4476 tom.
2454 4419 2496 4474 Ι,
2529 4420 2598 4473 At
2628 4417 2872 4474 Joannis
2903 4417 3028 4473 XIX
3059 4417 3224 4474 bulla
3245 4419 3318 4475 ad
3345 4417 3603 4476 Petrum
3625 4421 3798 4478 Silvae

2109 4491 2375 4547 Candidze
2415 4491 2755 4563 episcopum
2785 4489 2941 4559 data,
2974 4489 3033 4544 in
3063 4489 3271 4546 eodem
3300 4489 3580 4548 Bullario
3614 4492 3801 4550 habet

2108 4563 2342 4635 Huppla
2369 4561 2596 4618 Ancilla
2619 4561 2750 4635 _Dei.

2180 4631 2327 4706 (192)
2359 4635 2438 4690 De
2470 4633 2674 4704 quain
2708 4631 2996 4704 superiori
3047 4633 3258 4688 Leonis
3305 4633 3379 4688 IX
3429 4633 3795 4706 diplomate.

2176 4773 2771 4848 (193)7Domunqultam
2800 4774 3098 4848 Lauretum.
3129 4791 3169 4848 ᾳ
3191 4774 3256 4848 S._
3286 4773 3589 4848 Zachario
3625 4777 3792 4834 novi-

2100 4844 2192 4903 ter
2215 4844 2544 4903 ordinatam
2576 4845 2826 4918 legimus
2856 4846 3012 4918 apud
3031 4844 3569 4918 Bioliothecarium
3591 4851 3660 4904 in
3679 4849 3790 4905 hoc

2100 4916 3076 4998 poutitice;Lauresium_diplomatc
3087 4916 3454 4998 recensitum
3472 4925 3796 4998 memorat

2099 4987 2248 5066 saepe
2278 4990 2516 5066 laudata
2544 4987 2839 5044 Benedicti
2859 4990 2935 5043 IX
2963 4987 3307 5044 constitutio
3331 5005 3440 5060 pro
3461 4992 3782 5066 episcopis

2103 5065 2267 5118 Silvze
2298 5061 2588 5116 Candida.

2171 5134 2316 5203 (194)
2349 5133 2426 5187 De
2457 5148 2570 5202 quo
2602 5147 2734 5186 mox
2755 5130 3388 5205 dicemusinproximo
3411 5133 3784 5205 diplomate.

2099 5201 2338 5260 Interim
2369 5201 2496 5262 quae
2519 5219 2554 5257 a
2577 5206 2776 5256 nostro
2797 5201 3070 5258 Suaresio
3101 5201 3162 5256 in
3185 5202 3457 5259 dratriba
3483 5201 3572 5260 ae
3599 5207 3786 5262 Fora-

2101 5221 2338 5260 Interim
2412 5221 2496 5257 ua;
2519 5221 2554 5257 a
2577 5221 2776 5256 IIOSU‘O
2797 5221 3070 5258 DUEI‘BSIO
3101 5221 3162 5256 1n
3185 5221 3457 5259 aratrma
3490 5221 3572 5260 αθ
3599 5221 3786 5262 FO“-

2100 5221 2672 5358 minibusiiapidum,
2703 5277 2836 5338 etc.,
2856 5272 3039 5328 relata
3057 5277 3168 5340 est,
3194 5273 3673 5346 inscriptionem
3699 5294 3788 5334 ac-

2100 5365 2293 5472 ἓξὲξ]
2322 5415 2625 5472 TURREM
2658 5415 2745 5468 ΕΤ
2775 5414 3204 5470 PAGINEUMA
3233 5416 3368 5472 Ε’Αο
3383 5418 3478 5472 ΓΑ
3507 5423 3557 5472 Α
3586 5419 3792 5476 MILI-

2171 5490 2295 5544 ΤΙΑ
2344 5485 2831 5544 CAPBACOBUM
2880 5486 3223 5544 TEMPORE
3271 5487 3450 5557 DOM.
3509 5491 3789 5548 LEONIS

2171 5559 2437 5624 QUARTI
2471 5558 2574 5612 PP.
2601 5557 2694 5612 GO
2755 5557 3049 5613 AGATHO
3079 5559 3186 5614 C...

2168 5631 2318 5704 (495)
2343 5629 2489 5704 Yide
2518 5626 2853 5704 Cluverium
2886 5628 3026 5704 Ital.
3045 5629 3231 5704 antiq.
3255 5628 3362 5704 lib,
3388 5648 3454 5700 ιι,
3481 5647 3634 5704 pag.
3659 5635 3792 5690 559.

2171 5701 2442 5774 ('196)Sic
2475 5700 2652 5756 habet
2681 5703 2960 5757 Anastas.
3010 5701 3159 5758 Bibl.
3207 5701 3269 5756 in
3331 5700 3528 5760 Leone
3563 5700 3680 5764 ΠΙ.
3735 5710 3800 5762 ut

2099 5787 2279 5846 supra
2302 5771 2592 5829 diximus.
