3898 6452
101 540 217 600 205

1322 528 1738 609 nxeosnio
1780 548 2282 614 PSAIMORUM.

3379 563 3496 623 206

102 673 303 769 stitias
318 676 705 769 Jenarrantes,
734 673 849 769 iter
899 673 1041 769 illud
1075 677 1228 748 quod
1282 675 1537 733 salutare
1581 683 1748 769 tuum
1781 683 1832 751 Α
1863 681 2215 752 passionem,
2245 700 2375 739 cum
2393 686 2690 766 judicatus
2718 688 2874 765 vicit,
2908 694 2964 745 et
2989 691 3279 765 mundum
3325 693 3498 769 dam-

101 761 360 817 e'stendit
414 761 772 834 gradiamur.
815 763 922 819 Per
968 764 1282 821 Dominum
1334 769 1598 821 nostrum
1654 765 1748 823 Je-

101 864 259 918 sum,
292 854 404 907 etc.

707 939 1043 997 PSALMUS
1084 942 1148 997 L.

576 1042 984 1085 ABGUMBNTUI!
1024 1046 1179 1084 PSAL.
1223 1047 1274 1085 L.

169 1118 214 1170 Ο
244 1115 367 1170 Vox
398 1114 797 1188 pmnitentiam
813 1117 1073 1189 agentis.

172 1204 294 1267 Tfl‘.
325 1202 599 1275 lnﬁnem
624 1206 880 1275 .psatmus
930 1206 1122 1273 David,
1156 1223 1280 1262 cum
1323 1209 1475 1264 venit
1519 1207 1590 1262 ad
1629 1224 1756 1264 cum

246 1292 468 1349 Nathan
489 1293 755 1364 propheta
781 1309 906 1349 cum
933 1296 1164 1351 intravit
1192 1295 1262 1350 ad
1295 1296 1575 1352 Bersabee.

171 1380 218 1436 Η
255 1381 371 1436 iste
403 1381 934 1455 quinquagesimus
964 1383 1232 1455 psalmus
1260 1401 1460 1445 vocem
1501 1384 1757 1440 continet

104 1469 463 1541 paenitentis,
496 1471 831 1532 ostendens.
863 1476 929 1526 ut
959 1471 1059 1543 qui
1102 1472 1378 1528 ceciderit
1428 1473 1486 1527 in
1534 1473 1753 1529 crimen

104 1558 366 1631 aliquod,
401 1558 558 1613 mala
585 1575 693 1615 sua
716 1550 1048 1615 confitendo
1081 1561 1281 1617 redeat
1310 1561 1381 1616 ad
1415 1559 1682 1619 salutem.

104 1647 129 1702 1
207 1649 478 1703 Miserere
506 1649 635 1712 mei,
668 1651 806 1703 Deus
838 1665 851 1702 :

207 1735 522 1791 Secundum
549 1742 604 1801 ἑο
644 1752 909 1805 magnam
953 1743 967 1802 ξ
1034 1738 1465 1794 misericordiam
1495 1745 1664 1794 tuam.

171 1827 214 1878 C
242 1827 394 1879 Cum
425 1838 491 1879 se
538 1824 803 1879 audisset
848 1840 949 1880 rex
994 1826 1436 1897 potentissimus
1466 1844 1500 1882 a
1527 1826 1753 1882 Nathan

104 1912 396 1985 propheta
427 1911 721 1984 redargui,
745 1918 1045 1984 peccatum
1067 1931 1241 1970 suum
1267 1932 1379 1970 non
1401 1914 1634 1969 erubuit
1655 1930 1751 1986 pu-

103 2000 253 2056 blice
286 2000 557 2056 confiteri
588 2002 666 2068 (Il
695 2002 817 2071 Reg.
840 2000 1418 2074 xu),dicendojudici
1444 2020 1457 2057 :
1481 2002 1752 2058 Miserere

1860 775 2033 828 natus
2090 772 2356 837 absolvit,
2389 775 2485 828 sed
2538 762 2784 849 intelligi
2836 781 2986 834 recte
3035 762 3227 851 potest
3274 764 3499 836 vincere

1740 881 1749 888 ο
1857 863 2012 915 Deus
2037 876 2170 915 cum
2194 859 2493 931 judicatur
2531 863 2603 918 ab
2652 863 3010 933 hominibus,
3041 867 3181 947 quia
3228 868 3286 924 in
3332 868 3495 941 omni

1851 947 2073 1018 judicio
2103 952 2256 1004 Deus
2270 949 2472 1020 justus
2501 951 2798 1022 probatur.

1858 1055 1894 1108 6
1964 1055 2167 1121 Ecce—5
2209 1057 2359 1110 enim
2404 1063 2418 1122 ζ
2484 1057 2872 1129 iniquitatibus
2898 1070 3324 1137 conceptussum
3354 1082 3373 1120 :

1965 1145 2031 1197 Et
2061 1144 2121 1197 in
2143 1145 2374 1215 peccatis
2400 1146 2640 1215 concepit
2667 1161 2755 1202 me
2780 1150 2959 1211 mater
2985 1166 3123 1227 mea.

1932 1231 1977 1286 Η
2009 1231 2112 1285 Hic
2140 1230 2462 1288 versiculus
2506 1234 2683 1290 totius
2728 1234 2972 1301 humani
3006 1237 3495 1319 generis,.e,as_um

1862 1319 2114 1391 exponit.
2149 1318 2484 1393 Concipitur
2521 1321 2676 1383 enim
2724 1320 2899 1387 homo
2929 1328 2984 1385 et
3010 1318 3498 1399 nasciturinori-

1862 1405 2043 1483 ginali
2075 1412 2329 1479 peccato,
2363 1409 2519 1481 quod
2550 1426 2618 1465 ex
2646 1410 2830 1466 Adam
2858 1397 3248 1492 trahitur.sed
3268 1414 3498 1493 baptis-

1864 1512 1959 1551 mo
1990 1512 2093 1567 per
2120 1495 2365 1567 gratiam
2401 1497 2497 1553 Dei
2528 1498 2891 1570 purificatur.

1861 1584 1896 1636 7
1967 1585 2097 1639 Ecce
2125 1586 2272 1639 enim
2300 1585 2586 1641 veritatem
2612 1586 2863 1645 dilexisti
2889 1605 2908 1642 :

1968 1675 2181 1727 Incerta
2243 1680 2295 1727 et
2357 1674 2564 1733 occulta
2613 1676 2901 1747 sapientiae
2963 1684 3077 1733 tua?
3118 1680 3502 1751 .mauifestasti

2035 1762 2197 1816 mihi.

1931 1848 1973 1903 C
1996 1849 2120 1905 Non
2151 1849 2305 1905 enim
2336 1850 2653 1911 delectatur
2696 1856 2851 1909 Deus
2884 1853 3083 1925 prauis
3128 1854 3499 1925 nostris,,sed

1862 1937 2281 1995 confessionem
2328 1955 2522 1995 veram
2571 1940 2775 2012 quaerit
2823 1940 3266 2009 erroris.;David
3316 1942 3502 2016 igitur

1788 2046 1832 2111 Β
1861 2030 2159 2098 peccatum
2191 2043 2303 2083 non
2322 2030 2870 2099 negans,veritatcm
2887 2030 3193 2099 confessus
3206 2035 3499 2104 est,guam

100 2089 239 2144 mei.
265 2088 396 2143 Vox
425 2088 540 2192 ista
570 2105 683 2143 non
716 2089 1028 2192 discutitur
1056 2090 1157 2192 sed
1191 2089 1300 2145 sub
1331 2089 1753 2162 tranquillitate
1788 2088 1832 2111 "
1861 2088 2013 2171 haus
2044 2130 2224 2187 supra
2252 2088 2769 2189 sacriﬁcia'qumm
2797 2123 2854 2175 et
2882 2088 3499 2192 άίλίείιςιηοέτῷέᾲὲο

103 2192 344 2248 semper
374 2176 633 2243 auditur,
665 2175 905 2249 solaque
934 2193 1025 2232 res
1056 2182 1144 2233 est
1173 2194 1275 2250 per
1320 2194 1496 2250 quam
1528 2194 1753 2255 possu-

106 2281 236 2320 mus
263 2264 351 2319 rei
384 2265 538 2335 apud
575 2264 884 2320 Dominum
916 2265 1043 2320 sine
1073 2264 1271 2341 aliqua
1290 2266 1631 2321 difficultate
1660 2264 1755 2322 de-

106 2352 339 2409 fendi.H
359 2352 468 2416 Qui
486 2351 650 2406 enim
669 2368 739 2407 se
754 2351 1033 2408 miserum
1059 2357 1226 2425 putat
1248 2370 1373 2410 esse
1384 2353 1460 2411 de
1482 2354 1606 2410 suis
1629 2370 1758 2426 pec-

109 2441 271 2509 catis,
306 2456 446 2497 cum
478 2438 578 2495 illo
608 2438 928 2496 facit'Deus
959 2440 1416 2497 miscricordiam
1458 2458 1755 2515 magnam.

109 2532 142 2583 2
228 2534 285 2593 -Ξ-
313 2530 383 2583 Et
426 2535 440 2594 ζ
528 2527 827 2589 secundum
878 2530 1288 2587 multitudinem
1342 2533 1758 2599 miseratiouum

286 2621 515 2671 tuarum
546 2633 566 2671 .-

201 2706 351 2769 ,υειε
381 2706 735 2777 iniquitatem
762 2721 961 2765 meam.

182 2794 227 2849 Η
254 2793 595 2849 Secundum
627 2793 1062 2850 multitudinem
1113 2795 1381 2868 confugio
1414 2797 1484 2852 ad
1519 2797 1759 2866 misera-

119 2883 299 2939 tiones
332 2885 490 2947 tuas,
525 2884 591 2936 ut
620 2881 893 2954 gravibus
940 2883 1280 2941 vulneribus
1331 2883 1633 2940 thiriacam
1674 2883 1759 2939 vel

120 2969 470 3026 medicinam
483 2974 595 3024 tuae
610 2968 1004 3025 miserationis
1021 2969 1761 3029 infundasMiserationum

119 3057 271 3125 dicit,
300 3058 445 3131 quia
469 3055 658 3113 multa
683 3061 822 3121 sunt
852 3063 1086 3130 peccata
1115 3062 1326 3126 mea,et
1360 3059 1764 3115 miserationes

120 3150 225 3199 tua
258 3145 480 3201 multae.
515 3148 556 3200 C
586 3144 687 3202 Ille
714 3146 870 3201 enim
903 3146 1064 3202 solus
1094 3146 1154 3205 in
1177 3146 1327 3202 libro
1356 3147 1484 3202 vitae
1517 3148 1766 3209 conscri-

120 3232 291 3300 bitur,
322 3236 499 3305 cujus
519 3235 719 3295 omnia
748 3239 986 3306 peccata
1014 3234 1303 3291 delentur.

116 3321 148 3374 3
216 3309 466 3393 Amplius
498 3322 622 3385 lava
652 3337 738 3377 me
764 3322 833 3378 ab
863 3322 1155 3395 iniquitate
1182 3339 1304 3379 mea
1333 3342 1353 3378 :

217 3408 281 3465 Et
306 3427 340 3467 a
363 3413 589 3482 peccato
614 3426 732 3466 meo
760 3410 964 3473 munda
984 3427 1088 3466 me.

174 3497 229 3553 Ἠ
258 3499 535 3572 Amplius
566 3497 695 3555 lava
727 3514 820 3555 me
846 3516 911 3555 ac
952 3499 1000 3555 si
1049 3500 1203 3555 dicat
1238 3519 1249 3556 :
1285 3501 1371 3556 'l‘u
1422 3505 1583 3573 potes
1629 3501 1762 3573 plus

125 3586 258 3642 mihi
289 3590 593 3645 remittere
622 3598 800 3660 quam
823 3600 928 3661 ego
948 3592 1004 3644 te
1026 3586 1344 3661 intelligam
1370 3595 1635 3663 rogarec
1655 3590 1766 3645 Ad-

126 3673 202 3729 dit
223 3676 445 3733 munda
478 3679 892 3748 me,quatenus
922 3677 981 3732 in
1003 3693 1067 3732 eo
1094 3676 1236 3732 nihil
1260 3694 1557 3734 remanere
1582 3678 1767 3750 possit

128 3763 659 3837 immundum,post
688 3766 845 3825 enim
877 3764 1091 3837 aliquis
1118 3766 1200 3821 sic
1230 3765 1428 3834 lavari,
1451 3772 1516 3823 ut
1545 3784 1658 3822 non
1690 3767 1766 3822 sit

130 3854 351 3913 omnino
384 3854 932 3928 purissimus,recte
954 3854 1133 3928 igitur
1154 3854 1379 3911 addidit
1408 3858 1629 3912 munda
1650 3873 1762 3913 me.

132 3940 158 3993 Ιι
221 3945 518 4012 Quoniam
551 3944 931 4016 iniquitatem
961 3959 1151 4001 meam
1181 3960 1286 4015 ego
1314 3960 1583 4017 cognosco
1617 3962 1630 4001 :

221 4033 294 4085 Et
322 4037 640 4104 peccatum
666 4047 853 4087 meum
885 4038 1094 4089 contra
1127 4050 1213 4089 me
1241 4039 1322 4089 est
1344 4051 1588 4107 semper.

192 4121 228 4172 C
255 4118 499 4177 Peccata
530 4121 690 4176 enim
723 4119 824 4175 illa
854 4121 1092 4178 fortiora
1123 4125 1420 4195 sunt,qu:e
1451 4139 1766 4195 agnoscen-

135 4208 207 4260 tes
233 4209 690 4278 committimus,
714 4224 829 4265 non
863 4214 1057 4264 autem
1078 4209 1190 4265 illa
1218 4227 1344 4281 quae
1374 4228 1477 4283 per
1505 4212 1772 4285 ignoran-

137 4293 259 4350 tiam
308 4300 747 4369 perpetramus.
779 4300 991 4353 Contra
1035 4314 1097 4353 se
1146 4298 1291 4354 dicit
1339 4303 1491 4354 stare
1538 4299 1770 4367 delicta,

141 4382 257 4451 quia
272 4383 401 4455 jam
432 4385 534 4443 hic
569 4385 952 4453 constitutus,
974 4385 1142 4458 quasi
1172 4387 1231 4441 in
1264 4391 1505 4442 venturo
1524 4388 1772 4459 judicio,

141 4468 460 4531 delictorum
485 4490 749 4531 suorum.
763 4477 1037 4547 aspectus
1052 4474 1380 4532 teterrimos
1396 4476 1772 4548 pertimescit,

142 4560 190 4611 et
214 4568 406 4621 contra
435 4578 511 4621 se.
528 4567 695 4623 stare
716 4562 859 4621 dicit
878 4562 1285 4636 delicta,quasi
1302 4564 1617 4636 quamdam
1636 4565 1776 4621 ima-

147 4646 313 4715 ginem
341 4652 752 4725 iiguratam,et
780 4651 889 4713 hoc
912 4668 1029 4709 non
1054 4652 1235 4711 semel
1264 4658 1366 4709 aut
1384 4653 1476 4710 bis
1507 4653 1613 4710 sed
1630 4670 1777 4710 sem-

140 4750 248 4802 per.

151 4822 178 4874 5
241 4828 373 4891 Tibi
390 4830 500 4889 soli
524 4831 775 4900 peccavi
803 4839 859 4887 et
886 4830 1112 4891 malum
1145 4847 1341 4889 coram
1369 4838 1427 4887 te
1452 4832 1572 4904 feci
1603 4847 1616 4889 :

241 4916 695 4990 Utjutiﬂceris
725 4920 789 4979 in
806 4920 1176 4979 sermonibus
1201 4923 1318 4983 tuis
1345 4930 1400 4977 et
1426 4923 1631 4978 vincas
1649 4937 1779 4983 cum

286 5008 618 5077 iudicaris.

212 5091 319 5146 CSi
343 5095 476 5165 quis
506 5094 674 5151 enim
707 5094 780 5149 de
812 5093 1027 5167 populo
1056 5096 1412 5164 erraverit,et
1441 5096 1558 5153 Deo
1586 5100 1786 5169 peccat

160 5177 355 5252 tingi.
379 5182 528 5240 Nam
559 5181 806 5255 quando
857 5198 957 5238 rex
988 5181 1311 5255 delinquit,
1345 5182 1451 5239 soli
1483 5183 1599 5241 Deo
1647 5199 1783 5239 reus

166 5270 250 5319 est.
278 5267 379 5331 Iste
408 5273 730 5345 igiturrex
758 5269 866 5327 soli
908 5276 1019 5328 Deo
1067 5287 1303 5343 peccare
1348 5288 1411 5329 se
1454 5272 1613 5338 dicit,
1647 5272 1787 5343 quia

172 5348 422 5416 hominem
454 5379 574 5418 non
627 5360 812 5416 habet
853 5358 953 5431 qui
1002 5361 1130 5431 ejus
1178 5360 1330 5419 facta
1386 5360 1683 5432 dijudioet.
1717 5360 1787 5416 Et

176 5442 283 5506 quia
305 5445 459 5505 illum
489 5449 723 5522 ubique
754 5448 1317 5519 essenoveratdure
1340 5464 1533 5506 coram
1564 5464 1631 5505 eo
1650 5464 1787 5505 .ma-

178 5523 272 5584 lum
296 5550 350 5591 se
377 5537 593 5598 fecisse.
612 5534 985 5609 deplorabat.
1002 5536 1327 5605 .Sermoaes
1345 5541 1537 5592 autem
1557 5536 1787 5592 Domini

184 5622 675 5697 mel’iiohistiiicati.
687 5624 1281 5697 dicuntur,quoniam
1294 5624 1419 5680 sine
1436 5626 1613 5683 dubio
1636 5641 1786 5681 sem-

1863 2206 1919 2259 et
1947 2202 2177 2259 occulta
2203 2208 2364 2271 sunt,
2399 2221 2527 2275 quis
2556 2208 2707 2281 Deus
2756 2206 3047 2279 prepbete
3096 2206 3273 2279 David
3305 2207 3366 2289 in
3388 2206 3501 2279 .tilii

1866 2291 1954 2347 sui
1987 2290 2453 2348 manifestatione
2484 2290 2773 2358 revelavit,
2806 2292 2867 2347 id
2911 2296 3021 2361 est,
3055 2297 3121 2349 ut
3166 2295 3499 2369 passionem

1866 2380 1993 2451 ejus
2024 2378 2280 2434 futuram
2317 2378 2650 2455 praediceret
2677 2384 2733 2435 et
2770 2381 3208 2447 resurrectionis
3234 2380 3499 2454 gloriam

1865 2466 2182 2537 nuntiaret,
2214 2471 2272 2522 et
2301 2468 2436 2523 inde
2465 2467 2607 2524 dicit
2636 2485 2698 2524 se
2729 2485 2843 2524 non
2883 2469 3164 2535 debuisse
3184 2486 3497 2542 ,peceasse,

1866 2572 2001 2612 cum
2033 2555 2171 2611 talia
2202 2555 2513 2613 meruisset
2530 2558 3093 2629 agnoscerelneerta
3112 2559 3342 2631 proprie
3362 2562 3502 2621 sunt

1865 2662 1996 2717 quae
2026 2643 2263 2702 omnino
2294 2645 2543 2701 discerni
2586 2661 2704 2713 non
2752 2651 3019 2718 possunt,
3053 2647 3154 2711 sed
3198 2645 3500 2719 aliquibus

1866 2732 2347 2806 ambiguitatibus
2372 2732 2987 2807 colliguntur.Occulta
3014 2751 3146 2797 vero
3170 2739 3338 2797 sunt:
3371 2751 3499 2807 quae

1869 2838 1973 2878 nec
2002 2822 2207 2878 oculus
2238 2822 2521 2894 conspicit
2550 2838 2655 2878 nec
2686 2838 2849 2879 mens
2892 2822 3151 2889 humana
3194 2823 3499 2895 dijudieat.

1867 2928 1901 2981 8
1974 2928 2225 3000 Asperges
2252 2944 2356 2991 me,
2390 2929 2630 2995 Domine,
2660 2929 2887 3000 hyssopo
2909 2938 2963 2984 et
2987 2928 3296 2986 mndabor
3323 2948 3342 2984 :

1977 3016 2207 3070 Lavabis
2232 3032 2317 3071 me
2344 3023 2395 3071 et
2420 3032 2583 3087 super
2602 3018 2785 3071 nivem
2803 3016 3113 3073 dealbabor.

1941 3103 1989 3157 Η
2016 3103 2186 3160 Sicut
2213 3102 2369 3160 enim
2401 3101 2743 3175 hyssopum,
2762 3103 2825 3158 id
2843 3109 2937 3159 est
2952 3103 3191 3160 humilis
3212 3104 3392 3162 herba
3413 3121 3507 3161 cu-

1854 3191 2075 3247 .randis
2104 3190 2484 3263 pulmonibus
2516 3195 2719 3263 aptum
2745 3196 2865 3258 est,
2886 3192 2969 3246 ita
2997 3192 3215 3248 caelesti
3259 3194 3393 3264 quis
3420 3209 3510 3248 re-

1872 3295 2123 3351 spersus.
2143 3279 2416 3350 hyssopo,
2446 3277 2505 3333 id
2531 3281 2621 3333 est
2650 3275 2981 3337 humilitate
3009 3278 3223 3346 cordis,
3249 3272 3321 3333 ab
3350 3279 3511 3334 omni

1871 3368 2155 3439 superbia:
2183 3365 2545 3438 malignitate
2574 3360 2875 3439 purgatur.
2901 3366 3145 3421 Lavabis
3175 3365 3403 3433 me,hoc
3420 3371 3510 3422 est

1872 3471 1974 3527 per
2024 3455 2444 3527 paenitentiam.
2472 3459 2514 3509 Ο
2543 3456 2649 3510 Per
2694 3454 3013 3527 hyssopum
3072 3454 3250 3527 igitur
3292 3453 3504 3509 Christi

1856 3544 2218 3617 sanguinem
2248 3543 2537 3616 intelligit,
2570 3543 2670 3615 qui
2703 3560 2817 3599 non
2848 3543 3037 3599 solum
3061 3543 3505 3616 inquinamenta

1866 3632 2240 3705 detergit,sed
2272 3631 2444 3687 etiam
2477 3647 2651 3704 super
2678 3631 2867 3687 nivem
2898 3632 3212 3705 puritatem
3242 3631 3503 3689 relucen-

1872 3722 1947 3777 tis
1976 3721 2185 3777 animae
2216 3719 2488 3789 ostendit,
2522 3720 2661 3792 quia
2689 3720 2972 3792 spiritalis
2998 3720 3198 3776 anima
3224 3720 3394 3793 longe
3415 3736 3508 3775 su-

1860 3826 1979 3881 pra
2007 3825 2250 3880 corpora
2277 3809 2578 3865 mundana
2606 3809 2875 3881 (quorum
2908 3808 3136 3865 nullum
3166 3810 3297 3866 nive
3318 3808 3510 3865 albius

1866 3900 1980 3964 est)
2004 3896 2352 3968 resplendet.

1870 4005 1908 4059 9
1981 4003 2207 4059 Auditui
2232 4019 2351 4059 meo
2382 4002 2536 4059 dabis
2566 4003 2827 4073 gaudium
2848 4012 2900 4059 et
2930 4004 3185 4069 laetitiam
3214 4021 3235 4058 :

1982 4093 2048 4149 Et
2074 4092 2429 4147 exsutiabunt
2458 4107 2580 4147 ossa
2610 4091 2919 4146 humiliata.

1948 4180 1999 4235 Η
2025 4179 2259 4234 Auditui
2291 4195 2441 4245 meo,
2463 4176 2522 4232 id
2554 4181 2660 4245 est,
2694 4195 2826 4247 cum
2853 4179 3056 4250 jacens
3084 4177 3145 4232 in
3173 4177 3513 4235 inﬁrmitate

1878 4268 2097 4344 peccati
2123 4267 2325 4321 audire
2353 4282 2616 4322 meruero
2650 4284 2662 4321 :
2695 4266 2901 4333 Homo,
2932 4266 3177 4323 dimissa
3223 4271 3361 4322 sunt
3404 4267 3513 4327 tibi

1879 4360 2116 4430 peccata
2130 4360 2261 4410 tua:
2283 4354 2451 4410 dabis
2467 4354 2746 4427 gaudium
2765 4354 2992 4409 auditui
3008 4370 3137 4411 meo
3154 4360 3211 4411 et
3231 4353 3511 4431 laetitiam.

1880 4448 1921 4501 C
1949 4440 2512 4515 Gaudiumpertinet
2541 4442 2611 4496 ad
2653 4439 3074 4497 absolutionem
3126 4446 3514 4514 peccatorum.

1883 4532 2106 4589 Laatitia
2137 4547 2266 4587 vero
2296 4531 2366 4586 ad
2400 4533 2681 4602 perpetua
2710 4530 2945 4603 praemia
2974 4520 3347 4601 possidenda.
3373 4531 3520 4586 Ossa

1882 4639 2014 4678 vero
2074 4618 2407 4693 signiﬁcant
2462 4618 2644 4674 animi
2693 4618 3079 4686 firmamenta,
3113 4634 3239 4692 quis
3288 4635 3522 4691 necesse

1885 4710 2074 4766 fuerat
2098 4707 2394 4765 humiliari
2405 4724 2612 4781 ,usque
2639 4708 2781 4763 dum
2812 4707 3095 4780 paenitens
3116 4709 3401 4782 potuisset
3421 4709 3520 4764 ab-

1807 4764 1853 4830 D
2162 4798 2327 4865 Ossa,
2360 4764 2418 4852 id
2450 4764 2557 4863 est,
2584 4764 2831 4852 virtutes
2858 4813 2982 4870 quae
3013 4764 3265 4870 peccatis
3293 4764 3525 4853 fuerant

1887 4886 2226 4953 bumiliatze,
2257 4884 2347 4942 vel
2381 4884 2503 4958 spei
2535 4884 2847 4951 aeternitas,
2879 4888 2967 4941 est
2994 4902 3127 4942 ossa
3159 4885 3487 4943 humiliata.

1891 4994 1960 5051 lO
2031 4995 2221 5050 Averte
2247 4992 2444 5064 faciem
2474 4999 2624 5048 tuam
2651 5008 2685 5046 a
2710 4993 2941 5063 peccatis
2968 4993 3104 5049 meis
3134 5010 3154 5049 :

2030 5083 2096 5137 Et
2123 5097 2310 5137 omnes
2339 5082 2658 5152 iniquitates
2686 5096 2834 5136 meas
2864 5080 2997 5137 dele.

1966 5169 2244 5225 H-Averte
2276 5168 2479 5224 faciem
2514 5173 2697 5237 tuam,
2731 5167 2788 5222 id
2820 5172 2926 5237 est,
2959 5184 3029 5224 ne
3052 5168 3248 5226 videas
3295 5173 3531 5242 peccata

1897 5274 2047 5325 mea,
2077 5273 2148 5312 ne
2177 5256 2497 5312 recorderis
2528 5256 2627 5313 illa
2658 5274 2671 5311 :
2705 5260 2761 5311 et
2791 5272 2993 5312 omnes
3025 5256 3365 5329 iniquitates
3393 5274 3532 5330 prae-

1896 5347 2096 5402 teritas
2127 5349 2187 5401 et
2209 5348 2522 5425 prasentes
2552 5349 2723 5416 atque
2755 5345 2981 5401 futuras
3009 5344 3152 5402 dele.

1896 5452 1957 5509 41
2039 5452 2150 5507 Cor
2170 5426 2445 5506 mundum
2471 5466 2595 5507 erea
2626 5452 2683 5505 in
2707 5466 2810 5518 me,
2842 5454 2983 5507 Deus
3008 5471 3027 5506 :

2037 5540 2101 5593 Et
2125 5540 2385 5610 spiritum
2414 5547 2618 5595 rectum
2650 5540 2849 5594 iunooa
2870 5541 2927 5595 in
2950 5540 3257 5617 visceribus
3272 5540 3429 5594 meis.

1969 5630 2008 5681 C
2039 5625 2148 5682 Cor
2176 5626 2462 5681 mundum
2494 5625 2640 5698 petit
2669 5624 2955 5703 Propheta
2976 5626 3094 5697 sibi
3127 5626 3331 5689 creari,
3362 5622 3422 5698 id
3451 5621 3543 5672 est

171 5716 263 5773 ιῐιθτ
297 5713 615 5783 Ijus'dicta
658 5712 1057 5785 complentur.
1088 5713 1220 5770 .Ista
1267 5718 1463 5768 autem
1507 5713 1704 5778 verba,
1735 5717 1792 5768 et
1899 5714 2237 5779 restaurari,
2267 5714 2423 5786 quod
2445 5714 2571 5785 jam
2611 5711 3046 5787 impellentibus
3089 5712 3343 5781 peccatis
3389 5717 3545 5760 com—

186 5792 341 5856 νίκιε
380 5820 508 5863 cum
547 5802 874 5883 judicaris,
907 5801 1147 5876 quidam
1203 5804 1405 5877 aptant
1449 5803 1518 5859 ad
1561 5802 1790 5860 Domini
1900 5802 2116 5861 moveri
2142 5800 2305 5863 nullo
2335 5802 2511 5862 modo
2540 5800 2726 5876 possit
2751 5799 2822 5856 ad
2871 5798 3123 5874 culpam.
3158 5794 3226 5849 Et
3272 5792 3549 5867 spiritum
