3898 6346
133 452 246 516 791

1101 440 1510 509 EPlSTOL/E
1552 441 1654 505 ΕΤ
1695 439 2059 503 DEGBETA
2102 436 2577 503 PONTIFICIA.‘

3407 432 3530 498 72!

133 582 433 643 interdixit
461 585 528 641 ut
552 580 754 640 nullus
783 584 980 655 posset
1008 577 1397 637 ecclesiastica
1428 585 1527 635 aut
1556 578 1775 651 privata
1806 579 1859 647 Α
1890 575 2240 647 ρνεθειισιθῑ;
2276 577 2333 629 et
2353 572 2402 629 si
2424 568 2822 645 suprascripta
2847 568 3064 640 omnia,
3087 581 3213 642 quas
3241 566 3303 625 in
3330 582 3531 627 eorum

136 677 335 744 (intell.
361 673 722 744 auctoritate)
747 671 1073 743 inquietare
1094 688 1221 735 eos;
1242 671 1342 726 sed
1366 686 1597 741 semper
1625 667 1779 723 ordi-

135 770 377 822 nassent
390 766 660 821 abbatem
685 764 742 818 in
769 762 895 833 ipso
920 762 1269 815 monasterio
1285 760 1477 815 Sancti
1503 757 1780 829 Stephani

136 862 206 918 de
236 862 455 927 Insula,
479 865 536 917 et
564 861 689 932 ipse
710 859 1013 915 Paschalis
1038 858 1293 930 pontifex
1316 856 1639 911 nominavit
1667 871 1782 909 mo-

134 953 458 1008 nasterium
474 952 544 1005 de
560 949 755 1003 Insula
774 950 1052 1003 Sanctum
1074 947 1433 1017 Stephanum
1450 964 1481 1000 a
1497 949 1785 999 monasten

135 1042 216 1097 rio
251 1040 443 1096 Sancti
474 1038 753 1109 Stephani
785 1038 1040 1107 Majoris,
1070 1037 1407 1106 cujusjuris
1432 1040 1537 1089 est.
1571 1035 1782 1089 Conce-

137 1130 334 1184 dimus
367 1132 422 1182 et
443 1128 861 1182 confirmamus
874 1125 1177 1180 ecclesiam
1202 1126 1425 1179 Sancta!
1444 1122 1637 1177 Marize
1658 1139 1783 1192 qua:

134 1232 378 1282 vocatur
408 1225 464 1279 in
489 1225 668 1279 Turre
690 1224 858 1294 (197),
885 1240 1060 1293 quam
1086 1222 1395 1293 praedictus
1416 1218 1708 1275 Paschalis
1727 1219 1784 1273 in

130 1318 257 1388 jam
282 1315 436 1370 dicto
460 1312 809 1368 monasterio
832 1328 933 1383 per
956 1311 1323 1383 privilegium
1349 1310 1629 1365 concessit
1654 1325 1786 1363 cum

136 1405 307 1461 libris
350 1408 404 1458 et
436 1401 815 1475 paramentis,
848 1401 1121 1455 crucibus
1152 1404 1207 1455 et
1249 1399 1566 1453 thuribulis
1597 1398 1667 1452 de
1698 1415 1787 1451 ar-

138 1498 335 1566 gento,
367 1509 500 1546 cum
534 1490 807 1545 domibus
838 1494 893 1544 et
920 1489 1264 1559 cellisjuxta
1286 1506 1370 1554 se,
1398 1505 1533 1543 cum
1565 1486 1795 1559 paradi-

140 1597 205 1635 so
226 1582 374 1649 (198)
396 1583 452 1633 et
476 1578 850 1649 porticalibus
875 1594 1061 1648 usque
1086 1578 1155 1632 ad
1181 1582 1407 1649 portam
1432 1580 1789 1647 argenteam;

135 1678 217 1733 ita
247 1678 403 1751 quod
438 1676 609 1743 fores,
662 1692 789 1746 quze
827 1681 963 1731 sunt
1020 1680 1153 1730 ante
1188 1680 1411 1747 portam
1455 1678 1791 1745 argenteam

138 1769 310 1838 (190),
333 1784 436 1821 vos
451 1766 735 1821 claudatis
750 1769 807 1819 et
827 1764 1122 1837 aperiatis,
1144 1769 1347 1819 etcum
1369 1764 1644 1817 omnibus
1667 1780 1793 1833 quze

139 1857 438 1914 continent
468 1856 621 1911 infra
653 1873 734 1921 se,
760 1872 892 1909 cum
920 1855 1140 1921 cloaca,
1169 1858 1226 1909 et
1258 1854 1541 1925 gradibus
1564 1852 1795 1923 majori-

142 1950 253 2003 bus
284 1952 338 2002 et
370 1946 718 2011 minoribus,
751 1962 941 2016 usque
966 1946 1023 1999 in
1053 1944 1244 2016 platea
1266 1962 1391 2016 qure
1413 1948 1651 1998 vocatur
1667 1960 1793 1997 cor-
1826 1954 1872 2019 Β

143 2038 289 2093 tina.
311 2036 443 2099 Quae
459 2035 655 2089 omnia
668 2033 1045 2088 concedimus
1062 2034 1252 2103 injam
1270 2034 1421 2087 dicto
1444 2032 1795 2088 monasterio

143 2138 352 2191 etcum
379 2133 652 2187 omnibus
676 2130 1152 2203 possessionibus
1176 2135 1228 2185 et
1256 2130 1606 2202 pertinentis
1630 2132 1794 2202 ejus:

146 2228 201 2280 et
231 2224 348 2277 duo
380 2221 701 2293 presbyteri
736 2220 879 2275 inihi
915 2220 1261 2275 ordinentur
1290 2221 1358 2274 de
1391 2220 1631 2292 collegio
1664 2238 1794 2291 pra}-

143 2311 282 2369 dicti
317 2310 675 2375 monasterii,
711 2310 810 2381 qui
846 2309 937 2364 die
968 2312 1258 2379 noctuque
1297 2309 1554 2364 officium
1603 2308 1796 2363 laudis

147 2399 391 2456 Domino
422 2399 688 2463 reddant,
734 2403 791 2454 et
818 2397 1030 2469 populo
1082 2398 1408 2453 necessaria
1441 2397 1792 2452 ministrent.

148 2492 395 2561 Insuper
424 2488 800 2543 concedimus
832 2487 1138 2542 ecclesiam
1172 2488 1365 2542 Sancti
1397 2487 1612 2542 Justini
1660 2504 1796 2542 con-

146 2583 430 2635 structam
454 2578 524 2632 ad
549 2576 912 2648 sepulturam
936 2580 1200 2632 omnium
1228 2577 1563 2631 Latinorum
1592 2595 1603 2643 ;
1630 2576 1710 2631 ita
1735 2581 1796 2632 ut

146 2684 350 2725 omnes
393 2666 684 2739 peregrini
733 2670 788 2719 et
838 2666 1093 2730 advenze,
1146 2666 1351 2720 divites
1400 2670 1455 2721 et
1488 2682 1791 2737 pauperes,

147 2764 371 2821 nobiles
420 2767 475 2819 et
534 2763 822 2818 innobiles
883 2767 1168 2835 quotquot
1218 2763 1550 2817 moriuntur
1600 2764 1657 2817 in
1690 2763 1796 2817 hac

148 2854 374 2909 civitaie
428 2853 741 2920 Leoniana,
776 2857 833 2906 et
864 2857 1022 2907 extra
1054 2853 1122 2906 ad
1162 2853 1271 2905 tria
1304 2852 1599 2920 milliaria,
1635 2870 1794 2923 sepe-

148 2942 367 2999 liantur
398 2941 455 2996 iu
480 2940 723 2997 ecclesia
754 2941 949 2996 Sancti
972 2940 1191 2996 Justini
1225 2942 1391 3012 (200).
1415 2940 1621 2995 Nullus
1654 2940 1798 2996 celet

147 3041 477 3107 infirmum,
507 3057 609 3095 nec
646 3044 945 3094 mortuum
979 3039 1249 3107 occultet,
1282 3040 1378 3093 sed
1414 3039 1525 3093 cito
1560 3041 1799 3112 presby—

148 3135 288 3200 tero,
336 3133 442 3185 aut
486 3128 845 3201 procuratori
889 3133 1079 3183 vestro
1130 3130 1399 3183 nuntiare
1444 3129 1697 3197 festinet,
1748 3134 1803 3184 et

149 3220 347 3277 nullus
400 3218 554 3273 bona
595 3218 752 3273 illius
785 3218 949 3290 celet,
987 3219 1084 3272 sed
1119 3218 1231 3272 cito
1264 3236 1329 3272 ea
1364 3218 1527 3273 vobis
1559 3219 1799 3283 reddat;

152 3310 349 3367 nullus
396 3309 637 3364 suadeat
685 3308 987 3361 infirmum
1021 3309 1089 3362 de
1122 3308 1314 3372 domo,
1348 3307 1433 3362 vel
1463 3309 1532 3362 de
1572 3308 1801 3362 civitate
1835 3329 1876 3394 Ο

154 3400 323 3456 exire.
358 3398 471 3455 Sed
507 3415 611 3453 nos
641 3397 1017 3451 concedimus
1064 3397 1263 3451 omnia
1295 3396 1413 3451 haec
1447 3396 1800 3469 perennibus

149 3488 509 3561 temporibus
542 3487 894 3541 inconcussa
925 3502 1264 3557 permanere
1287 3485 1446 3540 vobis
1470 3486 1798 3556 vestrisque

154 3576 612 3643 successoribus,
667 3576 765 3646 qui
817 3574 1064 3629 animosi
1110 3578 1165 3628 et
1198 3572 1509 3628 voluntarii
1561 3575 1803 3629 honeste

155 3676 267 3733 Deo
307 3681 365 3732 et
396 3677 568 3731 beato
598 3675 765 3730 Petro
798 3673 890 3729 die
922 3677 1213 3744 noctuque
1238 3673 1530 3740 serviunt;
1556 3689 1589 3727 a
1613 3673 1808 3727 fructi-

156 3765 265 3822 bus
279 3781 485 3822 eorum
508 3763 885 3836 cognoscetis.
904 3763 1212 3834 Propterea
1226 3762 1539 3833 apostolica
1560 3779 1807 3817 censura

158 3855 477 3911 statuimus
500 3858 564 3908 ut
586 3852 782 3908 nullus
800 3856 1132 3906 nostrorum
1156 3867 1559 3907 successorum
1583 3852 1810 3924 pontiﬁ-

159 3959 314 4016 cum,
339 3942 544 3998 nullus
565 3942 906 4013 imperator,
930 3940 1131 3996 nullus
1154 3941 1482 4012 episcopus,
1510 3940 1670 3995 nulla
1700 3940 1811 3996 alia

161 4036 441 4106 potestas,
460 4030 623 4086 nulla
640 4046 889 4103 persona
905 4029 1212 4085 hominum
1234 4035 1436 4085 contra
1467 4030 1573 4084 hoc
1602 4034 1812 4084 nostra;

162 4118 627 4177 conﬁrmationis
675 4123 731 4174 et
779 4118 1178 4173 concessionis
1228 4118 1594 4190 privilegium
1648 4134 1816 4189 agere

234 4262 623 4390 ()1(97)De.qua
648 4261 867 4316 mentio
891 4261 953 4315 fit
985 4261 1039 4313 in
1073 4261 1551 4343 antecedentibus
1579 4262 1820 4318 Joannis

234 4336 241 4389 l
323 4338 560 4389 constlt.
596 4334 693 4390 (Ex
726 4332 941 4387 Bullar.
974 4332 1183 4390 Vattc.)

173 4332 293 4390 XIX
323 4332 560 4389 censtit.
596 4334 693 4401 (Ex
726 4332 941 4387 Bullar.
974 4332 1183 4402 Vatic.)

243 4406 394 4477 (198)
425 4405 543 4460 Hoc
575 4404 808 4477 nomine
862 4405 1113 4477 majores
1158 4404 1335 4477 nostri
1368 4404 1655 4474 appellare
1686 4422 1819 4459 con-

176 4481 499 4533 sueverunt
536 4476 916 4531 ecclesiarum
948 4476 1111 4540 atria,
1147 4476 1433 4546 przecipue
1466 4492 1596 4531 vero
1628 4477 1823 4546 splen-

176 4548 558 4604 didissimum
609 4547 819 4602 veteris
864 4547 1125 4619 basilicae
1166 4546 1473 4619 Vaticana;
1534 4548 1823 4619 porticum

175 4619 596 4702 indiguerunt,
623 4623 693 4674 de
718 4635 834 4701 qua
864 4618 1421 4702 Paulushdiaconus,
1594 4619 1660 4702 ν’,
1696 4637 1824 4691 cap.

1892 662 2171 719 alimonia
2202 667 2258 717 et
2289 663 2715 718 sustentatione
2761 662 3107 717 confirmata
3137 662 3296 731 sunt,
3328 662 3393 715 ut
3421 659 3536 717 Deo

1890 752 2015 807 sine
2048 768 2348 807 murmure
2373 752 2646 818 serviant,
2672 756 2730 806 et
2756 752 2813 805 in
2840 753 2968 821 jam
3000 751 3155 806 dicto
3188 749 3541 807 monasterio

1891 846 2029 896 sunt
2058 858 2341 897 concessa
2371 841 2636 895 minuere
2658 839 2927 906 voluerit,
2962 844 3022 895 et
3051 839 3110 894 in
3144 855 3349 895 eorum
3380 842 3544 910 pote-

1892 936 2056 996 state,
2096 936 2151 985 et
2199 919 2562 984 ordinatione
2613 946 2954 984 conservare
2999 928 3274 996 noluerit,
3308 929 3454 984 sciat
3484 945 3545 984 se

1894 1024 2090 1073 nostro
2149 1036 2312 1074 sacro
2368 1018 2580 1090 palatio
2640 1018 3017 1073 Lateranensi
3077 1018 3545 1090 compositurum

1893 1108 2199 1161 duodecim
2223 1108 2349 1161 auri
2383 1107 2683 1178 purissimi
2716 1106 2922 1175 libras,
2947 1111 3005 1161 et
3030 1107 3274 1179 insuper
3303 1106 3546 1163 anathe-

1898 1197 2071 1249 matis
2102 1196 2330 1250 vinculo
2355 1196 2682 1262 innodetur,
2709 1201 2919 1251 etcum
2945 1196 3141 1267 impiis
3164 1199 3222 1250 et
3244 1194 3546 1252 sceleratis

1898 1289 2111 1338 aeterno
2142 1283 2274 1353 igne
2306 1288 2625 1349 cremetur;
2660 1291 2715 1339 et
2745 1301 2875 1339 cum
2906 1284 3061 1339 Juda
3090 1284 3322 1339 Domini
3353 1284 3544 1340 nostri

1897 1372 2035 1427 Jesu
2064 1372 2277 1426 Christi
2308 1374 2585 1427 traditore
2608 1374 2665 1426 in
2688 1374 2913 1427 inferno
2938 1374 3242 1428 crucietur.
3276 1374 3384 1438 Qui
3406 1391 3544 1431 vero

1900 1479 2003 1534 pro
2036 1462 2251 1516 intuitu
2278 1466 2509 1515 curator
2538 1466 2593 1516 et
2624 1462 2957 1516 observator
2984 1461 3327 1531 hujusmodi
3357 1464 3545 1518 nostri

1900 1550 2181 1623 privilegii
2202 1551 2515 1615 exstiterit,
2539 1550 2959 1605 benedictionis
2981 1550 3228 1622 gratiam
3253 1567 3288 1605 a
3309 1552 3551 1608 Domino

1903 1644 2101 1695 nostro
2131 1640 2271 1695 Jesu
2294 1639 2547 1707 Christo,
2572 1644 2629 1695 et
2658 1639 2873 1711 gaudia
2896 1638 3255 1712 sempiterna
3275 1640 3556 1714 consequi

1907 1734 2219 1785 mereatur.

1975 1819 2269 1890 Scriptum
2304 1835 2405 1889 per
2427 1833 2669 1873 manum
2694 1819 2888 1874 Albini
2912 1819 3201 1875 scriniarii
3227 1820 3379 1877 sacri
3401 1820 3560 1895 pala-

1902 1908 1967 1965 tii
1999 1926 2150 1964 anno
2173 1908 2375 1979 quinto
2398 1908 2595 1963 domni
2623 1909 2827 1963 Ιλοτελὲςς
2865 1908 2997 1963 noni
3024 1926 3206 1982 papae,
3234 1909 3440 1967 indict.
3474 1926 3552 1967 v1.

1908 2014 2107 2054 mense
2139 1997 2365 2065 Martio,
2400 1998 2491 2053 die
2522 2016 2673 2054 xxw.

1977 2088 2187 2142 Datum
2211 2103 2312 2139 VIII
2337 2085 2623 2141 Kalendas
2643 2085 2857 2158 Aprilis
2879 2103 2982 2158 per
3002 2103 3242 2142 manum
3264 2086 3557 2143 Frederici

1906 2176 2131 2231 diaconi
2168 2179 2382 2230 sanctze
2434 2176 2706 2231 Romana:
2729 2176 2995 2231 Ecclesiae
3021 2176 3469 2245 bibliothecarii,
3503 2181 3561 2233 et

1906 2265 2235 2321 cancellarii
2260 2264 2381 2319 vice
2409 2264 2611 2319 domni
2629 2264 2965 2320 Herimanni
2990 2264 3481 2321 archicancellarii
3504 2269 3563 2321 et

1907 2354 2273 2410 Coloniensis
2304 2352 2751 2426 archiepiscopi.
2775 2358 2945 2410 Anno
2968 2354 3168 2409 domni
3194 2354 3402 2410 Leonis
3421 2354 3562 2410 noni

1906 2461 2066 2516 papae
2096 2460 2149 2508 v,
2184 2442 2503 2497 indictione
2534 2460 2611 2498 v1.

1978 2624 2139 2685 Acta,
2163 2621 2402 2691 scripta,
2425 2625 2816 2692 transumpta,
2842 2621 3139 2693 publicata
3159 2624 3215 2677 et
3235 2620 3565 2680 auscultate

1908 2700 2047 2749 sunt
2079 2694 2356 2765 praedicta
2384 2710 2487 2765 per
2518 2693 2719 2749 omnia
2746 2710 2940 2749 coram
2982 2694 3466 2765 reverendissimo
3498 2694 3557 2750 in

1907 2764 2135 2819 Christo
2169 2770 2331 2835 patre
2350 2772 2407 2817 et
2429 2764 2686 2829 domino,
2714 2765 2949 2819 domino
2970 2764 3279 2832 Anibaldo,
3310 2764 3557 2835 misera-

1908 2837 2065 2891 tione
2098 2834 2293 2917 divina
2324 2836 2594 2917 episcopo
2617 2836 2948 2917 Tusculano
3245 2834 3551 2917 cardinali,

1908 2907 2235 2980 apostolicae
2259 2906 2414 2980 sedis
2438 2906 2647 2978 legato,
2672 2925 2771 2979 pro
2792 2907 3069 2980 tribunali
3091 2908 3325 2963 sedente
3354 2907 3549 2980 Romae

1907 2978 1964 3034 in
1986 2979 2197 3051 palatio
2222 2978 2411 3050 papali
2435 2980 2587 3049 apud
2612 2978 2951 3051 SIPetrum,
2976 2979 3075 3050 qui
3098 2978 3370 3051 praesenti
3389 2984 3549 3033 tran-

1910 3050 2164 3121 sumpto,
2227 3052 2460 3120 scripto,
2512 3051 2678 3115 lecto,
2740 3050 3035 3122 publicato
3091 3050 3436 3122 exemplato,
3494 3054 3550 3106 et

1911 3123 2261 3189 auscultato,
2314 3139 2479 3176 suam
2515 3132 2568 3177 et
2595 3122 2685 3177 sui
2720 3121 2895 3177 Ofﬁcii
2939 3121 3342 3178 auctoritatem
3372 3123 3549 3178 inter-

1912 3195 2202 3267 posuitet
2235 3194 2561 3267 decretum;
2623 3197 2678 3247 et
2723 3194 2911 3267 eidem
2963 3193 3147 3267 voluit
3180 3197 3258 3267 _et
3300 3193 3550 3267 decrevit

1912 3264 2489 3334 ubilibet,injudicio
2522 3270 2578 3337 et
2600 3270 2755 3319 extra
2778 3266 2929 3320 sicut
2949 3264 3219 3337 originali
3241 3264 3545 3337 privilegio

1914 3339 2087 3392 ﬁdem
2107 3337 2429 3408 plenariam
2463 3336 2745 3409 adhiberi,
2771 3335 3259 3409 mandanssuum'
3281 3335 3541 3409 sigillum

1912 3406 2129 3463 ibidem
2180 3408 2390 3477 apponi
2422 3408 2493 3461 ad
2535 3407 2773 3475 majoris
2821 3408 3047 3461 roboris
3078 3406 3438 3477 firmitatem,
3484 3406 3546 3462 in

1956 3479 2219 3534 rcesentia
2234 3496 2420 3531 vencr.
2446 3478 2549 3531 vir.
2566 3479 2729 3532 dnor.
2747 3478 3025 3549 Stephani
3047 3477 3257 3535 Palosii
3280 3477 3547 3549 canonici

1956 3497 2219 3534 rcesenua
2234 3497 2420 3531 venor.
2446 3497 2549 3531 Vll‘.
2566 3497 2729 3532 anor.
2747 3497 3025 3549 Dtepnanl
3047 3497 3257 3535 t'alOSll
3280 3497 3547 3534 canonici

1914 3497 1975 3606 ἓ.
2011 3550 2202 3606 Marim
2234 3548 2490 3619 Maioris,
2519 3552 2575 3602 et
2604 3549 2741 3603 Poni
2773 3551 2843 3603 de
2874 3549 3133 3618 Perusio,
3154 3566 3220 3605 ac
3255 3548 3552 3605 Francisci

1916 3624 1984 3677 de
2016 3620 2602 3693 Baroncellisscribae
2634 3620 2781 3693 sacri
2801 3626 3039 3677 senatus
3062 3620 3253 3693 Urbis,
3286 3626 3343 3676 et
3371 3621 3555 3693 magi-

1918 3695 2020 3750 stri
2054 3694 2205 3747 Petri
2242 3691 2667 3756 Bartholomzei,
2696 3692 2942 3748 Joannis
2976 3692 3220 3748 Gentilis
3248 3692 3459 3748 notarii
3479 3691 3557 3747 de

1919 3767 2089 3832 Urbe,
2124 3781 2190 3819 ac
2213 3764 2462 3834 pluriam
2494 3762 2741 3819 aliorum
2760 3764 3165 3827 notariorium,
3196 3769 3253 3820 et
3282 3763 3559 3819 litterato-

1920 3855 2049 3892 rum
2084 3835 2316 3890 testium
2338 3836 2408 3888 ad
2440 3837 2743 3908 praemissa
2759 3840 3172 3908 vocatorumet
3200 3840 3559 3908 rogatorum,

1922 3925 2025 3963 nec
2075 3925 2188 3961 non
2234 3907 2291 3960 in
2343 3904 2650 3977 praesentia
2702 3907 2813 3961 mei
2864 3906 3163 3973 Gualterii,
3206 3904 3457 3961 et'Pauli
3489 3906 3562 3962 de

1922 3981 2135 4035 Sancta
2179 3976 2455 4045 Victoria,
2486 3983 2541 4032 et
2572 3978 2796 4031 Mathrei
2831 3977 2899 4032 de
2929 3977 3160 4049 Spoleto
3200 3976 3561 4049 notariorum

1922 4053 2073 4105 int‘ra
2100 4050 2449 4120 scriptorum
2476 4050 2545 4102 ad
2579 4050 2855 4133 praedicta
2884 4047 3081 4133 omnia
3107 4047 3436 4133 specialiter
3453 4064 3565 4130 tvo-

1925 4129 2186 4178 catorum
2213 4128 2269 4176 et
2302 4127 2656 4193 rogaturum,
2681 4122 2791 4175 sub
2825 4137 2976 4176 anno
3000 4120 3232 4176 Domini
3255 4120 3567 4176 millesimo

1927 4265 2107 4335 hujus
2132 4262 2421 4335 pontificis
2447 4262 2892 4335 bibliographus
2907 4264 3061 4335 apud
3080 4262 3457 4320 Anastasium
3480 4261 3573 4318 his

1928 4334 2168 4417 verbis:
2196 4358 2221 4383 ‹‹
2248 4336 2369 4405 Ipse
2401 4334 2670 4417 ins-ignis,
2700 4334 3042 4416 praesulq’ue.
3061 4335 3408 4417 praecipuus,
3424 4349 3572 4417 ‘cum_

1934 4409 2243 4463 innumera
2273 4403 2499 4460 summi
2524 4403 2771 4461 'decoris
2820 4403 2994 4477 opera
3028 4403 3087 4461 in
3129 4403 3401 4477 basilicaf
3421 4403 3575 4460 beati

1936 4479 2087 4533 Petri
2116 4478 2239 4531 cceli
2262 4477 2525 4547 clavigeri
2554 4476 2907 4547 perfecisset,
2941 4485 3153 4548 portas,
3178 4493 3325 4548 quas
3356 4476 3578 4530 destru-

1936 4555 2100 4605 xerat
2118 4552 2402 4604 Saracena
2426 4549 2747 4620 progenies,
2776 4553 3132 4620 argentoque
3155 4548 3425 4620 nudarat,
3458 4560 3579 4620 ere-

1937 4623 2039 4688 xit,
2076 4622 2396 4691 multisque
2426 4616 2722 4689 argenteis
2745 4616 2960 4674 tabulis
2991 4616 3265 4686 lu'ciﬂuis,
3312 4616 3578 4691 salutife-

176 4689 359 4766 31Asi__c
392 4691 521 4766 ait;
558 4689 782 4766 Domiiio
798 4691 1318 4766 ponti/eminentem?
1351 4691 1604 4766 Ερινιεδιξινρ
1630 4689 1827 4755 (omni,
1868 4704 1911 4766 ι)
1944 4694 2143 4764 risque
2192 4689 2451 4746 historiis
2484 4691 2725 4766 sculptis
2759 4691 3064 4766 decoravit,
3097 4695 3153 4746 et
3186 4691 3246 4744 in
3278 4689 3580 4766 meliorem

210 4764 271 4835 ui
298 4762 607 4835 Paradiaus
639 4762 861 4825 dicitur,
892 4770 1017 4815 ante
1049 4762 1334 4835 basilicam
1366 4763 1508 4815 beati
1534 4764 1682 4815 Petri
1706 4780 1835 4816 t‘rm-
1870 4762 1903 4766 ⁷
1948 4762 2198 4835 speciem
2251 4780 2426 4834 quam
2486 4764 2707 4834 pridem
2771 4764 2997 4817 fuerant
3048 4762 3356 4834 reparavit,
3406 4782 3435 4812 »
3470 4762 3581 4815 etc.

216 4834 321 4888 idis
372 4833 654 4901 lapidibus
705 4835 1034 4887 marmoreis
1062 4834 1302 4901 miri/ire
1329 4836 1540 4887 stravit.
1576 4835 1839 4888 Concinit
1947 4833 2301 4892 consulatur
2326 4835 2651 4889 Canonicus
2685 4836 3003 4895 Romanus,
3034 4833 3128 4889 tit:
3157 4835 3245 4887 44.

182 4851 321 4888 amis
372 4851 429 4888 ια
471 4851 654 4888 iawus
705 4851 1034 4887 marmoreis
1062 4851 1302 4901 miri/we
1329 4851 1540 4887 suam.
1576 4851 1839 4888 cont-mn.
1947 4851 2301 4892 uonsunatur
2326 4851 2651 4889 uanomcus
2687 4851 3003 4895 uomanus,
3034 4851 3123 4889 ιιι.
3157 4851 3245 4887 aq.

182 4851 551 4987 biograpﬁus
594 4904 794 4987 ipsius.
816 4904 1026 4987 domui
1050 4908 1093 4985 I_,
1127 4905 1197 4959 de
1229 4906 1529 4987 quqapud
1560 4909 1841 4987 _Anast_as_.
1949 4907 2167 4987 __.(200)
2193 4906 2278 4987 De
2302 4906 2683 4987 quaegimus
2706 4907 2765 4987 in
2794 4906 3257 4987 praecedentibus
3290 4904 3349 4959 S.
3382 4902 3596 4987 Leonis

183 4975 462 5031 Bibliotb.
507 4975 651 5032 haec.
703 4976 879 5030 habet
915 4993 927 5029 :
962 4977 1177 5030 Atrium
1223 4976 1364 5029 beati
1410 4978 1568 5030 Petri
1607 4979 1841 5048 apostoli
1948 4975 2769 5032 lX‘constitutionibus.Aliud
2794 4975 2968 5033 sacrae
2988 4978 3596 5033 eedismonumentum

183 5050 462 5119 superius,
507 5049 650 5118 quod
692 5048 991 5101 Paradisus
1022 5048 1245 5104 dicitur.
1296 5054 1478 5117 estque
1520 5058 1645 5103 ante
1677 5051 1839 5103 ccclr-
1951 5050 2119 5104 nobis
2164 5048 2325 5103 lubet
2370 5049 2476 5102 hoc
2528 5049 2584 5102 in
2630 5048 2754 5104 loco
2786 5054 3039 5105 attexere
3074 5068 3085 5105 :
3120 5049 3402 5104 nimirum
3446 5062 3595 5119 anno

181 5117 321 5192 fiam
355 5121 419 5174 in
451 5117 655 5189 qdadri
673 5122 964 5192 porticum.
990 5121 1204 5192 magni-9
1226 5122 1594 5192 marmoribus
1625 5124 1840 5175 stravit.
1951 5119 2391 5192 D0miui71279r
2413 5123 2704 5190 Presbyter
2732 5120 3159 5192 Apollenarius,
3191 5124 3380 5176 rector
3408 5117 3597 5192 Eccle-

179 5186 518 5266 Videsisj).
560 5186 786 5266 Paulini
814 5189 1044 5266 Nolani
1070 5189 1503 5266 epistolam_13,
1540 5209 1666 5266 nov.
1703 5192 1843 5266 edit.
1956 5192 2054 5266 size
2087 5194 2144 5246 S.
2178 5190 2395 5266 J‘ustini
2430 5192 2499 5266 de
2532 5186 2765 5266 civitate
2783 5186 3087 5249 'Leoniana
3129 5186 3232 5266 pro
3264 5193 3392 5264 ipsa
3421 5186 3599 5266 eccle-

185 5260 346 5316 olim.
382 5263 619 5336 37‘quae
670 5262 881 5316 atrium
917 5260 1207 5316 Vaticana:
1242 5260 1514 5326 basilicae,
1550 5265 1844 5332 ejusdem-
1958 5264 2042 5318 sia
2084 5268 2137 5316 et
2168 5263 2294 5336 ejus
2328 5264 2572 5336 nomine,
2604 5264 2833 5336 vineam
2874 5260 3328 5336 positam—extra
3372 5263 3597 5332 portam

188 5278 346 5316 onm.
382 5278 450 5317 δι
532 5278 619 5316 uae
670 5278 881 5316 atrium
928 5278 1207 5316 vaucanm
1242 5278 1514 5326 nasmcae,
1550 5278 1844 5332 ejusuem-
1958 5282 2042 5318 sxa
2084 5278 2137 5316 Ct
2168 5279 2294 5331 eius
2328 5278 2561 5317 DOIlltllG
2604 5281 2833 5318 vmeam
2874 5278 3126 5336 positam
3171 5278 3328 5319 extra
3372 5278 3597 5332 portam

188 5347 301 5403 que
333 5278 719 5403 atriijanuas
750 5336 1121 5405 memorat.__
1189 5401 1197 5405 _
1400 5402 1411 5405 _
1532 5402 1565 5405 μ
1960 5334 2206 5389 Pertusii
2242 5334 2295 5386 in
2332 5333 2453 5387 loco
2479 5334 2575 5403 qui
2602 5335 3190 5401 diciturBreccetum,
3216 5336 3348 5405 jure
3368 5345 3598 5402 permu-

256 5406 406 5477 (199)
438 5401 580 5460 Fuit.
609 5405 730 5459 haec
771 5406 1041 5475 princeps
1072 5401 1371 5477 vaticanae
1400 5402 1654 5477 basilicae
1685 5409 1847 5477 porta
1958 5405 2195 5477 tationis
2228 5401 2567 5475 acquisivit;
2616 5408 3110 5477 quemadmodum
3151 5401 3599 5477 constatfezgye-

188 5470 271 5547 ad'
292 5470 590 5531 orientem
620 5470 885 5547 vergens,
919 5470 1096 5547 quam
1129 5473 1574 5547 S.Paulinusin
1604 5470 1849 5547 epistola
1960 5477 2067 5532 teri
2100 5470 2488 5530 instrumento
2521 5470 2674 5547 apud
2710 5478 2983 5533 Tnbular.
3012 5478 3211 5547 secret.
3245 5476 3432 5545 apost.
3465 5470 3599 5547 Yet.

190 5546 264 5618 ad
292 5546 640 5603 Pammaeh.
665 5542 1547 5618 repiamappellat.llonorius1,
1575 5546 1656 5599 uti
1682 5549 1853 5600 relcrt
1962 5550 2020 5602 in
2058 5548 2156 5602 lib.
2194 5547 2293 5617 qui
2325 5549 2525 5602 Censio
2563 5542 2881 5604 camerario
2921 5542 3441 5616 attribuitur,vpag.
3473 5542 3600 5618 416,

192 5614 340 5689 liber
364 5613 749 5684 Pontiﬁcalis,
776 5641 801 5667 ‹‹
826 5613 1119 5672 investivit
1143 5616 1329 5688 regias
1348 5618 1563 5689 januas
1584 5619 1852 5685 ingressu
1965 5637 1998 5674 a
2030 5627 2187 5689 tergo
2216 5613 2326 5673 col.
2361 5622 2394 5674 3
2425 5628 2481 5673 et.
2514 5621 2552 5673 ί.
2590 5622 2823 5675 Accedit
2854 5613 3326 5689 ordorRomanus—
3365 5613 3606 5689 p'rtelauj

195 5688 453 5761 ecclesiae
500 5691 579 5761 (S.
630 5689 803 5759 Petri)
852 5684 1286 5761 maioremque:
1322 5684 1692 5758 appellantur
1732 5706 1851 5743 me-
1966 5692 2082 5745 dati
2120 5684 2353 5755 'Cens'i;
2413 5710 2537 5760 cap.
2590 5691 2745 5745 enim
2792 5694 2873 5755 18,
2917 5688 3015 5743 ubi
3053 5689 3121 5742 de
3151 5684 3385 5761 ratione
3426 5684 3606 5761 dandi

195 5755 928 5835 dianae,exargento,quze
944 5755 1107 5832 pons.
1130 5755 1856 5835 lib._nona'gintasscptua-
1966 5762 2281 5835 pres-byluii
2309 5779 2407 5835 pro
2442 5755 2741 5835 thuribulo
2772 5764 2980 5835 agitur,
3011 5776 3117 5835 seet
3134 5758 3388 5835 denariis
3416 5755 3606 5835 cce-le.-

198 5778 776 5832 u1anae,exargento,
803 5778 928 5887 quze
944 5778 1107 5832 pens.
1130 5778 1229 5813 ne.
1257 5778 1604 5829 nonagantas
1629 5778 1856 5830 sepina-
1966 5778 2196 5834 1‘tt‘l“s‘ti)‘t

198 5831 363 5902 ginta
392 5834 692 5906 quinque._
716 5837 798 5906 al
848 5834 1042 5905 ipsum
1066 5832 1408 5906 prazstitits.
1436 5831 1545 5886 Leo
1579 5832 1668 5897 1V,
1690 5838 1857 5906 Apost-
1971 5836 2055 5889 sia
2090 5837 2198 5906 Sac

1971 5778 2278 5834 [H‘Pt'ltyll‘ll
2309 5779 2407 5831 [ΝΟ
2442 5778 2741 5816 ῙΠΠΓῙΟΠΙΟ
2772 5778 2980 5835 ﬂgitur,
3014 5778 3112 5813 sex
3134 5778 3388 5811 aenarlls
3416 5778 3603 5811 (ἰσωθ-

1971 5836 2055 5889 sia
2090 5833 2283 5906 Sancti
2317 5833 2531 5887 Justini
2564 5834 2852 5890 donatur:
2878 5832 3029 5905 apud
3064 5827 3284 5887 Mabill.
3319 5832 3460 5887 tom.
3480 5823 3603 5892 XII,

202 5916 384 5973 quam
410 5902 699 5964 Saraceni
720 5903 852 5964 illas
870 5902 1128 5978 argento
1166 5904 1555 5976 denudarunt,
1581 5908 1644 5961 ut
1686 5904 1861 5961 habet
1970 5906 2117 5963 Mus.
2156 5902 2278 5957 Ital.
