3898 6348
420 467 541 534 7S7

419 675 505 734 cis
533 674 877 748 litterislegi
909 679 965 731 et
985 676 1232 748 ﬁdeliter
1251 674 1592 743 auscultavi,
1625 674 1954 748 ipsumque,
1980 679 2051 734 de

419 748 696 804 mandato
727 747 863 802 dicti
892 749 1092 802 domui
1125 747 1314 817 legati,
1350 753 1407 802 et
1435 750 1506 803 ad
1549 747 1888 804 instantiam
1919 766 2046 804 ven.

417 819 675 874 virorum
693 819 1298 890 dominorum,prioris
1317 819 1724 875 canonicorum
1744 820 2048 890 etcapituli

419 895 798 948 sacrosancte
811 889 1059 944 basilicae
1083 889 1360 960 principis
1378 891 1770 960 apostolorum
1795 893 1863 945 de
1878 889 2046 956 Urbe,

419 961 637 1033 ibidem
665 961 1060 1033 praesentium,
1095 962 1285 1031 ipsum
1316 967 1754 1032 transumptum
1775 967 1830 1016 et
1855 980 2048 1017 exem-

461 1033 584 1088 lum
613 1031 682 1088 in'
703 1033 852 1088 hanc
890 1031 1183 1103 publicam
1218 1033 1460 1086 formam
1495 1031 1671 1085 manu
1701 1033 1932 1103 propria
1962 1049 2050 1088 re-

462 1049 584 1088 ium
613 1049 672 1088 1n
704 1049 852 1088 hanc
890 1049 1183 1103 publicam
1218 1049 1460 1086 Iormam
1495 1050 1671 1085 manu
1701 1050 1888 1103 propri

417 1049 572 1176 gegi,
608 1120 848 1176 meoque
869 1105 1036 1176 signo
1066 1109 1340 1159 consueto
1374 1104 1596 1174 signavi
1631 1107 1888 1174 rogatus.

1101 1209 1357 1265 LXXXII.

419 1299 474 1357 S.
525 1304 632 1356 Leo
692 1302 758 1356 IX
806 1301 1067 1370 episcOpis
1115 1301 1345 1356 Venetia?
1383 1307 1432 1354 et
1481 1299 1658 1355 [striae
1701 1301 1950 1369 praecipit
1990 1309 2050 1356 ut

482 1371 822 1444 patriarchae
853 1371 1132 1436 Gradensi,
1160 1371 1318 1444 cujus
1350 1373 1646 1444 primatum
1671 1371 1736 1425 ab
1758 1372 2048 1444 apostolica

1484 469 1548 533 S.
1594 471 1874 536 LEONIS
1917 470 1998 536 IX
2045 471 2274 536 ΡΑΡιΕ
2316 473 2752 540 OPUSCULA.

423 601 716 690 dentibus,
740 605 796 690 et
819 602 1285 690 auscultantibus
1303 606 1746 690 cum‘pragdictis
1771 605 2048 690 apostoli-
2079 609 2134 674 Α

3751 468 3851 536 ’ἲῆ

2784 609 2972 680 (Anno
3004 607 3190 684 1053.)

2571 733 2795 805 [Mansi,
2831 735 3038 791 Concil.
3071 733 3217 804 XIX,
3252 736 3415 804 657.]

2231 878 2338 929 Leo
2369 875 2675 947 episcopus
2704 893 2906 932 servus
2938 893 3242 934 servorum
3266 877 3399 946 Dei,
3423 877 3692 934 Tuosne
3722 894 3842 934 con-

2161 961 2322 1016 fratri
2353 963 2700 1020 charissimo
2730 969 2786 1020 et
2808 964 3477 1038 coepiscopo,salutem.

2226 1068 2369 1124 Cum
2400 1085 2468 1124 ex
2494 1070 2913 1126 venerabilium
2934 1087 3232 1128 canonum
3265 1072 3662 1130 auctoritate
3694 1091 3838 1130 reco-

2156 1153 2334 1211 limus
2373 1157 2654 1214 ducentos
2693 1159 2954 1230 quinque
2993 1159 3302 1232 episcopos
3347 1159 3635 1218 concilio
3671 1161 3838 1218 inter-

2156 1243 2334 1300 fuisse
2365 1246 2828 1318 Carthaginensi,
2861 1252 2920 1303 et
2948 1265 3105 1304 nunc
3127 1266 3163 1307 a
3188 1252 3298 1306 tua
3317 1249 3725 1308 fraternitate
3749 1269 3835 1308 au-

2155 1333 2350 1388 dimus
2364 1335 2623 1406 quinque
2635 1335 2727 1390 vix
2743 1336 3047 1409 episcopos
3059 1353 3376 1410 superesse
3389 1339 3456 1396 in
3473 1341 3828 1410 totaAfrica,

2157 1421 2356 1494 utique
2368 1422 2537 1480 tertia
2553 1423 2730 1497 hujus
2743 1425 3138 1498 corruptibilis
3150 1427 3364 1483 mundi
3379 1433 3591 1502 parte,
3607 1445 3832 1502 compa-

2155 1511 2338 1569 timur
2354 1517 2524 1570 tantae
2544 1514 3156 1573 vestraaimminutioni
3175 1516 3316 1573 totis
3336 1517 3694 1576 visceribus
3721 1521 3832 1576 ani-

2156 1603 2255 1659 mi.
2275 1602 2418 1658 Cum
2437 1608 2633 1660 autem
2656 1605 2814 1676 ipsas
2827 1603 3285 1662 Christianitatis
3302 1606 3616 1679 reliquias
3630 1609 3829 1666 edisci-

2155 1707 2286 1748 mus
2308 1692 2537 1748 iuterna
2557 1697 2612 1748 et
2629 1693 3213 1751 mutuadissensione
3231 1695 3514 1752 discendi
3529 1700 3596 1753 et
3605 1697 3829 1770 disper-

2153 1780 2230 1852 gi,
2263 1785 2318 1835 et
2347 1782 2624 1838 adversus
2644 1799 2706 1838 se
2737 1783 2986 1839 invicem
3017 1783 3142 1840 zelo
3168 1787 3226 1839 et
3249 1785 3655 1842 contentione
3675 1787 3829 1860 prin-

2153 1868 2379 1940 cipatus
2407 1869 2620 1936 inﬂari,
2660 1870 2742 1926 nil
2774 1871 2930 1927 aliud
2953 1871 3123 1927 nobis
3147 1871 3342 1945 primo
3371 1872 3718 1932 dicendum
3749 1893 3832 1932 oc-

2073 1973 2124 2038 B
2152 1957 2334 2014 currit
2353 1975 2530 2030 quam
2552 1958 2693 2015 illud
2707 1959 2893 2015 sancti
2921 1961 3101 2016 Amos
3113 1961 3270 2018 vatis
3292 1977 3306 2017 :
3333 1964 3546 2034 Parce,
3570 1965 3826 2034 Domine,

2148 2063 2332 2118 parce,
2364 2049 2575 2104 obsecro
2605 2067 2624 2102 :
2657 2050 2774 2120 quis
2801 2049 3086 2104 suscitabit
3129 2051 3328 2118 Iacob,
3361 2053 3500 2124 quia
3544 2055 3830 2124 parvuius

2151 2139 2266 2191 est?
2295 2136 2472 2206 (Amos
2496 2139 2619 2204 vn.)
2637 2137 2745 2192 Sed
2769 2136 3040 2209 quamvis
3061 2137 3124 2194 in
3143 2137 3250 2194 tali
3270 2142 3567 2211 tantoque
3589 2142 3828 2199 defectu

2150 2223 2447 2296 religionis
2465 2225 2786 2297 plurimum
2807 2225 3141 2294 doleamus;
3166 2226 3430 2285 multum
3450 2233 3659 2286 tamen
3683 2246 3835 2302 gan-

2151 2311 2376 2380 demus,
2392 2313 2530 2384 quia
2546 2318 2756 2368 sancta;
2773 2313 3045 2369 Romanis
3063 2314 3340 2372 Ecclesia
3364 2317 3580 2374 matris
3607 2323 3830 2374 vestrae

2149 2401 2498 2456 sententiam
2521 2401 2814 2474 requiritis
2835 2405 2892 2458 et
2912 2403 3262 2474 exspectatis
3274 2407 3828 2478 superquestioni-

2148 2489 2258 2544 bus
2288 2490 2498 2546 vestris
2529 2506 2542 2544 :
2575 2494 2632 2546 et
2653 2490 2820 2562 quasi
2844 2489 3048 2546 rivulis
3072 2492 3144 2546 ab
3167 2508 3286 2548 uno
3309 2491 3478 2550 fonte
3500 2509 3826 2568 erumpen-

2147 2577 2325 2646 tibus,
2349 2579 2485 2634 etin
2510 2595 2614 2635 suo
2637 2595 2698 2634 se
2719 2595 2894 2636 cursu
2914 2595 3018 2652 per
3029 2579 3262 2638 diversa
3285 2583 3736 2654 spargentibus
3759 2587 3825 2644 ad

2145 2665 2332 2738 ipsius
2384 2667 2558 2722 fontis
2599 2667 2849 2739 primam
2893 2668 3318 2740 scaturiginem
3351 2672 3580 2728 reverti
3616 2673 3824 2730 debere

2143 2755 2430 2826 optimum
2453 2757 2690 2828 putatis,
2707 2761 2771 2811 ut
2786 2755 2921 2812 inde
2935 2757 3254 2814 resumatis
3277 2757 3826 2819 directionisvesti-

2141 2844 2327 2914 gium,
2349 2845 2502 2900 unde
2533 2845 2875 2916 sumpsistis
2901 2846 3084 2902 totius
3105 2845 3464 2904 Christiane
3511 2849 3823 2924 religionis

2143 2932 2463 2988 exordium.
2487 2933 2724 2988 Noveris
2741 2950 2876 3006 ergo
2909 2933 3110 3006 procul
3132 2934 3316 2992 dubio
3337 2935 3510 3008 quia,
3533 2943 3682 3010 post
3711 2940 3825 2997 Ro-

2144 3037 2382 3076 manum
2408 3022 2760 3093 pontiﬁcem,
2785 3021 3011 3095 primus
3033 3022 3533 3098 archiepiscopus
3556 3032 3624 3084 et
3643 3029 3823 3086 totius

399 3117 626 3172 trorum
675 3113 1015 3168 astruehant
1073 3109 1392 3182 privilegia.
1451 3110 1864 3180 Forojulieusis
1901 3128 2033 3167 vero
2140 3109 2342 3166 Africis
2373 3110 2664 3166 maximus
2685 3111 3175 3183 metropolitanus
3193 3119 3284 3168 est
3312 3113 3824 3188 Carthaginensis

400 3203 668 3270 antistes,
688 3199 1092 3257 tantummodo
1117 3197 1329 3253 ﬁnibus
1356 3198 1861 3268 Longobardorum
1884 3203 2036 3254 esset
2143 3198 2451 3270 episcopus
2467 3215 2478 3254 :
2495 3215 2620 3266 nec,
2640 3200 2996 3272 quicumque
3011 3201 3110 3268 sit,
3123 3199 3222 3256 ille
3237 3202 3825 3280 Gummitanusepi-

399 3295 730 3358 contentus,
745 3291 912 3361 juxta
934 3287 1302 3360 privilegium
1319 3287 1573 3358 Gregorii
1605 3286 1652 3342 II
1676 3291 1732 3342 et
1757 3291 2030 3344 retracta-
2063 3335 2104 3402 C
2141 3302 2358 3360 accpus
2407 3287 2663 3360 aliquam
2714 3287 3012 3344 licentiam
3043 3290 3440 3347 concserandi
3474 3293 3825 3368 episcopos,

399 3382 605 3402 a!__-..-
643 3378 814 3402 m-_a::
873 3379 938 3402 ΠΛ.
971 3377 1076 3402 1....-
1111 3376 1340 3402 η..ζ,1,-ι.υι
1378 3379 1529 3402 Ant..-
1565 3376 1901 3402 nﬁ‘:A-“:AM
1940 3393 1997 3402 Α-
2141 3375 2224 3402 -.ΑΙ
2277 3377 2594 3402 ,ΙΑκΑηΑ-,ςιε
2670 3395 2768 3402 -..η
2822 3377 3169 3402 ..-Α..2..-2-1-
3232 3379 3558 3402 _-__:I:__._.
3624 3400 3677 3402 ,γ

392 3382 612 3441 tionem
643 3378 838 3436 Tertii.
872 3379 942 3434 Et
971 3377 1078 3432 hoc
1109 3376 1344 3448 quidem
1375 3379 1534 3430 extra
1564 3376 1904 3446 patientiam
1937 3393 2032 3432 ca-
2063 3375 2104 3402 υ
2141 3375 2230 3432 vel
2274 3377 2620 3448 deponendi,
2669 3395 2772 3433 seu
2821 3377 3173 3449 provinciale
3229 3379 3570 3438 concilium
3614 3400 3829 3442 convo-

394 3486 616 3530 nonum
639 3469 692 3526 ei
721 3485 824 3541 pro
848 3482 1058 3537 magno
1080 3464 1497 3543 concessimus,
1519 3463 1658 3535 quia
1678 3469 1886 3536 quater
1903 3466 2030 3536 jam
2139 3465 2310 3521 candi
2352 3465 2548 3534 habet,
2581 3465 2708 3522 sine
2746 3483 3038 3523 consensu
3068 3467 3578 3541 Carthaginensis
3626 3474 3826 3530 archi-

389 3562 629 3615 vocatus
659 3574 694 3612 a
721 3554 911 3623 nobis,
935 3570 1039 3608 nec
1058 3552 1234 3618 venit,
1258 3568 1363 3608 nec
1383 3553 1696 3620 excusavit,
1721 3569 1856 3608 cum
1887 3553 2026 3609 Gra-
2137 3553 2415 3625 episcopi,
2447 3553 2758 3624 cujuslibet
2785 3554 3092 3628 dignitatis
3112 3560 3217 3612 aut
3245 3559 3574 3628 potestatis
3597 3561 3707 3630 sit,
3733 3580 3827 3619 ex-

392 3645 615 3714 densis,
646 3645 707 3700 id
729 3647 1000 3710 est,novae
1020 3641 1294 3712 Aquileia
1327 3640 1678 3712 patriarcha,
1715 3642 2026 3713 quinquies
2135 3641 2318 3713 ceptis
2351 3641 2444 3698 his
2473 3659 2598 3714 quae
2631 3643 2702 3698 ad
2737 3642 3038 3715 propriam
3070 3643 3418 3716 parochiam
3465 3649 3826 3720 pertinent;

389 3737 600 3792 nostra
629 3731 1060 3806 synodo,etiam
1077 3745 1193 3784 non
1213 3733 1468 3795 vocatus,
1494 3729 1837 3784 interfuerit.
1863 3729 2024 3786 Unde
2133 3735 2336 3785 caetera
2356 3735 2572 3798 autem,
2607 3731 2756 3788 sicut
2787 3735 2843 3786 et
2871 3731 2971 3788 alii
3008 3732 3255 3789 Africani
3285 3734 3590 3808 episcopi,
3621 3741 3827 3796 consi-

386 3823 677 3881 monendo
707 3820 1059 3876 mandamus
1089 3821 1144 3872 et
1173 3817 1540 3890 praecipimus
1591 3818 1831 3874 vobisex
1861 3823 2024 3890 parte
2129 3816 2207 3872 lio
2238 3814 2712 3890 Carthaginensis
2743 3819 3165 3893 archiepiscopi
3185 3826 3338 3894 aget.
3366 3821 3548 3880 Unde
3583 3826 3823 3884 charis-

384 3913 485 3972 Dei
515 3915 573 3969 et
601 3910 787 3968 sancti
819 3907 993 3975 Petri,
1039 3911 1095 3962 et
1123 3910 1342 3974 nostra,
1377 3911 1440 3962 ut
1472 3907 1706 3979 praefato
1739 3907 2020 3963 Gradensi
2130 3905 2263 3962 simi
2295 3907 2615 3962 confratres
2645 3907 2828 3962 nostri
2859 3908 3190 3982 coepiscopi
3222 3909 3438 3966 Petrus
3457 3916 3520 3968 et
3540 3916 3828 3972 Joannes

382 3999 726 4074 patriarcha
775 3995 1330 4065 successoribusque
1347 3997 1494 4066 ejus,
1519 3995 1575 4049 in
1601 3995 1896 4066 omnibus,
1928 4013 2015 4052 se-
2129 3999 2281 4050 recte
2309 3995 2570 4051 sentiunt
2589 3997 2658 4051 de
2686 3996 3164 4069 Carthaginensis
3186 3997 3462 4054 Ecclesiae
3489 4000 3827 4074 dignitate.

384 4089 644 4145 cundum
664 4087 804 4156 jura
831 4083 1124 4150 canonica,
1158 4083 1490 4138 obedientes
1523 4083 1673 4149 sitis,
1715 4084 1870 4138 sicut
1900 4084 2016 4156 pri-
2125 4099 2228 4138 nec
2259 4084 2630 4140 consentiunt
2658 4084 2838 4140 errori
2870 4084 3264 4142 Gummitanas
3314 4085 3641 4148 Ecclesia.
3700 4093 3820 4150 Hoc

381 4175 527 4234 mati
557 4179 745 4231 vestro
775 4177 832 4229 et
861 4171 1200 4244 patriarchae
1231 4189 1355 4228 esse
1385 4172 1629 4242 debetis,
1663 4176 1718 4228 et
1747 4173 1897 4228 sicut
1918 4190 2016 4228 an-
2124 4176 2320 4228 autem
2353 4173 2484 4229 nolo
2511 4189 2612 4229 vos
2641 4173 2838 4242 lateat,
2871 4189 2988 4230 non
3033 4175 3248 4232 debere
3289 4180 3518 4248 praeter
3569 4187 3824 4240 senten-

379 4263 769 4322 tecessorihus
799 4262 925 4332 ejus
963 4260 1144 4316 nostri
1171 4265 1446 4332 perpetuo
1478 4257 1912 4318 conﬁrmarunt.
1948 4262 2016 4317 Et

379 4353 430 4410 si
470 4352 611 4426 quid
659 4351 750 4408 sui
791 4351 946 4422 juris
993 4349 1052 4404 in
1083 4349 1328 4405 urbibus
1365 4350 1572 4406 vestris
1603 4349 1691 4404 vel
1723 4350 2012 4422 parochiis

377 4443 707 4502 continetur
724 4441 880 4514 quod
902 4455 1008 4496 suo
1023 4437 1347 4495 dominatui
1362 4437 1565 4492 merito
1587 4439 1794 4493 debeat
1813 4439 2010 4506 subdi,

486 1442 633 1568 sedeb
649 1458 958 1498 concessum
1003 1442 1204 1513 synodo
1259 1442 1630 1512 confirmarat,
1692 1443 2048 1498 obedientiam

486 1530 599 1568 orae
635 1521 780 1568 eant.

482 1521 780 1587 praebeant.

1039 1602 1224 1674 (Anno
1256 1602 1436 1671 1053.)

815 1692 1044 1764 [Mansi,
1081 1693 1280 1748 Concit.
1324 1689 1464 1756 XIX,
1497 1691 1646 1762 657.]

485 1787 594 1839 Leo
635 1782 960 1854 episcopus,
1011 1797 1209 1836 servus
1257 1797 1554 1834 servorum
1605 1781 1726 1849 Dei,
1771 1783 2046 1838 omnibus

411 1871 698 1944 episcopis
718 1869 968 1925 Venetiae
997 1873 1053 1924 et
1083 1868 1259 1924 Istriae
1293 1867 1538 1924 salutem
1571 1873 1627 1924 et
1665 1871 2044 1942 apostolicam

410 1959 894 2017 benedictionem.

479 2049 714 2106 Noverit
756 2051 950 2105 vestra
969 2047 1319 2104 charissima
1366 2048 1534 2103 nobis
1581 2048 1640 2103 in
1671 2047 1898 2104 Christo
1930 2049 2043 2104 fra-

407 2139 670 2208 ternitas,
701 2138 809 2194 hac
840 2138 900 2192 in
927 2136 1195 2210 praesenti
1226 2136 1539 2191 indictione
1569 2142 1749 2204 sexta,
1783 2137 2041 2193 clarissi-

409 2247 576 2287 mum
597 2227 946 2284 confratrem
977 2229 1242 2281 nostrum
1276 2223 1642 2280 Dominicum
1664 2226 2040 2296 Gradensem,

409 2318 528 2374 imo
595 2333 756 2373 novae
813 2313 1088 2386 Aquileiae
1157 2312 1568 2386 patriarcham,
1623 2315 1693 2368 ad
1754 2315 2040 2386 synodum

407 2409 667 2464 nostram
686 2406 880 2460 Romae
896 2403 1154 2459 habitam
1177 2401 1426 2466 venisse,
1444 2406 1500 2456 et
1516 2403 1938 2472 querimoniam
1972 2405 2041 2460 de

406 2512 517 2554 sua
531 2499 588 2551 et
608 2493 770 2564 Foroj
782 2491 992 2548 uliensi
1012 2489 1282 2556 Ecclesia,
1309 2507 1482 2561 quam
1503 2491 1794 2546 credimus
1810 2508 1906 2546 vos
1925 2509 2037 2548 non

404 2581 691 2656 ignorare,
736 2579 1178 2654 lacrymahiliter
1207 2595 1400 2634 coram
1439 2579 1662 2634 fecisse.
1697 2580 1873 2650 Cujus
1913 2583 2037 2635 tan-

404 2672 536 2728 dem
567 2671 798 2727 relectis
819 2667 1156 2740 privilegiis,
1181 2685 1214 2721 a
1231 2671 1433 2722 sancta
1455 2667 1713 2722 Romana
1735 2673 1790 2722 et
1805 2673 2033 2739 aposto-

398 2760 512 2818 lica
531 2761 668 2818 sede
688 2759 800 2816 sibi
821 2757 1130 2827 concessis,
1148 2756 1373 2828 judicio
1393 2757 1572 2812 totius
1593 2762 1806 2812 sanctae
1829 2759 2034 2828 synodi

400 2850 509 2908 hoc
529 2849 832 2906 definitum
857 2847 991 2903 fuit:
1013 2847 1084 2902 Ut
1122 2862 1267 2901 nova
1294 2844 1560 2916 Aquileia
1580 2847 1762 2900 totius
1783 2847 2033 2901 Venetiae

399 2943 459 2996 et
483 2937 665 2994 Istriaa
695 2938 870 3007 caput
913 2940 971 2989 et
1008 2932 1345 3004 metropolis
1376 2938 1652 3005 perpetuo
1701 2933 2032 3001 haberetur,

401 3025 724 3084 secundum
747 3024 899 3096 quod
923 3021 1359 3078 evidentissima
1378 3023 1866 3093 praedecessorum
1897 3040 2031 3077 nos-

2123 4261 2518 4316 tiamRomani
2531 4262 2820 4334 pontiﬁcis
2837 4262 3162 4320 universale
3173 4263 3506 4322 concilium
3519 4267 3824 4328 celebrari

2122 4353 2226 4404 aut
2253 4350 2553 4422 episcopos
2583 4350 2852 4406 damnari
2884 4351 2972 4407 vel
3003 4352 3252 4424 deponi;
3299 4353 3472 4425 quia,
3519 4359 3649 4414 etsi
3687 4359 3822 4416 licet

2119 4436 2282 4493 vobis
2315 4437 2542 4509 aliquos
2570 4439 2875 4510 episcopos
2905 4440 3264 4508 examinare,
3288 4441 3708 4504 difﬁnitivam
3741 4454 3819 4505 ta-

374 4531 574 4590 nullus
597 4534 858 4588 vestrum
879 4527 992 4584 sibi
1009 4527 1402 4583 contradicere
1431 4530 1761 4598 praesumat.
1787 4527 1845 4582 Si
1877 4527 2008 4600 quis
2121 4541 2252 4580 men
2269 4527 2874 4598 sententiam,absque
2889 4527 3164 4584 consultu
3182 4528 3438 4586 Romani
3458 4535 3818 4604 pontiﬁcis,

369 4635 506 4680 vero
523 4623 782 4676 vestrum
804 4617 1124 4690 quidquam
1141 4615 1314 4687 justas
1329 4615 1715 4686 quaarimoniae
1731 4615 2008 4674 adversus
2119 4618 2184 4668 ut
2211 4614 2434 4670 dictum
2470 4620 2579 4686 est,
2613 4631 2731 4670 non
2748 4614 2886 4670 licet
2906 4617 3042 4673 dare
3067 4634 3080 4673 :
3107 4617 3262 4689 quod
3285 4617 3347 4674 in
3363 4621 3618 4679 sanctis
3641 4641 3818 4680 eano-

369 4725 505 4767 eum
531 4708 760 4766 videtur
788 4706 1023 4772 habere,
1055 4709 1155 4760 aut
1197 4720 1390 4760 coram
1419 4705 1582 4760 vobis
1612 4704 2000 4761 confratribus
2033 4703 2078 4767 D
2109 4701 2598 4768 nibusslatutum,
2630 4703 3227 4778 siquaeritis,potestis
3250 4706 3556 4765 invenire.
3597 4713 3821 4778 Quam-

371 4801 429 4857 οι
447 4793 1033 4868 comprovincialibus
1047 4809 1284 4849 causam
1307 4810 1474 4848 suam
1496 4793 1768 4864 proferat,
1793 4797 2004 4849 etcum
2111 4790 2197 4846 vis
2227 4792 2382 4846 enim
2406 4791 2680 4846 omnibus
2702 4791 3050 4864 generaliter
3075 4794 3364 4866 apostolis
3385 4795 3646 4856 dictum
3681 4803 3767 4858 sit
3787 4818 3820 4856 a

367 4901 458 4951 eo,
491 4884 542 4938 si
573 4883 843 4954 potuerit,
868 4882 1105 4954 pacifica
1123 4883 1388 4950 deﬁniat;
1421 4881 1602 4936 autin
1634 4882 2000 4954 praesentiam
2112 4878 2356 4934 Domino
2385 4895 2398 4934 :
2423 4881 3116 4951 Quaecumquetigaveritis
3139 4885 3393 4950 interra,
3416 4885 3629 4954 ligata
3652 4893 3814 4945 erant

367 4973 632 5028 nostram
661 4973 908 5040 utraque
923 4986 1059 5040 pars
1079 4971 1463 5025 examinanda
1476 4969 1686 5040 veniat,
1712 4970 1872 5027 salva
1892 4971 2002 5027 sibi
2111 4972 2162 5024 et
2200 4970 2254 5022 in
2305 4969 2474 5036 caelo;
2511 4972 2560 5024 et
2591 4985 2923 5042 quascunque
2951 4971 3226 5026 solveritis
3264 4973 3326 5027 in
3381 4977 3577 5044 terra,
3625 4980 3816 5035 soluta

366 5057 603 5113 interim
651 5071 755 5127 per
800 5057 997 5111 omnia
1043 5061 1100 5112 et
1148 5057 1517 5130 patriarchali
1551 5058 1890 5126 reverentia,
1946 5064 2003 5114 et
2111 5060 2271 5111 erunt
2301 5058 2427 5112 etin
2444 5056 2579 5112 casto
2609 5057 3034 5128 (Matt/LXVIII):
3059 5061 3257 5114 tamen
3288 5077 3412 5116 non
3450 5063 3603 5121 sine
3627 5082 3814 5122 causa

365 5143 718 5218 preprietate
747 5161 872 5200 sua.
905 5143 1065 5208 Quod
1117 5146 1163 5202 si
1195 5153 1355 5202 extra
1395 5145 1665 5214 feceritis,
1712 5147 2000 5201 sententia
2109 5143 2435 5215 epecialiter
2464 5149 2521 5200 et
2551 5145 2898 5201 nominatim
2926 5145 3152 5202 dictum
3176 5151 3267 5203 est
3297 5147 3363 5202 B.
3399 5148 3598 5210 Petra
3631 5172 3812 5228 apos-

365 5232 648 5292 canonica
678 5249 854 5305 super
879 5250 978 5290 vos
1010 5234 1293 5308 vigilabit.
2107 5233 2358 5287 tolorum
2411 5233 2657 5304 principi
2707 5249 2720 5287 :
2769 5234 2842 5288 Tu
2889 5249 2943 5288 es
2967 5235 3184 5302 Petrus,
3217 5243 3270 5290 et
3303 5251 3486 5307 super
3517 5237 3690 5299 hanc
3716 5259 3812 5315 pe-

1037 5338 1319 5396 LXXXIII.
2105 5331 2247 5376 trum
2275 5321 2549 5390 aediﬁcabo
2595 5322 2889 5376 Ecclesium
2930 5337 3111 5378 meam
3142 5339 3156 5378 :
3189 5330 3245 5378 et
3270 5323 3382 5380 tibi
3408 5324 3571 5384 dabo
3625 5332 3813 5386 claves

359 5434 422 5488 S.
481 5430 672 5485 Leonis
716 5429 783 5482 IX
821 5401 1045 5497 epistola
1084 5428 1155 5481 ad
1193 5426 1448 5497 Thomam
1511 5425 1818 5497 epismpttm
1864 5427 1999 5492 am"-
2105 5411 2260 5480 regni
2303 5411 2560 5465 caelorum
2613 5426 2624 5465 :
2675 5409 2864 5466 Matth.
2897 5411 3036 5482 xw).
3073 5412 3143 5466 Et
3170 5411 3232 5468 in
3259 5409 3378 5469 alio
3413 5413 3562 5473 loco
3605 5435 3622 5474 :
3663 5420 3808 5476 Cou-

435 5514 655 5554 canum.
688 5529 755 5540 —-
787 5493 1030 5555 Ostendit
1087 5494 1573 5574 Carthaginiensem
1600 5493 2000 5574 hin-chiepisco-
2103 5499 2265 5568 ﬁrma
2294 5501 2496 5570 fratres
2527 5503 2644 5554 tuos
2677 5499 2826 5570 (Luc.
2858 5500 3024 5571 xxu).
3056 5499 3291 5556 Scilicet
3320 5503 3476 5574 quia
3509 5509 3806 5564 omnium

433 5584 566 5636 pum
611 5569 772 5620 totius
818 5569 1020 5636 Africae
1063 5581 1176 5618 esse
1224 5564 1542 5633 primatem,-
1593 5562 1999 5620 Gummitanum

437 5651 560 5670 πονο
592 5637 890 5670 unianimam»:
937 5637 1050 5670 εἴη)
1092 5635 1247 5670 illinc
1290 5646 1544 5670 (“nne/tne"
1594 5651 1690 5670 nnn
1727 5636 1998 5670 Anien/nmo

2228 5586 2489 5641 .esiarum
2539 5587 2797 5655 majores
2853 5591 2910 5642 et
2966 5587 3330 5645 difﬁciliores
3387 5606 3636 5666 causa,
3713 5613 3808 5670 per

437 5635 445 5636 ί
670 5637 701 5662 ”
862 5635 865 5636 ν
964 5637 1050 5687 ίἠ’
1092 5635 1247 5686 illius
1290 5646 1549 5688 (“onscnsu
1594 5651 1690 5688 nec
1727 5649 1754 5686 ε
1797 5636 1904 5688 [sco
1943 5653 1998 5690 οε
2105 5635 2489 5641 ’“”’“““““““
2539 5635 2792 5686 πῖν’-*τ
2857 5635 2909 5642 ν-
2969 5635 3328 5687 -----ν--.-ν--ν
3389 5635 3636 5666 vuum»,
3713 5635 3800 5670 νυ.

437 5651 956 5770 ἕέξὲεέξῗιὸξέρυγζὲεδ
975 5663 1314 5784 ρνῗοςίηίτὶιιιϐ
1359 5705 1651 5784 concilium
1710 5651 1998 5760 colizvncgre
2105 5678 2487 5784 ῗῗηξίθωδέθξ
2520 5674 3436 5784 Βῗάςῧξη
3472 5698 3806 5784 ξριξορεε-

2105 5761 2334 5815 scribus
2363 5763 2490 5833 ejus
2521 5767 2658 5816 sunt
2683 5761 3059 5820 difﬁnieﬁdte.
3080 5764 3217 5822 Jam
3247 5766 3392 5838 quia
3413 5769 3497 5825 ad
3533 5769 3803 5830 interra

435 5787 614 5842 posse;
645 5773 814 5845 solius
859 5773 1039 5845 autem
1077 5773 1306 5845 Romani
1351 5774 1619 5845 pontiﬁcis
1649 5789 1760 5828 esse
1788 5779 1842 5828 et
1883 5780 1993 5845 epi-

435 5839 612 5910 scopos
641 5839 902 5910 deponere
931 5843 980 5893 et
1010 5841 1290 5908 generalia
1318 5839 1550 5898 concilia
1581 5844 1835 5898 indicere.
1908 5839 1919 5845 ’
2107 5850 2238 5916 gata
2283 5849 2456 5904 etiam
2504 5849 2861 5906 confratrum
2908 5857 3247 5910 nostrorum
3299 5855 3465 5912 Petri
3499 5863 3571 5917 et
3603 5865 3798 5920 Joan.
