3898 6342
151 466 267 531 729

150 599 243 659 nis
275 600 681 675 episcoporum
712 597 1076 658 decrevimus
1107 599 1456 672 respondere
1479 616 1490 664 ;
1515 602 1788 670 optamus
1814 598 1871 666 Α

149 694 214 747 ut
243 695 504 750 sanctam
527 694 690 746 tuam
709 690 1131 746 fraternitatem
1138 688 1360 761 jugiter
1388 685 1785 759 invigilantem

148 780 497 835 utilitatibus
519 784 736 836 sancta:
762 779 1055 835 catholicae
1079 776 1363 843 Ecclesiae,
1385 780 1557 847 atque
1588 776 1788 830 devote

146 886 247 941 pro
281 870 449 925 nobis
471 866 1351 937 orantem,sanctaetindividua
1372 865 1627 920 Trinitas
1642 880 1788 918 scm-

144 975 246 1030 per
275 962 597 1023 conservet,
632 957 977 1013 charissima
1010 956 1203 1011 frater.

216 1046 431 1103 Datum
463 1065 558 1102 xvr
590 1046 881 1102 Kalendas
910 1045 1194 1113 Januarii,
1219 1060 1372 1100 anno
1403 1044 1624 1099 domini
1653 1043 1789 1097 Leo~

144 1136 237 1191 nis
268 1154 432 1209 papa:
464 1154 521 1192 ιχ
550 1136 773 1208 quinto,
808 1136 1125 1191 indictione
1155 1152 1253 1189 vn.

826 1251 1112 1307 LXXXIV.

141 1343 197 1394 S.
232 1344 337 1396 Leo
367 1343 432 1396 IX
457 1346 681 1397 Petrum
725 1346 774 1396 et
820 1344 1084 1397 Joannem
1111 1343 1383 1412 episcopos
1434 1338 1623 1393 laudat
1652 1336 1791 1412 quod

203 1413 368 1482 jussu
396 1430 493 1467 suo
521 1415 817 1467 concilium
854 1414 918 1467 de
948 1415 1103 1467 rebus
1141 1411 1519 1467 ecclesiasticis
1548 1411 1788 1464 celebra-

215 1486 396 1556 uerint
423 1488 474 1539 et
501 1486 635 1554 jura
684 1486 1073 1556 archiepiscopi
1123 1484 1571 1550 Carthaginensis
1598 1485 1789 1535 contra

215 1502 396 1538 verm:
423 1502 474 1539 et
501 1502 635 1554 Jura
684 1502 1013 1556 ari-mepzsco
1055 1502 1069 1538 ι
1123 1502 1367 1550 cari/mg;

214 1554 626 1611 Gummitanum
655 1560 968 1630 episcopum
997 1502 1367 1627 defenderint.

762 1648 949 1718 (Anno
984 1646 1165 1716 1053.)

673 1737 882 1807 [Mansi
910 1735 1067 1801 ibid.,
1099 1734 1253 1803 658.]

213 1848 328 1903 Lso
358 1850 687 1922 episcopus,
721 1868 926 1905 servus
967 1863 1269 1904 servorum
1302 1846 1423 1913 Dei,
1475 1845 1789 1902 dilectissi-

134 1936 251 1992 mis
282 1937 343 1991 in
373 1938 599 1993 Christo
646 1939 922 1993 fratribus
958 1943 1142 1992 Prrrno
1173 1941 1229 1993 et
1264 1936 1467 1992 Jomm
1502 1935 1789 2008 episcopis
1820 1974 1867 2037 B

134 2023 394 2081 salutem
426 2030 481 2081 et
510 2026 889 2099 apostolicam
922 2025 1402 2081 benedictionem.

208 2114 397 2169 Decus
416 2115 805 2171 Ecclesiarum
834 2123 868 2168 Α
885 2116 1239 2169 fricanarum
1272 2114 1351 2168 ita
1381 2112 1785 2168 conculcatum

137 2220 171 2259 a
199 2201 478 2275 gentibus
526 2205 776 2258 nimium
809 2205 1075 2259 dolemus
1109 2208 1170 2257 ut
1201 2204 1370 2257 modo
1402 2202 1493 2255 vix
1527 2201 1787 2273 quinque

131 2291 513 2348 inveniantur
542 2294 819 2366 episcopi,
844 2294 940 2347 ubi
975 2293 1115 2347 olim
1151 2292 1383 2347 ducenti
1415 2292 1676 2362 quinque
1701 2308 1788 2345 so-

131 2381 336 2439 lebant
368 2400 473 2455 per
502 2382 746 2438 concilia
778 2382 1035 2455 plenaria
1054 2381 1413 2453 computari;
1449 2384 1503 2436 et
1536 2380 1612 2434 ibi
1648 2398 1786 2452 pau-

128 2470 294 2528 culas
326 2488 462 2527 oves
496 2473 847 2544 quotidianm
879 2471 1153 2526 occisioni
1206 2471 1516 2542 deputatas
1550 2486 1781 2523 reman-

123 2560 295 2630 sisse,
332 2561 437 2615 ubi
467 2562 759 2633 quondam
784 2560 1383 2632 innumerabilisgrex
1413 2558 1641 2613 Domini
1669 2559 1777 2613 sub

120 2650 469 2707 numerosis
495 2650 773 2705 arietibus
804 2649 1130 2705 exsultabat
1159 2650 1274 2705 alta
1324 2666 1481 2720 pace.
1515 2648 1627 2703 Sed
1660 2648 1779 2703 hmo

124 2739 387 2812 peccatis
450 2740 665 2795 nostris
715 2739 1092 2810 imputantes,
1144 2738 1435 2809 justitiam
1492 2737 1778 2792 Creatoris

126 2827 554 2896 collaudantes,
589 2828 921 2893 timeamus,
954 2832 1010 2882 et
1040 2827 1501 2882 misericordiam
1535 2828 1662 2895 eius
1692 2826 1779 2879 in-

125 2921 357 2973 stanter
388 2917 757 2991 postulemus
773 2921 834 2972 ut
856 2932 1051 2972 servos
1074 2916 1462 2971 suostandem
1493 2915 1780 2986 respicere

128 3005 427 3078 dignetur.
464 3006 626 3070 Quod
660 3011 853 3061 autem
878 3004 1199 3076 scripsistis
1233 3004 1401 3059 nobis
1434 3020 1536 3076 pro
1569 3007 1782 3058 sancta:

129 3094 412 3151 Romanae
447 3094 715 3150 Ecclesiae
734 3100 892 3150 statu
916 3099 1234 3166 nostraque
1258 3092 1657 3148 incolumitate
1682 3108 1782 3145 vos

129 3185 457 3240 Dominum
491 3185 710 3257 gratias
759 3185 983 3257 agendo
1014 3200 1320 3239 exorasse:
1373 3181 1647 3237 noveritis
1676 3198 1782 3236 nos

120 3278 331 3329 vestrae
367 3274 752 3329 fraternitatis
784 3275 1001 3346 gratias
1040 3288 1231 3345 agere,
1287 3276 1343 3327 et
1374 3288 1476 3344 pro
1509 3269 1779 3325 consola-

122 3363 281 3420 tione
312 3368 511 3419 vestra
542 3379 772 3434 semper
800 3378 983 3418 orare.
1040 3364 1107 3417 Et
1156 3378 1371 3425 revera,
1414 3360 1642 3423 fratres,
1676 3358 1783 3413 hoc
1815 3343 1857 3409 C

119 3452 493 3525 acceptabile
523 3457 609 3506 est
635 3452 879 3507 Domino
902 3456 1101 3505 nostro
1118 3451 1256 3506 Jesu
1271 3449 1502 3504 Christo
1525 3452 1589 3502 ut
1609 3452 1783 3519 caput

114 3541 399 3597 omnibus
432 3541 719 3596 membris
751 3540 1061 3613 prospiciat
1091 3543 1147 3595 et
1177 3537 1438 3609 invigilet
1468 3556 1479 3605 ;
1516 3537 1780 3592 membra

109 3648 247 3705 vero
282 3631 380 3687 sui
417 3630 631 3702 capitis
654 3630 899 3685 salutem
917 3628 1493 3684 sineintermissione
1513 3631 1779 3698 quaerant

113 3723 170 3776 et
197 3723 432 3795 optent.
462 3720 614 3775 Bene
638 3719 909 3791 equidem
936 3718 1176 3784 fecistis,
1200 3718 1356 3789 quod
1374 3717 1528 3787 jussi
1551 3733 1584 3770 a
1605 3716 1776 3771 nobis

112 3809 441 3865 concilium
476 3809 547 3863 de
578 3810 752 3864 rebus
801 3807 1207 3863 ecclesiasticis
1255 3806 1584 3861 habuistis:
1620 3806 1773 3876 quod

111 3899 293 3955 etiam
326 3898 493 3953 omni
529 3914 680 3951 anno
711 3896 799 3952 vel
833 3895 1011 3952 semel
1043 3912 1214 3967 agere
1253 3895 1495 3950 debetis.
1530 3892 1778 3967 Insuper

110 3992 267 4044 recte
299 3991 515 4043 contra
562 3985 1007 4041 Gummilanum
1056 3986 1393 4057 episcopum
1428 3984 1771 4056 dignitatem

108 4074 607 4150 Carthaginensis
640 4074 903 4130 Ecclesiae
935 4074 1317 4141 defendistis;
1352 4074 1489 4146 quia
1519 4074 1643 4129 sine
1664 4074 1771 4128 du-

108 4165 205 4222 bio
232 4172 373 4241 post
406 4165 743 4222 Romanum
774 4164 1106 4237 pontificem
1139 4164 1366 4237 primus
1389 4163 1769 4236 archiepisco-

105 4271 219 4327 pus
250 4259 310 4313 et
341 4255 536 4311 totius
563 4253 766 4308 Africae
811 4254 1103 4309 maximus
1153 4252 1635 4324 metropolitanus
1684 4258 1772 4309 est

102 4340 604 4418 Carthaginensis
635 4341 968 4414 episcOpus,
1000 4356 1105 4397 nec
1136 4357 1238 4409 pro
1271 4340 1469 4414 aliquo
1496 4342 1768 4414 episcopo

101 4430 162 4487 in
214 4436 345 4490 tota
390 4431 594 4488 Africa
642 4434 832 4503 potest
883 4431 1121 4503 perdere
1171 4429 1539 4503 privilegium
1589 4431 1770 4487 semel

98 4525 461 4596 susceptum
496 4537 531 4575 a
560 4524 762 4576 sancta
809 4520 1071 4576 Romana
1118 4524 1175 4576 et
1222 4519 1542 4592 apostolica
1592 4521 1765 4576 sede:

97 4611 202 4668 sed
235 4609 545 4667 obtinebit
576 4608 720 4664 illud
751 4626 936 4681 usque
965 4609 1025 4665 in
1051 4610 1223 4664 finem
1253 4608 1470 4676 szeculi,
1503 4613 1561 4664 et
1585 4610 1769 4665 donec

96 4698 155 4755 in
180 4716 251 4756 ea
280 4698 667 4756 invocabitur
686 4715 897 4754 nomen
920 4698 1149 4753 Domini
1174 4697 1356 4752 nostri
1376 4698 1511 4753 Jesu
1532 4698 1768 4765 Christi,
1801 4718 1851 4781 ι)

94 4788 218 4845 sive
250 4789 502 4845 deserta
520 4788 716 4858 jaceat
735 4786 1041 4859 Carthago,
1067 4787 1186 4841 sive
1217 4791 1485 4859 resurgat
1516 4786 1771 4858 gloriosa

91 4874 583 4950 aliquando.Hoc
614 4891 682 4931 ex
708 4875 950 4931 concilio
982 4876 1135 4930 beati
1167 4876 1439 4947 martyris
1471 4875 1762 4948 Cypriani,

89 4964 202 5022 hoc
226 4983 300 5022 ex
333 4964 590 5040 synodis
620 4964 862 5032 Aurelii,
893 4964 1002 5020 hoc
1056 4980 1123 5019 ex
1174 4965 1449 5021 omnibus
1478 4965 1765 5021 Africanis

90 5055 391 5125 conciliis,
448 5053 587 5122 hoc,
642 5054 796 5127 quod
828 5054 1022 5125 majus
1079 5057 1187 5122 est,
1234 5071 1301 5109 ex
1346 5054 1765 5110 venerabilium

86 5146 622 5216 praedecessorum
652 5146 989 5199 nostrorum
1021 5143 1416 5199 Romanorum
1448 5144 1764 5215 praesulum

89 5232 348 5292 decretis
375 5235 590 5307 aperte
621 5236 988 5289 monstratur
1015 5248 1028 5286 :
1062 5248 1164 5287 nec
1195 5232 1528 5305 quicunque
1559 5232 1656 5287 ille
1690 5233 1767 5289 sit

83 5324 526 5382 Gummitanus
560 5321 894 5394 episc0pus,
930 5321 1184 5393 aliquam
1218 5320 1510 5377 licentiam
1546 5339 1766 5378 .conse-

84 5414 292 5470 crandi
345 5412 677 5488 episcopos
724 5409 812 5467 vel
864 5410 1213 5484 deponendi,
1264 5426 1366 5465 seu
1411 5410 1765 5482 provinciale

83 5502 409 5559 concilium
444 5499 819 5556 convocandi
848 5499 1023 5555 habet
1055 5499 1179 5557 sine
1210 5515 1497 5555 consensu
1528 5499 1764 5555 Cartha-

80 5591 352 5666 ginensis
388 5587 1179 5661 archiepiscopi,cujuslibet
1208 5588 1510 5661 dignitatis
1542 5593 1643 5644 aut
1664 5606 1765 5661 po-

75 5684 313 5740 testatis
345 5682 450 5739 sit.
488 5678 942 5734 Tantummodo
988 5678 1326 5751 procurabit
1372 5676 1471 5733 ille
1502 5678 1763 5733 Gummi-

74 5774 251 5829 tanus
284 5772 633 5847 episcopus
665 5784 791 5839 qua:
815 5769 886 5823 ad
915 5768 1209 5841 propriam
1237 5766 1570 5839 parochiam
1594 5767 1765 5838 perti-

78 5866 220 5918 nent
248 5881 262 5931 ;
296 5865 519 5917 caatera
549 5859 780 5924 autem,
808 5856 962 5913 sicut
992 5862 1049 5913 et
1078 5854 1174 5913 alii
1196 5855 1450 5927 episcopi
1480 5855 1758 5923 Africani,

1105 459 1512 527 EPISTOL/E
1550 459 1653 524 ET
1693 450 2059 525 DECRETA
2109 459 2583 527 PONTIFICIA.

3415 473 3537 541 ’130

1900 596 2141 652 consilio
2171 597 2647 671 Carlbaginensis
2668 597 3089 681 archiepiscOpi
3111 607 3368 682 aget,qui
3382 610 3539 670 solus

1898 684 1957 740 in
1989 685 2179 741 Africa
2206 685 2450 758 pallium
2491 688 2563 744 ab
2617 691 2937 762 apostolica
2967 696 3103 751 sede
3132 696 3343 755 habere
3373 700 3538 759 solet.

1897 773 2061 829 Unde
2089 778 2145 829 et
2173 774 2477 848 episcopos
2526 781 2905 836 consecrandi
2955 784 3277 858 principale
3307 795 3363 843 et
3391 790 3541 846 anti-

1897 879 2077 933 quum
2103 864 2204 933 jus
2236 865 2460 935 retinet,
2495 865 2648 922 sicut
2667 885 2736 923 ex
2750 870 2943 926 verbis
2971 872 3189 930 Aurelii
3221 875 3278 931 in
3299 879 3543 937 concilio

1896 951 2335 1043 Carthaginensi
2368 954 2596 1025 (Concil.
2628 960 2884 1031 Carthag.
2920 962 3028 1033 nr.)
3076 965 3333 1038 capitulo
3366 968 3541 1043 trige-

1898 1041 2044 1095 simo
2076 1057 2227 1097 nono
2257 1048 2447 1114 potest
2475 1044 2741 1119 intelligi,
2770 1064 2902 1104 cum
2937 1050 3115 1107 dicit:
3168 1054 3230 1109 In
3263 1041 3542 1129 Ecclesia,

1898 1130 1971 1184 ad
2012 1146 2186 1200 quam
2238 1132 2477 1204 dignata
2519 1139 2606 1189 est
2654 1142 2845 1193 vestra
2887 1141 3167 1198 sanctitas
3210 1147 3543 1216 convenire,

1901 1217 2102 1307 crebro
2133 1235 2198 1273 ac
2230 1237 2373 1291 pene
2409 1238 2510 1293 per
2548 1224 2700 1279 diem
2734 1225 3094 1285 Dominicam
3125 1233 3431 1307 episcopos
3452 1254 3541 1293 or-

1900 1306 2192 1362 dinandos
2224 1308 2529 1377 habemus,
2580 1318 2687 1368 etc.
2746 1316 2855 1370 Sed
2902 1316 3010 1373 hoc
3055 1336 3157 1376 vos
3190 1338 3305 1378 non
3336 1306 3535 1395 lateat,

1902 1413 2017 1450 non
2047 1396 2254 1452 debere
2283 1402 2489 1469 prieter
2512 1399 2810 1457 scientiam
2835 1406 3251 1481 [sententiam.]
3285 1412 3532 1470 Romani

1900 1485 2193 1556 pontificis
2225 1486 2552 1544 universale
2584 1491 2895 1548 concilium
2929 1495 3224 1567 celebrari,
3272 1507 3371 1556 aut
3417 1505 3536 1575 epi-

1901 1590 2109 1646 scopos
2139 1576 2408 1632 damnari
2436 1576 2523 1633 vel
2556 1579 2789 1652 deponi,
2839 1585 2997 1655 quia,
3054 1588 3160 1641 etsi
3214 1589 3348 1646 licet
3374 1593 3537 1651 vobis

1902 1661 2130 1735 aliquos
2177 1664 2480 1738 episcopos
2532 1671 2885 1740 examinare,
2937 1674 3306 1734 diffinitivam
3347 1684 3540 1739 tamen

1901 1754 2248 1811 sententiam
2280 1756 2503 1830 absque
2535 1761 2809 1817 consultu
2843 1763 3087 1821 Romani
3132 1769 3445 1842 pontificis,
3480 1777 3546 1829 ut

1901 1844 2122 1900 dictum
2158 1851 2266 1913 est,
2296 1864 2408 1902 non
2443 1848 2579 1904 licet
2610 1850 2766 1908 dare.
2820 1853 2980 1917 Quod
3030 1855 3086 1910 in
3121 1860 3341 1916 sanctis
3371 1878 3542 1917 cano-

1901 1934 2076 1989 nibus
2129 1938 2438 2001 statutum,
2500 1938 2547 1993 si
2608 1940 2890 2010 qumritis,
2948 1945 3194 2015 potestis
3242 1947 3540 2007 invenire:

1898 2022 2117 2078 scilicet
2146 2024 2284 2095 quia
2312 2026 2574 2082 omnium
2607 2029 2998 2087 Ecclesiarum
3044 2036 3296 2106 majores
3316 2041 3373 2093 et
3393 2038 3543 2094 difﬁ-

1898 2111 2128 2168 ciliores
2157 2130 2366 2180 causae,
2410 2133 2512 2187 per
2558 2123 2821 2174 sanctam
2871 2125 2927 2175 et
2974 2122 3354 2196 principalem
3385 2127 3544 2184 beati

1898 2200 2046 2256 Petri
2081 2202 2278 2258 sedem
2309 2221 2342 2258 a
2373 2206 2817 2263 successoribus
2849 2209 2978 2280 ejus
3000 2211 3349 2271 diffiniendaa
3380 2221 3542 2286 sunt,

1897 2293 2096 2360 utpote
2129 2292 2219 2346 cui
2252 2292 2530 2349 divinitus
2579 2296 2831 2354 dicitur:
2882 2301 3158 2370 Conﬁrma
3196 2305 3397 2374 fratres
3426 2311 3546 2363 tuo:

1897 2379 2052 2449 (Luc.
2105 2381 2290 2452 xxu);
2342 2386 2447 2438 et:
2502 2385 2617 2440 Tibi
2672 2386 2811 2443 dabo
2868 2390 3042 2446 claves
3088 2395 3249 2463 regni
3288 2396 3550 2451 calorum

1895 2468 2103 2538 (Matth.
2137 2470 2273 2540 xvr),
2309 2476 2418 2527 etc.

1965 2557 2051 2611 Nu
2068 2575 2159 2625 nc,
2193 2560 2333 2631 quia
2362 2561 2433 2615 de
2472 2563 2925 2637 archiepiscopis
2972 2572 3025 2623 et
3064 2571 3549 2644 .metropolitanis

1893 2648 2242 2703 sententiam
2275 2654 2537 2706 nostram
2593 2654 2910 2724 requiritis,
2941 2659 3364 2716 venerabilium
3390 2667 3548 2719 ante-

1892 2750 2185 2791 cessorum
2219 2743 2553 2795 nostrorum
2587 2742 2741 2798 dicta
2772 2749 2967 2816 aperte
2997 2746 3421 2816 demonstrant,
3484 2753 3540 2807 id

1890 2830 1978 2880 est
2007 2826 2344 2894 Clementis,
2377 2829 2660 2896 Anacleti,
2694 2832 2917 2889 Aniceti
2950 2839 3007 2889 et
3037 2835 3428 2906 aliorum,ubi
3460 2838 3545 2895 ita

1891 2913 2141 2985 legitur:
2174 2917 2552 2973 Sacerdotum
2583 2921 2723 2976 ordo
2778 2922 3091 2994 bipartitus
3137 2928 3248 2995 est,
3282 2942 3389 2983 nec
3417 2945 3541 2984 am-

1892 3002 2049 3074 plius
2080 3021 2255 3075 quam
2298 3006 2447 3062 deos
2494 3009 2749 3077 ordines,
2797 3011 2855 3066 id
2906 3017 2995 3067 est
3045 3014 3456 3088 episcoporum
3488 3022 3546 3075 et

1894 3092 2385 3164 presbyterorum.
2431 3097 2600 3152 nobis
2668 3098 2859 3154 collati
2909 3104 3068 3167 unt,
3150 3118 3255 3159 nec
3299 3105 3545 3178 apostoli

1894 3180 2235 3237 docuerunt.
2294 3185 2970 3258 Episcoporum-autem
3027 3191 3168 3247 ordo
3225 3210 3378 3250 unus
3427 3200 3539 3263 est,

1894 3270 2166 3340 quamvis
2196 3270 2293 3326 alii
2338 3274 2722 3346 praeferantur
2766 3276 2919 3345 aliis,
2970 3279 3089 3333 sive
3130 3296 3237 3352 pro
3288 3297 3355 3338 eo
3383 3284 3538 3355 quod

1896 3358 2124 3429 primus
2156 3359 2414 3416 civitates
2462 3368 2519 3418 et
2573 3365 2759 3435 magis
2808 3366 3156 3433 nominatas,
3209 3371 3533 3427 secundum

1892 3448 2208 3518 potentiam
2247 3455 2348 3504 aut
2378 3450 2532 3523 leges
2580 3452 2775 3508 seculi
2827 3455 3094 3523 retinent,
3145 3456 3267 3513 sive
3312 3459 3470 3530 quod
3504 3477 3539 3516 a

1889 3537 2108 3592 sanctis
2141 3539 2412 3595 Patribus
2442 3558 2546 3613 pro
2590 3540 2788 3613 aliqua
2836 3544 3157 3600 reverentia
3202 3546 3533 3606 sanctitatis

1888 3625 2121 3698 aliquod
2157 3627 2523 3701 privilegium
2546 3629 2852 3701 dignitatis
2877 3633 3539 3707 possident.Nam,sicut

1887 3717 2080 3772 omnis
2111 3718 2412 3774 mundana
2432 3724 2690 3791 potestas
2711 3720 2805 3776 his
2818 3721 3099 3794 gradibus
3130 3725 3487 3798 dignitatum
3506 3745 3540 3783 a

1886 3821 1948 3860 se
1979 3805 2228 3862 invicem
2260 3807 2459 3873 distat,
2502 3809 2556 3864 id
2601 3813 2709 3877 est,
2755 3814 2819 3864 ut
2866 3811 3095 3883 primus
3125 3812 3204 3868 sit
3232 3816 3537 3887 Augustus

1883 3893 1969 3949 vel
2000 3894 2337 3966 imperator,
2369 3897 2579 3952 deinde
2627 3898 2898 3967 Cresares,
2955 3900 3164 3956 deinde
3206 3918 3391 3974 reges,
3425 3903 3534 3959 du-

1883 4000 1978 4039 ces
2010 3988 2065 4039 et
2096 3985 2340 4041 comites
2389 3990 2561 4058 atque
2609 3987 2867 4042 tribuni:
2917 3988 2996 4043 ita
3038 3993 3095 4044 et
3141 3989 3535 4049 ecclesiastica

1883 4073 2138 4146 dignitas
2162 4075 2432 4131 ordinata
2461 4093 2495 4131 a
2525 4076 2742 4131 sanctis
2775 4078 3047 4133 Patribus
3094 4079 3405 4150 invenitur,
3438 4081 3531 4137 di-

1881 4167 2045 4218 cente
2075 4164 2241 4218 beato
2273 4163 2567 4218 Clemente
2613 4165 2803 4236 (Epist.
2852 4165 2905 4232 l,
2954 4170 3098 4223 tom.
3136 4168 3179 4236 Ι,
3212 4185 3270 4240 p.
3304 4168 3435 4238 91):
3467 4169 3531 4226 In

1879 4250 1972 4307 his
2001 4251 2354 4320 civitatibus,
2387 4251 2445 4307 in
2477 4254 2695 4325 quibus
2723 4253 2860 4310 olim
2893 4256 3047 4328 apud
3072 4255 3335 4312 ethnicos
3363 4256 3535 4330 primi

1882 4340 2150 4396 flamines
2180 4356 2382 4397 eorum
2413 4346 2587 4414 atque
2631 4343 2800 4414 primi
2832 4343 2977 4416 legis
3021 4345 3302 4401 doctores
3350 4351 3534 4413 erant,

1880 4430 2159 4501 primates
2190 4428 2277 4485 vel
2306 4429 2642 4502 patriarchre
2668 4431 2839 4503 positi
2872 4433 3136 4503 sunt,qui
3172 4433 3531 4505 reliquorum

1870 4517 2096 4588 judicia
2124 4522 2181 4573 et
2213 4520 2434 4590 majora
2464 4520 2861 4591 negotiajuste
2881 4520 3328 4593 diffinircnt,qui
3352 4523 3531 4580 etiam

1879 4623 1997 4662 non
2028 4607 2130 4663 uni
2163 4607 2492 4680 provinciae,
2527 4610 2625 4664 sed
2659 4608 2928 4681 pluribus
2960 4614 3293 4680 praeessent.
3311 4611 3533 4670 Deinde

1881 4694 1982 4750 ubi
2013 4695 2448 4753 archiflamines
2477 4700 2642 4752 erant
2680 4714 3064 4771 paganorum,
3105 4697 3529 4775 archiepiscopi

1879 4784 2131 4840 instituti
2165 4790 2306 4841 sunt
2334 4785 2792 4842 Christianorum
2820 4786 3183 4860 quisingulis
3214 4789 3533 4860 provinciis

1875 4878 2207 4946 przeessent.
2245 4874 2351 4931 Ubi
2383 4892 2515 4931 vero
2538 4875 2876 4947 metropolis
2907 4881 3050 4941 erat,
3082 4892 3210 4947 qua;
3236 4877 3531 4951 interpre-

1873 4967 2034 5018 tatur
2058 4972 2238 5019 mater
2264 4966 2477 5031 eivitas,
2514 4964 2942 5037 metropolitani
2974 4971 3140 5021 erant
3173 4967 3410 5040 :quippe
3431 4969 3533 5041 qui

1876 5053 1945 5108 de
1976 5052 2163 5108 tribus
2193 5057 2293 5107 aut
2310 5057 2561 5124 quatuor
2574 5053 2909 5111 civitatibus
2937 5055 3095 5110 intra
3123 5054 3385 5129 aliquam
3408 5074 3537 5130 pro-

1874 5142 2124 5198 vinciam
2158 5143 2365 5213 majori
2397 5147 2454 5198 et
2484 5143 2659 5198 matri
2692 5143 2944 5200 aliarum
2981 5144 3281 5201 civitatum
3334 5148 3532 5219 praesi-

1876 5232 2116 5288 debunt.
2149 5231 2248 5287 Isti
2282 5231 2598 5304 aliquando
2632 5233 3065 5306 metropolitani
3088 5237 3318 5290 tantum
3340 5235 3529 5291 nomi-

1877 5324 2116 5386 nantur,
2149 5319 2464 5393 aliquando
2513 5337 2646 5376 vero
2699 5321 3147 5395 archiepiscopi,
3195 5322 3242 5376 si
3292 5322 3348 5376 in
3398 5321 3529 5393 ipsa

1878 5408 2176 5481 provincia
2205 5411 2459 5481 majores
2513 5426 2627 5464 non
2679 5408 2899 5465 fuerint
2941 5408 3139 5480 aliqui.
3174 5407 3278 5463 Ubi
3326 5413 3523 5465 autem

1879 5498 2134 5555 minores
2153 5498 2414 5554 civitates
2429 5498 2744 5554 habuerint
2765 5496 3130 5554 solummodo
3151 5494 3419 5551 ﬂamines
3434 5498 3523 5553 vel

1876 5587 2143 5655 comites,
2177 5587 2432 5659 episcopi
2467 5591 2606 5643 sunt
2635 5586 2912 5643 instituti.
2944 5585 3116 5639 Porro
3147 5583 3369 5639 tribuni
3402 5585 3522 5658 ple-

1874 5675 1967 5731 bis
1999 5692 2114 5731 non
2146 5676 2399 5732 absurde
2431 5675 2839 5747 intelliguntur
2868 5672 3210 5746 presbyteri,
3236 5673 3355 5729 sive
3386 5673 3518 5730 reli-

1875 5764 1975 5836 qui
2008 5764 2300 5820 inferioris
2330 5763 2552 5819 ordinis
2579 5763 2789 5818 clerici.
2817 5762 2914 5817 His
2945 5759 3220 5816 omnibus
3250 5760 3445 5816 divino
3463 5767 3516 5817 et

1872 5851 2131 5910 humano
2164 5851 2464 5923 privilegio
2494 5850 2765 5923 praelatus
2793 5853 2882 5907 est
2906 5846 3164 5921 pontifex
3193 5847 3510 5907 Romanus.
