3898 6348
405 425 522 494 ’181

1471 422 1539 490 S.
1581 420 1862 489 LEONIS
1903 415 1988 485 IX
2026 409 2257 482 “PE
2295 415 2732 485 OPUSCULA.

3747 413 3848 478 τε,

410 563 522 623 Sed
550 561 622 620 de
650 559 848 618 Africae
877 557 1227 634 primatibus
1256 556 1424 618 aliter
1457 558 1903 633 intelligendum
1933 559 2043 627 est,
2071 552 2129 623 Α
2157 553 2371 612 decreti
2418 553 2594 611 fuerit
2643 553 3031 622 conservator,
3091 547 3580 610 intercessionis
3643 547 3844 607 auxilio

411 652 551 726 quia
577 651 640 707 in
671 649 919 724 singulis
941 650 1067 722 ejus
1088 648 1396 722 provinciis
1419 648 1743 720 antiquitus
1766 647 2044 720 primates

409 741 868 798 instituebantur
914 755 1028 792 non
1080 739 1401 793 secundum
1451 737 1766 809 potentiam
1798 735 2046 807 alicujus

411 829 684 896 civitatis,
717 827 816 883 sed
847 827 1170 882 secundum
1201 831 1432 898 tempus
1475 843 1593 881 sua:
1623 823 2042 890 ordinationis;

412 919 628 992 quibus
658 921 852 972 tamen
883 915 1156 970 omnibus
1190 919 1432 987 praeerat
1462 931 1633 982 unus,
1663 913 1883 970 scilicet
1912 913 2046 968 Car-

410 1005 774 1080 thaginensis
803 1003 1295 1076 archiepiscopus,
1349 1003 1447 1075 qui
1491 1002 1665 1058 etiam
1699 1020 1813 1058 non
1844 1003 2046 1057 incon-

409 1111 550 1170 grue
579 1095 691 1150 dici
724 1098 916 1166 potest
947 1091 1432 1164 metropolitanus
1482 1095 1717 1164 propter
1747 1091 2045 1163 Carthagi-

408 1202 540 1241 nem
575 1183 945 1256 metr0polim
975 1180 1154 1236 totius
1185 1181 1406 1246 Africae,
1441 1197 1691 1252 quorum
1722 1196 1904 1251 supra
1934 1195 2048 1234 me-

406 1274 707 1330 minimus.
759 1272 844 1328 Ita
895 1271 1110 1343 legitur
1156 1270 1216 1324 in
1273 1269 1514 1324 consilio
1581 1268 2042 1341 Carthagincnsi,

404 1361 660 1434 capitulo
691 1359 971 1432 vigesimo
993 1363 1152 1414 sexto
1175 1358 1402 1413 :Primaz
1423 1357 1577 1414 sedis
1593 1357 1903 1430 episcopus
1930 1375 2044 1413 non

404 1450 728 1523 appelletur
757 1449 1028 1520 princeps
1057 1447 1450 1518 sacerdotum,
1483 1450 1582 1500 aut
1622 1462 1895 1502 summus
1947 1463 2044 1502 sa-

405 1539 628 1604 cerdos,
659 1540 760 1592 aut
787 1535 1006 1607 aliquid
1039 1535 1400 1606 hujusmodi,
1449 1535 1550 1590 sed
1582 1539 1810 1590 tantum
1844 1535 2043 1606 primae

405 1626 562 1684 sedis
592 1625 923 1697 episcopus.
988 1624 1262 1680 Sanctam
1314 1628 1565 1680 vestram
1620 1623 2043 1678 fraternitatem

397 1714 619 1789 jugiter
647 1711 1044 1785 invigilantem
1060 1711 1410 1767 utilitatibus
1433 1716 1642 1767 sanctae
1655 1711 1754 1766 Dei
1778 1710 2041 1766 Ecclesiae

405 1807 578 1875 atque
598 1803 796 1858 devote
817 1818 920 1873 pro
939 1800 1108 1856 nobis
1131 1803 1628 1866 orantem,sancta
1656 1803 1714 1854 et
1743 1799 2043 1854 individua

402 1890 655 1950 Trinitas
682 1906 911 1963 semper
935 1895 1252 1956 conservet,
1287 1889 1618 1946 charissimi
1651 1887 1876 1944 fratres.

1084 1995 1342 2052 LXXXV.

399 2088 453 2145 S.
486 2089 588 2144 Leo
619 2089 678 2142 Ιλ
708 2103 904 2142 navem
928 2101 1028 2156 pro
1049 2102 1154 2140 usu
1182 2085 1501 2140 monasterii
1548 2084 1886 2156 Casinensis,
1915 2100 2040 2137 cum

465 2160 722 2214 nauclero
768 2161 818 2212 et
865 2155 1046 2224 sociis,
1097 2157 1327 2211 liberam
1371 2160 1424 2212 et
1453 2160 1760 2227 exemptam
1789 2155 1856 2208 ab
1888 2156 2038 2210 omni

469 2232 674 2287 teloneo
703 2237 756 2285 et
783 2229 1054 2284 solutione
1081 2227 1343 2283 concedit.

1025 2317 1212 2386 (Anno
1242 2316 1422 2383 1053.)

679 2403 1012 2477 [Margarini
1059 2405 1276 2459 Bullar.
1311 2404 1493 2460 Casin.
1529 2404 1602 2470 ll,
1634 2403 1749 2475 85.]

468 2512 581 2568 Leo
617 2511 946 2584 episc0pus,
1003 2526 1302 2566 servorum
1346 2525 1548 2564 servus
1605 2509 1726 2572 Dei,
1783 2507 2034 2564 ecclesiae

396 2617 500 2656 seu
543 2599 898 2657 monasterio
945 2597 1378 2671 praeclarissimi
1439 2597 1650 2652 Christi
1683 2597 2035 2653 confessoris

396 2675 711 2759 Benedicti,
742 2687 802 2742 in
852 2691 1048 2743 monte
1098 2687 1304 2743 Casino
1345 2687 1646 2755 aediﬁcato,
1690 2691 1746 2743 et
1777 2703 1876 2758 per
1904 2704 2030 2742 eam

393 2777 659 2834 Richerio
681 2777 874 2834 abbati
895 2775 1237 2847 cunctisque
1257 2776 1385 2848 ejus
1412 2775 1848 2832 successoribus
1868 2791 2035 2832 cano-

391 2867 518 2923 nice
547 2866 666 2922 illic
697 2865 1082 2933 intrantibus,
1115 2865 1176 2920 in
1209 2869 1577 2937 perpetuum.

463 2955 680 3011 Divinas
711 2954 943 3026 pietatis
972 2957 1242 3026 respectu
1273 2954 1472 3008 attacti
1515 2955 1894 3026 ejusdemque
1938 2969 2029 3007 ec-

395 3041 581 3098 clesiae
635 3045 968 3114 augmento,
1027 3041 1250 3112 praefati
1299 3040 1552 3096 Richerii
1604 3043 1786 3097 nostri
1832 3040 2028 3098 dilecti

393 3129 662 3204 precibus
693 3129 926 3202 pulsati,
959 3129 1202 3202 dignum
1236 3129 1610 3200 duximus,ob
1628 3147 1883 3185 amorem
1901 3147 2028 3185 san-

392 3219 638 3276 ctissimi
669 3218 957 3275 Benedicti
982 3219 1110 3289 jam
1139 3219 1300 3289 dicti,
1325 3218 1760 3290 saepissimeque
1775 3217 2026 3288 dicendi,

2070 1918 2118 1983 B

2154 643 2340 716 ipsius
2357 642 2715 701 sanctissimi
2736 641 3270 716 Benedicti,portus
3295 639 3547 698 salutis
3581 639 3843 712 adeptus,

2154 751 2189 790 a
2217 733 2329 790 Deo
2359 733 2756 808 omnipotente
2769 731 3235 789 misericordiam
3257 735 3320 787 et
3344 727 3841 786 benedictionem

2154 823 2214 879 in
2244 827 2529 880 aeternum
2554 825 2972 894 consequatur.

2223 913 2434 968 Datum
2465 929 2522 968 IV
2549 910 2675 968 Kal.
2726 911 2889 968 Junii
2927 926 3030 982 per
3077 925 3294 966 manus
3353 906 3694 965 Frederici
3738 907 3844 964 dia-

2156 1001 2306 1072 coni,
2362 1004 2572 1057 sanctee
2617 1001 2889 1057 Romanis
2937 997 3209 1055 Ecclesiae
3262 996 3770 1063 bibliothecarii,
3800 1005 3842 1052 et

2155 1088 2483 1146 cancellarii
2512 1090 2636 1145 vice
2679 1087 2900 1145 domini
2948 1087 3254 1144 Herimani
3290 1085 3838 1152 archicancellarii,

2155 1184 2214 1234 et
2243 1178 2606 1234 Coloniensis
2653 1176 3100 1250 archiepiscopi,
3153 1193 3314 1232 anno
3347 1174 3613 1231 domini
3648 1175 3839 1230 Leonis

2155 1267 2292 1322 noni
2324 1283 2488 1340 papae
2515 1267 2582 1336 V,
2614 1266 2820 1322 indict.
2851 1283 2934 1322 γι.

2154 1489 2208 1546 S.
2241 1492 2340 1546 Leo
2369 1488 2448 1544 IX
2483 1488 2815 1554 (falaricam,
2835 1397 3320 1558 Ιᾶξέῖιέἷξεοριιπι
3339 1487 3839 1555 Beneventanum,

2326 1561 2500 1632 pallio
2530 1561 2714 1626 donat,
2745 1559 2971 1632 ejusque
2986 1559 3294 1630 privilegia
3317 1559 3668 1630 conﬁrmat.

2744 1665 2749 1670 ’
2775 1666 2962 1736 (Anno
2992 1663 3180 1736 4053.)

2469 1771 2739 1846 [Ughelli,
2771 1771 2941 1828 Italia
2967 1787 3146 1837 saera,
3179 1771 3337 1840 VIII,
3370 1772 3502 1845 78.]

2225 1933 2237 1946 .
2247 1927 2261 1944 .
2273 1931 2284 1944 .
2297 1891 2702 1945 Beneventanae
2713 1885 2982 1943 Ecclesiae
2995 1885 3569 1957 considerantes,ad
3590 1888 3649 1960 ej
3659 1907 3695 1945 u
3705 1906 3733 1945 ε
3739 1891 3833 1962 jus

2151 1983 2206 2036 et
2224 1979 2637 2051 proprietatem
2650 1992 2991 2033 revocamus
3007 1979 3186 2048 atque
3207 1975 3268 2030 in
3291 1980 3678 2048 perpetuum
3699 1979 3832 2034 sub-

2147 2069 2344 2124 dimus
2375 2073 2431 2123 et
2459 2066 2750 2122 tradimus
2779 2083 2792 2121 :
2823 2063 3092 2120 videlicet
3119 2063 3442 2120 ecclesiam
3473 2066 3694 2122 Sancti
3727 2067 3830 2122 Mi-

2145 2157 2364 2213 chaelis
2393 2156 2453 2212 in
2480 2158 2677 2211 monte
2706 2155 2973 2226 Gargano
3004 2153 3352 2226 positam,et
3383 2153 3597 2226 ipsum
3622 2156 3832 2213 castel-

2144 2245 2268 2302 lum
2326 2245 2426 2301 ubi
2483 2245 2602 2315 iam
2649 2243 2806 2298 dicta
2848 2258 3016 2298 sacra
3067 2245 3124 2298 et
3180 2241 3547 2299 venerabilis
3578 2243 3706 2300 sita
3740 2250 3831 2302 est

2145 2334 2590 2405 ecclesia,atque
2619 2331 2990 2404 Sipontinam
3010 2329 3336 2387 ecclesiam
3356 2347 3499 2387 cum
3529 2333 3828 2390 omnibus

2135 2420 2384 2493 justitiis
2415 2419 2525 2476 sibi
2539 2417 2804 2492 legaliter
2823 2417 3090 2490 pertinen
3103 2418 3702 2489 tibus,Lucerinam,
3725 2425 3827 2478 As-

2144 2509 2366 2578 culum,
2405 2509 2710 2577 Bovinum,
2772 2505 3070 2575 Larinum,
3116 2507 3495 2579 TriVentum,
3553 2516 3823 2568 sanctam

2141 2599 2448 2672 Agatham,
2472 2595 2824 2665 Avellinum,
2859 2594 3142 2660 Quintum
3175 2594 3820 2666 decimum,Arianum

2141 2688 2554 2755 Vulturanum,
2567 2683 3818 2760 Thelesiam,Alifem,Sessulam,Lesinam,

2142 2776 2482 2834 Termulum
2492 2773 2805 2848 ,simulque
2817 2775 2965 2831 duas
2976 2773 3210 2831 abbatis
3219 2792 3247 2831 s
3256 2775 3564 2834 Sanctum
3577 2778 3818 2836 Petrum

2141 2867 2212 2923 de
2240 2865 2452 2934 Duddi,
2501 2867 2674 2936 atque
2720 2865 2995 2920 Sanctum
3047 2863 3341 2920 Joannem
3403 2865 3609 2923 situm
3655 2869 3818 2939 juxta

2137 2958 2366 3028 portam
2416 2955 2669 3010 Auream
2699 2968 2834 3008 cum
2865 2950 3116 3024 singulis
3138 2951 3820 3028 proprietatibusJusti-

2136 3041 2684 3116 tiis,parochiis,seu
2711 3040 3061 3098 dioecesibus
3092 3041 3412 3110 suis,nihil
3444 3042 3813 3118 excipimus,

2137 3133 2238 3189 sed
2271 3131 2486 3197 omnia,
2521 3129 2671 3186 sicut
2691 3129 2926 3202 justitia
2953 3145 3158 3186 eorum
3187 3129 3456 3198 est,huic
3480 3133 3628 3204 jam
3665 3151 3815 3208 szepe

2140 3219 2450 3277 nominata-2.
2481 3217 2734 3276 ecclesiae
2763 3219 3179 3274 Beneventanae
3206 3217 3268 3274 in
3289 3217 3598 3278 honorem
3629 3224 3696 3280 S.
3721 3224 3814 3280 Dei

397 3307 615 3380 aliquid
645 3325 714 3364 ex
742 3307 918 3363 rebus
936 3281 1848 3380 beatissimiBetri,apostolorum
1873 3281 2029 3378 prin;
2059 3281 2103 3348 C
2139 3309 2438 3385 genitricis
2467 3308 2660 3366 Marias
2693 3307 3097 3375 dedicatembi
3128 3306 3660 3380 pretiosissimum
3695 3329 3818 3370 cor-

396 3397 561 3470 cipis,
595 3397 782 3453 eidem
814 3395 1168 3452 monasterio
1225 3396 1284 3450 in
1333 3413 1506 3452 usum
1536 3396 1784 3452 fratrum
1813 3395 2030 3451 ibidem

393 3486 992 3560 degentium,Deoque
1022 3484 1396 3541 servientium
1429 3483 1625 3558 largiri
1656 3488 1713 3541 et
1743 3483 1802 3540 in
1834 3499 2033 3558 perpe-

392 3579 562 3631 tuum
589 3575 884 3642 conferre;
915 3579 1204 3645 quatenus
1237 3573 1640 3630 nobilissimus
1670 3589 1831 3648 grex,
1862 3577 1920 3629 et
1949 3574 2030 3628 fe-

393 3663 586 3718 cunda
615 3661 804 3735 proles
833 3661 978 3717 tanti
1009 3661 1192 3734 patris
1223 3661 1488 3718 omnium
1501 3679 1598 3718 ore
1627 3662 2026 3730 benedicendi,

393 3749 783 3816 Benedicti,ut
813 3754 1042 3822 portum
1064 3749 1272 3806 salutis
1291 3750 1362 3806 ad
1381 3755 1652 3806 aeternam
1668 3750 2032 3824 ingrediatur

393 3841 590 3908 vitam,
644 3857 747 3913 per
803 3855 1012 3895 manus
1079 3838 1312 3894 aetherei
1369 3840 1704 3912 summique
1757 3839 2032 3914 clavigeri

391 3929 546 3985 Petri
575 3927 759 3985 attolli
789 3927 1070 3984 subsidiis
1111 3933 1167 3984 et
1211 3927 1628 3985 munificentiis
1671 3928 1900 4002 repleri.
1933 3929 2027 3986 In-

389 4021 621 4074 tuentes
661 4017 842 4090 igitur
895 4034 929 4072 a
987 4015 1252 4073 saeculari
1308 4034 1407 4072 eos
1467 4019 1698 4090 negotio
1746 4022 2028 4088 remotos,

388 4105 626 4178 propria
671 4122 800 4178 quae
847 4106 1256 4177 quoquomodo
1305 4106 1702 4178 possederant,
1737 4111 2018 4180 praecepto

390 4193 628 4266 Christi,
661 4193 858 4266 piique
889 4193 1072 4265 patris
1117 4194 1398 4267 exemplo,
1449 4194 1778 4266 reliquisse,
1827 4195 2024 4252 animo

387 4281 664 4357 gratanti,
695 4281 988 4348 benevole,
1037 4299 1236 4338 eorum
1281 4283 1498 4352 navim,
1533 4283 1828 4356 aliquibus
1869 4301 2025 4341 mer-

386 4371 552 4428 cibus
582 4371 854 4427 relertam
888 4371 959 4426 ad
1011 4370 1238 4427 abbatis
1287 4375 1748 4444 cunctarumque
1773 4372 2022 4430 fratrum

384 4477 560 4518 usum
583 4476 717 4516 cum
731 4459 854 4516 suis
869 4458 1262 4516 mercimoniis
1283 4459 1604 4532 delegatam
1627 4462 2022 4520 concessimus

383 4567 514 4608 esse
543 4549 895 4614 absolutam,
929 4565 1063 4604 cum
1093 4547 1376 4604 Nauclero
1407 4565 1473 4604 ac
1507 4549 1758 4606 nauticis
1787 4551 1932 4620 suis,
1950 4553 2022 4608 ab

2139 3417 2253 3474 pus
2299 3396 2623 3455 beatissimi
2681 3395 3090 3454 Bartholomaai
3142 3396 3398 3470 apostoli
3458 3401 3816 3472 requiescit,

2139 3489 2298 3547 salva
2325 3486 2670 3545 auctoritate
2700 3503 2807 3543 san
2819 3489 2926 3544 σιω
2967 3486 3243 3544 Romanis
3274 3491 3334 3544 et
3354 3489 3724 3561 apostolicae
3745 3509 3822 3548 se-

2138 3579 2250 3648 dis,
2277 3575 2675 3634 concessimus
2717 3591 2783 3631 ac
2825 3574 3286 3634 irrevocabiliter
3331 3575 3398 3632 in
3443 3584 3821 3652 perpetuum

2137 3667 2574 3724 confirmamus.
2620 3663 3006 3720 Concedimus
3058 3663 3242 3720 etiam
3295 3664 3684 3724 fraternitati
3713 3677 3821 3724 tuae

2137 3755 2298 3830 pallii
2329 3771 2504 3812 usum
2535 3753 2607 3810 ad
2639 3751 2958 3810 missarum
2986 3752 3277 3810 solemnia
3301 3753 3688 3814 celebranda
3713 3760 3820 3815 sci-

2136 3845 2342 3902 licetin
2356 3841 2772 3900 festivitatibus
2787 3840 3120 3898 Nativitatis
3143 3841 3380 3898 Domini
3395 3847 3457 3900 et
3473 3845 3824 3918 Apparitio-

2137 3933 2228 3990 nis
2257 3933 2470 4006 ipsius,
2500 3935 2558 3988 et
2588 3930 2648 3986 in
2676 3931 2850 3987 Coena
2879 3930 3056 3987 etiam
3089 3930 3349 4000 Domini,
3372 3935 3569 4005 atque
3598 3941 3822 3993 sancta

2137 4019 2599 4079 Resurrectionis
2639 4018 2734 4075 die
2781 4019 3110 4086 Dominico,
3156 4020 3558 4078 Ascensionis
3593 4022 3820 4083 Christi

2134 4111 2207 4168 ad
2237 4109 2434 4178 caelos,
2467 4123 2533 4164 ac
2555 4107 2648 4163 die
2692 4105 2997 4164 Dominico
3046 4107 3272 4164 Sanctae
3305 4107 3732 4182 Pentecostes,
3765 4114 3820 4168 in

2134 4197 2418 4254 natalitiis
2466 4195 2867 4269 apostolorum
2921 4211 2988 4252 ac
3019 4195 3352 4252 beatissimi
3408 4196 3821 4258 Praecursoris

2133 4285 2347 4343 Christi
2376 4283 2649 4358 Baptista
2677 4284 2942 4354 Joannis,
2965 4283 3025 4340 in
3055 4283 3486 4356 Assumptione
3514 4289 3819 4345 B.M.V.in

2131 4375 2224 4432 die
2251 4371 2574 4448 S.Apostoli
2595 4358 3100 4444 Bartholomaei,in
3151 4371 3463 4430 nativitate
3497 4377 3821 4434 sanctissi-

2131 4481 2237 4521 mas
2268 4463 2371 4520 Dei
2399 4460 2716 4520 Genitricis
2755 4461 2972 4529 Mariae,
3032 4465 3089 4518 et
3136 4461 3198 4518 in
3249 4465 3821 4524 consecrationibus

2129 4553 2560 4626 episcoporum,
2589 4553 2646 4606 et
2675 4549 2736 4606 in
2768 4549 2862 4606 die
2883 4548 3346 4608 consecrationis
3369 4551 3818 4621 ecclesim,etin

385 4638 544 4696 omni
575 4638 767 4696 debito
820 4636 1137 4710 pensionis,
1187 4637 1378 4710 quoad
1423 4654 1610 4710 usque
1639 4639 1723 4695 ita
1751 4640 2026 4712 praefatus
2055 4649 2104 4716 Ι)
2135 4640 2385 4700 natalitii
2413 4639 2502 4696 tui
2531 4638 2808 4706 die,sicut
2829 4639 2901 4696 ab
2934 4637 3412 4696 antecessoribus
3432 4643 3824 4712 nostris,tuis

382 4726 547 4784 locus
577 4725 638 4783 in
669 4727 898 4795 eadem,
942 4743 1060 4798 qua
1087 4742 1243 4782 nunc
1295 4730 1404 4794 est,
1437 4727 1547 4783 fuit
1577 4727 1855 4802 religione
1885 4745 2021 4786 con-

385 4816 664 4883 stitutus;
688 4833 806 4870 una
835 4814 996 4871 navis
1029 4814 1369 4870 monasterii
1397 4814 1585 4888 ipsius
1626 4804 1889 4874 in‘usum
1911 4818 2025 4876 fra-

383 4907 564 4969 trum,
612 4903 942 4958 necessaria
998 4903 1374 4972 deferentem,
1431 4908 1496 4960 ut
1549 4904 1826 4974 diximus,
1890 4923 2024 4964 cum

385 4988 658 5046 nauclero
688 4993 747 5044 et
775 4991 1026 5046 nauticis
1057 4991 1180 5048 suis
1210 4993 1282 5050 ab
1313 4991 1473 5048 omni
1505 4993 1805 5065 pensionis
1827 4995 2024 5052 condi-

385 5079 546 5134 tione
575 5077 778 5134 libera.
810 5077 1045 5136 Nullum
1095 5081 1349 5138 telonem
1381 5097 1448 5138 ex
1476 5082 1750 5138 omnibus
1782 5099 1906 5155 quae
1937 5089 2026 5142 at-

384 5165 773 5224 tuleritalicui
787 5169 1287 5243 persolvat,neque
1303 5169 1618 5241 quisquam
1635 5169 1858 5240 aliquid
1878 5188 1946 5227 ex
1957 5189 2026 5230 ea

384 5255 613 5330 exigere
640 5261 972 5328 praesumat.
1007 5258 1065 5315 Si
1095 5258 1230 5330 quis
1263 5263 1457 5314 autem
1487 5256 1667 5326 huius
1695 5261 1908 5314 nostrae
1929 5261 2026 5317 do-

386 5345 639 5402 nationis
669 5351 842 5419 atque
871 5346 1264 5404 concessionis
1302 5345 1497 5416 aliquo
1540 5346 1848 5402 temerario
1875 5365 2022 5406 ausu

384 5435 666 5490 exstiterit
696 5435 1014 5508 refragator
1043 5435 1129 5492 vel
1162 5433 1426 5504 violator,
1453 5433 1858 5506 cujuscunque
1887 5453 2022 5494 con-

385 5521 623 5576 ditionis
655 5521 752 5578 ille
783 5523 864 5578 sit
908 5528 1010 5578 aut
1062 5522 1367 5594 potestatis
1417 5538 1520 5578 seu
1554 5521 1856 5594 dignitatis
1885 5542 2024 5584 ana-

387 5605 642 5662 themate
673 5626 986 5680 percussus
1037 5615 1334 5681 perpetuo,
1383 5610 1786 5667 benedictione
1833 5621 2026 5674 careat

389 5693 618 5759 aeterna,
651 5694 834 5748 donec
859 5695 1182 5766 resipiscat.
1213 5696 1318 5762 Qui
1343 5713 1496 5761 vero,
1539 5698 1782 5770 propriae
1815 5700 2022 5761 salutis

393 5780 636 5848 amator,
668 5778 995 5851 apostolica
1023 5781 1350 5856 largitionis
1373 5789 1549 5859 atque
1571 5785 1882 5848 oblationis
1907 5791 2024 5852 sive

2129 4729 2466 4789 institutum
2486 4745 2552 4784 ac
2565 4727 2846 4802 largitum
2859 4731 2948 4785 est
2962 4727 3546 4798 antecessoribus;in
3565 4736 3828 4790 secreta-

2134 4821 2221 4877 rio
2249 4835 2385 4876 vero
2415 4822 2516 4874 tua
2543 4815 2878 4873 fraternitas
2907 4815 3088 4890 pallio
3119 4815 3676 4876 induatur..........
3709 4822 3823 4878 Hoc

2134 4909 2311 4967 etiam
2339 4907 2447 4964 tibi
2479 4903 2875 4976 concedimus,
2907 4908 2974 4960 ut
3003 4921 3106 4977 per
3133 4904 3375 4979 singula
3403 4905 3548 4965 loca
3579 4925 3720 4982 qua
3744 4909 3824 4967 di-

2133 4997 2279 5056 tioni
2311 4995 2845 5068 archiepiscopatus
2883 4993 3276 5051 Beneventani
3319 4995 3689 5069 subjacent,
3725 4998 3823 5055 ubi

2135 5104 2204 5146 ex
2233 5085 2475 5158 antiqua
2503 5081 2677 5156 legali
2699 5081 3070 5140 institutione
3089 5081 3466 5156 episcopales
3501 5086 3695 5144 sedes
3717 5088 3820 5144 ha-

2131 5176 2365 5241 bentur,
2396 5172 2702 5246 episcopos
2731 5171 3008 5228 canonice
3035 5172 3364 5228 constituas
3394 5177 3457 5230 et
3489 5189 3819 5232 consecres

2133 5263 2589 5338 etquodcunque
2602 5257 2772 5316 aliter
2784 5275 2962 5332 quam
2982 5259 3179 5317 decuit
3191 5278 3258 5318 ac
3269 5263 3426 5318 sacri
3441 5265 3640 5336 preci
3648 5265 3820 5340 piunt

2131 5367 2404 5420 canones,
2435 5347 2778 5406 institutum
2808 5349 3214 5422 est,exstirpes
3243 5353 3300 5406 et
3330 5353 3822 5424 emendes,scili-

2132 5447 2222 5500 cet
2248 5446 2530 5512 tanquam
2558 5435 2814 5510 peccatis
2842 5437 3210 5511 exigentibus
3242 5442 3629 5514 contrajura
3648 5459 3822 5500 cano-

2081 5599 2084 5602 ,
2133 5547 2277 5589 num
2305 5533 2364 5588 et
2390 5531 2731 5586 sanctorum
2755 5525 3026 5584 instituta
3054 5526 3319 5598 Patrum,
3351 5528 3510 5586 dum
3564 5531 3818 5590 omnino

2135 5621 2373 5693 quidam
2404 5632 2676 5692 perversa
2703 5618 2900 5674 mente
2929 5631 3046 5676 non
3077 5619 3354 5674 metuunt
3379 5619 3556 5692 quod
3590 5621 3821 5696 θρὶεοοο

2133 5725 2342 5782 porum
2388 5710 2478 5764 est
2525 5704 2826 5779 proprium
2881 5704 3012 5791 sibi.
3045 5721 3356 5780 usurpare,
3397 5723 3587 5766 sacro
3625 5708 3816 5768 ordini

2136 5797 2442 5872 ascriptos,
2467 5793 2737 5857 videlicet
2753 5792 2994 5855 clericos
3013 5811 3133 5857 suae
3154 5794 3364 5855 ditioni
3385 5797 3730 5861 subdendo
3748 5801 3817 5858 de
