3922 6426
372 504 491 566 2οἸ

1311 501 1374 562 S.
1422 500 1820 563 BRUNONIS
1867 499 2490 564 HERBIPOLENSIS
2534 500 2917 563 EPISCOPI.

3689 500 3804 561 208

369 638 618 692 rectum.
668 631 817 689 Nam
875 635 942 687 ut
999 648 1102 704 per
1156 632 1344 688 Adam
1401 638 1625 689 veteres
1687 651 1919 704 sumus,
1953 635 2034 688 ita
2066 639 2120 705 Α
2152 634 2347 689 licium
2387 635 2498 689 Deo
2530 635 2762 701 damus,
2784 648 2918 690 cum
2951 630 3223 706 spiritum
3256 633 3543 706 superbia
3573 632 3808 690 humili.

371 723 586 779 Christi
615 721 850 779 Domini
878 720 1179 778 beneﬁciis
1226 721 1597 778 innovamur.
1630 723 1675 779 Η
1706 723 1810 779 Vel
1862 721 2035 796 spiri-

375 818 505 870 tum
534 816 761 868 rectum
794 811 950 885 quod
985 815 1136 866 recte
1167 811 1465 873 conﬁtear.
1499 812 1584 867 vel
1618 817 1841 868 rectum
1864 813 1937 868 ad
1962 811 2041 867 vi-

378 901 642 959 dendum
671 905 730 956 et
761 899 1216 956 discernendum
1248 900 1403 956 sicut
1423 905 1596 956 antea
1628 906 1822 957 rectus
1846 901 1954 956 fuit
1975 901 2037 956 in

382 1007 496 1047 me.

383 1073 452 1126 12
481 1059 492 1076 ’
522 1072 601 1127 Ne
625 1069 890 1142 projicias
919 1085 1006 1126 me
1034 1087 1067 1126 a
1095 1070 1241 1142 facie
1268 1077 1364 1126 tua
1395 1088 1414 1124 :

525 1152 592 1207 Et
617 1149 890 1223 Spiritum
917 1157 1166 1206 sanctum
1195 1157 1350 1206 tuum
1378 1167 1450 1205 ne
1471 1152 1694 1221 auferas
1724 1169 1756 1206 a
1782 1169 1887 1206 me.

457 1240 501 1296 Η
531 1238 613 1295 Ne
641 1238 918 1312 projicias
947 1255 1062 1307 me,
1096 1243 1162 1295 ut
1192 1239 1348 1295 sicut
1377 1239 1518 1294 Cain
1570 1239 1736 1296 exsul
1777 1245 1933 1309 (Gen.
1969 1244 2044 1309 iv)

385 1328 608 1386 etﬁciar
635 1344 670 1385 a
698 1329 960 1401 potentia
988 1331 1110 1384 tua.
1143 1329 1214 1384 Et
1243 1345 1316 1384 ne
1346 1329 1577 1384 auferas
1609 1330 1893 1402 Spiritum
1919 1348 2049 1385 san-

387 1422 547 1474 ctum
577 1421 749 1473 tuum
781 1433 817 1473 a
845 1418 1069 1484 me,sed
1102 1417 1175 1473 ab
1207 1434 1274 1473 eo
1296 1419 1666 1492 consumptis
1687 1418 2045 1487 delictis,tuo

387 1522 482 1562 me
512 1511 741 1562 statuas
764 1504 1126 1579 conspectui.
1161 1505 1263 1561 Vel
1298 1507 1581 1578 Spiritum
1613 1513 1906 1575 sanctum,
1937 1509 2046 1564 hoc

387 1599 476 1652 est
505 1593 779 1668 spiritum
811 1595 1149 1668 prophetia.

390 1683 461 1742 43
533 1683 710 1740 Redde
737 1685 882 1740 mihi
906 1684 1163 1742 laetitiam
1189 1686 1454 1742 salutaris
1486 1687 1569 1742 tui
1597 1705 1619 1740 ,ο

531 1764 598 1819 Et
624 1765 828 1836 spiritu
855 1765 1160 1837 principali
1187 1767 1451 1836 conﬁrma
1477 1783 1581 1822 me.

463 1852 510 1909 li
543 1852 738 1908 Redde
767 1851 910 1908 mihi
944 1851 1230 1921 latitiam,
1261 1854 1371 1910 hoc
1399 1860 1489 1910 est
1520 1855 1679 1910 illam
1711 1857 2048 1912 exsultatio-

393 1957 526 1999 nem
556 1940 772 1998 Christi
803 1940 909 2010 tui,
943 1959 1122 2014 quam
1153 1943 1212 1999 in
1243 1960 1310 2000 eo
1335 1944 1514 2000 habui
1545 1945 1891 2017 priusquam
1925 1963 2052 2018 pec-

391 2047 610 2088 carem.
643 2030 868 2104 Spiritu
899 2011 1209 2105 principali
1238 2033 1466 2100 dixit,id
1489 2011 1580 2088 est
1603 2039 1667 2090 ut
1689 2011 1813 2106 ipse
1845 2035 1903 2089 in
1926 2011 2048 2100 .me,
2081 2011 2128 2077 Β

393 2126 451 2177 et
480 2137 596 2178 non
625 2120 766 2178 vitia
785 2119 1321 2194 principentur.Vel
1346 2123 1556 2196 spiritu
1581 2123 1890 2196 principali
1918 2142 1930 2179 :
1957 2125 2056 2180 Pa-

392 2215 563 2281 trem,
597 2225 699 2284 per
727 2209 1012 2283 Spiritum
1046 2216 1268 2268 rectum
1303 2229 1318 2267 :
1359 2211 1588 2280 Filium,
1623 2230 1727 2285 per
1769 2213 2052 2286 Spiritum

391 2305 664 2357 sanctum
699 2317 712 2357 :
746 2301 941 2374 ipsum
972 2301 1257 2374 Spiritum
1291 2307 1562 2358 sanctum
1597 2302 1812 2376 accipe.

393 2389 460 2444 14
532 2389 735 2446 Docebo
766 2391 984 2462 iniquos
1014 2392 1130 2446 vias
1160 2399 1285 2446 tuas
1315 2409 1335 2446 :

534 2469 599 2525 Et
627 2471 796 2543 impii
822 2469 892 2526 ad
921 2479 972 2526 te
996 2476 1401 2527 convertentur.

463 2557 511 2613 Η
544 2557 772 2614 Docebo
799 2558 1173 2631 iniquos,hoc
1195 2565 1284 2616 est
1315 2561 1554 2634 puniam
1594 2579 1688 2617 me
1737 2563 1957 2635 ipsum,
1990 2568 2054 2619 ut

392 2663 592 2703 meum
623 2646 959 2724 exemplum
989 2647 1664 2716 imitentur.COuoniam
1687 2652 1736 2706 si
1761 2651 2052 2724 propheta

391 2739 684 2808 parcatur,
718 2723 977 2792 maxima
1007 2754 1142 2810 spes
1169 2739 1535 2794 remissionis
1574 2723 2053 2812 delinquentibus

391 2823 988 2881 conceditur.Docebo
1021 2827 1480 2900 igiturexemplo
1499 2829 1864 2886 remissionis
1890 2849 2052 2897 mea,

391 2930 630 2986 sperare
673 2918 1026 2986 peccatores,
1059 2921 1118 2971 et
1164 2917 1340 2973 verbo
1388 2919 1715 2990 pradicabo
1762 2920 2056 2977 mirabilia

395 3001 799 3061 miserationis
830 3007 965 3061 tua.
1241 3023 1246 3028 ’

396 3092 466 3146 15
539 3094 739 3148 Libera
760 3109 848 3148 me
866 3093 932 3149 de
945 3095 1480 3165 sanguinibus,Deus
1499 3097 1642 3154 Deus
1659 3097 1860 3154 salutis
1879 3115 2020 3157 mete
2036 3117 2056 3156 :

536 3179 593 3241 εξη
633 3175 698 3229 Et
740 3179 755 3240 ζ
817 3174 1125 3230 exsultabit
1155 3176 1352 3245 lingua
1389 3193 1511 3233 mea
1546 3179 1831 3250 justitiam
1877 3189 2053 3238 tuam.

469 3265 510 3318 C
537 3261 792 3318 Liberari
823 3279 885 3319 se
908 3261 1195 3335 Propheta
1214 3264 1360 3338 petit
1385 3265 1457 3321 de
1477 3266 2055 3340 sanguinibus,quod

2148 726 2265 778 tate
2323 722 2708 779 confessionis
2767 726 3143 778 mactamus:
3180 721 3336 779 unde
3387 739 3504 778 non
3563 723 3808 796 sanguis

2150 812 2466 886 egreditur,
2501 813 2600 868 sed
2625 811 3020 884 lacrymarum
3062 811 3282 867 ﬂuenta
3329 811 3672 868 decurrunt.
3701 811 3813 868 Cor

2151 901 2469 957 contritum
2503 901 2644 956 dicit
2673 944 2686 967 ,
2721 899 3025 957 laboribus
3057 900 3409 973 paenitentia
3439 899 3814 958 vehementer

2153 990 2458 1046 amictum.
2493 989 2879 1046 Humiliatum
2930 991 3046 1046 Deo
3097 989 3342 1059 scilicet,
3375 1006 3489 1046 non
3521 989 3684 1046 enim
3709 1005 3814 1064 po-

2153 1084 2346 1136 tuerat
2370 1096 2470 1135 cor
2499 1079 2824 1145 humiliari,
2857 1079 2972 1135 nisi
3004 1080 3214 1135 fuisset
3244 1079 3532 1152 frequenti
3561 1079 3814 1136 tribula-

2154 1170 2309 1226 tione
2335 1169 2675 1225 contritum.
2707 1167 2877 1224 Tales
2909 1168 3236 1226 oblationes
3275 1167 3430 1225 Deus
3475 1185 3594 1225 non
3645 1185 3812 1242 sper-

2155 1259 2263 1314 nit.

2157 1349 2225 1404 19
2300 1351 2541 1420 Benigne
2594 1351 2686 1420 [ac
2749 1349 2998 1415 Domine,
3058 1349 3120 1403 in
3177 1348 3320 1404 bona
3383 1349 3662 1404 voluntate
3718 1353 3816 1404 tua

2369 1429 2503 1486 Sion
2533 1447 2552 1484 :

2305 1511 2366 1566 Ut
2393 1511 2742 1581 aediﬁcentur
2762 1511 2914 1565 muri
2938 1510 3268 1568 Jerusalem.

2229 1599 2270 1654 C.
2297 1599 2598 1671 Supplicat
2633 1599 2829 1670 itaque
2858 1598 3234 1672 propheta,ut
3258 1598 3537 1670 quoniam
3569 1615 3819 1672 synago-

2159 1705 2232 1761 ga
2262 1688 2520 1760 peccavit
2568 1688 2678 1743 sub
2727 1687 2854 1760 lege
2901 1688 3112 1760 posita,
3154 1687 3478 1744 succedens
3526 1687 3666 1743 Sion
3713 1702 3818 1759 per

2159 1779 2410 1848 gratiam
2433 1777 2786 1845 Christi,hoc
2807 1782 2896 1832 est
2923 1774 3211 1833 catholica
3239 1775 3506 1832 ﬁrmetur
3534 1775 3814 1832 Ecclesia.

2161 1867 2228 1921 Et
2255 1867 2616 1922 adiﬁcentur
2646 1866 2822 1934 muri,
2854 1865 2904 1921 si
2935 1865 3262 1921 secundum
3312 1863 3620 1934 historiam
3671 1864 3820 1921 velis

2160 1957 2476 2021 advertere,
2554 1955 2848 2028 signiﬁcat
2921 1956 3068 2012 torte
3143 1960 3409 2028 tempora
3480 1954 3819 2022 Theodosii,

2161 2046 2398 2118 quando
2445 2044 2706 2102 Eudoxia
2752 2046 2881 2118 ejus
2921 2046 3138 2117 conjux
3187 2045 3538 2101 feminarum
3585 2043 3822 2118 religio-

2161 2135 2422 2201 sissima,
2454 2134 2727 2208 ampliori
2759 2151 3064 2192 murorum
3104 2133 3323 2191 circulo
3365 2133 3692 2191 Jerusalem
3723 2150 3822 2190 co-

2161 2225 2408 2280 ronavit.

2159 2317 2232 2369 20
2307 2316 2452 2370 Tunc
2481 2315 2785 2388 acceptabis
2813 2316 3152 2386 sacriﬁcium
3170 2314 3434 2386 justitia.

2306 2395 2613 2451 ablationes
2647 2404 2698 2451 et
2747 2396 3062 2450 holocausta
3096 2413 3115 2450 :
3147 2403 3279 2451 tunc
3330 2395 3608 2467 imponent
3654 2411 3826 2468 super

2375 2477 2552 2532 altare
2580 2485 2736 2531 tuum
2767 2476 2986 2532 vitulos.

2232 2570 2272 2621 C
2301 2566 2465 2622 Tunc
2495 2565 2845 2638 acceptabis,
2865 2581 2898 2620 ο
2917 2562 3554 2631 Pates,sacriﬁcium,id
3581 2563 3821 2636 est,glo-

2164 2655 2552 2711 riosissimam
2582 2655 2919 2728 passionem
2952 2653 3081 2708 Filii
3111 2653 3220 2720 tui,
3241 2653 3338 2726 qui
3371 2653 3726 2709 sacriﬁcium
3757 2669 3822 2708 se

2165 2762 2268 2818 pro
2295 2745 2572 2800 omnibus
2603 2743 2836 2810 obtulit,
2869 2748 2927 2799 et
2957 2748 3046 2799 est
3075 2743 3204 2814 ejus
3235 2740 3432 2815 passio
3463 2740 3821 2796 sacrificium

2163 2834 2609 2890 veracissimum
2624 2831 3241 2906 justitia.0blationes
3263 2837 3318 2887 et
3334 2829 3826 2902 holocausta,per-

2164 2923 2354 2980 tinent
2370 2924 2442 2979 ad
2461 2921 2952 2994 Christianos,qui
2970 2925 3140 2976 erant
3157 2925 3288 2993 post
3303 2919 3617 2975 adventum
3635 2917 3828 2975 Domi-

2166 3012 2226 3070 ni
2255 3011 2905 3085 credituri,signiﬁcans
2930 3009 3292 3066 immolanda
3312 3008 3491 3066 corda
3511 3007 3822 3064 hominum

2163 3103 2504 3169 viventium,
2539 3118 2653 3158 non
2689 3100 2981 3173 pecudum
3014 3099 3281 3155 membra
3310 3101 3698 3153 mortuorum.
3720 3095 3822 3152 Vi-

2165 3192 2320 3249 tulos
2351 3191 2569 3265 quippe
2601 3189 2819 3264 posuit,
2851 3193 2953 3244 aut
2981 3206 3084 3262 pro
3116 3186 3552 3254 innocentibus,
3585 3190 3688 3242 aut
3717 3203 3821 3259 pro

2167 3280 2670 3356 praedicatoribus,
2702 3295 2952 3351 quorum
2984 3276 3304 3349 imaginem
3332 3275 3395 3332 in
3435 3275 3602 3331 vituli
3633 3275 3822 3349 ﬁgura

397 3354 602 3445 οοῐιίςθι
630 3351 896 3445 Latium?
919 3351 1184 3424 P98018111
1207 3354 1467 3445 130?“le
1490 3357 1703 3445 estSed
1725 3355 2057 3415 Ῑαυάαηάυε
2087 3379 2130 3445 C
2167 3351 2528 3444 evangelista
2550 3370 2735 3424 Lucas
2759 3365 3146 3440 suscepit.Vel
3167 3365 3296 3422 illos
3312 3365 3414 3438 qui
3432 3365 3664 3421 animas
3680 3381 3818 3422 suas

398 3439 640 3498 omnino
686 3440 1006 3498 translator
1051 3447 1162 3505 est.
1193 3443 1294 3515 qui
1343 3443 1519 3517 elegit
1569 3444 1790 3519 aliquid
1848 3453 2054 3504 contra
2096 3439 2108 3445 ”

2252 3439 2481 3518 hostiam
2513 3457 2820 3516 suavitatis
2850 3439 3034 3514 sacris
3064 3455 3349 3512 altaribus
3387 3453 3746 3511 obtulerunt.

393 3534 580 3587 artem
631 3527 1005 3586 sacularium
1051 3547 1263 3602 ponere
1304 3549 1480 3604 quam
1514 3549 1548 3589 a
1575 3536 1813 3592 veritate
1861 3536 2053 3608 posita

393 3619 747 3691 discrepare.
816 3619 964 3676 Nam
1022 3621 1070 3674 si
1127 3621 1340 3676 diceret
1373 3623 1742 3696 asanguine,
1805 3625 2048 3683 forsitan

389 3725 574 3764 unum
598 3712 902 3780 peccatum
925 3708 1218 3765 videretur
1241 3712 1675 3782 ostendere,sed
1698 3731 1833 3771 cum
1857 3715 2050 3788 plura-

383 3797 500 3854 lem
533 3814 846 3853 numerum
877 3797 1061 3871 ponit,
1087 3799 1274 3856 multa
1304 3819 1431 3856 esse
1463 3803 1590 3858 sine
1622 3803 1802 3859 dubio
1837 3805 2050 3862 delicta

383 3886 719 3942 conﬁtetur.
753 3890 905 3942 Deus
939 3887 1172 3954 salutis,
1205 3889 1499 3962 signiﬁcat
1531 3892 1846 3948 Dominum
1880 3894 2046 3950 Chri-

383 3979 678 4048 stum,per
707 3993 882 4048 quem
911 3975 1072 4033 salus
1105 3977 1194 4050 pie
1225 3980 1600 4036 credentibus
1631 3982 1824 4038 datur.
1841 3984 2046 4040 Exsul-

379 4063 544 4133 tavit,
574 4065 632 4120 id
658 4070 765 4135 est,
800 4067 848 4123 si
883 4083 973 4123 me
1004 4065 1343 4125 liberaveris
1377 4070 1446 4126 de
1500 4071 1772 4143 peccatis,
1807 4072 2043 4130 laudem

382 4158 546 4210 tuam
579 4152 782 4228 lingua
813 4173 945 4213 mea
966 4157 1128 4228 juste
1157 4155 1452 4228 loquetur,
1483 4165 1720 4232 propter
1749 4162 1856 4218 hoc
1887 4165 2044 4236 quod

382 4241 442 4298 in
472 4242 761 4317 praterito
809 4243 1038 4317 psalmo
1088 4245 1308 4303 dictum
1339 4251 1432 4303 est
1466 4264 1479 4303 :
1510 4247 1800 4306 Peccatori
1845 4258 2045 4308 autem

383 4331 550 4399 dixit,
579 4333 754 4403 Deus,
789 4338 899 4390 etc.
931 4334 1253 4391 Absolutus
1280 4337 1439 4392 enim
1473 4341 1625 4394 recte
1651 4337 1810 4413 loqui
1857 4341 2048 4412 potuit

383 4419 553 4490 illud,
586 4437 621 4477 a
653 4440 768 4494 quo
795 4428 1159 4496 peccatorem
1193 4424 1392 4481 divina
1419 4425 1511 4482 lex
1541 4429 1869 4500 suspendit.

383 4511 452 4565 16
525 4513 778 4579 Domine,
811 4513 960 4568 labia
991 4529 1112 4570 mea
1147 4515 1358 4587 aperies
1390 4533 1408 4570 :

523 4592 589 4646 Et
613 4607 669 4646 os
696 4609 877 4648 meum
907 4595 1266 4650 annuntiabit
1297 4594 1518 4650 laudem
1545 4601 1719 4651 tuam.

462 4679 508 4734 ΙΙ
539 4681 760 4754 Aperiri
794 4681 905 4738 sibi
939 4683 1084 4755 petit
1112 4683 1288 4748 labia,
1323 4701 1450 4755 qua
1498 4683 1700 4740 clausa
1748 4693 1913 4744 erant
1943 4708 2047 4764 per

2696 3563 2903 3603 ORATIO
2941 3563 3012 3601 EX
3026 3561 3192 3611 ,PSAL
3231 3561 3281 3600 L.

2231 3639 2471 3696 Proﬁua
2504 3636 2899 3694 miserationis
2929 3632 3221 3690 ineﬁabile
3251 3649 3464 3689 nomen
3487 3631 3814 3698 Trinitatis,

2157 3729 2440 3802 Deus,qui
2462 3726 2708 3784 humani
2731 3724 2982 3798 pectoris
3013 3727 3250 3779 antrum
3281 3721 3613 3778 emundans
3632 3721 3809 3790 vitiis,

2156 3835 2335 3892 super
2364 3817 2677 3873 candorem
2707 3814 2893 3872 efﬁcis
2925 3812 3098 3882 nivis,
3124 3812 3355 3880 inuova,
3381 3811 3813 3883 quasumus,in

2155 3907 2479 3964 visceribus
2506 3905 2725 3962 nostris
2758 3903 3045 3977 Spiritum
3090 3907 3384 3966 sanctum,
3417 3916 3532 3974 quo
3577 3899 3816 3956 laudem

2155 4002 2319 4052 tuam
2353 3995 2704 4052 annuntiare
2735 3993 3072 4066 possimus:
3099 3995 3164 4047 ut
3194 3996 3352 4046 recto
3386 3988 3818 4063 principalique

2156 4085 2365 4158 spiritu
2401 4083 3094 4151 conﬁrmati,mereamur
3121 4079 3354 4136 aternis
3375 4079 3617 4136 sedibus
3641 4077 3700 4134 in
3723 4079 3817 4134 Je-

2155 4174 2412 4230 rusalem
2443 4173 2661 4231 calesti
2692 4170 2984 4244 componi.
3017 4171 3124 4226 Per
3153 4169 3442 4242 ejusdem.

2755 4277 3084 4335 PSALMUS
3126 4276 3216 4334 LI.

2619 4367 3024 4409 ARGUMENTUM
3071 4366 3229 4405 PSAL.
3273 4365 3324 4404 ῐ.ῐ
3335 4391 3348 4402 .

2225 4439 2265 4490 C
2297 4435 2339 4490 Β
2369 4434 2490 4490 Vox
2523 4433 2819 4507 prepheta
2851 4432 2922 4487 de
2952 4430 3105 4486 Juda
3133 4429 3220 4486 \el
3250 4427 3632 4484 Antichristo.

2154 4525 2268 4590 T,'l‘.
2302 4525 2362 4579 In
2392 4524 2557 4594 ﬁnem
2589 4523 2892 4578 intellectus
2917 4519 3109 4594 David.
3139 4520 3275 4594 Dum
3297 4520 3444 4594 venit
3475 4517 3655 4594 D_occh
3686 4516 3818 4594 Idu-

2223 4589 2419 4653 mus.
2446 4603 2498 4650 et
2527 4595 2884 4649 annuntiavit
2909 4591 3044 4648 Saul
3070 4599 3120 4646 et
3150 4591 3294 4646 dixit
3323 4591 3414 4645 illi
3443 4608 3462 4645 :
3494 4589 3624 4644 Ecce
3665 4589 3818 4644 venit

2227 4667 2406 4724 David
2438 4669 2497 4722 in
2526 4667 2747 4722 dmnum
2777 4663 3104 4720 Abimclech.

376 4748 864 4844 peccatumﬂuia
894 4748 1006 4827 non
1043 4775 1131 4826 est
1175 4748 1421 4842 pulchra
1450 4771 1678 4829 laus'ex
1709 4792 1806 4832 ore
1837 4748 2044 4850 pecca-
2075 4753 2123 4820 Β
2172 4845 2187 4850 _
2227 4755 2268 4811 Ο
2298 4755 2605 4850 Τοίυδίδίθ
2637 4753 2843 4850 munis
2979 4753 3295 4850 a_d‘_’_en_t“m
3336 4748 3813 4850 09mini_se°“n_'

377 4858 526 4915 toris
558 4860 752 4932 (Ereto.
786 4863 900 4928 xv).
937 4863 976 4915 C
1007 4860 1084 4915 Os
1132 4863 1329 4915 autem
1381 4860 1596 4917 dicitur
1641 4866 1836 4922 cordis
1879 4885 2040 4926 arca-

377 4964 549 5016 num,
582 4949 738 5004 unde
768 4948 1051 5004 veraciter
1079 4947 1209 5004 laus
1241 4948 1438 5004 divina
1467 4955 1756 5009 cantatur.
2029 4951 2038 4954 ’

381 5039 448 5093 1-7
525 5037 798 5107 Quoniam
820 5039 870 5092 si
897 5037 1162 5093 voluisses
1191 5039 1527 5108 sacriﬁcium
1556 5040 1821 5100 dedissem

529 5118 722 5189 Utique
751 5135 770 5173 :
801 5116 1129 5173 holocaustis
1158 5132 1270 5171 non
1297 5117 1668 5178 delectaberis.

449 5206 494 5260 Η
525 5205 784 5260 Audiant
813 5205 1020 5270 Judaei,
1045 5209 1102 5260 et
1123 5206 1411 5264 sacriﬁcia
1445 5228 1551 5265 sua
1585 5228 1846 5272 cessasse
1879 5217 2033 5274 intel-

373 5296 579 5367 ligant.
609 5297 649 5348 C
681 5294 869 5349 Etiam
903 5292 1338 5352 immolationes
1369 5301 1660 5370 pecudum
1687 5309 1745 5359 et
1775 5307 1924 5364 ritus
1950 5325 2039 5365 sa-

373 5399 611 5440 crorum
647 5383 707 5436 in
741 5381 992 5437 adventu
1025 5385 1252 5440 Domini
1285 5391 1698 5460 respuendos..

375 5471 444 5527 18
519 5469 870 5540 Sacriﬁcium
899 5471 1004 5526 Deo
1032 5475 1262 5544 Spiritus
1291 5481 1689 5536 contribulatus
1720 5502 1740 5538 :

521 5548 950 5642 Cor-contritum
996 5561 1048 5608 et
1095 5553 1475 5624 humiliatum,
1507 5561 1668 5630 Deus,
1705 5581 1811 5619 non
1857 5567 2035 5640 despi-

525 5655 529 5660 '
592 5645 720 5686 €188.

445 5707 487 5764 C
518 5707 837 5784 Postquam
871 5711 1058 5768 dixit:
1094 5715 1228 5781 Qua
1272 5716 1559 5775 sacriﬁcia
1612 5726 1762 5776 Deus
1815 5729 2038 5798 respuit

375 5812 532 5857 nunc
563 5799 703 5860 dicit
721 5799 822 5861 illa
844 5817 972 5880 qua
995 5803 1374 5880 poscit.lstud
1396 5822 1533 5863 vero
1556 5808 1838 5883 placitum
1861 5818 2037 5876 sacri-

2154 4845 2320 4911 dum,
2354 4862 2457 4917 per
2487 4849 2720 4918 tempus
2765 4841 3108 4900 Antichristi
3145 4843 3283 4914 jure
3330 4838 3670 4896 referendus
3699 4841 3810 4902 est,

2155 4934 2435 5008 quoniam
2467 4935 2666 4990 omnia
2696 4934 2770 4990 ad
2800 4931 3016 4990 Christi
3061 4929 3598 4988 manifestationem
3647 4944 3817 4984 com-

2154 5028 2417 5096 petenter
2443 5027 2738 5096 aptantur.
2775 5021 2847 5078 Ut
2877 5039 2913 5078 a
2941 5020 3168 5096 psalmo
3199 5037 3306 5078 suo
3336 5035 3452 5076 non
3475 5017 3810 5090 discrepare

2151 5113 2434 5169 videatur.

2223 5203 2270 5258 H
2303 5201 2574 5260 Psalmus
2605 5203 2714 5260 iste
2744 5201 3002 5259 continet
3032 5217 3232 5259 vocem
3267 5198 3561 5274 propheta
3606 5210 3813 5269 expro-

2150 5292 2377 5349 brantis
2410 5299 2648 5366 peccata
2679 5291 2908 5350 Judaiei
2941 5290 3163 5365 populi.
3187 5291 3272 5348 Ad
3305 5290 3503 5364 ipsum
3532 5285 3690 5345 enim
3723 5285 3814 5342 lo-

2149 5381 2354 5454 quitur
2385 5381 2586 5438 dicens
2621 5398 2635 5437 :

2151 5472 2176 5526 1
2255 5471 2404 5542 Quid
2431 5473 2693 5540 gloriaris
2723 5473 2783 5526 in
2812 5471 3032 5530 malitia
3063 5489 3083 5528 :

2253 5557 2309 5615 -ἐη
2356 5553 2475 5624 Qui
2517 5557 2532 5620 ζ
2596 5559 2786 5624 potens
2814 5559 2870 5618 σὲ·
2913 5569 2968 5609 es
3011 5559 3026 5620 ξ
3096 5552 3414 5626 iniquitate.

2218 5639 2260 5694 C
2291 5638 2436 5702 Quid
2469 5639 2740 5713 gloriaris
2783 5640 2843 5696 in
2893 5641 3141 5698 malitia.
3174 5643 3319 5698 Cum
3372 5640 3678 5713 Scriptura
3721 5635 3811 5692 di-

2147 5729 2284 5786 vina
2312 5746 2418 5785 nec
2450 5729 2508 5786 in
2541 5731 2711 5787 bonis
2751 5731 2982 5786 actibus
3033 5731 3190 5787 dicat
3235 5746 3366 5788 esse
3411 5726 3810 5804 gloriandum,

2147 5819 2246 5876 sed
2289 5820 2606 5894 pracipiat,
2643 5819 2744 5896 qui
2793 5817 3081 5894 gloriatur
3123 5819 3186 5878 in
3236 5819 3487 5879 Domino
3533 5814 3814 5895 glorietur
