3898 6420
448 407 566 473 ’748

1512 409 1576 470 S.
1623 405 1903 470 LEONIS
1945 406 2025 468 IX
2071 404 2302 468 ΡΑΡΑΞ
2345 403 2780 484 OPUSCULA.

3765 398 3876 462 7M

451 541 743 616 precibus,
777 544 862 607 ut,
893 538 1032 611 quia
1061 538 1184 611 ipse
1213 539 1514 612 praefatam
1535 544 1774 612 sumptu
1803 543 1902 594 tuo
1933 543 1988 594 et
2017 539 2088 594 de
2114 539 2169 605 Α
2198 539 2542 594 auctoritate
2573 535 2906 593 confirmari
2927 540 2983 594 et
3010 534 3361 596 auctorizari
3381 533 3875 610 postulaverunt,

452 631 629 686 rebus
659 628 910 701 propriis
941 645 1070 684 cum
1100 628 1274 684 fratre
1305 628 1612 685 Godefrido
1661 628 1983 684 construxit
2036 631 2094 682 et

451 717 683 774 donavit
713 715 1014 772 ecclesiam
1050 734 1062 782 ;
1095 715 1243 771 hanc
1276 734 1308 772 a
1339 716 1505 772 nobis
1531 721 1820 772 mereatur
1841 715 2092 788 recipere

451 803 1753 880 gratiam.Annuimus,inquam,voluntarie,et
1770 804 1880 860 sibi
1893 808 1950 860 et
1962 803 2087 870 tibi,

450 894 628 950 frater
654 893 996 950 charissime
1026 911 1038 960 ;
1073 897 1129 948 et
1147 909 1246 948 vos
1277 893 1534 964 quidem,
1559 909 1706 964 quos
1762 893 1915 965 apud
1947 891 2090 948 alios

449 983 822 1040 commendat
861 986 998 1037 aetas
1045 985 1101 1038 et
1155 982 1408 1037 exterius
1465 983 1780 1037 reverenda
1822 981 2087 1051 canities,

450 1071 592 1128 mihi
623 1075 816 1144 gratos
847 1071 982 1126 fecit
1011 1069 1310 1126 moralitas
1343 1069 1580 1126 interior
1621 1075 1677 1126 et
1733 1069 2088 1126 inviolabilis

446 1160 610 1215 fides.
645 1160 926 1214 Memores
948 1159 1122 1213 etiam
1161 1157 1222 1214 in
1253 1159 1363 1214 hac
1386 1162 1487 1214 tua
1525 1158 1802 1230 petitione
1860 1158 2087 1213 fuimus

443 1248 639 1304 fratris
667 1247 752 1302 tui
785 1248 1005 1302 domini
1047 1247 1344 1318 \Vasonis,
1404 1247 1760 1318 Tungrensis
1816 1247 2083 1303 Ecclesiae

440 1336 873 1409 vigilantissimi
899 1335 1172 1407 pastoris,
1211 1335 1335 1407 qui,
1395 1336 1537 1390 dum
1580 1334 1741 1402 vixit,
1795 1336 2084 1406 mquitatis

441 1442 668 1495 norma,
699 1423 996 1480 catholicae
1028 1423 1643 1496 religionis,canoniczs
1675 1423 1848 1479 simul
1880 1424 2086 1480 hones.

440 1513 578 1568 tatis
595 1527 826 1584 semper
845 1511 954 1566 fuit
993 1512 1216 1582 regula.

513 1601 674 1656 Hanc
704 1599 884 1672 igitur
921 1605 1129 1655 nostra:
1164 1601 1568 1672 praeceptionis
1626 1601 1897 1673 paginam
1957 1601 2080 1656 fieri

346 1718 358 1729 ο
433 1688 748 1762 jussimus,
781 1692 1100 1745 statuentes
1132 1687 1448 1760 apostolica
1485 1705 1732 1746 censura
1814 1693 1880 1745 ut
1933 1689 2079 1745 nihil

440 1777 794 1849 horumquaa
842 1777 1076 1849 praefato
1125 1778 1476 1833 monasterio
1532 1796 1566 1834 a
1625 1778 2080 1851 quibuscunque

2202 633 2259 682 et
2281 627 2463 684 nostri
2481 627 2782 700 regiminis
2801 625 3046 682 tuitione
3058 625 3382 682 confortari
3397 622 3737 696 deprecati
3753 631 3875 681 sunt

2200 733 2448 790 quorum
2466 715 2730 788 petitioni
2749 731 3056 771 assensum
3078 714 3410 787 praebentes
3429 711 3873 770 conﬁrmamus

2200 809 2257 862 et
2277 804 2712 861 constitutionis
2735 807 2908 859 tanta:
2939 801 3134 858 locum
3154 801 3410 870 liberali,
3448 805 3525 857 ut
3585 801 3872 875 deprecati

2199 897 2357 961 sunt,
2383 894 2518 964 jure
2549 892 2657 947 sub
2687 894 2890 947 nostra
2917 889 3253 948 defensione
3283 889 3711 964 suscipimus.
3731 889 3872 946 Unde

2197 998 2400 1038 omnes
2433 981 2528 1038 Dei
2559 979 2760 1036 ﬁdeles
2791 979 3131 1036 charitative
3163 980 3638 1036 submonemus
3660 995 3742 1035 ne
3765 984 3870 1036 tan-

2197 1075 2324 1125 tum
2354 1085 2499 1141 opus
2556 1068 2886 1123 disturbare
2925 1072 2984 1123 et
3039 1067 3331 1140 dissipare
3379 1067 3495 1124 Dei
3571 1069 3870 1125 servitium

2195 1157 2280 1215 vel
2311 1157 2426 1214 Deo
2474 1159 2707 1213 devotas
2753 1155 3069 1229 patiantur.
3130 1156 3294 1223 Quod
3353 1157 3410 1212 si
3473 1154 3694 1229 aliqui
3754 1157 3870 1214 huic

2195 1246 2388 1302 divino
2419 1247 2579 1320 Operi
2603 1244 2869 1301 insidiari
2901 1246 3366 1318 przssumpserit,
3423 1262 3746 1303 concessa
3797 1246 3870 1303 vel

2191 1336 2556 1392 concedenda
2587 1333 2998 1390 calumniando
3029 1338 3086 1390 et
3114 1335 3514 1405 devastando,
3550 1334 3724 1392 iram
3759 1353 3867 1409 per-

2191 1430 2379 1496 petuaa
2409 1423 2804 1479 damnationis
2834 1423 3119 1488 incurrat,
3150 1427 3208 1479 et
3261 1427 3319 1478 S.
3364 1423 3480 1480 Dei
3553 1423 3866 1483 Genitricis

2192 1512 2573 1584 omniumque
2601 1515 2946 1567 Sanctorum
2977 1513 3422 1569 accusationem
3453 1529 3594 1568 non
3650 1514 3868 1584 evadat,

2189 1605 2243 1655 et
2267 1604 2534 1655 nostrum
2565 1599 2902 1667 anathema,
2937 1604 3230 1673 quantum
3263 1599 3374 1656 Dei
3401 1599 3663 1672 judicio
3695 1603 3868 1658 tradi-

2189 1695 2312 1744 tum
2343 1687 2512 1744 nobis
2533 1693 2642 1757 est,
2675 1687 2994 1762 apostolica
3015 1688 3191 1744 etiam
3225 1688 3608 1746 auctoritate
3637 1708 3867 1748 conces-

2188 1794 2319 1832 sum
2350 1777 2449 1832 Dei
2473 1777 2779 1833 inimicum
2804 1778 2943 1832 dare
2973 1776 3034 1832 in
3079 1777 3416 1846 interitum,
3453 1778 3524 1835 in
3585 1784 3866 1836 eternum

441 1866 710 1922 fidelibus
723 1865 1090 1921 concessavel
1107 1867 1473 1922 concedenda
1486 1865 1692 1922 suntin
1707 1872 2074 1938 perpetuum,
2105 1901 2152 1967 Β
2187 1867 2467 1922 damnum
2491 1865 2922 1939 sentiatHujus
2942 1882 3077 1922 vero
3099 1866 3584 1940 conscriptionis
3606 1869 3866 1926 chartam

437 1954 651 2028 aliquis
672 1955 978 2010 temerario
1019 1971 1166 2010 ausu
1232 1955 1545 2026 infringere
1592 1954 1679 2010 vel
1727 1956 2074 2013 imminuere
2105 1954 2152 1967 “’
2186 1956 2578 2011 utﬁrmiorem
2598 1955 2859 2010 obtineat
2886 1955 3364 2029 vigorem,sigilli
3389 1958 3598 2014 nostri
3621 1957 3863 2032 impres-

437 2045 666 2111 audeat,
689 2059 780 2112 ne,
815 2045 954 2100 dum
978 2059 1394 2116 praecursorem
1422 2048 1477 2099 et
1494 2043 1817 2115 Baptistam
1841 2045 2073 2101 Domini

437 2131 761 2198 offenderit,
791 2148 904 2204 quo
936 2133 1086 2187 inter
1115 2136 1282 2188 natos
1305 2131 1617 2188 mulierum
1641 2133 1831 2204 major
1876 2133 2076 2190 nullus

436 2221 709 2287 surrexit,
739 2219 840 2276 Dei
870 2220 1288 2292 omnipotentis
1320 2220 1466 2276 iram
1498 2219 1774 2278 incautus
1792 2220 2071 2279 incurrat.

507 2311 1126 2368 Datum.......

1134 2397 1372 2454 XCVIII.

438 2485 1065 2568 Epistota‘seunbreveﬁf.‘
1083 2487 1278 2568 Leonis
1445 2503 1548 2568 pro
1603 2490 1910 2568 cazmeterio
1959 2490 2076 2559 pri-

591 2565 773 2614 oratus
805 2556 996 2613 Sancti
1027 2555 1263 2612 Orientii
1289 2555 1662 2614 Cluniacensis
1693 2559 1923 2614 ordinis.

1054 2628 1239 2682 (Anno
1276 2629 1456 2682 1054.)

1052 2628 1239 2753 ΞΑηιιο
1276 2629 1456 2710 1οᾷ4.)

919 2699 1046 2769 [Bal
1073 2716 1156 2755 ar.
1191 2699 1438 2754 Cluniae.
1477 2699 1585 2773 13.]

503 2791 614 2846 Leo
645 2788 974 2861 episcopus,
1008 2805 1208 2843 servus
1262 2804 1562 2844 servorum
1610 2789 1705 2845 Dei
1763 2790 2075 2845 RAIMUNDO

435 2878 868 2950 archiepiscopo
898 2875 1476 2944 Ausciensi,salutem
1499 2882 1555 2932 et
1583 2877 1962 2950 apostolicam
1983 2878 2077 2933 be-

431 2965 842 3023 nedictionem.

507 3053 772 3108 Pervenit
803 3052 873 3108 ad
899 3067 1070 3107 aures
1103 3055 1333 3108 nostras
1381 3051 1599 3108 clamor
1655 3053 2074 3109 monachorum

433 3141 627 3198 Sancti
649 3141 891 3196 Orientii
910 3140 1395 3196 commorantium
1421 3140 1480 3195 in
1503 3142 1648 3197 subu
1659 3142 1782 3197 rbio
1804 3141 2072 3210 civitatis,

435 3247 538 3302 pro
569 3229 788 3302 injuria
820 3245 997 3300 quam
1030 3229 1154 3284 loco
1197 3227 1430 3284 illorum
1487 3228 1697 3286 inferre
1743 3231 1944 3285 niteris
2001 3231 2070 3286 de

431 3318 758 3374 ccemeterio
807 3322 968 3374 extra
1026 3333 1198 3372 usum
1265 3317 1519 3390 antiquae
1578 3319 2065 3374 consuetudinis:

429 3425 544 3464 non
571 3408 726 3463 enim
761 3406 1030 3462 meliores
1060 3423 1268 3462 sumus
1291 3423 1468 3478 quam
1498 3411 1691 3478 patres
1715 3407 2071 3472 nostri.Qua-

428 3501 666 3568 propter
694 3495 799 3551 tibi
833 3495 1162 3550 mandanus
1192 3498 1365 3566 atque
1397 3494 1506 3550 sub
1531 3495 1871 3550 auctoritate
1892 3495 1989 3550 Dei
2013 3499 2072 3550 et

427 3583 616 3639 sancti
647 3583 798 3638 Petri
831 3587 890 3638 et
919 3587 1118 3636 nostra
1173 3581 1548 3654 praecipimus
1607 3587 1672 3637 ut
1728 3583 2067 3654 praedictum

429 3671 848 3727 monasterium
881 3669 1045 3726 novis
1074 3669 1300 3742 legibus
1340 3674 1396 3725 et
1435 3669 1716 3726 inauditis
1755 3677 2066 3726 consuetu-

429 3759 666 3815 dinibus
697 3757 755 3813 in
774 3757 936 3814 nullo
968 3758 1226 3824 inl‘estes,
1255 3757 1312 3812 in
1344 3757 1502 3813 nullo
1535 3758 1828 3824 molestos,
1857 3765 1972 3814 tam
2011 3762 2063 3814 In

426 3848 752 3904 cmmeterio
775 3864 951 3920 quam
967 3847 1025 3902 in
1042 3845 1170 3902 aliis
1192 3847 1366 3904 rebus
1381 3847 1449 3902 ad
1473 3847 1664 3918 ipsum
1690 3847 1881 3902 locum
1899 3848 2068 3919 perti-

428 3935 1114 3994 nentibus.Decernimus
1135 3934 1332 4006 itaque
1355 3935 1633 3990 canonica
1663 3939 1718 3990 et
1747 3937 2068 4007 apostolica

427 4024 768 4080 auctoritate
783 4029 850 4079 ut
862 4023 1021 4078 nulla
1037 4022 1568 4079 ecclesiaterminos
1583 4028 1832 4080 statutos
1849 4043 1879 4080 a
1895 4024 2070 4080 Patri-

426 4115 538 4169 bus
567 4113 778 4168 audeat
807 4111 1356 4168 transire.Undevos
1387 4113 1699 4168 admonere
1720 4113 1991 4168 volumus
2011 4117 2068 4168 et

426 4201 797 4274 praecipimus
814 4205 881 4256 ut
909 4201 1062 4272 quod
1082 4216 1266 4270 usque
1287 4201 1458 4256 modo
1485 4217 1599 4256 non
1624 4200 1935 4270 habuistis,
1959 4219 2063 4257 nec

425 4291 578 4346 intra
594 4289 796 4346 urbem
813 4305 917 4344 nec
941 4289 1294 4355 extra,vobis
1319 4289 1534 4360 injuste
1563 4289 1657 4344 vin
1671 4288 2066 4346 dicetis.Scili-

424 4383 511 4434 cet
535 4378 690 4434 sicut
721 4378 830 4434 fuit
869 4377 1263 4433 coemeterium
1322 4377 1684 4448 temporibus
1733 4383 2062 4434 antecesso-

422 4484 553 4524 rum
585 4466 1025 4532 vestrorum,ita
1045 4471 1385 4540 permaneat
1404 4465 1462 4521 in
1497 4466 1776 4522 saeculum
1800 4467 1858 4522 in
1905 4470 2061 4523 l'utu-

397 4573 572 4630 prum.

1142 4642 1324 4698 XCIX.
2088 4631 2136 4698 Π

420 4734 474 4789 S.
508 4735 614 4790 Leo
644 4735 709 4790 IX
733 4735 1020 4804 conﬁrmat
1055 4731 1434 4804 fundationem
1460 4733 1785 4802 percelebris
1822 4734 2055 4791 abbatiz

845 4805 900 4859 S.
932 4804 1118 4858 Mariae
1147 4803 1293 4874 apud
1328 4804 1617 4860 Santones.

1030 4873 1218 4946 (Anno
1251 4873 1438 4946 1054.)

727 4943 888 5013 [ϐαιι.
925 4942 1123 4998 Christ.
1158 4943 1226 5012 II,
1260 4942 1562 5010 Instrum.,
1598 4946 1742 5012 481.]

494 5029 730 5086 Reclore
761 5031 1020 5086 omnium
1055 5032 1353 5089 ordinante
1383 5033 1521 5101 Deo,
1559 5035 1669 5088 Leo
1701 5035 2050 5106 egn,Roma-

423 5135 512 5174 nae
541 5118 697 5174 sedis
727 5135 896 5192 papa.

491 5209 816 5264 Innotescat
843 5207 970 5264 volo
1001 5209 1274 5266 omnibus
1304 5208 1598 5265 catholica:
1638 5208 1903 5264 Ecclesiae
1929 5210 2049 5266 cul-

419 5298 647 5354 toribus
677 5296 830 5370 quod
873 5297 1184 5364 Gofi‘ridus,
1244 5313 1437 5353 comes
1492 5296 1946 5368 Andegavensis,
1995 5304 2052 5355 et

416 5390 610 5460 Agnes
640 5385 937 5443 comitissa
967 5386 1160 5442 locum
1190 5387 1248 5440 S.
1283 5385 1480 5440 Mariae
1505 5384 1918 5441 Sanctonensis
1946 5404 2053 5444 cce-

417 5475 596 5542 nobii,
622 5475 777 5546 quod
810 5473 1208 5530 monachabus
1237 5471 1382 5528 inibi
1413 5471 1524 5527 sub
1556 5470 1706 5526 beati
1758 5473 2050 5531 Benedicti

422 5560 623 5633 regula
651 5561 998 5632 degentibus
1027 5560 1142 5616 Deo
1163 5561 1365 5616 devote
1395 5560 1802 5630 fundaverunt,
1851 5567 2052 5621 nostra

2184 2044 2345 2100 sione
2378 2043 2594 2116 signari
2626 2045 2978 2102 curavimus.

2974 2151 3015 2207 C

2181 2239 2236 2294 S.
2265 2240 2461 2316 Leonis
2481 2241 2547 2296 IX
2573 2241 2797 2316 epistola
2818 2240 2891 2295 ad
2945 2236 3282 2316 Michaelem
3345 2240 3867 2316 consmntz'nopali-

2254 2315 2448 2384 ianum
2507 2312 2922 2384 patriarcha»),
2956 2311 3258 2384 adversus
3335 2313 3456 2384 ejus
3521 2322 3576 2370 et
3663 2311 3873 2372 leonis

2253 2382 2512 2436 Acridani
2533 2383 2768 2456 episcopi
2784 2382 3086 2456 inauditas
3112 2382 3594 2456 presumptiam
3643 2395 3706 2444 et
3767 2389 3868 2444 ni-

2250 2455 2392 2508 mias
2419 2456 2685 2509 vanitates
2715 2454 2886 2524 (2.15).
3115 2495 3120 2500 ι

2255 2559 2368 2614 Leo
2416 2559 2712 2631 epic0pus,
2768 2575 2971 2616 servus
3018 2576 3332 2616 servorum
3393 2560 3532 2630 Dei,
3561 2561 3858 2620 liticinum

2186 2647 2847 2720 Constantinopolitano,
2879 2651 2933 2703 et
2963 2648 3136 2703 Lsom
3160 2649 3489 2719 Acridano,
3539 2651 3860 2726 episcopis.

2258 2736 2299 2791 Ι.
2334 2738 2397 2790 In
2444 2741 2593 2791 terra
2619 2753 2733 2809 pax
2761 2736 3072 2792 hominibus
3113 2739 3275 2795 bona?
3331 2739 3662 2798 υοιωιιαὶθ
3721 2743 3862 2812 (Luc.

2187 2826 2249 2891 ιι)
2271 2825 2618 2896 Hujusmodi
2649 2825 2949 2881 exordium
2981 2825 3184 2882 docuit
3210 2842 3321 2884 nos
3367 2826 3532 2884 illud
3593 2829 3866 2886 Domini-

2185 2929 2316 2967 cum
2345 2931 2357 2968 :
2388 2915 2450 2968 In
2480 2930 2859 2986 quamcunque
2885 2915 3107 2970 domum
3125 2919 3226 2970 aut
3251 2917 3560 2974 civitatem
3620 2920 3864 2976 intrave-

2183 3003 2326 3067 ritis,
2357 3005 2598 3072 primum
2630 3001 2823 3058 dicite:
2856 3007 2980 3058 Pax
2998 3002 3130 3058 huic
3147 3003 3341 3060 domui
3359 3022 3384 3068 ;
3413 3009 3475 3061 et
3501 3008 3564 3062 si
3587 3009 3679 3063 ibi
3701 3007 3868 3080 fuerit

2183 3091 2335 3159 ﬁlius
2359 3092 2532 3161 pacis,
2565 3093 2857 3162 requiescet
2883 3107 3048 3162 super
3071 3093 3236 3147 illum
3289 3109 3414 3164 pars
3476 3105 3731 3165 vestra;
3785 3097 3866 3152 sin

2185 3181 2383 3244 autem,
2417 3178 2486 3233 ad
2515 3195 2606 3234 vos
2635 3183 2932 3234 revertetur
2961 3181 3114 3248 (Luc.
3147 3181 3230 3252 x.)
3263 3183 3330 3237 In
3356 3199 3507 3254 pace
3535 3188 3762 3242 daein
3789 3201 3868 3241 M-

2101 3267 2144 3334 C
2179 3269 2321 3322 cavit
2352 3283 2450 3322 nos
2473 3268 2612 3322 Deus
2641 3269 2689 3336 (Ι
2717 3267 2836 3324 Cor.
2862 3269 2989 3340 vn),
3021 3271 3118 3342 qui
3161 3273 3243 3326 est
3285 3287 3409 3342 pax
3469 3281 3730 3343 nostra;
3779 3277 3866 3346 qui

2178 3357 2309 3425 fecit
2338 3365 2565 3427 utraque
2592 3373 2784 3423 unum,
2815 3365 2869 3413 et
2912 3359 3134 3414 veniens
3190 3360 3630 3428 evangelicae-it
3682 3380 3870 3436 pacem

2179 3444 2264 3498 his
2291 3447 2386 3515 qui
2414 3447 2589 3516 longe,
2621 3453 2670 3500 et
2702 3445 2788 3501 his
2817 3448 2915 3518 qui
2935 3463 3108 3519 prope
3135 3452 3298 3504 erant
3330 3449 3583 3520 (Ephes.
3626 3470 3668 3508 ιι
3697 3455 3718 3525 )
3751 3471 3766 3508 :
3817 3459 3872 3508 et

2177 3531 2328 3587 inter
2357 3531 2639 3588 nonnulla
2659 3533 2841 3589 dixit:
2893 3537 3052 3591 Beati
3099 3537 3346 3607 paciﬁci,
3407 3543 3720 3610 quoniam
3769 3542 3872 3610 ﬁlii

2175 3622 2274 3675 Dei
2301 3623 2636 3687 vocabuntur
2679 3621 2886 3692 (Matth.
2942 3623 3022 3694 v).
3079 3623 3348 3688 Quorum
3409 3628 3620 3698 pedes
3682 3630 3873 3686 Deilo-

2176 3723 2328 3780 quus
2361 3709 2544 3764 Isaias
2565 3709 2912 3778 admiratus,
2953 3711 3319 3784 proclamat:
3383 3716 3588 3784 Quam
3638 3722 3874 3792 speciosi

2175 3797 2330 3864 ρρινρς
2360 3797 2853 3867 erangelimntium
2875 3816 3067 3871 pacem
3089 3806 3108 3856 !
3127 3803 3258 3870 (Isa.
3289 3819 3370 3858 LII
3397 3821 3416 3870 ;
3452 3806 3732 3880 Romam)
3789 3808 3870 3864 Ad

2176 3902 2352 3956 quam
2382 3901 2633 3957 magnus
2671 3886 2888 3944 Paulus
2919 3891 3306 3946 contestando
3355 3892 3449 3949 sio
3513 3895 3874 3970 discipulos

2177 3973 2554 4029 adhortatur:
2589 3975 2783 4030 Pacem
2813 3978 3117 4047 sequimini
3143 3995 3272 4034 cum
3299 3983 3678 4052 omnibusﬁt
3709 4002 3876 4044 sanc-

2173 4064 2477 4130 timoniam,
2488 4064 2602 4119 sine
2617 4079 2725 4134 qua
2735 4080 2892 4120 nemo
2904 4065 3310 4140 videbitDcIun(
3320 4070 3740 4144 Hebr.xn).Et
3754 4094 3773 4130 :
3813 4074 3878 4130 Si

2173 4150 2296 4219 ﬁeri
2330 4155 2520 4222 potest,
2544 4152 2684 4222 quod
2713 4168 2784 4208 ea:
2809 4153 2958 4210 vobis
2987 4163 3086 4222 est,
3107 4171 3236 4212 cum
3262 4161 3544 4216 omnibus
3616 4163 3874 4221 homini-

2174 4238 2272 4293 bus
2297 4255 2486 4310 pacem
2515 4240 2773 4297 habentes
2794 4241 2968 4312 (Rom.
2998 4245 3126 4314 xu).
3158 4245 3231 4300 Et
3287 4263 3556 4306 rursum
3588 4267 3606 4307 :
3675 4254 3877 4308 Paean

2173 4325 2376 4395 habete,
2408 4333 2463 4384 et
2491 4331 2629 4384 Deus
2657 4329 2964 4386 dilectionis
2992 4335 3046 4386 et
3079 4334 3237 4404 pacis
3289 4336 3406 4390 erit
3458 4339 3779 4396 vobixum
3807 4340 3880 4406 {Il

2174 4414 2293 4470 Cor.
2327 4419 2510 4489 xvm).
2541 4418 2657 4474 Nec
2685 4418 3004 4487 immerito,
3033 4421 3266 4478 dicente
3311 4423 3674 4498 discipulis
3725 4429 3876 4490 suis.

2172 4503 2290 4560 imo
2321 4506 2596 4562 omnibus
2624 4506 2971 4564 Christianis
3000 4508 3130 4580 ipso
3161 4509 3422 4567 Domino
3449 4529 3466 4567 :
3501 4519 3742 4574 Pacem
3781 4533 3874 4571 rc-

2173 4591 2360 4664 linquo
2391 4594 2558 4662 vobis,
2582 4610 2774 4666 pacem
2801 4610 2981 4651 meam
3008 4595 3076 4653 do
3103 4599 3254 4654 vobis
3303 4598 3482 4670 (Jaan
3542 4611 3712 4674 xxv).
3741 4607 3879 4670 Quae

2168 4682 2371 4753 utique
2401 4697 2578 4754 quam
2611 4699 2888 4756 germano
2919 4686 2976 4741 et
2997 4685 3268 4741 unanimi
3297 4687 3567 4759 affectu,
3600 4699 3668 4750 et
3689 4695 3890 4751 indis-

2165 4767 2435 4826 solubilis
2458 4770 2688 4828 foederis
2709 4787 2861 4827 nexu
2891 4772 3198 4831 retinenda
3223 4773 3484 4842 sit,hinc
3508 4789 3733 4852 potant
3763 4781 3891 4837 col--

2162 4855 2262 4929 ligi
2287 4859 2441 4930 quod
2465 4875 2588 4914 eam
2601 4857 2888 4925 ,ultimam
2904 4859 3392 4920 oohoaredibuset
3403 4869 3892 4942 comparticipi--

2161 4946 2272 5001 bus
2289 4947 2434 5013 suis,
2451 4947 2608 5003 velut
2623 4947 2986 5006 hereditario
3009 4958 3065 5004 et
3079 4955 3363 5022 perpetuo
3378 4955 3542 5025 jure
3563 4975 3892 5018 commen-

2164 5035 2382 5103 datam,
2403 5037 2512 5091 sub
2543 5040 2896 5092 testamento
2911 5053 3046 5094 mox
3063 5055 3170 5095 suo
3187 5042 3504 5114 sanguine
3515 5049 3892 5120 subscripta

2167 5128 2227 5179 et
2241 5125 2337 5196 pia
2348 5128 2536 5180 morte
2551 5125 3166 5198 conﬁrmatoreliquit,
3201 5131 3385 5201 quasi
3406 5133 3668 5195 diceret
3687 5155 3706 5194 ε
3741 5138 3892 5194 1⁷η--

2161 5215 2279 5268 tres
2304 5216 2362 5268 et
2381 5212 2712 5269 cohaeredes
2733 5215 2868 5282 mei,
2896 5213 3167 5288 relinquo
3187 5217 3363 5275 vobis
3393 5237 3478 5279 ex
3493 5227 3891 5298 patrimonia

2159 5306 2359 5358 nostro
2375 5305 2612 5372 sortem,
2630 5303 3014 5375 temporalem
3035 5304 3312 5363 videlicet
3343 5325 3590 5380 pacem
3616 5333 3636 5384 ;
3706 5331 3892 5388 quam

2158 5390 2206 5445 si
2228 5391 2513 5463 integram
2537 5391 3123 5450 etincontaminatam
3140 5393 3199 5450 in
3213 5395 3338 5454 fine
3359 5400 3535 5458 mihi
3555 5419 3889 5478 reptans:

2159 5478 2450 5545 taveritis,
2485 5495 2678 5536 meam
2727 5485 2966 5552 sortem,
2997 5497 3204 5554 pacem
3253 5485 3507 5546 scilicet
3550 5495 3890 5568 sempiter-

2161 5583 2318 5638 nam,
2369 5568 2626 5641 adjungo
2684 5569 2868 5627 vobis.
2935 5571 3052 5628 Nec
3123 5571 3224 5630 his
3275 5580 3666 5650 contentus.
3731 5582 3882 5640 Pu:

501 5716 648 5790 (215)
675 5717 820 5774 Vide
842 5717 998 5774 intra
1021 5715 1079 5772 in
1103 5719 1420 5794 appendice
1450 5717 1759 5792 epistolam
1785 5719 2088 5780 Michaelis
2117 5722 2398 5784 Cerularii
2425 5730 2485 5785 et
2511 5726 2722 5788 Leonis
2747 5693 3044 5790 Acridani.
