3952 6350
91 446 211 506 745

1094 447 1500 512 EPISTOL/E
1540 448 1644 510 ET
1687 424 2050 511 DECRETA
2092 448 2562 512 PONTIFICIA.

3404 436 3524 511 ne

97 577 374 650 aequalis,
404 576 702 651 Patreque
726 564 955 647 minor;
989 598 1092 653 pro
1134 581 1243 638 hac
1275 582 1403 654 ipsa
1445 582 1671 638 Patrem
1720 580 1769 636 si
1799 581 1853 648 Α
1883 582 2151 654 gemebat
2179 584 2290 639 sub
2323 582 2596 656 periculis
2624 582 2683 637 in
2712 581 2876 638 falsis
2915 554 3215 649 iratribus,
3274 580 3527 639 revelata

98 667 485 739 deprecatur,
520 668 592 723 ad
624 667 853 724 Patrem
880 685 1078 737 suum,
1113 677 1167 725 et
1199 671 1426 726 Patrem
1478 676 1766 737 nostrum,

96 772 130 811 ι
185 771 308 828 quo
370 772 689 828 nunquam
755 757 1123 828 discesserat,
1181 761 1515 816 rediturus:
1576 764 1767 827 Pater,

94 860 229 917 quos
250 845 464 901 dedisti
496 838 786 913 mihi,volo
802 855 864 902 ut
891 849 1003 903 sint
1031 851 1374 920 unum,sicut
1402 857 1453 905 et
1479 865 1577 905 nos
1597 865 1771 905 unum

95 949 314 1003 simius,
343 939 401 989 et
428 936 551 990 sint
571 938 937 992 consummati
964 939 1026 992 in
1054 955 1231 993 unum
1261 939 1433 1010 (Joan.
1466 942 1631 1007 xvu).

164 1022 235 1077 ΙΙ.
296 1018 417 1079 Sed
490 1026 582 1082 Vae
626 1025 830 1081 mundo
894 1044 928 1082 a
981 1027 1257 1084 scandatis
1315 1028 1521 1099 (Matth.
1580 1028 1766 1099 xvm),

98 1111 255 1185 quia,
285 1128 431 1168 cum
466 1125 619 1186 pene
648 1131 851 1172 omnes
882 1115 1106 1189 paginae
1142 1117 1349 1172 divinae
1395 1134 1504 1172 nos
1550 1116 1768 1189 pariter

97 1202 346 1258 invitent
380 1202 459 1257 ad
494 1202 719 1260 bonum
755 1204 1000 1261 unitatis
1029 1209 1087 1261 et
1115 1206 1297 1277 pacis,
1330 1212 1621 1279 quatenus
1670 1223 1768 1262 cor

100 1307 285 1348 unum
315 1294 378 1348 et
410 1291 622 1349 anima
651 1310 769 1349 una
785 1294 864 1350 sit
892 1295 1062 1350 nobis
1084 1294 1141 1350 in
1164 1313 1230 1351 eo
1252 1296 1352 1367 qui
1375 1294 1682 1351 unanimes
1704 1297 1764 1352 in

100 1381 270 1437 domo
302 1396 440 1451 sua,
479 1398 612 1454 quae
641 1386 731 1438 est
758 1382 1049 1440 catholica
1078 1384 1352 1452 Ecclesia,
1385 1384 1648 1440 habitare
1678 1385 1763 1441 fa-

100 1471 193 1537 cit,
227 1470 485 1526 existere
515 1474 717 1526 tamen
768 1471 1075 1539 hactenus,
1136 1477 1194 1528 et
1249 1474 1507 1529 existunt
1564 1473 1764 1530 miseri

101 1559 388 1628 homines,
423 1570 561 1628 sua,
595 1576 711 1615 non
745 1577 873 1632 qua
918 1564 1057 1617 sunt
1111 1562 1253 1618 Jesu
1308 1563 1547 1630 Christi,
1604 1579 1761 1635 qua:-

101 1652 289 1705 rentes
316 1647 566 1721 (Philip.
602 1650 684 1721 ιι),
716 1664 820 1722 per
843 1650 1044 1707 omnia
1099 1650 1389 1708 militibus
1446 1651 1762 1708 Dominum

102 1738 295 1811 gloriae
323 1738 819 1811 cruciﬁgentibus
849 1740 1180 1812 nequiores.
1208 1740 1296 1797 Illi
1326 1741 1619 1814 siquidem
1644 1758 1764 1798 cor-

103 1826 361 1899 ruptibili
390 1827 616 1883 tunicaa
646 1826 856 1900 ipsius,
876 1829 1015 1900 quia
1042 1829 1415 1886 iuconsutilis
1436 1833 1494 1886 et
1511 1831 1764 1901 desuper

104 1920 366 2019 contexta
392 1920 529 2019 erat
563 1932 669 1989 per
722 1921 932 2019 totum,
992 1923 1396 2019 pepercerunt,
1448 1920 1757 2019 dicentes:
1789 1954 1839 2019 Β

104 2005 212 2059 Non
261 2004 590 2060 scindamus
647 2019 769 2059 eam
843 2004 1025 2075 (Joan.
1104 2006 1245 2077 xxx),
1313 2006 1568 2079 quadam
1642 2006 1756 2061 uti-

108 2108 210 2163 que
247 2092 582 2149 rcverentia
612 2091 885 2149 admirati
914 2098 973 2150 et
1002 2094 1259 2151 textricis
1291 2094 1655 2168 diligentiam
1703 2100 1761 2150 et

108 2182 286 2254 operis
311 2182 705 2255 elegantiam.
747 2182 846 2238 Isti
875 2199 1009 2239 vero
1038 2183 1469 2256 incorruptibili
1491 2184 1759 2240 charitati

110 2272 243 2342 ejus,
276 2288 398 2343 qua
428 2270 626 2328 univit
642 2268 983 2340 Ecclesium,
1003 2276 1068 2328 ut
1087 2272 1385 2329 exhiberet
1401 2274 1515 2329 sibi
1534 2278 1757 2331 vestem

108 2360 434 2433 gloriosam,
471 2377 595 2417 non
641 2360 953 2417 habentem
1013 2362 1306 2417 maculam
1365 2366 1465 2418 aut
1523 2380 1753 2435 rugam,

112 2450 307 2523 impias
335 2454 396 2506 et
423 2449 749 2523 sacrilegas
778 2465 992 2507 manus
1021 2451 1094 2506 ad
1125 2451 1576 2508 discindendum
1625 2470 1754 2508 cru-

113 2538 303 2597 deliter
324 2540 635 2612 injiciunt,
666 2538 899 2612 linguas
920 2539 1331 2613 magniloquas
1352 2545 1407 2598 et
1428 2542 1661 2598 dolosas
1683 2544 1754 2598 ad

114 2629 554 2687 confodiendum
571 2628 733 2685 illam
753 2634 1073 2699 exacuunt;
1093 2630 1259 2686 nihili
1273 2632 1592 2703 pendentes
1614 2631 1755 2687 inef-

114 2718 257 2779 fabili
277 2723 335 2775 et
363 2718 614 2791 speciali
634 2718 880 2775 artiﬁcio
903 2723 1199 2776 coaeternm
1218 2720 1332 2776 Deo
1351 2720 1505 2776 Patri
1529 2720 1755 2793 sapien-

113 2809 192 2864 tia
217 2813 590 2883 compactam
621 2813 681 2864 et
698 2812 1047 2877 contextam,
1078 2825 1182 2864 nec
1214 2809 1473 2865 humano
1495 2810 1753 2881 ingenio,

114 2910 201 2953 seu
222 2898 717 2971 philosophorum
739 2897 1099 2971 syllogismis
1112 2903 1213 2954 aut
1239 2900 1755 2971 argumentationi-

115 2985 212 3043 bus
237 2990 551 3044 consutam
583 3004 597 3043 :
634 2986 809 3042 Stulta
837 2990 987 3043 enim
1013 2987 1212 3043 mundi
1260 2990 1421 3060 elegit
1479 2991 1636 3059 Deus,
1693 2993 1753 3045 ut

117 3078 390 3149 con/undat
418 3079 702 3150 sapientes
732 3077 777 3148 (I
808 3076 928 3133 Cor.
964 3079 1027 3145 ι).
1059 3076 1259 3150 Neque
1289 3079 1446 3134 enim
1479 3096 1581 3151 per
1623 3079 1753 3135 rhe-

115 3168 255 3223 tores
268 3171 324 3223 et
350 3166 659 3239 sophistas
686 3163 919 3237 collegit
944 3165 1283 3237 piscatores,
1305 3168 1407 3222 sed
1440 3184 1541 3239 per
1570 3167 1755 3239 pisca-

116 3259 250 3312 tores
277 3260 337 3312 et
354 3254 665 3328 simplices
686 3252 946 3326 piscatus
969 3259 1059 3311 est
1077 3255 1373 3327 sophistas
1395 3260 1451 3311 et
1471 3261 1749 3325 oratores,

1878 670 2113 727 illorum
2145 671 2322 736 exitu,
2348 688 2450 743 per
2480 688 2544 727 os
2576 671 2727 726 beati
2759 669 3007 727 Joannis
3039 667 3288 742 apostoli
3347 669 3527 726 libere
3628 682 3633 693 '

1880 765 2268 832 protestetur:
2298 763 2382 816 Ea:
2408 761 2563 816 nobis
2598 763 2877 831 exierunt,
2940 759 3030 816 sed
3089 775 3201 814 non
3245 766 3407 815 erant
3460 774 3528 814 ea:

1876 850 2051 905 nobis.
2084 850 2224 905 Nam
2251 851 2301 904 si
2329 851 2563 919 fuissent
2600 866 2671 905 ex
2723 850 2900 917 nobis,
2927 848 3357 921 permansissent
3412 847 3530 903 uti-

1876 954 1979 1009 que
2006 939 2284 1013 nobiscum
2312 941 2361 1008 (Ι
2375 941 2531 994 Joan.
2567 942 2651 1006 ιι).
2678 938 2784 1003 Qui
2808 938 2964 994 enim
2991 942 3195 1010 pectus
3217 934 3524 1007 columbae,

1875 1026 2031 1083 velut
2061 1027 2339 1083 humores
2372 1027 2532 1095 mali,
2567 1026 2834 1083 solebant
2865 1044 3149 1100 premere,
3177 1030 3234 1082 et
3265 1027 3338 1082 ad
3385 1038 3528 1101 nau-

1877 1132 2034 1171 seam
2068 1115 2290 1189 jugiter
2337 1132 2668 1188 provocare,
2725 1115 2976 1187 alicujus
3035 1114 3387 1172 accessionis
3435 1115 3526 1172 vel

1875 1203 2198 1259 occasionis
2228 1203 2488 1276 impulsu
2514 1204 2754 1276 egressi,
2786 1204 2874 1260 vel
2922 1204 3111 1274 ejecti,
3171 1206 3271 1258 aut
3327 1203 3523 1277 potius

1873 1293 2076 1364 egesti,
2110 1292 2588 1363 comprobantur,
2619 1309 2747 1347 eam
2779 1291 3068 1359 relevare;
3125 1297 3299 1365 atque
3356 1292 3522 1349 bona

1872 1380 2222 1437 valetudinis
2254 1385 2471 1437 statum
2507 1398 2615 1436 sua
2635 1380 2990 1437 discessione
3019 1381 3207 1438 eidem
3227 1390 3518 1439 revocare.

1873 1471 2169 1543 Quotquot
2198 1474 2393 1527 autem
2418 1473 2631 1525 exeunt
2660 1469 2923 1541 redituri,
2955 1471 3193 1525 omnino
3221 1472 3293 1526 ab
3324 1487 3393 1527 ea
3421 1488 3520 1528 ne-

1873 1564 2098 1631 queunt
2128 1558 2294 1615 avelli
2312 1563 2412 1614 aut
2436 1558 2673 1631 praecidi
2700 1562 2790 1626 ;et
2819 1558 2867 1613 si
2886 1558 3159 1614 videntur
3175 1558 3522 1631 aliquandiu

1872 1648 2059 1704 avulsi
2091 1653 2193 1704 aut
2224 1647 2455 1722 precisi,
2490 1649 2628 1719 quia
2656 1649 2814 1703 Novit
2869 1649 3009 1703 Deus
3067 1650 3165 1720 qui
3217 1651 3350 1703 sunt
3402 1649 3523 1720 ejus

1872 1738 1940 1809 (11
1972 1740 2104 1794 Tim.
2140 1738 2224 1809 ll),
2258 1754 2362 1810 per
2390 1739 2561 1809 cujus
2594 1737 3170 1810 praedestinationem
3201 1740 3343 1793 sunt
3362 1737 3523 1794 intus

1872 1827 1997 1883 sine
2023 1844 2235 1891 errore,
2256 1827 2432 1882 etiam
2459 1826 2558 1899 qui
2582 1831 2865 1899 putantur
2884 1827 3024 1883 foris
3047 1844 3196 1896 esse,
3221 1830 3279 1884 et
3300 1843 3520 1896 errare;

1871 1933 1976 1973 nec
2007 1917 2161 1988 rapit
2189 1916 2504 1989 quisquam
2557 1917 2628 1971 de
2684 1933 2865 1972 manu
2925 1916 3136 1989 ipsius,
3198 1933 3345 1990 quos
3396 1916 3523 1988 jam

1870 2023 2112 2078 prorsus
2142 2011 2338 2078 raptos
2370 2006 2840 2078 suspicabamur.

1940 2095 2032 2151 IV.
2067 2096 2176 2152 Sed
2209 2113 2291 2151 vae
2348 2095 2659 2151 hominum
2720 2096 3007 2168 superbiae
3065 2101 3121 2153 et
3173 2099 3521 2171 arrogantius

1870 2183 2277 2258 [ignorantiae],
2311 2185 2412 2256 qui
2443 2186 2709 2240 membra
2730 2184 3097 2255 Antichristi,
3130 2188 3186 2242 et
3205 2200 3523 2258 praecurso-

1869 2293 1961 2331 rcs
1992 2276 2119 2346 ejus
2151 2275 2358 2343 effecti,
2393 2274 2492 2347 qui
2521 2280 2611 2330 est
2640 2292 2738 2330 rex
2767 2292 2948 2348 super
3000 2276 3307 2332 universos
3363 2275 3519 2333 ﬁlios

1867 2364 2174 2437 superbiae,
2192 2381 2306 2420 non
2329 2367 2563 2421 cessant
2580 2362 2936 2421 zizaniorum
2958 2369 3151 2438 pestes
3173 2364 3233 2420 in
3256 2365 3519 2422 medium

1864 2454 2043 2509 tritici
2076 2453 2370 2527 spargere,
2403 2457 2461 2510 et
2490 2470 2766 2521 messem,
2789 2454 2883 2510 cui
2905 2454 3137 2511 cmleste
3157 2459 3521 2528 praeparatur

1865 2543 2162 2611 horreum,
2199 2546 2486 2616 quantum
2519 2544 2577 2598 in
2612 2544 2696 2600 eis
2727 2548 2837 2613 est,
2868 2549 3133 2600 atterere.
3162 2544 3243 2600 De
3264 2562 3516 2619 quorum

1865 2631 2190 2704 periculoso
2218 2636 2477 2703 tempere
2509 2632 2757 2688 dilectus
2785 2634 3017 2688 Domini
3045 2633 3206 2705 virgo
3257 2630 3517 2691 Joannes

1863 2720 2044 2776 voluit
2074 2738 2182 2776 nos
2211 2719 2540 2775 instruere:
2593 2721 2801 2787 Filioli,
2859 2720 3155 2792 inquiens,
3212 2723 3517 2777 novissima

1864 2811 1998 2867 hora
2025 2813 2122 2877 est,
2156 2817 2208 2865 et
2233 2811 2375 2864 sicut
2431 2808 2669 2864 audistis
2726 2810 2860 2881 quia
2914 2808 3284 2865 Antichristus
3338 2812 3511 2880 ienit,

1862 2916 2010 2954 nunc
2038 2909 2219 2954 autem
2249 2898 2576 2953 Antichristi
2603 2898 2773 2953 multi
2794 2900 2936 2968 facti
2972 2904 3102 2953 sunt
3158 2898 3210 2970 (Ι
3234 2899 3392 2955 Joan.
3424 2899 3513 2973 ιι.)

1864 2989 1991 3044 Haec
2024 2987 2344 3043 novissima
2368 2986 2577 3042 boraa
2632 2985 2822 3059 primo
2881 2988 3134 3043 adventu
3192 2987 3514 3045 Salvatoris

1864 3078 2136 3150 inccnpta,
2169 3093 2357 3148 usque
2388 3077 2460 3132 ad
2493 3078 2814 3132 secundum
2874 3077 3003 3149 ejus
3054 3076 3369 3134 adventum
3427 3082 3516 3136 est

1863 3167 2284 3239 protendenda.
2320 3168 2455 3231 Qua:
2487 3170 2628 3238 quot
2653 3166 3045 3223 Antichristos
3067 3167 3194 3238 jam
3245 3166 3517 3224 habuerit

1864 3260 1967 3311 aut
1995 3254 2294 3321 detexerit,
2326 3254 2515 3310 dicere
2546 3254 2679 3327 quis
2732 3255 2993 3327 poterit?
3048 3259 3127 3311 De
3183 3256 3402 3327 quibus
3458 3260 3516 3312 et

116 3345 255 3416 quia,
285 3345 443 3402 sicut
468 3318 743 3418 egregius
764 3343 982 3400 Paulus
1012 3318 1190 3400 dicit:
1223 3347 1340 3401 Non
1388 3350 1467 3400 est
1522 3348 1580 3401 in
1637 3318 1750 3403 ser;
1781 3318 1825 3391 ο
1863 3344 2077 3401 Doctor
2099 3318 2388 3416 gentium,
2418 3318 2705 3399 mirabilis
2732 3318 2971 3412 Paulus,
2994 3318 3263 3416 Ephesiis
3284 3344 3344 3399 in
3365 3344 3516 3399 Acti-

118 3449 256 3491 mone
280 3448 517 3507 regnum
548 3434 668 3501 Dei,
698 3434 788 3490 sed
813 3435 875 3488 in
900 3435 1103 3489 virtute
1130 3434 1180 3505 (I
1208 3435 1327 3491 Cor.
1362 3434 1463 3505 iv).

182 3524 265 3580 Ill.
292 3525 514 3582 Verum
547 3522 854 3579 erubescat
878 3525 935 3578 et
964 3523 1359 3578 contundatur
1396 3524 1579 3596 impia
1633 3524 1749 3581 hes-

124 3614 270 3683 resis,
298 3613 680 3687 impudenter
705 3610 945 3667 inhians
975 3611 1218 3667 sectioni
1249 3616 1425 3685 atque
1475 3612 1748 3669 divisioni

123 3701 434 3760 insecabilis
463 3707 525 3760 et
555 3699 931 3757 indivisibilis
960 3700 1225 3772 unitatis,
1285 3701 1640 3759 reclamante
1694 3708 1753 3760 et

125 3796 461 3865 repugnante
487 3807 610 3848 non
638 3788 829 3845 solum
856 3788 1043 3861 ipsius
1074 3789 1318 3846 unitatis
1364 3794 1594 3857 natura,
1650 3794 1751 3848 sed

126 3878 274 3937 suam
291 3880 573 3937 humanis
594 3877 894 3951 sapientiae
914 3878 1269 3949 conjectura.
1286 3878 1597 3935 Discedant
1616 3897 1752 3953 ergo

124 3966 313 4037 perﬁdi
335 3968 516 4036 corvi,
539 3965 725 4035 milvi,
751 3965 1036 4034 vultures,
1059 3970 1117 4022 et
1136 3983 1501 4040 quaecunque
1529 3968 1753 4025 laniatu

125 4057 195 4111 vel
222 4063 403 4115 morte
433 4054 631 4115 aliena
657 4060 983 4128 pascuntur
1012 4072 1165 4112 aves.
1198 4056 1332 4113 Sola
1362 4057 1635 4113 columba
1681 4059 1752 4114 ad

128 4160 295 4203 arcam
322 4148 524 4205 redeat
555 4150 614 4202 et
642 4160 820 4218 super
848 4149 1026 4217 caput
1054 4145 1285 4202 Domini
1314 4147 1455 4202 Jesu
1486 4164 1753 4218 manens,

134 4236 295 4291 totum
322 4252 540 4309 corpus
569 4235 721 4307 ejus,
751 4234 909 4306 quod
934 4239 1025 4291 est
1053 4234 1328 4301 Ecclesia,
1353 4235 1540 4301 uniat,
1564 4236 1755 4291 infun-

131 4320 213 4377 dat
236 4330 290 4381 et
323 4325 567 4398 repleat,
598 4324 953 4395 unicumque
998 4323 1332 4380 columbam
1387 4325 1459 4381 de
1515 4324 1755 4380 diversae

130 4413 483 4479 professionis
514 4418 575 4470 et
603 4412 860 4470 nationis
906 4412 1248 4468 hominibus
1306 4416 1480 4485 atque
1537 4412 1756 4486 linguis

133 4502 402 4571 omnibus,
436 4502 612 4576 quasi
641 4502 714 4559 de
738 4500 983 4558 diversis
1028 4502 1312 4558 membris
1367 4502 1602 4571 efﬁciat,
1662 4501 1755 4557 cui

131 4600 248 4646 voce
273 4592 511 4666 Capitis,
542 4592 698 4665 quod
728 4595 820 4647 est
845 4589 972 4663 ipse
1000 4590 1292 4656 Christus,
1326 4592 1518 4647 dicat:
1546 4594 1662 4649 Una
1680 4596 1757 4646 est

1862 3434 1973 3490 bus
2003 3432 2400 3505 apostolorum
2432 3433 2549 3487 ait:
2578 3433 2687 3500 Ego
2734 3434 2846 3486 scio
2903 3434 3162 3502 quoniam
3218 3434 3511 3488 intrabunt

1859 3527 1975 3595 post
2002 3522 2378 3577 discessionem
2405 3537 2585 3575 meam
2615 3520 2733 3591 lupi
2761 3536 2951 3589 graves
2980 3522 3041 3575 in
3067 3537 3180 3587 vos,
3208 3537 3320 3577 non.
3374 3538 3507 3595 par-

1860 3619 2033 3669 centes
2063 3612 2251 3682 gregi:
2282 3613 2333 3665 et
2361 3626 2430 3665 ex
2456 3610 2599 3665 vobis
2629 3611 2766 3678 ipsis
2798 3618 3089 3681 exsurgent
3104 3612 3215 3665 viri
3235 3611 3509 3682 loquentes

1859 3717 2133 3773 perversa,
2195 3701 2277 3755 uti
2332 3699 2603 3755 abducant
2658 3699 2954 3771 discipulos
2988 3708 3111 3772 post
3139 3716 3195 3756 se
3225 3700 3359 3774 (Act.
3389 3701 3509 3774 xx).

1862 3790 1995 3857 Sed,
2030 3807 2062 3845 ο
2093 3788 2336 3844 Domine
2365 3789 2525 3855 Jesu,
2568 3788 2809 3862 pervigil
2868 3789 3091 3857 Pastor,
3149 3794 3209 3846 et
3266 3791 3379 3847 Leo
3439 3791 3514 3847 de

1861 3879 2015 3935 tribu
2046 3879 2077 3933 ,Ι
2088 3878 2219 3946 uda,
2243 3878 2365 3949 qui,
2391 3878 2719 3933 secundum
2741 3876 3139 3944 Psalmistam,
3164 3896 3345 3951 super
3364 3879 3516 3953 aspi-

1863 3969 1995 4024 dem
2028 3972 2086 4023 et
2113 3966 2454 4023 basiliscum
2486 3965 2841 4035 ambulas,et
2869 3966 3176 4024 conculcas
3205 3967 3434 4025 leonem
3461 3971 3519 4024 et

1865 4058 2176 4113 draconem
2210 4057 2380 4129 (Psal.
2416 4057 2527 4128 xc),
2557 4057 2677 4126 jam
2708 4056 2770 4112 in
2802 4057 2916 4112 ﬁne
2970 4057 3325 4114 saeculorum
3381 4074 3517 4115 oves

1865 4162 2090 4219 pascuae
2123 4150 2258 4216 ture,
2280 4145 2458 4201 variis
2479 4146 2712 4203 insidiis
2734 4151 2792 4202 et
2811 4146 2971 4203 rabie
2991 4147 3519 4205 innumerabilium

1864 4236 2139 4308 luporum
2173 4236 2459 4291 hactenus
2491 4236 2695 4304 fessas,
2745 4237 3093 4292 miseranter
3150 4237 3404 4307 attende,
3464 4240 3522 4293 et

1865 4328 2089 4395 increpa
2109 4324 2261 4398 feras
2291 4325 2586 4379 arundinis
2617 4326 2786 4396 (Psal.
2823 4326 3015 4399 van),
3066 4343 3194 4398 quae
3246 4326 3516 4396 saeviunt,

1865 4414 2208 4469 etdentibus
2221 4413 2575 4469 frenduntsu
2585 4430 2687 4485 per
2697 4414 2774 4469 hu
2784 4414 3091 4470 militatem
3105 4414 3371 4472 Ecclesia:
3384 4419 3520 4477 tuae.

1866 4504 1997 4561 fulti
2029 4507 2085 4559 et
2114 4503 2357 4576 protecti
2390 4504 2761 4569 arundineto,
2795 4503 2851 4558 id
2891 4508 3004 4571 est,
3064 4504 3366 4560 mundana
3421 4520 3520 4577 po-

1865 4596 2098 4659 testate,
2130 4593 2383 4648 exterius
2426 4592 2662 4663 quidem
2686 4592 2892 4661 nitida,
2915 4593 3014 4648 sed
3046 4592 3294 4649 interius
3313 4609 3517 4660 vacua,

134 4678 353 4737 columba
382 4694 528 4752 mea,
559 4683 801 4753 perfecta
826 4695 968 4749 mea,
1002 4681 1357 4737 immaculata
1394 4697 1518 4738 mea
1573 4682 1755 4753 (Cant.
1788 4694 1835 4759 1)
1868 4681 1988 4749 ubi,
2024 4683 2178 4738 sicut
2207 4682 2278 4737 ab
2313 4682 2549 4737 beatum
2579 4681 2690 4737 Job
2722 4681 2920 4759 divina
2946 4698 3083 4737 voce
3113 4681 3368 4738 dicitur:
3396 4686 3521 4739 Non

137 4767 198 4835 v).
227 4770 351 4835 Qum
379 4771 541 4827 enim
572 4785 805 4843 semper
842 4786 959 4825 una
1010 4774 1269 4840 vocatur,
1327 4774 1384 4826 et
1440 4774 1549 4839 est,
1608 4788 1760 4827 nun-

138 4868 290 4924 quam
319 4858 603 4916 dividitur
631 4863 734 4915 aut
764 4864 1033 4915 secatur:
1067 4875 1194 4931 quae
1237 4874 1469 4933 semper
1492 4862 1759 4933 perfecta,

139 4940 228 4999 hoc
253 4950 339 5004 est
366 4949 577 5022 plena,
598 4964 901 5020 nunquam
935 4948 1227 5004 minuitur
1254 4953 1357 5005 aut
1403 4954 1756 5018 evacuatur;

143 5046 246 5102 qua:
272 5053 500 5111 semper
519 5037 897 5105 immaculata,
924 5053 1230 5109 nunquam
1252 5039 1649 5111 corrumpitur
1664 5044 1765 5095 aut

143 5124 458 5182 maculalur.
490 5125 802 5193 Quoniam,
834 5125 943 5181 etsi
973 5142 1400 5198 nonnunquam
1436 5128 1507 5182 ab
1541 5145 1608 5183 ea
1638 5127 1765 5200 ple—

144 5208 285 5281 rique
312 5214 390 5269 ite
409 5220 625 5271 exeunt
644 5219 710 5270 ut
728 5231 843 5270 non
865 5219 1251 5283 revertantur,
1276 5231 1392 5271 non
1417 5219 1612 5272 tamen
1637 5218 1767 5288 ejus

147 5299 319 5357 unitas
334 5302 468 5360 inde
488 5302 862 5368 discinditur,
887 5307 988 5359 aut
1004 5304 1281 5375 perfectio
1296 5304 1641 5381 minoratur,
1662 5323 1763 5361 seu

146 5383 418 5460 Virginitas
444 5391 715 5449 violatur.
738 5391 1218 5464 Quandoquidem
1243 5394 1509 5450 membra
1534 5395 1769 5451 corvina

149 5473 213 5528 Ed
232 5475 332 5535 hoc
360 5484 750 5549 revertuntur,
782 5485 851 5536 ut
876 5496 984 5537 suo
1015 5481 1264 5554 corpori,
1300 5499 1333 5538 a
1363 5499 1477 5554 quo
1502 5484 1573 5539 ad
1616 5487 1765 5539 tem-

150 5575 245 5631 pus
266 5567 613 5627 videbantur
640 5585 770 5627 esse
800 5570 1116 5642 disjuncta,
1147 5572 1676 5644 reincorporentur,
1709 5576 1766 5629 et

152 5646 496 5728 integerrima
523 5664 868 5733 permaneat
893 5659 1167 5716 columba
1194 5660 1296 5718 illa
1325 5662 1519 5730 unica,
1558 5662 1654 5719 cui
1702 5678 1765 5719 se

37 5759 47 5813 ε
149 5735 519 5822 insemel-stos
545 5754 611 5806 et
632 5747 826 5804 unitos
857 5747 1003 5806 falso
1034 5749 1455 5823 gloriabantur.
1511 5752 1580 5809 Et
1635 5756 1764 5829 quae

443 5876 717 5962 Parant,
755 5872 1017 5961 βΧΙδΙΙΙ.

1869 4772 2047 4827 solum
2103 4787 2287 4826 omnes
2344 4771 2531 4827 bestiae
2588 4771 2719 4839 agri
2776 4758 2972 4825 ludunt
3020 4770 3135 4843 (Job
3161 4771 3277 4841 XL),
3310 4774 3520 4828 cuncta

1869 4859 2092 4917 scilicet
2108 4860 2278 4915 turba
2295 4859 2687 4933 malignorum
2711 4859 3025 4932 spirituum
3047 4861 3373 4916 secundum
3394 4860 3524 4917 libi-

1869 4955 1998 5006 tum
2030 4966 2208 5005 suum
2257 4949 2668 5018 debacchatur,
2727 4965 2931 5004 verum
2989 4948 3164 5005 etiam
3222 4949 3522 5019 Behemot,

1872 5056 2076 5096 eorum
2106 5039 2310 5110 utique
2341 5038 2632 5111 princeps,
2666 5038 2882 5094 ibidem
2915 5039 3025 5095 sub
3059 5040 3269 5096 umbra
3307 5039 3529 5096 dormit

1872 5130 1934 5185 in
1965 5133 2186 5184 secreto
2216 5127 2427 5184 calami
2459 5133 2514 5184 et
2554 5127 2699 5185 locis
2743 5128 3151 5199 humentibus,
3207 5147 3343 5188 cum
3401 5130 3528 5187 sine

1876 5218 2493 5291 aliquainquietudine
2505 5218 3127 5277 velcontradictionein
3142 5221 3528 5294 superborum

1875 5311 1933 5364 et
1957 5307 2317 5363 lubricorum
2352 5307 2625 5363 cordibus
2654 5310 2971 5381 requiescit
3001 5326 3263 5365 securus.
3314 5305 3527 5360 Catho-

1874 5396 1987 5452 lica
2036 5412 2169 5451 vero
2224 5395 2485 5451 Ecclesia
2550 5397 2970 5468 promissiones
3037 5401 3171 5452 tuas
3246 5392 3525 5459 retinens,

1877 5483 2139 5552 Domine,
2174 5484 2435 5556 quotidie
2473 5487 2687 5558 gaudet
2744 5484 3018 5558 compleri
3077 5484 3136 5538 in
3191 5478 3528 5537 doctoribus

1880 5573 2002 5630 suis
2033 5573 2178 5628 illud
2210 5573 2557 5647 Sapientiae:
2608 5574 2908 5647 Fulgebunt
2949 5572 3113 5643 justi,
3172 5574 3222 5625 et
3268 5576 3532 5635 tanquam

1875 5662 2137 5720 scintillae
2167 5665 2228 5719 in
2272 5663 2602 5720 arundineto
2649 5664 2954 5720 discurrant
2999 5658 3134 5728 (Sep
3187 5661 3298 5727 III),
3354 5656 3532 5722 atque

1875 5754 2047 5811 vento
2095 5752 2346 5827 agitatas
2376 5753 2696 5813 arundines
2753 5747 3118 5810 comburent.
3182 5747 3347 5806 Tunc
3403 5737 3535 5797 ferae

3133 5878 3224 5962 εὖ
