3916 6396
383 425 502 488 "7

1444 424 1510 486 S.
1552 419 1832 487 LEONIS
1875 417 1959 482 IX
2001 415 2232 482 PAPJE
2272 423 2708 489 OPUSCULA.

3715 425 3832 488 ’με

389 555 699 616 arundinis
718 557 937 630 pariter
957 556 1323 626 interient,in
1346 557 1560 630 quibus
1573 559 2024 625 estrangregatio
2051 553 2108 619 Α
2136 560 2360 628 sanguis
2390 576 2498 613 non
2530 561 2790 616 revelavit
2817 558 2944 628 tibi,
2973 558 3067 616 sed
3099 559 3268 616 Pater
3293 575 3461 616 meus
3485 575 3604 632 qui
3641 567 3733 615 est
3784 564 3832 616 in

389 651 677 703 taurorum
701 648 872 720 (Psal.
907 649 1098 720 LXVII),
1125 651 1304 704 ccetus
1334 646 1600 702 videlicet
1623 646 2026 701 hmrcsiarcha-

391 753 524 792 rum
555 737 842 794 cervicoso
873 737 1085 794 ducatu
1117 740 1246 810 post
1275 753 1338 792 se
1382 735 1740 791 trahentium
1796 751 2023 798 vaccas,

391 825 451 881 id
482 829 590 894 est,
622 825 866 884 lascivas
895 826 1121 883 animas
1151 823 1520 898 populorum,
1555 828 1620 878 ut
1657 823 1756 895 qui
1800 823 2025 894 probati

393 918 534 971 sunt
561 920 822 989 argento,
852 915 1252 982 excludantur,
1288 913 1507 968 scilicet
1535 911 1766 985 perfecti
1816 912 1874 966 in
1907 913 2024 968 elo-

394 1003 550 1077 quiis
579 1005 790 1060 divinis
811 1009 868 1060 et
887 1003 1122 1061 stabiles
1151 1004 1208 1058 in
1235 1003 1347 1059 fide
1373 1005 1708 1074 appareant,
1733 1001 2027 1056 emineant

390 1093 977 1149 vel'manifestentur.
1011 1096 1262 1165 Argento
1291 1092 1505 1164 quippe
1543 1089 1775 1162 eloquia
1831 1089 2025 1144 divina

393 1181 817 1254 signiﬁcantur,
850 1185 914 1238 ut
941 1182 1094 1236 idem
1123 1179 1428 1236 Psalmista
1484 1183 1761 1234 testatur:
1798 1180 2025 1248 Eloquia

389 1273 632 1340 Domini,
661 1271 875 1343 eloquia
903 1279 1068 1340 casta,
1128 1278 1412 1340 argentum
1471 1271 1594 1337 igne
1648 1271 2023 1323 examinatum

393 1361 566 1433 (Psat.
603 1361 832 1433 x1).Per
889 1359 1282 1416 exclusionem
1333 1362 1548 1424 autem,
1583 1362 1890 1429 argentum
1940 1354 2026 1410 vel

392 1465 604 1506 aurum
662 1449 920 1520 quodam
977 1447 1218 1504 artificio
1279 1445 1622 1517 subrigitur,
1677 1447 1932 1501 elevatur
1974 1451 2028 1501 et

394 1537 757 1610 exprimitur,
789 1542 854 1592 ut
878 1541 1114 1610 repente
1137 1536 1400 1592 videatur
1431 1551 1781 1606 respersum,
1807 1539 1862 1590 et
1889 1535 2025 1589 insi-

397 1625 631 1698 gnitum
665 1625 885 1681 decenti
919 1625 1265 1698 figuratione
1297 1625 1655 1679 diversorum
1691 1627 1897 1680 florum
1931 1628 2030 1679 aut

397 1713 746 1788 imaginum,
781 1715 932 1787 quod
965 1713 1128 1786 prius
1157 1713 1379 1770 humile
1413 1715 1644 1784 jacebat
1677 1718 1734 1769 et
1764 1713 2026 1786 planum.

399 1803 561 1870 Quod
591 1805 778 1860 totum
805 1803 1038 1859 brevius
1058 1806 1114 1859 et
1133 1802 1344 1858 clarius
1363 1803 1443 1858 sic
1466 1802 1758 1876 eloquitur
1781 1818 2030 1875 magnus

398 1892 656 1948 Paulus:
692 1893 907 1964 Oportet
931 1893 1155 1948 haereses
1178 1909 1304 1959 esse,
1351 1897 1411 1947 ut
1468 1895 1566 1964 qui
1613 1892 1830 1964 probati
1881 1894 2028 1959 sunt,

397 1982 680 2052 manifesti
705 1982 843 2052 ﬁant
873 1983 931 2036 in
961 1982 1109 2037 vobis
1141 1984 1189 2052 (I
1210 1982 1328 2036 Cor.
1365 1983 1465 2052 χι).
1497 1981 1630 2048 Sed,
1687 1998 1718 2034 ο
1779 1980 2036 2052 maligna

397 2070 658 2140 haeresis,
692 2086 806 2126 non
833 2069 966 2126 inde
986 2070 1090 2126 tibi
1108 2069 1448 2135 blandiaris,
1473 2071 1626 2141 quod
1651 2069 1724 2125 ab
1739 2069 2033 2141 Apostolo,

406 2161 620 2232 Oportet
649 2161 880 2217 haereses
910 2176 1044 2229 esse,
1107 2160 1382 2216 audieris.
1443 2159 1667 2214 Etenim
1725 2159 1782 2213 in
1822 2162 2036 2214 sancto

401 2247 709 2322 Evangelio
739 2249 1024 2305 Dominus
1082 2253 1282 2304 noster
1340 2248 1518 2304 dicit:
1577 2250 1792 2303 Necesse
1840 2252 1923 2303 est
1979 2251 2036 2300 ut

399 2339 624 2394 veniant
651 2337 910 2394 scandala
928 2355 949 2400 ;
979 2341 1349 2393 verumtamen
1380 2353 1464 2393 ινιτ
1493 2337 1705 2391 homini
1729 2352 1826 2408 per
1883 2351 2038 2406 quem

401 2426 720 2484 scandalum
774 2427 963 2482 venit!
1021 2426 1226 2498 (Matth.
1286 2428 1470 2494 xvm.)
1527 2425 1744 2496 Nempe
1791 2441 1906 2479 non
1951 2428 2038 2478 est

408 2515 627 2570 frustra
655 2514 716 2570 in
748 2515 978 2570 fornace
1008 2514 1265 2570 aurificis
1296 2514 1480 2586 palea,
1514 2514 1651 2585 quia
1680 2530 1888 2568 aurum
1921 2529 2036 2568 non

403 2607 708 2676 purgatur,
741 2603 790 2660 si
824 2603 990 2676 palea
1019 2620 1133 2659 non
1167 2608 1388 2659 uratur.

474 2691 541 2747 V.
573 2692 702 2748 Haec
731 2696 787 2748 et
815 2691 929 2748 alia
955 2691 1170 2748 similia
1189 2692 1282 2748 his
1313 2709 1444 2748 cum
1478 2709 1623 2764 pene
1653 2709 1855 2748 omnes
1887 2691 2036 2746 sacri

402 2781 617 2854 eloquii
640 2781 866 2854 paginae
897 2785 1099 2837 contra
1119 2782 1513 2853 impudentem
1539 2781 1832 2837 vesaniam
1869 2781 2038 2836 haere-

401 2871 653 2928 ticorum
683 2874 1049 2942 concrepent,
1079 2870 1452 2926 vehementer
1471 2870 1960 2942 obstupescimus,
1985 2873 2040 2923 et

399 2959 678 3032 lacrymis
709 2958 1011 3014 charitatis
1033 2957 1391 3030 plangimus,
1411 2959 1491 3014 sic
1513 2960 1834 3014 edormisse
1855 2957 2042 3013 Eccle-

404 3047 504 3104 sia
535 3047 884 3114 sacerdotes,
917 3051 1206 3118 quatenus
1228 3047 1326 3118 qui
1343 3048 1442 3104 Dei
1460 3049 1775 3103 debuerant
1797 3064 1924 3104 esse
1945 3047 2042 3102 ad-

399 3137 644 3208 jutores,
677 3151 794 3192 non
824 3135 1169 3192 exhorreant
1197 3153 1397 3192 eorum
1429 3136 1550 3192 fieri
1579 3153 1856 3208 sequaces
1897 3155 2038 3210 quo-

405 3241 539 3281 rum
569 3225 912 3282 memoriam
943 3241 1077 3280 cum
1125 3227 1320 3281 sonitu
1379 3225 1642 3298 periisse,
1675 3231 1732 3282 et
1773 3226 2040 3282 civitates

2133 650 2284 704 ea'lis
2315 649 2529 719 (Matth.
2561 651 2698 722 xvr).

2205 737 2298 792 Vl.
2316 737 2438 793 Non
2461 753 2595 810 ergo
2617 739 2974 810 perpenditis
2995 742 3218 812 quanta
3240 737 3649 812 impudentia.
3677 738 3829 795 dies-

2133 828 2228 882 tur
2262 826 2444 890 Pater,
2478 827 2576 898 qui
2604 831 2692 882 est
2721 827 2780 882 in
2808 826 2989 896 caelis,
3023 827 3408 885 abscondisse
3441 845 3484 884 a
3541 827 3824 900 principe

2135 914 2554 986 apostolorum,
2587 915 2773 984 Petro,
2797 915 3046 986 cultum,
3070 917 3190 974 sive
3221 918 3405 973 ritum
3425 917 3719 974 visibilis
3743 935 3826 974 sa-

2137 1003 2364 1071 criﬁcii,
2406 1021 2508 1076 per
2531 1004 3029 1077 dispensationem
3051 1005 3352 1078 Unigeniti
3383 1005 3513 1075 sui,
3553 1006 3668 1062 cui
3725 1023 3824 1078 per

2137 1091 2516 1163 semetipsum
2545 1091 2884 1165 plenissime
2916 1093 3168 1150 revelare
3199 1093 3493 1167 dignatus
3542 1099 3652 1151 est
3678 1093 3820 1150 illud

2135 1180 2423 1236 ineffabile
2455 1198 2730 1236 arcanum
2784 1181 3093 1238 invisibilis
3136 1182 3471 1239 divinitatis
3538 1183 3819 1256 ejusdem

2137 1269 2263 1324 Filii
2299 1270 2410 1337 sui,
2444 1274 2507 1324 Et
2537 1271 2630 1324 cui
2664 1287 2777 1325 non
2811 1288 2911 1342 per
2939 1269 3237 1343 angelum,
3266 1288 3376 1329 nec
3407 1289 3523 1346 per
3551 1272 3818 1346 prOphe-

2136 1363 2276 1424 tam,
2302 1360 2396 1413 sed
2431 1359 2663 1430 proprio
2695 1376 2810 1427 ore,
2844 1359 2969 1430 ipse
3002 1359 3286 1417 Dominus
3327 1361 3710 1434 angelorum
3767 1366 3819 1418 et

2139 1447 2553 1519 prophetarum
2597 1448 2679 1503 sic
2737 1448 3092 1520 repromittit
3132 1449 3193 1505 in
3239 1451 3701 1522 sequentibus:
3760 1453 3819 1506 Et

2137 1553 2230 1605 ego
2259 1536 2376 1590 dico
2404 1537 2524 1603 tibi,
2558 1539 2689 1608 quia
2720 1541 2779 1592 tu
2810 1553 2864 1592 es
2895 1543 3112 1603 Petrus,
3138 1543 3189 1594 et
3217 1555 3384 1611 super
3410 1540 3568 1594 hanc
3598 1549 3818 1612 petram

2141 1626 2423 1695 :edi/icabo
2453 1627 2758 1681 Ecclesium
2790 1644 2964 1682 meam
2995 1627 3201 1699 (Ibid),
3257 1626 3424 1686 illius
3459 1628 3657 1701 capiti
3720 1646 3820 1685 vos

2141 1715 2398 1785 satagitis
2429 1714 2772 1772 subtrahere
2799 1715 3096 1772 Christum
3125 1717 3358 1785 Jesum,
3389 1721 3618 1790 praeter
3639 1735 3818 1791 quem

2141 1819 2310 1858 nemo
2343 1809 2530 1875 potest
2563 1803 2876 1860 universali
2904 1805 3175 1862 Ecclesiae
3201 1804 3364 1862 aliud
3393 1822 3630 1879 ponere
3683 1807 3823 1864 fun-

2065 1929 2111 1993 Β
2141 1891 2481 1993 d‘amentum
2516 1893 2561 1962 (Ι
2574 1894 2703 1993 ρον.
2721 1897 2828 1993 Ill).
2847 1894 3006 1960 Quod
3030 1894 3238 1993 utique
3253 1894 3699 1993 devotissimus
3722 1896 3822 1953 ille

2145 1981 2348 2036 Petrus
2374 1997 2487 2036 non
2502 1981 2692 2036 solum
2715 1983 2930 2050 vivens,
2948 1983 3048 2039 sed
3071 1983 3251 2040 etiam
3275 1983 3544 2041 moriens
3557 1987 3821 2043 demon-

2146 2069 2338 2136 travit,
2363 2070 2594 2140 quando
2628 2069 2810 2125 nimia
2840 2071 3173 2128 humilitate
3205 2077 3264 2129 et
3293 2089 3564 2147 congrua
3585 2075 3822 2149 signiﬁ-

2145 2159 2370 2213 catione
2400 2176 2461 2213 se
2491 2159 2750 2232 crucifigi
2780 2159 3054 2216 deorsum
3083 2178 3252 2218 verso
3312 2163 3502 2236 capite
3555 2163 3822 2236 petivit;

2147 2247 2401 2318 profectu
2428 2247 2621 2302 divina
2651 2247 3032 2320 inspiratione
3061 2251 3441 2323 prmﬁgumns
3477 2268 3619 2308 sese
3677 2269 3828 2309 esse

2146 2335 2401 2406 primum
2433 2340 2490 2390 et
2521 2337 2809 2408 quadrum
2842 2336 3095 2410 lapidem
3117 2338 3180 2394 in
3203 2339 3624 2409 fundamento,
3652 2343 3826 2414 quod

2147 2427 2236 2478 est
2263 2423 2523 2480 Christus
2550 2425 2580 2480 J
2589 2442 2745 2492 esus,
2777 2426 3280 2498 compaginatum,
3313 2428 3725 2488 cohaerentem
3746 2436 3828 2487 at-

2147 2529 2258 2583 que
2287 2529 2648 2582 connexum;
2682 2515 2802 2585 qui,
2837 2519 3036 2587 utpote
3075 2517 3497 2588 superpositus
3537 2519 3824 2592 angulari

2146 2601 2347 2673 lapidi,
2376 2605 2563 2656 totum
2599 2603 2826 2673 pondus
2885 2603 3294 2662 ecclesiastica:
3325 2606 3570 2663 fabrica:
3633 2608 3827 2665 incor-

2148 2689 2409 2762 ruptibili
2441 2690 2730 2746 soliditate
2757 2693 3122 2761 sufferret,ac
3161 2694 3387 2766 proprii
3425 2697 3660 2768 capitis
3681 2715 3822 2771 sup-

2147 2779 2431 2851 positione
2461 2780 2659 2834 omnia
2686 2782 2950 2837 membra
2979 2782 3242 2854 corporis
3263 2783 3494 2840 Christi
3516 2803 3632 2859 per
3651 2793 3824 2859 aptas

2147 2872 2206 2924 et
2233 2869 2524 2923 naturalec
2557 2885 2886 2941 compages,
2908 2887 3097 2944 usque
3117 2871 3190 2927 ad
3223 2877 3824 2932 consummationem

2150 2957 2368 3025 saeculi,
2402 2959 2568 3029 quasi
2606 2975 2788 3030 usque
2819 2959 2889 3014 ad
2921 2960 3098 3032 pedes
3120 2962 3476 3031 crescentia,
3500 2964 3820 3022 inﬂexibili

2149 3045 2297 3102 collo
2330 3047 2398 3101 ad
2433 3045 2606 3102 cmlos
2636 3047 2990 3104 sustolleret.

2221 3136 2342 3190 Vll.
2377 3135 2595 3192 Taliter
2624 3141 2825 3192 sancta
2853 3136 3112 3194 Ecclesia
3139 3155 3321 3212 super
3343 3145 3618 3213 petram,
3647 3143 3712 3200 id
3743 3151 3828 3202 est

2151 3223 2444 3280 Christum
2477 3230 2532 3281 et
2562 3242 2738 3298 super
2759 3225 3014 3293 Petrum,
3030 3227 3118 3284 vel
3144 3228 3407 3301 Cepham
3426 3230 3640 3290 ﬁlium
3657 3234 3829 3292 Joan-

403 3313 726 3370 destructas
747 3315 962 3371 vident.
979 3315 1116 3370 Inde
1135 3320 1224 3370 est
1243 3319 1428 3370 totum
1451 3314 1616 3384 illud,
1635 3315 1786 3387 quod
1805 3317 2036 3370 tandem
2069 3299 2112 3366 C
2152 3314 2266 3381 nis,
2295 3314 2395 3386 qui
2441 3314 2604 3386 prius
2650 3315 2852 3372 Simon
2908 3299 3243 3386 dicebatur,—
3293 3318 3625 3391 aediﬁcata,
3692 3324 3830 3397 quia

405 3420 541 3460 cum
571 3403 855 3460 indicibili
884 3403 1227 3460 contritione
1258 3409 1314 3460 et
1351 3405 1569 3478 gemitu
1601 3404 1792 3460 cordis
1832 3421 1898 3460 ac
1920 3422 2043 3460 cor-

405 3492 566 3566 poris
595 3493 975 3559 effundimus,
998 3492 1058 3548 in
1083 3509 1198 3565 quo
1227 3493 1424 3549 omnia
1470 3491 1694 3549 viscera
1753 3493 2044 3550 catholicas

408 3581 614 3638 matris
634 3582 1070 3650 concutiuntur,
1093 3581 1152 3636 in
1175 3598 1288 3654 quo
1319 3598 1522 3638 omnes
1543 3599 1749 3638 sensus
1770 3583 2047 3639 Christia-

411 3686 622 3725 norum
653 3671 1080 3739 obtunduntur,
1111 3670 1169 3725 in
1192 3687 1306 3742 quo
1329 3669 1638 3742 disciplina
1657 3671 2046 3729 ecclesiastica

408 3762 468 3814 et
497 3763 830 3815 sanctorum
858 3757 1021 3830 vigor
1049 3775 1338 3814 canonum
1369 3759 1744 3815 confunditur
1769 3776 1835 3815 ac
1865 3760 2047 3816 calca-

408 3851 523 3916 tur,
549 3847 687 3920 quia
716 3851 798 3918 tu,
830 3847 1172 3903 charissime
1203 3847 1390 3915 nobis,
1421 3852 1476 3903 et
1504 3847 1694 3904 adhuc
1725 3849 1966 3905 dicende
1985 3851 2044 3906 in

407 3935 636 3993 Christo
655 3937 830 3993 frater
848 3941 905 3993 et
924 3936 1167 3992 antistes
1187 3936 1841 4009 Constantinopolitane,
1864 3942 2045 4010 tuque

405 4029 518 4080 Leo
545 4025 851 4094 Acridane,
885 4023 1141 4080 dicimini
1160 4024 1536 4096 apostolicam
1568 4031 1624 4080 et
1655 4026 1919 4080 Latinam
1947 4027 2045 4081 Ec-

406 4112 646 4168 clesium
663 4129 811 4170 nova
840 4114 1301 4186 presumptione,
1325 4119 1499 4186 atque
1530 4112 1851 4170 incredibili
1871 4116 2044 4170 auda-

405 4201 519 4270 cia,
550 4218 654 4258 nec
685 4201 946 4258 auditam
967 4219 1071 4258 nec
1110 4203 1432 4258 convictam
1464 4201 1655 4274 palam
1709 4203 2040 4272 damnasse,

404 4305 508 4362 pro
529 4306 595 4346 eo
616 4291 868 4348 maxime
887 4291 1042 4364 quod
1064 4291 1134 4346 de
1153 4291 1371 4364 azymis
1392 4293 1602 4346 audeat
1621 4308 2040 4348 commemora-

401 4376 617 4434 tionem
648 4377 959 4436 Dominicae
972 4377 1303 4451 passionnis
1316 4378 1622 4435 celebrare.
1637 4381 1780 4436 Ecce
1809 4379 2044 4437 incauta

401 4467 775 4541 reprehensio
803 4471 1016 4537 vestra,
1048 4483 1176 4523 ecce
1201 4485 1315 4524 non
1349 4468 1500 4524 bona
1529 4467 1799 4540 gloriatio
1825 4474 2037 4537 vestra,

401 4557 636 4628 quando
666 4556 886 4630 ponitis
917 4557 975 4612 in
1008 4556 1216 4614 coelum
1239 4575 1303 4612 os
1334 4561 1616 4626 vestrum,
1649 4575 1783 4614 cum
1840 4557 2042 4630 lingua

2153 3401 2321 3458 interi
2343 3403 2546 3474 portis,
2578 3403 3073 3476 disputationibus
3104 3405 3331 3463 scilicet
3367 3407 3828 3480 haereticorum,

2155 3509 2280 3565 quae
2302 3507 2480 3547 vanos
2513 3491 2581 3547 ad
2602 3491 2902 3548 interitum
2925 3493 3328 3564 introducunt,
3353 3497 3730 3559 nullatenus
3753 3504 3832 3560 ro.

2153 3585 2242 3637 ret
2261 3581 2608 3652 superanda.
2633 3580 2726 3637 Sic
2747 3581 3052 3653 pollicetur
3073 3583 3202 3656 ipsa
3221 3584 3484 3652 Veritas,
3509 3606 3630 3661 per
3649 3607 3831 3664 quam

2155 3674 2294 3726 sunt
2316 3685 2468 3737 vera,
2496 3685 2879 3742 quaecumque
2909 3675 3050 3726 sunt
3071 3689 3240 3728 vera:
3273 3679 3474 3734 Porta?
3495 3679 3692 3750 inferi
3729 3699 3831 3735 non

2148 3760 2523 3830 pomvalebunt
2553 3759 2804 3815 adversus
2833 3777 2954 3815 eam
2985 3761 3191 3832 (Matth.
3231 3764 3374 3835 xvx).
3433 3765 3644 3839 Cujus
3706 3787 3832 3844 pro-

2154 3846 2452 3902 missionis
2483 3848 2750 3903 ell‘ectum
2781 3865 2843 3904 se
2875 3849 3148 3921 precibus
3177 3850 3548 3924 impetrasse
3587 3874 3626 3912 a
3665 3859 3836 3915 Patre

2153 3936 2308 3992 idem
2334 3935 2515 3991 Filius
2546 3941 2920 4008 protestatur,
2943 3939 3189 3996 dicendo
3217 3941 3292 3996 ad
3309 3941 3560 4001 Patrem
3591 3963 3606 4014 ;
3635 3947 3828 4004 Simon

2151 4041 2266 4081 ecce
2295 4025 2528 4080 Satanas
2555 4027 2812 4096 expetivit
2843 4035 3030 4095 vos,ut
3053 4029 3323 4085 cribraret
3355 4033 3509 4088 sicut
3545 4037 3833 4107 triticum,

2151 4116 2258 4186 Ego
2288 4119 2471 4169 autem
2499 4117 2686 4186 rogavi
2709 4131 2810 4186 pro
2832 4117 2902 4184 te,
2934 4119 2994 4172 ut
3022 4133 3134 4174 non
3159 4119 3382 4190 deﬁciat
3402 4120 3552 4190 ﬁdes
3579 4129 3691 4181 tua
3718 4145 3733 4192 ;
3787 4133 3838 4182 et

2152 4213 2210 4260 tu
2238 4203 2533 4275 aliquando
2560 4220 2848 4260 conversus
2883 4207 3149 4276 conﬁrma
3202 4209 3411 4278 fratres
3473 4220 3616 4270 tuo:
3683 4217 3832 4286 (Luc.

2150 4294 2308 4364 χχιι).
2342 4291 2464 4347 Erit
2492 4309 2625 4364 ergo
2639 4293 2952 4364 quisquam
2983 4298 3158 4351 tantae
3189 4297 3510 4354 dementia
3553 4303 3672 4375 qui
3705 4321 3831 4360 ora-

2149 4383 2366 4436 tionem
2398 4379 2577 4449 illius,
2600 4382 2770 4453 cujus
2789 4381 2933 4438 velle
2953 4388 3043 4439 est
3063 4401 3257 4457 posse,
3283 4387 3510 4444 audeat
3535 4390 3604 4446 in
3629 4392 3830 4464 aliquo

2149 4487 2391 4526 vacuam
2423 4469 2670 4541 putare?
2699 4470 2903 4527 Nonne
2930 4489 2965 4528 a
2994 4473 3132 4529 sede
3160 4474 3452 4548 principis
3519 4482 3831 4552 apostolo-

2149 4575 2302 4625 rum,
2335 4558 2598 4614 Romana
2619 4557 2886 4615 videlicet
2913 4560 3190 4628 Ecclesia,
3223 4567 3349 4620 tam
3381 4582 3496 4638 per
3529 4571 3827 4628 eumdem

396 4645 1424 4714 vestratransiensinterra,humanis
1438 4647 2040 4718 argumentationibus
2071 4671 2118 4736 Ι)
2149 4647 2385 4703 Petrum
2411 4665 2586 4719 quam
2619 4664 2720 4720 per
2750 4665 3116 4706 successores
3155 4668 3315 4724 suos,
3378 4659 3731 4728 reprobate
3783 4665 3836 4716 et

398 4739 454 4790 et
468 4736 818 4808 conjecturis
832 4735 1136 4808 antiquam
1160 4735 1330 4792 fidem
1351 4752 1455 4790 con
1467 4736 1656 4791 fodere
1673 4752 1737 4791 ac
1752 4736 2040 4792 subverte-

398 4839 459 4878 re
471 4823 764 4881 moliatur.
783 4824 1076 4892 Ecce,nisi
1103 4823 1447 4896 quantocius
1461 4823 1835 4897 resipiscatis,
1856 4825 2042 4882 incor-

399 4911 586 4980 porati
599 4915 656 4966 et
676 4913 1066 4980 annumerati,
1082 4912 1235 4984 quod
1255 4912 1433 4969 absit!
1458 4912 1620 4968 eritis
1645 4913 1703 4968 in
1727 4913 1829 4970 illa
1849 4916 2034 4970 cauda

399 4997 690 5062 draconis,
714 5015 832 5070 qua
849 4999 1079 5054 tertiam
1099 5004 1320 5070 partem
1354 4999 1656 5056 stellarum
1687 5001 1814 5057 θα)Ιί
1837 5002 2032 5074 traxit,

397 5088 456 5139 et
483 5084 544 5140 in
572 5089 788 5141 terram
817 5086 998 5142 misit.
1027 5090 1166 5142 Ecce
1185 5089 1310 5159 jam
1341 5095 1472 5161 post
1511 5089 1671 5144 mille
1730 5107 1796 5146 ac
1855 5092 2032 5147 ferme

395 5170 669 5246 viginti-a
696 5173 966 5246 passione
997 5175 1307 5232 Salvatoris
1339 5179 1520 5233 nostri
1562 5195 1768 5244 annos,
1829 5179 2032 5250 incipit

391 5279 498 5336 per
524 5279 627 5319 vos
656 5261 878 5320 discere
909 5264 1167 5321 Romana
1195 5265 1451 5322 Ecclesia
1481 5265 1731 5336 qualiter
1753 5267 2030 5324 memoria

391 5353 684 5426 passionis
711 5353 972 5425 ejusdem
1000 5353 1077 5410 sit
1102 5355 1428 5420 recolenda,
1460 5353 1627 5424 quasi
1655 5353 1732 5406 nil
1781 5354 1829 5408 ci
1890 5371 2026 5410 con-

390 5441 589 5498 tulerit
608 5443 936 5515 prmsentia,
952 5442 1310 5499 conversatio
1333 5446 1390 5495 et
1412 5441 1688 5496 diuturna
1711 5441 2021 5510 institutio,

392 5545 520 5595 seu,
549 5547 666 5602 qua
693 5531 1031 5588 clarificavit
1051 5530 1258 5594 Deum,
1281 5545 1440 5584 mors
1474 5531 1728 5600 pretiosa
1746 5529 1904 5586 illius
1922 5547 2022 5587 ve-

2147 4736 2427 4804 convicta,
2462 4741 2638 4808 atque
2669 4743 3000 4811 expugnata
3026 4745 3166 4796 sunt
3195 4741 3475 4800 omnium
3509 4745 3836 4805 heretico-

2146 4841 2278 4880 rum
2308 4830 2656 4894 commenta,
2689 4830 2746 4881 et
2775 4827 3021 4883 fratrum
3053 4829 3307 4886 cordain
3330 4831 3454 4889 fide
3478 4833 3684 4904 Petri,
3709 4855 3831 4910 qua

2143 4911 2424 4970 hactenus
2455 4930 2558 4970 nec
2587 4915 2812 4984 defecit,
2846 4932 2951 4991 nec
2980 4933 3168 4990 usque
3214 4917 3276 4974 in
3309 4919 3499 4978 finem
3561 4925 3828 4996 deﬁciet,

2145 5007 2284 5057 sunt
2309 5004 2652 5058 confirmata
2671 5001 2699 5056 ‘I

2212 5091 2360 5146 VIII.
2391 5091 2618 5147 Praeteri
2630 5109 2760 5148 mus
2784 5093 3131 5150 nominatim
3162 5095 3456 5168 replicare
3480 5105 3829 5178 nonaginta

2140 5185 2198 5235 et
2225 5197 2290 5236 eo
2321 5180 2576 5252 amplius
2606 5180 2856 5237 haereses
2885 5183 2958 5238 ab
2989 5183 3242 5241 Orientis
3273 5187 3593 5262 partibus,
3629 5193 3729 5250 vel
3761 5197 3828 5250 ab

2139 5269 2284 5341 ipsis
2315 5268 2547 5337 Grzscis,
2580 5269 2806 5325 diverso
2835 5275 3096 5344 tempore
3121 5289 3191 5329 ex
3214 5273 3453 5332 diverso
3487 5295 3719 5339 errore
3759 5284 3826 5339 ad

2139 5374 2367 5412 corrum
2374 5358 2624 5430 pendam
2644 5358 3039 5431 virginitatem
3057 5361 3358 5420 catholicas
3381 5365 3691 5428 Ecclesiae
3715 5389 3832 5428 ma-

2137 5446 2244 5502 tris
2265 5451 2643 5516 emergentes.
2657 5447 2979 5504 Dicendum
2994 5451 3244 5520 videtur,
3257 5468 3329 5508 ex
3349 5460 3535 5526 parte
3557 5467 3830 5532 quantas

2134 5533 2774 5607 Constantinopolitana
2793 5537 3051 5595 Ecclesia
3078 5556 3182 5612 per
3200 5540 3494 5612 praesules
3515 5563 3686 5606 suos
3698 5567 3830 5606 sus-

394 5615 672 5713 nerabilis
701 5619 880 5713 senis,
911 5617 1004 5674 cui
1031 5615 1358 5713 specialiter
1386 5617 1648 5713 Christus
1695 5617 1873 5713 Eilius
1925 5620 2026 5713 Dei
2134 5622 2392 5713 citaverit
2420 5627 2634 5713 pestes,
2667 5642 2815 5697 quas
2833 5625 3080 5684 viriliter
3095 5631 3484 5702 expugnavit,
3510 5639 3830 5710 protrivit,

394 5702 507 5758 vivi
535 5702 706 5764 dicit:
736 5709 942 5763 Beatus
971 5719 1048 5772 es,
1078 5703 1270 5762 Simon
1298 5707 1593 5780 Bar-Jona,
1622 5708 1754 5781 quia
1797 5723 1922 5763 caro
1976 5712 2027 5766 et
2132 5715 2190 5772 et
2210 5711 2511 5772 suti‘ocavit
2533 5712 2796 5774 Romana
2814 5719 2872 5774 et
2891 5716 3210 5792 apostolica
3230 5702 3604 5784 sedes.Ec_ce
3641 5702 3832 5790 Ense;
