3916 6346
158 418 274 479 ’149

158 551 287 605 hius
325 546 787 604 Nicomediensis
826 545 1153 619 episcopus,
1187 550 1339 604 sedis
1385 550 1794 605 Constantino-
1825 552 1878 617 Α

158 638 421 712 ροιὶῑωιω
450 637 702 707 invasor,
735 639 793 692 et
815 635 1056 708 signifer
1086 636 1377 692 maledicti
1408 637 1528 692 Arii
1562 638 1797 693 exstitit.

159 731 411 795 Quartus
442 726 824 783 Macedonius
862 724 1264 791 haeresiarcha,
1294 727 1607 782 suifocator
1643 732 1801 782 ante-

155 817 399 872 cessoris
429 815 521 871 sui
546 814 700 870 beati
722 812 909 881 Pauli,
928 812 1363 883 blasphemator
1383 815 1637 886 Spiritus
1668 832 1802 869 san-

155 906 250 971 cti,
281 909 467 960 tortor
496 902 987 968 Christianorum,
1012 907 1068 958 et
1091 918 1278 973 usque
1307 903 1375 957 ad
1401 908 1647 958 mortem
1671 921 1802 975 per-

154 997 418 1061 secutor,
449 996 508 1048 et
540 990 687 1047 alter
713 990 1005 1061 Julianus,
1039 990 1372 1047 charactere
1414 991 1473 1045 in
1514 992 1803 1047 frontibus

156 1082 413 1139 notando
445 1078 927 1135 catholicos.Haac
949 1078 1130 1133 etalia
1144 1079 1319 1149 mala,
1337 1085 1453 1135 tam
1472 1079 1598 1152 ipse
1625 1096 1802 1151 quam

156 1171 246 1226 sui
280 1186 581 1242 sequaces,
618 1184 720 1240 per
738 1185 944 1223 omnes
964 1168 1216 1223 Orientis
1239 1169 1437 1235 urbes,
1468 1174 1524 1223 et
1553 1169 1804 1224 maxime

152 1257 679 1327 Constantinopoli,
734 1258 959 1329 agebat,
998 1274 1133 1311 cum
1170 1256 1456 1329 Hesperiae
1506 1262 1700 1329 partes
1731 1258 1803 1312 ab

151 1346 263 1402 hac
280 1351 625 1418 tempestate
648 1346 910 1401 immotas
924 1350 1247 1410 manerent,
1264 1351 1407 1401 teste
1420 1351 1607 1401 vestro
1622 1346 1802 1401 histo-

151 1436 466 1508 riographo
493 1436 724 1490 Socrate
747 1437 902 1503 (Hist.
930 1436 1118 1489 eccles.
1144 1434 1243 1489 lib.
1269 1452 1331 1503 ιι,
1363 1452 1489 1507 cap.
1520 1437 1597 1506 2).
1623 1436 1799 1499 Quin-

152 1531 251 1580 tus
283 1524 579 1580 Eudoxius
625 1524 877 1579 Arianus
920 1524 1152 1579 invasor
1194 1524 1369 1591 sedis,
1411 1529 1467 1578 et
1505 1523 1804 1579 ordinator

152 1613 425 1669 Eunomii
468 1614 742 1681 haeretici,
770 1614 970 1668 dicens
1013 1616 1237 1684 patrem
1264 1620 1441 1679 ἀσεϐῆ,
1465 1613 1622 1683 quod
1668 1610 1799 1666 nul-

145 1700 270 1757 lum
301 1701 489 1769 colat;
526 1702 738 1757 Filium
770 1710 965 1768 εὐσεϐῆ,
999 1702 1152 1773 quod
1199 1701 1429 1755 Patrem
1452 1701 1619 1755 colat.
1662 1701 1801 1755 Sex-

140 1794 240 1844 tus
278 1789 673 1861 Demophilus,
694 1791 819 1862 ipse
835 1789 1115 1845 Arianus.
1143 1790 1344 1843 Nonus
1368 1789 1801 1861 Maximus,Cy-

145 1878 318 1933 nicus
349 1882 406 1933 et
434 1878 869 1949 Apollinarista.
904 1878 1176 1933 Decimus
1218 1878 1524 1933 Nectarius
1552 1878 1637 1934 vir
1667 1895 1800 1933 san-
1830 1915 1879 1980 Β

144 1971 301 2033 ctus,
336 1966 639 2022 ordinatus
671 1984 703 2021 a
743 1972 947 2021 sancta
976 1966 1545 2038 Constantipolitana
1582 1968 1799 2039 synodo

146 2056 378 2129 prima;
412 2056 482 2110 de
513 2071 650 2126 quo,
676 2072 811 2110 cum
843 2055 1028 2110 sancti
1052 2059 1254 2110 Patres
1281 2060 1527 2111 Damaso
1552 2073 1714 2128 papa
1745 2061 1803 2110 et

143 2145 275 2200 suis
298 2143 658 2215 coepiscopis
682 2144 1080 2215 scripsissent,
1096 2144 1367 2199 dixerunt
1390 2163 1402 2199 :
1430 2168 1457 2193 ‹‹
1477 2144 1800 2200 Constanti-

143 2232 497 2306 nopolitanae
547 2232 712 2288 urbis
744 2232 1052 2299 novellam,
1085 2238 1148 2287 ut
1176 2232 1258 2287 ita
1287 2234 1572 2301 dicamus,
1606 2233 1797 2288 Eccle-

142 2323 298 2379 siam
317 2321 474 2377 velut
486 2337 554 2376 ex
572 2338 667 2377 ore
690 2320 895 2387 leonis,
911 2321 1196 2377 haereticis
1210 2322 1517 2377 sull‘ossam
1533 2321 1799 2394 blasphe-

142 2412 308 2478 miis,
337 2410 732 2466 abstraximus
758 2427 770 2464 :
806 2433 832 2459 ››
868 2414 1012 2465 teste
1034 2411 1393 2466 Theodoreto
1410 2416 1599 2466 vestro
1623 2411 1801 2466 histo-

143 2499 466 2572 riographo
511 2500 732 2567 (Eccles.
784 2500 983 2554 Histor.
1023 2498 1124 2554 lib.
1158 2517 1211 2566 v,
1245 2516 1372 2571 cap.
1410 2502 1507 2571 1x).
1541 2500 1651 2555 Sed
1684 2517 1797 2555 non

142 2590 285 2645 inde
309 2588 550 2643 omnino
570 2589 887 2644 suffocatus
908 2593 996 2643 est
1017 2588 1113 2643 ille
1134 2593 1472 2644 veternosus
1486 2588 1798 2644 basiliscus

137 2683 197 2734 et
227 2694 595 2744 venenosus;
630 2676 771 2748 quia
800 2693 1104 2732 successor
1134 2676 1311 2746 hujus
1341 2680 1595 2733 Joannes
1623 2677 1800 2749 Chry-

136 2771 451 2823 sostomus
473 2767 545 2821 ab
569 2766 799 2837 ingrata
820 2765 1075 2821 Ecclesia
1096 2766 1189 2821 bis
1210 2771 1297 2820 est
1318 2766 1636 2837 depositus,
1659 2771 1716 2821 et
1737 2768 1794 2821 in

136 2854 353 2911 exsilio
376 2855 709 2911 defunctus.
735 2855 914 2925 Cujus
946 2854 1369 2925 depositionem
1401 2870 1515 2908 non
1548 2855 1795 2910 ferentes

138 2944 542 3001 occidentales
573 2943 851 3014 episcopi,
886 2943 941 2997 id
966 2948 1055 2997 est
1079 2938 1289 3008 Latini,
1322 2943 1393 2997 ab
1415 2942 1794 2998 Orientalium

133 3032 560 3090 communione
603 3036 743 3086 sunt
793 3031 1099 3103 segregati.
1133 3030 1320 3101 Hujus
1362 3048 1657 3085 successor
1688 3036 1794 3085 Ar-

133 3122 343 3179 sacius
361 3137 540 3176 manu
562 3120 801 3175 militari
820 3120 877 3174 in
891 3119 1199 3176 Joannitas
1220 3120 1501 3187 desmviit,
1522 3120 1580 3174 in
1596 3136 1798 3191 sequa-

130 3228 229 3267 ces
250 3209 529 3267 videlicet
549 3209 701 3264 beati
727 3208 992 3264 Joannis.
1022 3212 1154 3263 Jam
1177 3208 1421 3279 quintus
1442 3208 1705 3264 decimus
1735 3209 1792 3263 in

133 3300 419 3371 catalogo
450 3297 752 3354 Nestorius
777 3296 1163 3352 haeresiarcha
1199 3297 1436 3363 exstitit,
1458 3297 1557 3367 qui
1589 3298 1798 3368 spiritu
1828 3279 1872 3346 C

128 3389 361 3444 diaboli
382 3386 614 3458 plenus,
638 3386 790 3441 inter
810 3384 956 3441 alias
974 3402 1095 3440 sua:
1120 3385 1519 3456 perversitatis
1535 3385 1799 3458 blasphe-

128 3478 314 3544 mias,
349 3475 471 3532 tale
500 3474 659 3530 virus
688 3473 940 3529 evomuit
964 3491 977 3528 :
1000 3472 1149 3527 «Dei
1180 3472 1519 3543 genitricem
1552 3473 1796 3529 Mariam

125 3565 343 3623 nullus
368 3563 659 3637 appellet;
684 3561 863 3618 Maria
891 3562 1048 3618 enim
1076 3561 1251 3616 homo
1275 3560 1401 3628 fuit,
1434 3566 1490 3616 et
1510 3561 1692 3617 Deum
1724 3563 1797 3617 ab

123 3655 385 3711 homine
417 3652 684 3726 generari
715 3651 891 3707 nimis
912 3648 1274 3722 impossibile
1304 3653 1411 3705 est.
1442 3672 1469 3699 ››
1494 3650 1599 3714 Qui
1621 3651 1795 3706 etiam

127 3745 287 3800 duas
322 3741 689 3817 personasin
709 3741 825 3796 Deo
845 3740 1073 3795 Christo
1096 3738 1378 3794 mentitus
1409 3744 1515 3793 est.
1541 3738 1684 3795 Hinc
1715 3758 1802 3795 se-

123 3834 372 3905 ptimus
407 3830 672 3887 decimus
704 3829 1015 3885 Flavianus
1046 3829 1249 3883 beatus
1282 3827 1491 3898 praesul
1523 3830 1799 3901 martyrio

123 3924 463 3977 coronatus
484 3924 708 3991 postea,
727 3919 867 3989 quia
880 3916 1177 3972 damnavit
1196 3916 1489 3987 Eutychen
1506 3917 1799 3988 abbatem,

124 4027 320 4066 unam
347 4007 758 4064 substantiam
786 4005 874 4061 vel
897 4010 1168 4061 naturam
1190 4004 1249 4059 in
1280 4004 1509 4060 Christo
1540 4023 1797 4061 asseren-

123 4103 277 4154 tem.
328 4098 577 4167 PrOpter
620 4096 775 4167 quod
817 4093 1174 4149 beatissima:
1223 4093 1515 4147 memoria:
1566 4094 1799 4150 domino

121 4205 289 4261 papa
325 4187 526 4242 Leone
546 4192 599 4240 et
618 4184 908 4239 Marciano
926 4182 1433 4239 Christianissimo
1453 4182 1803 4255 imperatore

124 4276 369 4331 factum
406 4276 500 4329 est
529 4272 997 4328 Chalcedonense
1041 4269 1352 4326 concilium
1398 4277 1801 4327 sexcentorum

120 4364 391 4438 triginta
414 4361 785 4435 pontificum.
811 4360 958 4424 Quid
974 4360 1237 4414 dicemus
1255 4359 1326 4413 de
1346 4359 1552 4414 Acacio
1574 4377 1809 4416 accusa-

120 4459 280 4521 tore,
320 4456 386 4508 et
419 4450 756 4506 restitutore
802 4448 952 4504 Petri
983 4448 1360 4503 Alexandrini
1395 4448 1673 4521 episcopi,
1707 4468 1808 4523 per

117 4559 284 4615 quos
306 4539 582 4614 plurima
603 4538 920 4594 homicidia
936 4536 1422 4604 exstiterunt,nisi
1444 4539 1598 4608 quod
1623 4555 1656 4593 a
1672 4556 1806 4595 san-

1127 412 1535 478 EPISTOLE
1576 414 1677 477 ΕΤ
1717 411 2079 479 DECRETA
2123 413 2593 483 PONTIFICIA.

3422 417 3548 485 750

1909 555 2196 622 angustus
2228 556 2422 609 tamen
2456 570 2653 625 cespes
2686 555 2822 625 post
2851 569 2967 609 non
2988 552 3241 609 multum
3270 555 3549 627 temporis

1910 641 2273 711 compressit.
2306 642 2411 696 Hic
2435 641 2627 697 nimiae
2658 642 2933 698 vanitatis
2957 659 3171 699 novum
3203 658 3413 700 nomen
3435 643 3549 716 pri-

1912 744 2045 783 mus
2070 730 2179 783 sibi
2213 731 2541 801 usurpavit,
2585 732 2683 785 ubi
2716 748 2778 786 se
2808 748 2843 786 a
2873 732 3101 788 cunctis
3132 731 3554 788 cecumenicum

1911 816 2323 886 patriarcham,
2368 818 2427 872 id
2476 822 2567 873 est
2612 818 3024 889 universalem,
3055 825 3113 877 et
3142 820 3257 875 dici
3296 823 3353 875 et
3380 818 3557 876 scribi

1911 903 2120 959 debere
2168 906 2436 960 decrevit.
2486 906 2593 961 Pro
2642 923 2756 978 qua
2806 908 3010 979 utique
3054 909 3558 982 presumptionea

1912 993 2096 1048 beatis
2172 995 2550 1065 pontiﬁcibus
2617 996 2846 1068 Pelagio
2922 1003 2979 1052 et
3043 998 3319 1070 Gregorio
3379 997 3559 1071 digna

1911 1080 2217 1152 perculsus
2274 1087 2362 1137 est
2402 1085 3021 1141 excommunicatione.
3072 1087 3255 1158 Cujus
3301 1086 3556 1160 contagii

1912 1170 2145 1225 macula
2200 1170 2391 1226 adhuc
2437 1172 2599 1228 vobis
2647 1190 2779 1228 cum
2827 1174 2955 1245 ipsa
3012 1175 3421 1232 maledictione
3468 1176 3554 1231 sic

1912 1258 2158 1314 adhaesit
2185 1262 2249 1312 ut
2278 1276 2433 1313 nunc
2462 1277 2692 1331 quoque
2720 1278 2821 1316 vos
2846 1263 3005 1333 ipsos
3026 1264 3421 1319 meumenicos
3452 1281 3553 1336 pa-

1912 1346 2195 1401 triarchas
2226 1352 2282 1401 et
2310 1347 2602 1417 appellare
2630 1354 2685 1403 et
2715 1350 2964 1405 scribere
3005 1369 3121 1407 non
3168 1352 3445 1408 timeatis.
3480 1353 3551 1407 Et

1910 1439 2065 1490 certe
2097 1452 2308 1490 nomen
2342 1436 2498 1490 istud
2530 1454 2563 1491 a
2592 1439 2810 1493 sanctis
2842 1439 3109 1495 Patribus
3138 1440 3198 1494 in
3228 1440 3549 1496 Chalcedo-

1909 1524 2075 1578 nensi
2110 1524 2351 1593 synodo,
2385 1524 2459 1578 ob
2491 1526 2871 1581 reverentiam
2915 1527 2973 1581 S.
3008 1528 3282 1583 Romanae
3324 1532 3384 1583 et
3411 1545 3547 1600 apo-

1909 1612 2128 1667 stolicae
2172 1612 2348 1678 sedis,
2402 1605 2779 1669 sanctissimo
2812 1615 3100 1671 decessori
3130 1621 3327 1672 nostro
3375 1616 3551 1673 Leoni

1910 1718 2094 1772 papae,
2128 1705 2184 1755 et
2211 1702 2658 1773 praeclarissimo
2706 1703 2950 1773 doctori,
2996 1706 3553 1778 successoribusque

1910 1791 2037 1860 ejus
2068 1790 2176 1844 fuit
2204 1789 2485 1859 oblatum,
2519 1792 2620 1846 sed
2655 1808 2759 1847 nec
2789 1793 2862 1848 ab
2888 1792 3010 1859 illo,
3044 1811 3148 1849 nec
3177 1795 3250 1849 ab
3272 1793 3391 1851 ullo
3421 1811 3552 1851 suc-

1911 1894 2207 1933 cessorum
2239 1878 2425 1950 ipsius
2455 1885 2686 1935 constat
2715 1879 2997 1938 hactenus
3024 1888 3345 1955 receptum.
3370 1884 3438 1939 Et
3457 1884 3552 1939 cui

1911 1972 2043 2039 post
2087 1967 2383 2023 Christum
2426 1968 2629 2023 Jesum
2678 1969 2787 2025 hoc
2825 1987 3038 2027 nomen
3086 1974 3275 2044 magis
3321 1975 3550 2044 poterat

1911 2056 2095 2128 aptari
2116 2072 2292 2127 quam
2315 2057 2751 2114 successoribus
2770 2059 2960 2114 Petri?
2987 2060 3096 2116 Sed
3119 2060 3406 2117 imitanda
3433 2060 3546 2117 hu-

1910 2143 2128 2199 militas
2168 2146 2611 2201 reverendorum
2647 2147 3008 2219 pontificum,
3050 2150 3355 2206 attendens
3387 2149 3544 2222 quod

1908 2233 2031 2304 ipse
2047 2233 2316 2304 princeps
2327 2234 2722 2305 apostolorum
2738 2254 2852 2292 non
2870 2237 3199 2294 inveniatur
3210 2239 3405 2295 dictus
3420 2238 3551 2294 uni-

1906 2321 2149 2378 versalis
2170 2322 2495 2394 apostolus,
2508 2327 2558 2377 et
2584 2325 2903 2395 superbum
2917 2326 3549 2383 refutavitvocabulum

1908 2410 2163 2481 penitus,
2184 2426 2300 2482 quo
2320 2410 2624 2465 videbatur
2644 2413 3018 2485 pardignitas
3034 2414 3303 2470 subtrahi
3324 2415 3552 2473 cunctis

1908 2516 2011 2571 per
2026 2499 2225 2553 orbem
2249 2497 2621 2569 praesulibus,
2644 2500 2783 2556 dum
2807 2503 2908 2557 uni
2929 2518 2998 2558 ex
3019 2507 3138 2558 toto
3159 2506 3548 2576 arrogaretur,

1908 2593 2189 2659 tanquam
2224 2586 2440 2659 singuli
2472 2587 2732 2644 dicerent
2759 2590 2950 2646 verbis
2972 2595 3029 2646 et
3047 2591 3237 2660 factis,
3255 2592 3410 2664 quod
3428 2607 3552 2648 ma-

1907 2677 2090 2748 gister
2115 2692 2316 2730 eorum
2344 2679 2400 2730 et
2428 2674 2656 2746 primus
2675 2677 3105 2750 cruciﬁgendus
3122 2679 3315 2750 inquit
3337 2696 3350 2733 :
3370 2701 3400 2730 «
3422 2680 3549 2735 Non

1907 2781 2038 2820 sum
2091 2764 2305 2836 dignus
2345 2769 2521 2836 caput
2566 2781 2803 2821 sursum
2849 2783 3081 2838 ponere,
3122 2768 3225 2823 sed
3256 2766 3549 2824 declinare

1906 2852 2128 2907 vultum
2161 2853 2219 2908 in
2261 2857 2496 2908 terram.
2531 2875 2558 2900 ››
2594 2853 2798 2909 Vestra
2825 2870 2961 2927 ergo
2992 2855 3322 2911 fraternitas
3350 2855 3547 2911 videat

1906 2947 2125 3012 quanta
2154 2942 2307 3012 apud
2336 2958 2398 2995 se
2427 2941 2712 3012 protervia
2736 2946 2975 3013 tumeat,
2997 2960 3125 3014 qua
3148 2960 3252 2999 nec
3280 2943 3545 3000 oblatum

1906 3030 2018 3085 sibi
2048 3047 2081 3083 a
2101 3046 2418 3100 quoquam,
2443 3045 2548 3084 nec
2570 3046 2936 3097 concessum,
2959 3033 3060 3087 sed
3081 3033 3276 3104 potius
3298 3033 3547 3105 denega-

1906 3123 2053 3187 tum,
2069 3122 2127 3173 et
2144 3118 2253 3172 sub
2278 3117 2667 3173 anathematis
2688 3118 3130 3191 interpositione
3145 3122 3216 3176 ab
3233 3120 3550 3192 apostolica

1907 3212 1966 3263 et
1995 3208 2187 3279 prima
2215 3207 2372 3273 sede,
2404 3211 2462 3261 et
2490 3223 2524 3261 a
2552 3207 2773 3263 sanctis
2801 3214 2973 3280 atque
3003 3209 3338 3265 orthodoxis
3367 3209 3550 3265 Patri-

1911 3297 2021 3352 bus
2051 3294 2424 3350 interdictum
2462 3296 2934 3367 superstitiosum
2966 3296 3337 3365 vocabulum,
3371 3301 3546 3352 tanta!

1906 3382 2316 3441 obstinationis
2347 3385 2736 3450 contumacia,
2783 3401 2888 3455 per
2926 3385 3386 3456 quadringentos
3419 3386 3545 3455 jam

1905 3490 1940 3528 a
1968 3471 2308 3527 beatissimo
2330 3488 2481 3542 papa
2500 3471 2772 3543 Gregorio
2790 3477 2845 3526 et
2864 3471 3117 3543 amplius
3142 3489 3348 3540 annos,
3371 3489 3547 3527 usur-

1905 3577 2041 3633 pare
2071 3577 2186 3615 non
2205 3563 2395 3614 cessat
2418 3577 2432 3614 :
2452 3563 2509 3614 et
2524 3558 2794 3630 qualiter,
2815 3559 3076 3632 exemplo
3105 3561 3337 3617 Domini
3360 3561 3547 3618 nostri

1902 3649 2043 3705 Jesu
2089 3647 2302 3703 Christi
2342 3652 2399 3701 et
2447 3664 2712 3713 suorum,
2745 3648 2931 3720 parati
2960 3650 3101 3705 estis
3132 3666 3236 3721 pro
3269 3649 3547 3705 fratribus

1907 3738 2136 3793 animas
2176 3752 2408 3808 ponere,
2440 3736 2540 3807 qui
2573 3753 2674 3808 per
2702 3741 2788 3792 tot
2816 3742 3083 3810 tempora
3119 3738 3392 3795 noluistis
3434 3738 3550 3795 sal-

1908 3832 2025 3881 tem
2056 3825 2231 3881 inane
2262 3841 2497 3892 nomen,
2536 3831 2592 3880 et
2620 3825 2800 3881 totius
2830 3826 3095 3882 Ecclesia:
3126 3828 3408 3883 unitatem
3440 3844 3550 3883 sua

1907 3912 2228 3969 insolentia
2270 3912 2677 3968 scandalizans
2725 3915 3050 3985 deponere?
3089 3919 3146 3970 et
3186 3915 3328 3986 quid
3359 3914 3552 3970 ell‘ecit

1907 4004 1968 4059 in
1996 4003 2202 4059 vestris
2230 4003 2525 4057 mentibus
2546 4003 2717 4057 toties
2748 4003 3073 4059 declamata
3092 4004 3153 4059 in
3173 4004 3418 4059 auribus
3447 4002 3551 4060 llla

1909 4093 2147 4166 gloriosi
2177 4091 2436 4163 Apostoli
2482 4093 2789 4163 professio,
2822 4094 2921 4164 qui
2945 4094 3089 4150 dicit
3118 4112 3133 4150 :
3164 4096 3302 4165 Quis
3327 4094 3555 4150 scenda»

1911 4185 2135 4247 limtur,
2166 4190 2217 4236 et
2251 4197 2347 4249 ego
2376 4197 2485 4235 non
2514 4182 2693 4236 uror?
2740 4184 2789 4253 (Ι
2818 4182 2938 4238 Cor.
2980 4184 3043 4255 ιι)
3074 4184 3175 4256 qui
3206 4200 3324 4240 non
3362 4184 3554 4240 solum

1912 4289 2017 4344 pro
2048 4270 2322 4327 scandalo
2341 4268 2591 4325 aliorum
2626 4289 2740 4327 non
2772 4272 3035 4341 urimini,
3064 4274 3166 4329 sed
3189 4273 3365 4330 etiam
3387 4288 3556 4331 scan-

1912 4360 2045 4416 dalo
2075 4364 2264 4415 vestro
2290 4359 2548 4430 quotidie
2582 4360 2752 4416 uritis
2784 4362 3106 4418 Ecclesiam
3137 4362 3276 4418 Dei?

1988 4454 2055 4504 X.
2089 4449 2199 4504 Sed
2230 4452 2292 4503 ut
2326 4448 2397 4502 ad
2430 4448 2685 4519 reliquos
2714 4450 3049 4506 decessores
3067 4455 3290 4507 vestros
3307 4453 3562 4507 reverta-

1919 4555 2076 4605 mur,
2112 4537 2252 4609 quid
2302 4537 2370 4591 de
2416 4536 2632 4608 Pyrrho
2664 4538 2954 4610 episcopo,
2998 4539 3114 4594 imo
3162 4539 3558 4595 haeresiarchas

118 4632 417 4688 ctissimo
467 4625 696 4683 Gelasio
745 4643 896 4699 papa
936 4625 996 4679 in
1048 4628 1394 4697 perpetuum
1435 4625 1591 4681 fuere
1631 4627 1803 4683 ambo
1843 4647 1890 4711 ι)
1920 4627 2158 4683 Macarii
2205 4625 2546 4682 Antiocheni
2593 4643 2840 4698 sequace
2870 4628 3143 4684 dicetur?
3192 4628 3291 4701 qui
3318 4628 3560 4685 veniens

116 4717 413 4777 damnati
437 4732 575 4771 cum
595 4716 820 4771 Joanne
844 4729 1181 4771 successore
1199 4717 1255 4768 et
1272 4714 1574 4770 defensore
1588 4716 1777 4772 Acacii
1790 4718 1817 4772 ?

115 4810 212 4881 (In
244 4813 409 4866 tomo
446 4805 513 4861 de
534 4805 896 4860 anathematis
926 4803 1147 4859 vinculo
1172 4819 1261 4875 ep.
1285 4802 1343 4871 9,
1376 4803 1487 4875 11.)
1511 4804 1646 4859 Post
1669 4821 1815 4876 quos

112 4898 481 4955 Anthimus
532 4893 953 4964 Eutychiamus
1000 4891 1310 4947 haereticus
1340 4908 1443 4963 per
1469 4897 1815 4965 presentem

114 5003 357 5061 papam
415 4985 750 5055 Agapetum
796 4983 854 5037 in
888 4982 1019 5054 ipsa
1049 4980 1551 5052 Constantinopoli
1598 4987 1687 5038 est
1715 4984 1814 5039 de-

113 5076 373 5150 positus
405 5073 621 5144 (AGAP.
655 5074 813 5143 epist.
856 5071 909 5139 4,
940 5070 1017 5141 5.)
1052 5068 1375 5141 Eutychius
1425 5074 1645 5139 autem,
1678 5071 1817 5143 quia

112 5160 596 5238 dogmatizabat
644 5160 972 5216 humanum
1025 5173 1235 5229 corpus
1287 5156 1347 5211 in
1392 5160 1817 5216 resurrectione

112 5247 548 5327 impalbabile
597 5250 865 5305 futurum
898 5252 955 5303 et
983 5251 1153 5303 vento
1183 5262 1427 5315 aereque
1472 5247 1753 5304 subtilius
1782 5266 1815 5305 a

112 5343 303 5398 beato
339 5338 642 5409 Gregorio
669 5343 808 5393 tunc
831 5337 1073 5393 diacono
1097 5334 1179 5390 ita
1194 5337 1281 5389 est
1311 5334 1629 5403 convictus,
1662 5341 1727 5392 ut
1754 5337 1815 5393 in

110 5428 477 5505 praesentia
509 5426 617 5498 piae
644 5425 936 5483 memoriae
956 5421 1169 5479 Tiberii
1192 5422 1559 5494 imperatoris
1590 5425 1817 5482 codices

111 5518 453 5594 dogmatis
488 5516 620 5586 ejus
642 5514 824 5587 justis
856 5513 1112 5570 ﬂammis
1150 5512 1537 5567 traderentur.

192 5609 295 5667 IX.
334 5604 661 5665 Successit
689 5620 922 5677 quoque
944 5602 1083 5658 huic
1101 5602 1379 5667 Joannes,
1412 5602 1581 5672 cujus
1611 5618 1815 5675 super-

106 5693 629 5775 biam,quamvis
646 5693 956 5752 universus
973 5690 1231 5751 mundus
1243 5706 1304 5747 ca
1311 5705 1449 5764 pere
1468 5690 1814 5769 nequiverit,

1928 4717 2174 4772 Romam
2226 4716 2438 4786 scripto
2484 4714 2993 4773 anathematizavit
3036 4716 3234 4773 omnia
3275 4734 3402 4789 quae
3432 4717 3561 4789 ipse

1922 4811 1979 4862 et
2008 4806 2343 4860 decessores
2375 4805 2467 4859 sui
2499 4810 2699 4860 contra
2729 4806 2901 4862 fidem
2932 4806 3277 4862 catholicam
3304 4810 3361 4863 et
3389 4823 3562 4878 apos-

1922 4893 2105 4950 tolicre
2155 4892 2312 4949 sedis
2359 4894 2699 4949 senserant?
2747 4895 2859 4949 Sed
2900 4895 3249 4965 quantocius
3281 4896 3355 4951 ad
3381 4895 3567 4951 vomi-

1921 4988 2051 5038 tum
2084 4998 2370 5047 reversus,
2419 4999 2453 5037 a
2481 4999 2634 5053 papa
2664 4982 2968 5039 Theodoro
3000 4989 3090 5040 est
3137 4984 3480 5051 damnatus,
3514 4988 3573 5040 et

1923 5088 2228 5128 successor
2269 5071 2396 5140 ejus
2450 5071 2687 5142 Paulus,
2740 5074 2893 5143 quod
2943 5074 3015 5129 ab
3046 5075 3252 5130 eodem
3311 5074 3571 5130 Romano
3680 5136 3689 5145 ,

1924 5160 2197 5233 pontiﬁce
2267 5158 2528 5214 monitus
2598 5166 2656 5215 et
2712 5162 3048 5234 increpatus
3113 5180 3230 5219 non
3303 5162 3566 5235 resipuit,

1924 5249 2180 5322 quando,
2211 5246 2369 5302 velut
2391 5247 2776 5306 simulacrum
2808 5256 2912 5306 aut
2940 5252 3297 5324 phantasma
3331 5248 3567 5321 aliquod

1923 5336 2264 5394 insensibile
2302 5338 2612 5393 Dominum
2636 5345 2904 5395 nostrum
2923 5341 3129 5396 Jesum
3160 5339 3448 5395 Christum
3470 5354 3564 5392 ar-

1923 5428 2194 5493 bitratus,
2227 5442 2331 5480 nec
2363 5442 2560 5493 unam,
2594 5445 2700 5483 nec
2722 5430 2871 5485 duas
2899 5430 3223 5485 voluntates
3247 5426 3337 5481 vel
3360 5441 3563 5497 opera-

1923 5514 2182 5571 tionesin
2198 5515 2400 5569 eodem
2416 5514 2598 5571 fuisse
2629 5517 2987 5585 difﬁnivit,et
3012 5516 3191 5572 altare
3221 5514 3565 5571 Latinorum

1923 5608 1979 5658 et
2008 5603 2329 5674 legatorum
2361 5603 2632 5659 Romanae
2669 5606 2957 5673 Ecclesiae,
2998 5603 3153 5674 quod
3184 5618 3357 5657 nemo
3389 5601 3568 5659 haere-

1923 5693 2171 5754 ticorum
2190 5694 2323 5751 ante
2334 5707 2468 5752 eum
2477 5696 2947 5770 praesumpserat,
2965 5689 3267 5750 subvertit.
3287 5691 3376 5749 Ad
3392 5691 3563 5766 cujus
