  <div class='ocr_page' id='page_1' title='image "/cluster/home/n/w/nwhite01/storage/ocr_20150623/142-143/uc1.31175018423130/1115.png"; bbox 0 0 3916 6380; ppageno 0'>
   <div class='ocr_carea' id='block_1_1' title="bbox 351 403 464 497">
    <p class='ocr_par' dir='ltr' id='par_1_1' title="bbox 351 403 464 497">
     <span class='ocr_line' id='line_1_1' title="bbox 351 403 464 497; baseline 0 -31"><span class='ocrx_word' id='word_1_1' title='bbox 351 403 464 497; x_wconf 52' lang='grc' dir='ltr'>φξβ</span> 
     </span>
    </p>
   </div>
   <div class='ocr_carea' id='block_1_2' title="bbox 353 534 2060 612">
    <p class='ocr_par' dir='ltr' id='par_1_2' title="bbox 353 534 2060 612">
     <span class='ocr_line' id='line_1_2' title="bbox 353 534 2060 612; baseline 0.005 -22"><span class='ocrx_word' id='word_1_2' title='bbox 353 534 596 606; x_wconf 81' lang='lat' dir='ltr'>rabiem,</span> <span class='ocrx_word' id='word_1_3' title='bbox 633 554 750 610; x_wconf 85' lang='lat' dir='ltr'>qua</span> <span class='ocrx_word' id='word_1_4' title='bbox 776 539 1046 599; x_wconf 68' lang='lat' dir='ltr'>saeviebat</span> <span class='ocrx_word' id='word_1_5' title='bbox 1087 541 1144 596; x_wconf 89' lang='lat' dir='ltr'>in</span> <span class='ocrx_word' id='word_1_6' title='bbox 1177 541 1510 610; x_wconf 88' lang='lat' dir='ltr'>catholicos,</span> <span class='ocrx_word' id='word_1_7' title='bbox 1541 543 1974 608; x_wconf 77' lang='lat' dir='ltr'>destruendam,</span> <span class='ocrx_word' id='word_1_8' title='bbox 2004 541 2060 612; x_wconf 68' lang='grc' dir='ltr'><strong>Α</strong></span> 
     </span>
    </p>
   </div>
   <div class='ocr_carea' id='block_1_3' title="bbox 353 623 1984 708">
    <p class='ocr_par' dir='ltr' id='par_1_3' title="bbox 353 623 1984 708">
     <span class='ocr_line' id='line_1_3' title="bbox 353 623 1984 708; baseline 0.004 -29"><span class='ocrx_word' id='word_1_9' title='bbox 353 623 760 708; x_wconf 81' lang='lat' dir='ltr'>sanctissimus</span> <span class='ocrx_word' id='word_1_10' title='bbox 789 643 943 708; x_wconf 72' lang='lat' dir='ltr'>papa</span> <span class='ocrx_word' id='word_1_11' title='bbox 988 630 1292 698; x_wconf 85' lang='lat' dir='ltr'>Martinus,</span> <span class='ocrx_word' id='word_1_12' title='bbox 1323 630 1578 687; x_wconf 85' lang='lat' dir='ltr'>collectis</span> <span class='ocrx_word' id='word_1_13' title='bbox 1637 635 1871 686; x_wconf 85' lang='lat' dir='ltr'>centum</span> <span class='ocrx_word' id='word_1_14' title='bbox 1926 633 1984 686; x_wconf 89' lang='lat' dir='ltr'>et</span> 
     </span>
    </p>
   </div>
   <div class='ocr_carea' id='block_1_4' title="bbox 351 696 1978 796">
    <p class='ocr_par' dir='ltr' id='par_1_4' title="bbox 351 696 1978 796">
     <span class='ocr_line' id='line_1_4' title="bbox 351 696 1978 796; baseline 0.002 -25"><span class='ocrx_word' id='word_1_15' title='bbox 351 696 610 796; x_wconf 66' lang='lat' dir='ltr'>quinque</span> <span class='ocrx_word' id='word_1_16' title='bbox 630 696 939 790; x_wconf 45' lang='lat' dir='ltr'>cpiscbpis&#39;,</span> <span class='ocrx_word' id='word_1_17' title='bbox 963 719 1258 776; x_wconf 82' lang='lat' dir='ltr'>damnavit</span> <span class='ocrx_word' id='word_1_18' title='bbox 1277 696 1483 790; x_wconf 86' lang='lat' dir='ltr'>Cyrum</span> <span class='ocrx_word' id='word_1_19' title='bbox 1508 719 1978 787; x_wconf 81' lang='lat' dir='ltr'>Alexandrinum,</span> 
     </span>
    </p>
   </div>
   <div class='ocr_carea' id='block_1_5' title="bbox 343 795 1980 878">
    <p class='ocr_par' dir='ltr' id='par_1_5' title="bbox 343 795 1980 878">
     <span class='ocr_line' id='line_1_5' title="bbox 343 795 1980 878; baseline 0.001 -18"><span class='ocrx_word' id='word_1_20' title='bbox 343 795 1023 878; x_wconf 73' lang='lat' dir='ltr'>~Sergium,Pyrrhum,et</span> <span class='ocrx_word' id='word_1_21' title='bbox 1035 807 1297 874; x_wconf 88' lang='lat' dir='ltr'>Paulum,</span> <span class='ocrx_word' id='word_1_22' title='bbox 1316 807 1980 878; x_wconf 81' lang='lat' dir='ltr'>ConstantinOpolitanos</span> 
     </span>
    </p>
   </div>
   <div class='ocr_carea' id='block_1_6' title="bbox 345 881 1979 968">
    <p class='ocr_par' dir='ltr' id='par_1_6' title="bbox 345 881 1979 968">
     <span class='ocr_line' id='line_1_6' title="bbox 345 881 1979 968; baseline 0.004 -23"><span class='ocrx_word' id='word_1_23' title='bbox 345 881 670 966; x_wconf 68' lang='lat' dir='ltr'>episcopos.</span> <span class='ocrx_word' id='word_1_24' title='bbox 703 895 764 950; x_wconf 90' lang='lat' dir='ltr'>In</span> <span class='ocrx_word' id='word_1_25' title='bbox 787 911 903 966; x_wconf 89' lang='lat' dir='ltr'>qua</span> <span class='ocrx_word' id='word_1_26' title='bbox 923 896 1121 968; x_wconf 86' lang='lat' dir='ltr'>utique</span> <span class='ocrx_word' id='word_1_27' title='bbox 1141 897 1372 953; x_wconf 83' lang='lat' dir='ltr'>vesania</span> <span class='ocrx_word' id='word_1_28' title='bbox 1395 915 1500 953; x_wconf 87' lang='lat' dir='ltr'>nec</span> <span class='ocrx_word' id='word_1_29' title='bbox 1527 915 1628 954; x_wconf 92' lang='lat' dir='ltr'>vos</span> <span class='ocrx_word' id='word_1_30' title='bbox 1648 897 1776 954; x_wconf 87' lang='lat' dir='ltr'>istis</span> <span class='ocrx_word' id='word_1_31' title='bbox 1808 899 1979 952; x_wconf 92' lang='lat' dir='ltr'>modo</span> 
     </span>
    </p>
   </div>
   <div class='ocr_carea' id='block_1_7' title="bbox 345 968 1982 1066">
    <p class='ocr_par' dir='ltr' id='par_1_7' title="bbox 345 968 1982 1066">
     <span class='ocr_line' id='line_1_7' title="bbox 345 968 1982 1066; baseline 0.001 -28"><span class='ocrx_word' id='word_1_32' title='bbox 345 968 712 1066; x_wconf 71' lang='lat' dir='ltr'>Itemporibus</span> <span class='ocrx_word' id='word_1_33' title='bbox 731 983 1032 1041; x_wconf 85' lang='lat' dir='ltr'>inferiores</span> <span class='ocrx_word' id='word_1_34' title='bbox 1054 984 1152 1041; x_wconf 89' lang='lat' dir='ltr'>illo</span> <span class='ocrx_word' id='word_1_35' title='bbox 1172 990 1361 1042; x_wconf 87' lang='lat' dir='ltr'>vestro</span> <span class='ocrx_word' id='word_1_36' title='bbox 1383 986 1580 1052; x_wconf 93' lang='lat' dir='ltr'>Paulo,</span> <span class='ocrx_word' id='word_1_37' title='bbox 1604 1001 1897 1041; x_wconf 87' lang='lat' dir='ltr'>summam</span> <span class='ocrx_word' id='word_1_38' title='bbox 1925 989 1982 1040; x_wconf 91' lang='lat' dir='ltr'>et</span> 
     </span>
    </p>
   </div>
   <div class='ocr_carea' id='block_1_8' title="bbox 353 1069 1982 1146">
    <p class='ocr_par' dir='ltr' id='par_1_8' title="bbox 353 1069 1982 1146">
     <span class='ocr_line' id='line_1_8' title="bbox 353 1069 1982 1146; baseline 0.001 -20"><span class='ocrx_word' id='word_1_39' title='bbox 353 1069 728 1144; x_wconf 76' lang='lat' dir='ltr'>apostolicam</span> <span class='ocrx_word' id='word_1_40' title='bbox 759 1073 978 1143; x_wconf 86' lang='lat' dir='ltr'>sedem,</span> <span class='ocrx_word' id='word_1_41' title='bbox 999 1079 1356 1146; x_wconf 90' lang='lat' dir='ltr'>cunctosque</span> <span class='ocrx_word' id='word_1_42' title='bbox 1379 1075 1759 1131; x_wconf 80' lang='lat' dir='ltr'>institutionis</span> <span class='ocrx_word' id='word_1_43' title='bbox 1779 1075 1906 1144; x_wconf 87' lang='lat' dir='ltr'>ejus</span> <span class='ocrx_word' id='word_1_44' title='bbox 1922 1073 1982 1128; x_wconf 86' lang='lat' dir='ltr'>ﬁ-</span> 
     </span>
    </p>
   </div>
   <div class='ocr_carea' id='block_1_9' title="bbox 353 1146 1982 1235">
    <p class='ocr_par' dir='ltr' id='par_1_9' title="bbox 353 1146 1982 1235">
     <span class='ocr_line' id='line_1_9' title="bbox 353 1146 1982 1235; baseline 0.003 -24"><span class='ocrx_word' id='word_1_45' title='bbox 353 1146 630 1235; x_wconf 75' lang='lat' dir='ltr'>dissimos</span> <span class='ocrx_word' id='word_1_46' title='bbox 677 1159 1075 1218; x_wconf 80' lang='lat' dir='ltr'>observatores</span> <span class='ocrx_word' id='word_1_47' title='bbox 1127 1163 1494 1220; x_wconf 85' lang='lat' dir='ltr'>anathemate</span> <span class='ocrx_word' id='word_1_48' title='bbox 1543 1163 1865 1230; x_wconf 88' lang='lat' dir='ltr'>damnatis;</span> <span class='ocrx_word' id='word_1_49' title='bbox 1899 1161 1982 1216; x_wconf 91' lang='lat' dir='ltr'>in-</span> 
     </span>
    </p>
   </div>
   <div class='ocr_carea' id='block_1_10' title="bbox 353 1235 1979 1326">
    <p class='ocr_par' dir='ltr' id='par_1_10' title="bbox 353 1235 1979 1326">
     <span class='ocr_line' id='line_1_10' title="bbox 353 1235 1979 1326; baseline 0.002 -26"><span class='ocrx_word' id='word_1_50' title='bbox 353 1235 544 1326; x_wconf 74' lang='lat' dir='ltr'>cauta,</span> <span class='ocrx_word' id='word_1_51' title='bbox 574 1246 900 1322; x_wconf 89' lang='lat' dir='ltr'>impudenti</span> <span class='ocrx_word' id='word_1_52' title='bbox 950 1253 1281 1324; x_wconf 82' lang='lat' dir='ltr'>arrogantia</span> <span class='ocrx_word' id='word_1_53' title='bbox 1325 1253 1466 1306; x_wconf 86' lang='lat' dir='ltr'>adeo</span> <span class='ocrx_word' id='word_1_54' title='bbox 1506 1253 1719 1318; x_wconf 68' lang='lat' dir='ltr'>carenti,</span> <span class='ocrx_word' id='word_1_55' title='bbox 1753 1255 1817 1305; x_wconf 90' lang='lat' dir='ltr'>ut</span> <span class='ocrx_word' id='word_1_56' title='bbox 1867 1267 1979 1305; x_wconf 89' lang='lat' dir='ltr'>non</span> 
     </span>
    </p>
   </div>
   <div class='ocr_carea' id='block_1_11' title="bbox 349 1333 1982 1412">
    <p class='ocr_par' dir='ltr' id='par_1_11' title="bbox 349 1333 1982 1412">
     <span class='ocr_line' id='line_1_11' title="bbox 349 1333 1982 1412; baseline 0.002 -23"><span class='ocrx_word' id='word_1_57' title='bbox 349 1333 824 1412; x_wconf 78' lang='lat' dir='ltr'>animadvertetis</span> <span class='ocrx_word' id='word_1_58' title='bbox 884 1339 1044 1410; x_wconf 88' lang='lat' dir='ltr'>quid,</span> <span class='ocrx_word' id='word_1_59' title='bbox 1091 1343 1148 1395; x_wconf 92' lang='lat' dir='ltr'>et</span> <span class='ocrx_word' id='word_1_60' title='bbox 1194 1339 1293 1412; x_wconf 88' lang='lat' dir='ltr'>qui</span> <span class='ocrx_word' id='word_1_61' title='bbox 1331 1339 1578 1408; x_wconf 79' lang='lat' dir='ltr'>faciatis,</span> <span class='ocrx_word' id='word_1_62' title='bbox 1634 1344 1690 1394; x_wconf 91' lang='lat' dir='ltr'>et</span> <span class='ocrx_word' id='word_1_63' title='bbox 1737 1340 1848 1394; x_wconf 91' lang='lat' dir='ltr'>cui.</span> <span class='ocrx_word' id='word_1_64' title='bbox 1897 1338 1982 1395; x_wconf 93' lang='lat' dir='ltr'>llli</span> 
     </span>
    </p>
   </div>
   <div class='ocr_carea' id='block_1_12' title="bbox 351 1407 1982 1500">
    <p class='ocr_par' dir='ltr' id='par_1_12' title="bbox 351 1407 1982 1500">
     <span class='ocr_line' id='line_1_12' title="bbox 351 1407 1982 1500; baseline 0.002 -20"><span class='ocrx_word' id='word_1_65' title='bbox 351 1407 561 1499; x_wconf 79' lang='lat' dir='ltr'>nempe</span> <span class='ocrx_word' id='word_1_66' title='bbox 589 1425 778 1484; x_wconf 83' lang='lat' dir='ltr'>facitis</span> <span class='ocrx_word' id='word_1_67' title='bbox 816 1407 1237 1500; x_wconf 68' lang='lat' dir='ltr'>prtejudicium,</span> <span class='ocrx_word' id='word_1_68' title='bbox 1277 1429 1346 1484; x_wconf 90' lang='lat' dir='ltr'>de</span> <span class='ocrx_word' id='word_1_69' title='bbox 1377 1447 1492 1500; x_wconf 87' lang='lat' dir='ltr'>qua</span> <span class='ocrx_word' id='word_1_70' title='bbox 1521 1445 1623 1484; x_wconf 87' lang='lat' dir='ltr'>nec</span> <span class='ocrx_word' id='word_1_71' title='bbox 1654 1429 1838 1496; x_wconf 87' lang='lat' dir='ltr'>vobis,</span> <span class='ocrx_word' id='word_1_72' title='bbox 1881 1445 1982 1484; x_wconf 91' lang='lat' dir='ltr'>nec</span> 
     </span>
    </p>
   </div>
   <div class='ocr_carea' id='block_1_13' title="bbox 351 1511 1981 1588">
    <p class='ocr_par' dir='ltr' id='par_1_13' title="bbox 351 1511 1981 1588">
     <span class='ocr_line' id='line_1_13' title="bbox 351 1511 1981 1588; baseline 0.004 -21"><span class='ocrx_word' id='word_1_73' title='bbox 351 1511 587 1572; x_wconf 88' lang='lat' dir='ltr'>cuilibet</span> <span class='ocrx_word' id='word_1_74' title='bbox 606 1514 942 1574; x_wconf 85' lang='lat' dir='ltr'>mortalium</span> <span class='ocrx_word' id='word_1_75' title='bbox 960 1515 1094 1572; x_wconf 89' lang='lat' dir='ltr'>licet</span> <span class='ocrx_word' id='word_1_76' title='bbox 1113 1517 1296 1572; x_wconf 91' lang='lat' dir='ltr'>facere</span> <span class='ocrx_word' id='word_1_77' title='bbox 1310 1518 1620 1588; x_wconf 90' lang='lat' dir='ltr'>judicium,</span> <span class='ocrx_word' id='word_1_78' title='bbox 1645 1517 1981 1574; x_wconf 86' lang='lat' dir='ltr'>beatissimo</span> 
     </span>
    </p>
   </div>
   <div class='ocr_carea' id='block_1_14' title="bbox 352 1600 1985 1676">
    <p class='ocr_par' dir='ltr' id='par_1_14' title="bbox 352 1600 1985 1676">
     <span class='ocr_line' id='line_1_14' title="bbox 352 1600 1985 1676; baseline 0.001 -17"><span class='ocrx_word' id='word_1_79' title='bbox 352 1603 409 1666; x_wconf 83' lang='lat' dir='ltr'>,et</span> <span class='ocrx_word' id='word_1_80' title='bbox 451 1600 768 1674; x_wconf 80' lang='lat' dir='ltr'>apostolico</span> <span class='ocrx_word' id='word_1_81' title='bbox 818 1605 1092 1676; x_wconf 90' lang='lat' dir='ltr'>pontiﬁce</span> <span class='ocrx_word' id='word_1_82' title='bbox 1122 1605 1395 1663; x_wconf 89' lang='lat' dir='ltr'>Silvestro</span> <span class='ocrx_word' id='word_1_83' title='bbox 1457 1606 1734 1662; x_wconf 88' lang='lat' dir='ltr'>divinitus</span> <span class='ocrx_word' id='word_1_84' title='bbox 1795 1607 1985 1661; x_wconf 81' lang='lat' dir='ltr'>decer-</span> 
     </span>
    </p>
   </div>
   <div class='ocr_carea' id='block_1_15' title="bbox 353 1679 1983 1766">
    <p class='ocr_par' dir='ltr' id='par_1_15' title="bbox 353 1679 1983 1766">
     <span class='ocr_line' id='line_1_15' title="bbox 353 1679 1983 1766; baseline 0.002 -20"><span class='ocrx_word' id='word_1_85' title='bbox 353 1679 546 1758; x_wconf 81' lang='lat' dir='ltr'>nente,</span> <span class='ocrx_word' id='word_1_86' title='bbox 581 1690 988 1766; x_wconf 89' lang='lat' dir='ltr'>spiritualique</span> <span class='ocrx_word' id='word_1_87' title='bbox 1018 1695 1146 1766; x_wconf 84' lang='lat' dir='ltr'>ejus</span> <span class='ocrx_word' id='word_1_88' title='bbox 1178 1695 1294 1752; x_wconf 87' lang='lat' dir='ltr'>ﬁlio</span> <span class='ocrx_word' id='word_1_89' title='bbox 1327 1696 1726 1764; x_wconf 89' lang='lat' dir='ltr'>Constantino,</span> <span class='ocrx_word' id='word_1_90' title='bbox 1751 1694 1983 1766; x_wconf 86' lang='lat' dir='ltr'>religio-</span> 
     </span>
    </p>
   </div>
   <div class='ocr_carea' id='block_1_16' title="bbox 353 1773 1982 1858">
    <p class='ocr_par' dir='ltr' id='par_1_16' title="bbox 353 1773 1982 1858">
     <span class='ocr_line' id='line_1_16' title="bbox 353 1773 1982 1858; baseline 0.006 -27"><span class='ocrx_word' id='word_1_91' title='bbox 353 1773 590 1850; x_wconf 76' lang='lat' dir='ltr'>sissimo</span> <span class='ocrx_word' id='word_1_92' title='bbox 621 1783 902 1853; x_wconf 83' lang='lat' dir='ltr'>Augusto,</span> <span class='ocrx_word' id='word_1_93' title='bbox 936 1799 1070 1840; x_wconf 88' lang='lat' dir='ltr'>cum</span> <span class='ocrx_word' id='word_1_94' title='bbox 1097 1785 1361 1841; x_wconf 90' lang='lat' dir='ltr'>universa</span> <span class='ocrx_word' id='word_1_95' title='bbox 1391 1786 1607 1858; x_wconf 84' lang='lat' dir='ltr'>synodo</span> <span class='ocrx_word' id='word_1_96' title='bbox 1627 1784 1859 1840; x_wconf 82' lang='lat' dir='ltr'>Nicaena</span> <span class='ocrx_word' id='word_1_97' title='bbox 1884 1800 1982 1855; x_wconf 86' lang='lat' dir='ltr'>ap-</span> 
     </span>
    </p>
   </div>
   <div class='ocr_carea' id='block_1_17' title="bbox 355 1865 2064 1974">
    <p class='ocr_par' dir='ltr' id='par_1_17' title="bbox 355 1865 2064 1974">
     <span class='ocr_line' id='line_1_17' title="bbox 355 1865 2064 1974; baseline 0.004 -52"><span class='ocrx_word' id='word_1_98' title='bbox 355 1865 636 1949; x_wconf 76' lang='lat' dir='ltr'>probante</span> <span class='ocrx_word' id='word_1_99' title='bbox 656 1885 721 1924; x_wconf 94' lang='lat' dir='ltr'>ac</span> <span class='ocrx_word' id='word_1_100' title='bbox 751 1871 1150 1928; x_wconf 87' lang='lat' dir='ltr'>subscribente</span> <span class='ocrx_word' id='word_1_101' title='bbox 1175 1876 1238 1928; x_wconf 92' lang='lat' dir='ltr'>ut</span> <span class='ocrx_word' id='word_1_102' title='bbox 1255 1890 1488 1929; x_wconf 89' lang='lat' dir='ltr'>summa</span> <span class='ocrx_word' id='word_1_103' title='bbox 1507 1873 1673 1930; x_wconf 88' lang='lat' dir='ltr'>sedes</span> <span class='ocrx_word' id='word_1_104' title='bbox 1697 1889 1731 1928; x_wconf 92' lang='lat' dir='ltr'>a</span> <span class='ocrx_word' id='word_1_105' title='bbox 1751 1871 1986 1928; x_wconf 89' lang='lat' dir='ltr'>nemine</span> <span class='ocrx_word' id='word_1_106' title='bbox 2015 1909 2064 1974; x_wconf 66' lang='grc' dir='ltr'><strong>Β</strong></span> 
     </span>
     <span class='ocr_line' id='line_1_18' title="bbox 355 1948 1725 1974; baseline -0.002 0"><span class='ocrx_word' id='word_1_107' title='bbox 355 1948 637 1974; x_wconf 59' lang='lat' dir='ltr'>2-_.l:__n,,,,</span> <span class='ocrx_word' id='word_1_108' title='bbox 718 1957 728 1968; x_wconf 78' lang='grc' dir='ltr'>ι</span> <span class='ocrx_word' id='word_1_109' title='bbox 817 1957 829 1974; x_wconf 70' lang='lat'><strong>9</strong></span> <span class='ocrx_word' id='word_1_110' title='bbox 871 1957 885 1974; x_wconf 68' lang='grc' dir='ltr'>τ</span> <span class='ocrx_word' id='word_1_111' title='bbox 929 1959 1050 1974; x_wconf 72' lang='grc' dir='ltr'>ιον,</span> <span class='ocrx_word' id='word_1_112' title='bbox 1195 1965 1204 1974; x_wconf 88' lang='grc'>.</span> <span class='ocrx_word' id='word_1_113' title='bbox 1243 1961 1254 1972; x_wconf 79' lang='grc' dir='ltr'><strong>ο</strong></span> <span class='ocrx_word' id='word_1_114' title='bbox 1653 1961 1725 1974; x_wconf 75' lang='grc' dir='ltr'>..ο</span> 
     </span>
    </p>
   </div>
   <div class='ocr_carea' id='block_1_18' title="bbox 344 1951 1988 2025">
    <p class='ocr_par' dir='ltr' id='par_1_18' title="bbox 344 1951 1988 2025">
     <span class='ocr_line' id='line_1_19' title="bbox 344 1951 1988 2025; baseline 0.005 -17"><span class='ocrx_word' id='word_1_115' title='bbox 344 1951 681 2025; x_wconf 88' lang='lat' dir='ltr'>judicetur;</span> <span class='ocrx_word' id='word_1_116' title='bbox 714 1957 1123 2016; x_wconf 85' lang='lat' dir='ltr'>inviolabiliter</span> <span class='ocrx_word' id='word_1_117' title='bbox 1158 1965 1214 2016; x_wconf 92' lang='lat' dir='ltr'>et</span> <span class='ocrx_word' id='word_1_118' title='bbox 1241 1961 1586 2018; x_wconf 90' lang='lat' dir='ltr'>inconcusse</span> <span class='ocrx_word' id='word_1_119' title='bbox 1619 1961 1728 2016; x_wconf 88' lang='lat' dir='ltr'>sibi</span> <span class='ocrx_word' id='word_1_120' title='bbox 1761 1977 1988 2016; x_wconf 84' lang='lat' dir='ltr'>conser-</span> 
     </span>
    </p>
   </div>
   <div class='ocr_carea' id='block_1_19' title="bbox 353 2043 1986 2122">
    <p class='ocr_par' dir='ltr' id='par_1_19' title="bbox 353 2043 1986 2122">
     <span class='ocr_line' id='line_1_20' title="bbox 353 2043 1986 2122; baseline 0.004 -25"><span class='ocrx_word' id='word_1_121' title='bbox 353 2047 482 2100; x_wconf 91' lang='lat' dir='ltr'>vato</span> <span class='ocrx_word' id='word_1_122' title='bbox 521 2043 620 2102; x_wconf 90' lang='lat' dir='ltr'>illo</span> <span class='ocrx_word' id='word_1_123' title='bbox 674 2046 995 2122; x_wconf 87' lang='lat' dir='ltr'>privilegio,</span> <span class='ocrx_word' id='word_1_124' title='bbox 1055 2051 1208 2122; x_wconf 88' lang='lat' dir='ltr'>quod</span> <span class='ocrx_word' id='word_1_125' title='bbox 1253 2051 1405 2106; x_wconf 89' lang='lat' dir='ltr'>idem</span> <span class='ocrx_word' id='word_1_126' title='bbox 1466 2050 1733 2122; x_wconf 88' lang='lat' dir='ltr'>princeps</span> <span class='ocrx_word' id='word_1_127' title='bbox 1780 2055 1986 2121; x_wconf 89' lang='lat' dir='ltr'>quarto</span> 
     </span>
    </p>
   </div>
   <div class='ocr_carea' id='block_1_20' title="bbox 356 2130 1985 2211">
    <p class='ocr_par' dir='ltr' id='par_1_20' title="bbox 356 2130 1985 2211">
     <span class='ocr_line' id='line_1_21' title="bbox 356 2130 1985 2211; baseline 0.005 -25"><span class='ocrx_word' id='word_1_128' title='bbox 356 2130 724 2209; x_wconf 84' lang='lat' dir='ltr'>baptismatis</span> <span class='ocrx_word' id='word_1_129' title='bbox 755 2137 845 2192; x_wconf 92' lang='lat' dir='ltr'>sui</span> <span class='ocrx_word' id='word_1_130' title='bbox 895 2137 988 2194; x_wconf 92' lang='lat' dir='ltr'>die</span> <span class='ocrx_word' id='word_1_131' title='bbox 1033 2139 1274 2195; x_wconf 89' lang='lat' dir='ltr'>devotus</span> <span class='ocrx_word' id='word_1_132' title='bbox 1305 2139 1547 2196; x_wconf 91' lang='lat' dir='ltr'>contulit</span> <span class='ocrx_word' id='word_1_133' title='bbox 1584 2138 1841 2211; x_wconf 79' lang='lat' dir='ltr'>pontifici</span> <span class='ocrx_word' id='word_1_134' title='bbox 1876 2139 1985 2194; x_wconf 83' lang='lat' dir='ltr'>Ro-</span> 
     </span>
    </p>
   </div>
   <div class='ocr_carea' id='block_1_21' title="bbox 357 2221 1990 2302">
    <p class='ocr_par' dir='ltr' id='par_1_21' title="bbox 357 2221 1990 2302">
     <span class='ocr_line' id='line_1_22' title="bbox 357 2221 1990 2302; baseline 0.003 -26"><span class='ocrx_word' id='word_1_135' title='bbox 357 2235 550 2302; x_wconf 86' lang='lat' dir='ltr'>mano,</span> <span class='ocrx_word' id='word_1_136' title='bbox 591 2221 812 2302; x_wconf 75' lang='lat' dir='ltr'>scilicet</span> <span class='ocrx_word' id='word_1_137' title='bbox 841 2228 909 2280; x_wconf 91' lang='lat' dir='ltr'>ut</span> <span class='ocrx_word' id='word_1_138' title='bbox 935 2225 994 2280; x_wconf 91' lang='lat' dir='ltr'>in</span> <span class='ocrx_word' id='word_1_139' title='bbox 1024 2229 1146 2283; x_wconf 89' lang='lat' dir='ltr'>toto</span> <span class='ocrx_word' id='word_1_140' title='bbox 1177 2228 1315 2284; x_wconf 84' lang='lat' dir='ltr'>orbe</span> <span class='ocrx_word' id='word_1_141' title='bbox 1347 2229 1676 2284; x_wconf 82' lang='lat' dir='ltr'>sacerdotes</span> <span class='ocrx_word' id='word_1_142' title='bbox 1706 2227 1784 2282; x_wconf 88' lang='lat' dir='ltr'>ita</span> <span class='ocrx_word' id='word_1_143' title='bbox 1833 2226 1990 2282; x_wconf 90' lang='lat' dir='ltr'>hunc</span> 
     </span>
    </p>
   </div>
   <div class='ocr_carea' id='block_1_22' title="bbox 358 2297 1989 2390">
    <p class='ocr_par' dir='ltr' id='par_1_22' title="bbox 358 2297 1989 2390">
     <span class='ocr_line' id='line_1_23' title="bbox 358 2297 1989 2390; baseline 0.002 -23"><span class='ocrx_word' id='word_1_144' title='bbox 358 2297 534 2390; x_wconf 70' lang='lat' dir='ltr'>caput</span> <span class='ocrx_word' id='word_1_145' title='bbox 549 2297 821 2382; x_wconf 82' lang='lat' dir='ltr'>habeant,</span> <span class='ocrx_word' id='word_1_146' title='bbox 845 2313 996 2372; x_wconf 83' lang='lat' dir='ltr'>sicut</span> <span class='ocrx_word' id='word_1_147' title='bbox 1011 2331 1214 2372; x_wconf 89' lang='lat' dir='ltr'>omnes</span> <span class='ocrx_word' id='word_1_148' title='bbox 1227 2317 1252 2388; x_wconf 85' lang='lat' dir='ltr'>j</span> <span class='ocrx_word' id='word_1_149' title='bbox 1263 2315 1480 2386; x_wconf 91' lang='lat' dir='ltr'>udices,</span> <span class='ocrx_word' id='word_1_150' title='bbox 1499 2333 1712 2388; x_wconf 83' lang='lat' dir='ltr'>regem.</span> <span class='ocrx_word' id='word_1_151' title='bbox 1732 2319 1989 2382; x_wconf 90' lang='lat' dir='ltr'>Quorum</span> 
     </span>
    </p>
   </div>
   <div class='ocr_carea' id='block_1_23' title="bbox 359 2383 1994 2479">
    <p class='ocr_par' dir='ltr' id='par_1_23' title="bbox 359 2383 1994 2479">
     <span class='ocr_line' id='line_1_24' title="bbox 359 2383 1994 2479; baseline 0.002 -23"><span class='ocrx_word' id='word_1_152' title='bbox 359 2383 590 2479; x_wconf 69' lang='lat' dir='ltr'>semper</span> <span class='ocrx_word' id='word_1_153' title='bbox 615 2401 777 2456; x_wconf 90' lang='lat' dir='ltr'>omni</span> <span class='ocrx_word' id='word_1_154' title='bbox 795 2403 1013 2459; x_wconf 90' lang='lat' dir='ltr'>mundo</span> <span class='ocrx_word' id='word_1_155' title='bbox 1034 2383 1407 2460; x_wconf 75' lang='lat' dir='ltr'>reverendam</span> <span class='ocrx_word' id='word_1_156' title='bbox 1437 2405 1807 2473; x_wconf 84' lang='lat' dir='ltr'>sententiam,</span> <span class='ocrx_word' id='word_1_157' title='bbox 1843 2405 1994 2460; x_wconf 88' lang='lat' dir='ltr'>sicut</span> 
     </span>
    </p>
   </div>
   <div class='ocr_carea' id='block_1_24' title="bbox 356 2487 1994 2568">
    <p class='ocr_par' dir='ltr' id='par_1_24' title="bbox 356 2487 1994 2568">
     <span class='ocr_line' id='line_1_25' title="bbox 356 2487 1994 2568; baseline 0.002 -24"><span class='ocrx_word' id='word_1_158' title='bbox 356 2487 639 2568; x_wconf 77' lang='lat' dir='ltr'>veraciter</span> <span class='ocrx_word' id='word_1_159' title='bbox 667 2488 862 2548; x_wconf 84' lang='lat' dir='ltr'>divina</span> <span class='ocrx_word' id='word_1_160' title='bbox 881 2490 1261 2563; x_wconf 88' lang='lat' dir='ltr'>inspiratione</span> <span class='ocrx_word' id='word_1_161' title='bbox 1290 2493 1738 2566; x_wconf 74' lang='lat' dir='ltr'>promulgatam,</span> <span class='ocrx_word' id='word_1_162' title='bbox 1781 2493 1994 2564; x_wconf 90' lang='lat' dir='ltr'>ample-</span> 
     </span>
    </p>
   </div>
   <div class='ocr_carea' id='block_1_25' title="bbox 359 2575 1992 2654">
    <p class='ocr_par' dir='ltr' id='par_1_25' title="bbox 359 2575 1992 2654">
     <span class='ocr_line' id='line_1_26' title="bbox 359 2575 1992 2654; baseline 0.004 -24"><span class='ocrx_word' id='word_1_163' title='bbox 359 2593 442 2632; x_wconf 69' lang='lat' dir='ltr'>xae</span> <span class='ocrx_word' id='word_1_164' title='bbox 473 2575 704 2651; x_wconf 72' lang='lat' dir='ltr'>reliquae</span> <span class='ocrx_word' id='word_1_165' title='bbox 735 2577 1091 2636; x_wconf 86' lang='lat' dir='ltr'>universales</span> <span class='ocrx_word' id='word_1_166' title='bbox 1120 2583 1346 2654; x_wconf 81' lang='lat' dir='ltr'>synodi,</span> <span class='ocrx_word' id='word_1_167' title='bbox 1381 2582 1437 2636; x_wconf 93' lang='lat' dir='ltr'>id</span> <span class='ocrx_word' id='word_1_168' title='bbox 1471 2587 1560 2638; x_wconf 85' lang='lat' dir='ltr'>est</span> <span class='ocrx_word' id='word_1_169' title='bbox 1589 2583 1992 2638; x_wconf 82' lang='lat' dir='ltr'>Constantino-</span> 
     </span>
    </p>
   </div>
   <div class='ocr_carea' id='block_1_26' title="bbox 359 2663 1998 2742">
    <p class='ocr_par' dir='ltr' id='par_1_26' title="bbox 359 2663 1998 2742">
     <span class='ocr_line' id='line_1_27' title="bbox 359 2663 1998 2742; baseline 0.004 -22"><span class='ocrx_word' id='word_1_170' title='bbox 359 2663 1128 2740; x_wconf 87' lang='lat' dir='ltr'>politanaprima,consensu</span> <span class='ocrx_word' id='word_1_171' title='bbox 1141 2671 1469 2742; x_wconf 87' lang='lat' dir='ltr'>piiAugusti</span> <span class='ocrx_word' id='word_1_172' title='bbox 1484 2674 1540 2726; x_wconf 93' lang='lat' dir='ltr'>et</span> <span class='ocrx_word' id='word_1_173' title='bbox 1553 2671 1806 2742; x_wconf 88' lang='lat' dir='ltr'>religiosi</span> <span class='ocrx_word' id='word_1_174' title='bbox 1822 2671 1998 2741; x_wconf 86' lang='lat' dir='ltr'>majo-</span> 
     </span>
    </p>
   </div>
   <div class='ocr_carea' id='block_1_27' title="bbox 361 2753 1999 2832">
    <p class='ocr_par' dir='ltr' id='par_1_27' title="bbox 361 2753 1999 2832">
     <span class='ocr_line' id='line_1_28' title="bbox 361 2753 1999 2832; baseline 0.002 -20"><span class='ocrx_word' id='word_1_175' title='bbox 361 2753 442 2812; x_wconf 88' lang='lat' dir='ltr'>ris</span> <span class='ocrx_word' id='word_1_176' title='bbox 468 2754 799 2824; x_wconf 88' lang='lat' dir='ltr'>Theodosii,</span> <span class='ocrx_word' id='word_1_177' title='bbox 815 2758 1106 2830; x_wconf 89' lang='lat' dir='ltr'>Ephesina</span> <span class='ocrx_word' id='word_1_178' title='bbox 1121 2760 1328 2832; x_wconf 89' lang='lat' dir='ltr'>prima,</span> <span class='ocrx_word' id='word_1_179' title='bbox 1346 2761 1453 2816; x_wconf 91' lang='lat' dir='ltr'>sub</span> <span class='ocrx_word' id='word_1_180' title='bbox 1481 2759 1513 2815; x_wconf 89' lang='lat' dir='ltr'><strong>J</strong></span> <span class='ocrx_word' id='word_1_181' title='bbox 1523 2759 1724 2816; x_wconf 91' lang='lat' dir='ltr'>uniore</span> <span class='ocrx_word' id='word_1_182' title='bbox 1739 2759 1999 2816; x_wconf 86' lang='lat' dir='ltr'>Theodo-</span> 
     </span>
    </p>
   </div>
   <div class='ocr_carea' id='block_1_28' title="bbox 362 2843 1996 2920">
    <p class='ocr_par' dir='ltr' id='par_1_28' title="bbox 362 2843 1996 2920">
     <span class='ocr_line' id='line_1_29' title="bbox 362 2843 1996 2920; baseline 0.002 -20"><span class='ocrx_word' id='word_1_183' title='bbox 362 2843 470 2920; x_wconf 85' lang='lat' dir='ltr'>sio,</span> <span class='ocrx_word' id='word_1_184' title='bbox 487 2843 607 2904; x_wconf 84' lang='lat' dir='ltr'>filio</span> <span class='ocrx_word' id='word_1_185' title='bbox 629 2845 1442 2918; x_wconf 86' lang='lat' dir='ltr'>Archadii,Chaceldonensis,</span> <span class='ocrx_word' id='word_1_186' title='bbox 1465 2849 1574 2904; x_wconf 91' lang='lat' dir='ltr'>sub</span> <span class='ocrx_word' id='word_1_187' title='bbox 1596 2849 1838 2920; x_wconf 91' lang='lat' dir='ltr'>imperio</span> <span class='ocrx_word' id='word_1_188' title='bbox 1857 2848 1996 2904; x_wconf 81' lang='lat' dir='ltr'>divae</span> 
     </span>
    </p>
   </div>
   <div class='ocr_carea' id='block_1_29' title="bbox 366 2934 2000 3009">
    <p class='ocr_par' dir='ltr' id='par_1_29' title="bbox 366 2934 2000 3009">
     <span class='ocr_line' id='line_1_30' title="bbox 366 2934 2000 3009; baseline 0 -17"><span class='ocrx_word' id='word_1_189' title='bbox 366 2934 658 2997; x_wconf 62' lang='lat' dir='ltr'>memoria</span> <span class='ocrx_word' id='word_1_190' title='bbox 675 2935 976 3003; x_wconf 89' lang='lat' dir='ltr'>Marciani,</span> <span class='ocrx_word' id='word_1_191' title='bbox 989 2937 1160 2992; x_wconf 91' lang='lat' dir='ltr'>tertia</span> <span class='ocrx_word' id='word_1_192' title='bbox 1173 2937 2000 3009; x_wconf 86' lang='lat' dir='ltr'>Constantinopolitana,roga—</span> 
     </span>
    </p>
   </div>
   <div class='ocr_carea' id='block_1_30' title="bbox 366 3023 2000 3092">
    <p class='ocr_par' dir='ltr' id='par_1_30' title="bbox 366 3023 2000 3092">
     <span class='ocr_line' id='line_1_31' title="bbox 366 3023 2000 3092; baseline 0 -10"><span class='ocrx_word' id='word_1_193' title='bbox 366 3024 431 3082; x_wconf 80' lang='lat' dir='ltr'>tu</span> <span class='ocrx_word' id='word_1_194' title='bbox 445 3025 502 3078; x_wconf 89' lang='lat' dir='ltr'>et</span> <span class='ocrx_word' id='word_1_195' title='bbox 513 3038 797 3082; x_wconf 84' lang='lat' dir='ltr'>consensu</span> <span class='ocrx_word' id='word_1_196' title='bbox 807 3023 838 3079; x_wconf 90' lang='lat' dir='ltr'><strong>J</strong></span> <span class='ocrx_word' id='word_1_197' title='bbox 846 3025 1433 3082; x_wconf 86' lang='lat' dir='ltr'>uniorisConstantini</span> <span class='ocrx_word' id='word_1_198' title='bbox 1443 3027 1724 3092; x_wconf 87' lang='lat' dir='ltr'>,unanimi</span> <span class='ocrx_word' id='word_1_199' title='bbox 1737 3025 2000 3082; x_wconf 90' lang='lat' dir='ltr'>volunta-</span> 
     </span>
    </p>
   </div>
   <div class='ocr_carea' id='block_1_31' title="bbox 368 3110 2001 3186">
    <p class='ocr_par' dir='ltr' id='par_1_31' title="bbox 368 3110 2001 3186">
     <span class='ocr_line' id='line_1_32' title="bbox 368 3110 2001 3186; baseline 0.002 -20"><span class='ocrx_word' id='word_1_200' title='bbox 368 3114 445 3178; x_wconf 86' lang='lat' dir='ltr'>te,</span> <span class='ocrx_word' id='word_1_201' title='bbox 469 3110 859 3184; x_wconf 84' lang='lat' dir='ltr'>concordique</span> <span class='ocrx_word' id='word_1_202' title='bbox 877 3113 1051 3170; x_wconf 90' lang='lat' dir='ltr'>verbo</span> <span class='ocrx_word' id='word_1_203' title='bbox 1083 3117 1140 3170; x_wconf 89' lang='lat' dir='ltr'>et</span> <span class='ocrx_word' id='word_1_204' title='bbox 1160 3113 1378 3186; x_wconf 89' lang='lat' dir='ltr'>scripto</span> <span class='ocrx_word' id='word_1_205' title='bbox 1410 3114 1830 3171; x_wconf 88' lang='lat' dir='ltr'>cunﬁrmavere</span> <span class='ocrx_word' id='word_1_206' title='bbox 1861 3131 2001 3170; x_wconf 88' lang='lat' dir='ltr'>san-</span> 
     </span>
    </p>
   </div>
   <div class='ocr_carea' id='block_1_32' title="bbox 1408 407 2666 483">
    <p class='ocr_par' dir='ltr' id='par_1_32' title="bbox 1408 407 2666 483">
     <span class='ocr_line' id='line_1_33' title="bbox 1408 407 2666 483; baseline -0.003 -9"><span class='ocrx_word' id='word_1_207' title='bbox 1408 411 1474 474; x_wconf 91' lang='lat' dir='ltr'>S.</span> <span class='ocrx_word' id='word_1_208' title='bbox 1519 409 1798 483; x_wconf 76' lang='lat' dir='ltr'>LEONIS</span> <span class='ocrx_word' id='word_1_209' title='bbox 1841 408 1923 474; x_wconf 85' lang='lat' dir='ltr'>IX</span> <span class='ocrx_word' id='word_1_210' title='bbox 1967 407 2196 476; x_wconf 71' lang='lat' dir='ltr'>PAPtE</span> <span class='ocrx_word' id='word_1_211' title='bbox 2237 409 2666 474; x_wconf 76' lang='lat' dir='ltr'>OPUSBULA.</span> 
     </span>
    </p>
   </div>
   <div class='ocr_carea' id='block_1_33' title="bbox 3661 409 3789 470">
    <p class='ocr_par' dir='ltr' id='par_1_33' title="bbox 3661 409 3789 470">
     <span class='ocr_line' id='line_1_34' title="bbox 3661 409 3789 470; baseline 0 -3"><span class='ocrx_word' id='word_1_212' title='bbox 3661 409 3789 470; x_wconf 62' lang='grc' dir='ltr'>⁷3ὔέ</span> 
     </span>
    </p>
   </div>
   <div class='ocr_carea' id='block_1_34' title="bbox 2085 537 3792 614">
    <p class='ocr_par' dir='ltr' id='par_1_34' title="bbox 2085 537 3792 614">
     <span class='ocr_line' id='line_1_35' title="bbox 2085 537 3792 614; baseline -0.001 -17"><span class='ocrx_word' id='word_1_213' title='bbox 2085 542 2264 598; x_wconf 77' lang='lat' dir='ltr'>dicam</span> <span class='ocrx_word' id='word_1_214' title='bbox 2302 545 2394 598; x_wconf 85' lang='lat' dir='ltr'>cui</span> <span class='ocrx_word' id='word_1_215' title='bbox 2434 559 2544 598; x_wconf 89' lang='lat' dir='ltr'>non</span> <span class='ocrx_word' id='word_1_216' title='bbox 2589 543 2930 600; x_wconf 75' lang='lat' dir='ltr'>maledixit?</span> <span class='ocrx_word' id='word_1_217' title='bbox 2973 550 3075 598; x_wconf 84' lang='lat' dir='ltr'>aut</span> <span class='ocrx_word' id='word_1_218' title='bbox 3127 537 3405 614; x_wconf 73' lang='lat' dir='ltr'>quomodo</span> <span class='ocrx_word' id='word_1_219' title='bbox 3449 540 3792 598; x_wconf 81' lang='lat' dir='ltr'>detestabor</span> 
     </span>
    </p>
   </div>
   <div class='ocr_carea' id='block_1_35' title="bbox 2088 629 3788 704">
    <p class='ocr_par' dir='ltr' id='par_1_35' title="bbox 2088 629 3788 704">
     <span class='ocr_line' id='line_1_36' title="bbox 2088 629 3788 704; baseline 0.002 -18"><span class='ocrx_word' id='word_1_220' title='bbox 2088 647 2250 702; x_wconf 86' lang='lat' dir='ltr'>quem</span> <span class='ocrx_word' id='word_1_221' title='bbox 2295 633 2555 687; x_wconf 86' lang='lat' dir='ltr'>Dominus</span> <span class='ocrx_word' id='word_1_222' title='bbox 2596 647 2708 686; x_wconf 87' lang='lat' dir='ltr'>non</span> <span class='ocrx_word' id='word_1_223' title='bbox 2753 631 3098 688; x_wconf 77' lang='lat' dir='ltr'>detestatur?</span> <span class='ocrx_word' id='word_1_224' title='bbox 3141 632 3332 704; x_wconf 77' lang='lat' dir='ltr'>(Nam.</span> <span class='ocrx_word' id='word_1_225' title='bbox 3387 631 3626 702; x_wconf 73' lang='grc' dir='ltr'><strong>χχιιι.)</strong></span> <span class='ocrx_word' id='word_1_226' title='bbox 3671 629 3788 690; x_wconf 81' lang='lat' dir='ltr'>Vel</span> 
     </span>
    </p>
   </div>
   <div class='ocr_carea' id='block_1_36' title="bbox 2086 719 3787 792">
    <p class='ocr_par' dir='ltr' id='par_1_36' title="bbox 2086 719 3787 792">
     <span class='ocr_line' id='line_1_37' title="bbox 2086 719 3787 792; baseline 0.001 -18"><span class='ocrx_word' id='word_1_227' title='bbox 2086 736 2220 774; x_wconf 92' lang='lat' dir='ltr'>vero</span> <span class='ocrx_word' id='word_1_228' title='bbox 2271 737 2375 774; x_wconf 90' lang='lat' dir='ltr'>nec</span> <span class='ocrx_word' id='word_1_229' title='bbox 2439 737 2602 774; x_wconf 90' lang='lat' dir='ltr'>amor</span> <span class='ocrx_word' id='word_1_230' title='bbox 2655 720 2756 776; x_wconf 92' lang='lat' dir='ltr'>Dei</span> <span class='ocrx_word' id='word_1_231' title='bbox 2803 725 2862 776; x_wconf 87' lang='lat' dir='ltr'>et</span> <span class='ocrx_word' id='word_1_232' title='bbox 2909 719 3182 792; x_wconf 79' lang='lat' dir='ltr'>proximi,</span> <span class='ocrx_word' id='word_1_233' title='bbox 3239 736 3352 776; x_wconf 90' lang='lat' dir='ltr'>nec</span> <span class='ocrx_word' id='word_1_234' title='bbox 3421 719 3787 776; x_wconf 80' lang='lat' dir='ltr'>reverentia</span> 
     </span>
    </p>
   </div>
   <div class='ocr_carea' id='block_1_37' title="bbox 2088 807 3789 876">
    <p class='ocr_par' dir='ltr' id='par_1_37' title="bbox 2088 807 3789 876">
     <span class='ocr_line' id='line_1_38' title="bbox 2088 807 3789 876; baseline 0.002 -14"><span class='ocrx_word' id='word_1_235' title='bbox 2088 807 2416 863; x_wconf 90' lang='lat' dir='ltr'>divinorum</span> <span class='ocrx_word' id='word_1_236' title='bbox 2433 812 2866 876; x_wconf 89' lang='lat' dir='ltr'>canonum,aut,</span> <span class='ocrx_word' id='word_1_237' title='bbox 2881 808 3035 867; x_wconf 84' lang='lat' dir='ltr'>sicut</span> <span class='ocrx_word' id='word_1_238' title='bbox 3049 808 3160 864; x_wconf 88' lang='lat' dir='ltr'>dici</span> <span class='ocrx_word' id='word_1_239' title='bbox 3169 813 3265 865; x_wconf 88' lang='lat' dir='ltr'>tur</span> <span class='ocrx_word' id='word_1_240' title='bbox 3274 808 3789 865; x_wconf 80' lang='lat' dir='ltr'>orthodoxorum</span> 
     </span>
    </p>
   </div>
   <div class='ocr_carea' id='block_1_38' title="bbox 2088 896 3790 971">
    <p class='ocr_par' dir='ltr' id='par_1_38' title="bbox 2088 896 3790 971">
     <span class='ocr_line' id='line_1_39' title="bbox 2088 896 3790 971; baseline 0.002 -21"><span class='ocrx_word' id='word_1_241' title='bbox 2088 896 2416 968; x_wconf 88' lang='lat' dir='ltr'>principum</span> <span class='ocrx_word' id='word_1_242' title='bbox 2463 902 2787 952; x_wconf 89' lang='lat' dir='ltr'>vestrorum</span> <span class='ocrx_word' id='word_1_243' title='bbox 2817 897 3135 969; x_wconf 88' lang='lat' dir='ltr'>prohibitio</span> <span class='ocrx_word' id='word_1_244' title='bbox 3165 903 3432 967; x_wconf 86' lang='lat' dir='ltr'>revocat,</span> <span class='ocrx_word' id='word_1_245' title='bbox 3474 896 3646 970; x_wconf 87' lang='lat' dir='ltr'>quin</span> <span class='ocrx_word' id='word_1_246' title='bbox 3676 915 3790 971; x_wconf 84' lang='lat' dir='ltr'>pu-</span> 
     </span>
    </p>
   </div>
   <div class='ocr_carea' id='block_1_39' title="bbox 2089 983 3792 1059">
    <p class='ocr_par' dir='ltr' id='par_1_39' title="bbox 2089 983 3792 1059">
     <span class='ocr_line' id='line_1_40' title="bbox 2089 983 3792 1059; baseline 0.001 -19"><span class='ocrx_word' id='word_1_247' title='bbox 2089 983 2236 1040; x_wconf 90' lang='lat' dir='ltr'>blice</span> <span class='ocrx_word' id='word_1_248' title='bbox 2267 984 2628 1042; x_wconf 88' lang='lat' dir='ltr'>maledicatis</span> <span class='ocrx_word' id='word_1_249' title='bbox 2647 990 2703 1041; x_wconf 93' lang='lat' dir='ltr'>et</span> <span class='ocrx_word' id='word_1_250' title='bbox 2728 986 3099 1042; x_wconf 89' lang='lat' dir='ltr'>detestemini</span> <span class='ocrx_word' id='word_1_251' title='bbox 3122 1002 3312 1059; x_wconf 88' lang='lat' dir='ltr'>genus</span> <span class='ocrx_word' id='word_1_252' title='bbox 3335 985 3660 1055; x_wconf 86' lang='lat' dir='ltr'>electum,</span> <span class='ocrx_word' id='word_1_253' title='bbox 3699 1004 3792 1042; x_wconf 82' lang='lat' dir='ltr'>re-</span> 
     </span>
    </p>
   </div>
   <div class='ocr_carea' id='block_1_40' title="bbox 2092 1072 3787 1147">
    <p class='ocr_par' dir='ltr' id='par_1_40' title="bbox 2092 1072 3787 1147">
     <span class='ocr_line' id='line_1_41' title="bbox 2092 1072 3787 1147; baseline 0.002 -19"><span class='ocrx_word' id='word_1_254' title='bbox 2092 1072 2220 1145; x_wconf 87' lang='lat' dir='ltr'>gale</span> <span class='ocrx_word' id='word_1_255' title='bbox 2249 1073 2660 1142; x_wconf 89' lang='lat' dir='ltr'>sacerdotium,</span> <span class='ocrx_word' id='word_1_256' title='bbox 2691 1077 3042 1146; x_wconf 82' lang='lat' dir='ltr'>gentemque</span> <span class='ocrx_word' id='word_1_257' title='bbox 3087 1079 3357 1132; x_wconf 86' lang='lat' dir='ltr'>sanctam</span> <span class='ocrx_word' id='word_1_258' title='bbox 3389 1075 3465 1147; x_wconf 84' lang='lat' dir='ltr'>(I</span> <span class='ocrx_word' id='word_1_259' title='bbox 3491 1080 3666 1132; x_wconf 72' lang='lat' dir='ltr'>Patr.</span> <span class='ocrx_word' id='word_1_260' title='bbox 3704 1079 3787 1145; x_wconf 82' lang='grc' dir='ltr'><strong>ιι).</strong></span> 
     </span>
    </p>
   </div>
   <div class='ocr_carea' id='block_1_41' title="bbox 2159 1161 3788 1236">
    <p class='ocr_par' dir='ltr' id='par_1_41' title="bbox 2159 1161 3788 1236">
     <span class='ocr_line' id='line_1_42' title="bbox 2159 1161 3788 1236; baseline 0.002 -20"><span class='ocrx_word' id='word_1_261' title='bbox 2159 1161 2276 1216; x_wconf 84' lang='lat' dir='ltr'><strong>XII.</strong></span> <span class='ocrx_word' id='word_1_262' title='bbox 2301 1162 2461 1224; x_wconf 88' lang='lat' dir='ltr'>Quod</span> <span class='ocrx_word' id='word_1_263' title='bbox 2485 1162 2749 1234; x_wconf 87' lang='lat' dir='ltr'>quamvis</span> <span class='ocrx_word' id='word_1_264' title='bbox 2763 1163 3039 1218; x_wconf 89' lang='lat' dir='ltr'>omnibus</span> <span class='ocrx_word' id='word_1_265' title='bbox 3063 1162 3335 1220; x_wconf 80' lang='lat' dir='ltr'>Ecclesiis</span> <span class='ocrx_word' id='word_1_266' title='bbox 3353 1163 3628 1231; x_wconf 82' lang='lat' dir='ltr'>Christi,</span> <span class='ocrx_word' id='word_1_267' title='bbox 3659 1181 3788 1236; x_wconf 66' lang='lat' dir='ltr'>quae</span> 
     </span>
    </p>
   </div>
   <div class='ocr_carea' id='block_1_42' title="bbox 2092 1249 3788 1326">
    <p class='ocr_par' dir='ltr' id='par_1_42' title="bbox 2092 1249 3788 1326">
     <span class='ocr_line' id='line_1_43' title="bbox 2092 1249 3788 1326; baseline 0.004 -22"><span class='ocrx_word' id='word_1_268' title='bbox 2092 1266 2268 1305; x_wconf 86' lang='lat' dir='ltr'>unam</span> <span class='ocrx_word' id='word_1_269' title='bbox 2291 1249 2633 1306; x_wconf 87' lang='lat' dir='ltr'>catholicam</span> <span class='ocrx_word' id='word_1_270' title='bbox 2651 1251 2711 1306; x_wconf 90' lang='lat' dir='ltr'>in</span> <span class='ocrx_word' id='word_1_271' title='bbox 2732 1255 2854 1307; x_wconf 90' lang='lat' dir='ltr'>toto</span> <span class='ocrx_word' id='word_1_272' title='bbox 2873 1252 3096 1308; x_wconf 90' lang='lat' dir='ltr'>mundo</span> <span class='ocrx_word' id='word_1_273' title='bbox 3116 1251 3412 1322; x_wconf 83' lang='lat' dir='ltr'>efﬁciunt,</span> <span class='ocrx_word' id='word_1_274' title='bbox 3437 1269 3479 1308; x_wconf 84' lang='lat' dir='ltr'>a</span> <span class='ocrx_word' id='word_1_275' title='bbox 3497 1251 3788 1326; x_wconf 81' lang='lat' dir='ltr'>principe</span> 
     </span>
    </p>
   </div>
   <div class='ocr_carea' id='block_1_43' title="bbox 2091 1339 3787 1410">
    <p class='ocr_par' dir='ltr' id='par_1_43' title="bbox 2091 1339 3787 1410">
     <span class='ocr_line' id='line_1_44' title="bbox 2091 1339 3787 1410; baseline 0.004 -18"><span class='ocrx_word' id='word_1_276' title='bbox 2091 1339 2506 1410; x_wconf 89' lang='lat' dir='ltr'>apostolorum,</span> <span class='ocrx_word' id='word_1_277' title='bbox 2560 1341 2725 1396; x_wconf 88' lang='lat' dir='ltr'>Petro</span> <span class='ocrx_word' id='word_1_278' title='bbox 2778 1340 2856 1396; x_wconf 88' lang='lat' dir='ltr'>sit</span> <span class='ocrx_word' id='word_1_279' title='bbox 2902 1357 3033 1397; x_wconf 88' lang='lat' dir='ltr'>vere</span> <span class='ocrx_word' id='word_1_280' title='bbox 3077 1341 3323 1409; x_wconf 88' lang='lat' dir='ltr'>dictum,</span> <span class='ocrx_word' id='word_1_281' title='bbox 3374 1341 3540 1398; x_wconf 84' lang='lat' dir='ltr'>nulli</span> <span class='ocrx_word' id='word_1_282' title='bbox 3578 1347 3787 1398; x_wconf 83' lang='lat' dir='ltr'>tamen</span> 
     </span>
    </p>
   </div>
   <div class='ocr_carea' id='block_1_44' title="bbox 2090 1427 3785 1504">
    <p class='ocr_par' dir='ltr' id='par_1_44' title="bbox 2090 1427 3785 1504">
     <span class='ocr_line' id='line_1_45' title="bbox 2090 1427 3785 1504; baseline 0.005 -25"><span class='ocrx_word' id='word_1_283' title='bbox 2090 1427 2281 1482; x_wconf 86' lang='lat' dir='ltr'>verius</span> <span class='ocrx_word' id='word_1_284' title='bbox 2324 1431 2559 1498; x_wconf 87' lang='lat' dir='ltr'>aptatur</span> <span class='ocrx_word' id='word_1_285' title='bbox 2588 1444 2767 1500; x_wconf 90' lang='lat' dir='ltr'>quam</span> <span class='ocrx_word' id='word_1_286' title='bbox 2795 1427 2882 1482; x_wconf 89' lang='lat' dir='ltr'>illi</span> <span class='ocrx_word' id='word_1_287' title='bbox 2907 1429 3000 1484; x_wconf 89' lang='lat' dir='ltr'>cui</span> <span class='ocrx_word' id='word_1_288' title='bbox 3033 1429 3268 1502; x_wconf 87' lang='lat' dir='ltr'>proprie</span> <span class='ocrx_word' id='word_1_289' title='bbox 3297 1430 3606 1503; x_wconf 66' lang='lat' dir='ltr'>prasidet</span> <span class='ocrx_word' id='word_1_290' title='bbox 3657 1431 3785 1504; x_wconf 87' lang='lat' dir='ltr'>ipse</span> 
     </span>
    </p>
   </div>
   <div class='ocr_carea' id='block_1_45' title="bbox 2091 1515 3780 1590">
    <p class='ocr_par' dir='ltr' id='par_1_45' title="bbox 2091 1515 3780 1590">
     <span class='ocr_line' id='line_1_46' title="bbox 2091 1515 3780 1590; baseline 0.005 -21"><span class='ocrx_word' id='word_1_291' title='bbox 2091 1515 2190 1586; x_wconf 90' lang='lat' dir='ltr'>qui</span> <span class='ocrx_word' id='word_1_292' title='bbox 2239 1515 2487 1570; x_wconf 67' lang='lat' dir='ltr'>caelestis</span> <span class='ocrx_word' id='word_1_293' title='bbox 2538 1516 2958 1588; x_wconf 79' lang='lat' dir='ltr'>regnimeruit</span> <span class='ocrx_word' id='word_1_294' title='bbox 3002 1517 3411 1590; x_wconf 89' lang='lat' dir='ltr'>gubernacula</span> <span class='ocrx_word' id='word_1_295' title='bbox 3467 1519 3780 1589; x_wconf 79' lang='lat' dir='ltr'>obtinere,</span> 
     </span>
    </p>
   </div>
   <div class='ocr_carea' id='block_1_46' title="bbox 2093 1603 3786 1674">
    <p class='ocr_par' dir='ltr' id='par_1_46' title="bbox 2093 1603 3786 1674">
     <span class='ocr_line' id='line_1_47' title="bbox 2093 1603 3786 1674; baseline 0.004 -16"><span class='ocrx_word' id='word_1_296' title='bbox 2093 1603 2332 1658; x_wconf 91' lang='lat' dir='ltr'>Domino</span> <span class='ocrx_word' id='word_1_297' title='bbox 2359 1603 2496 1660; x_wconf 88' lang='lat' dir='ltr'>Jesu</span> <span class='ocrx_word' id='word_1_298' title='bbox 2521 1603 2750 1660; x_wconf 85' lang='lat' dir='ltr'>Christo</span> <span class='ocrx_word' id='word_1_299' title='bbox 2781 1605 2891 1661; x_wconf 85' lang='lat' dir='ltr'>sibi</span> <span class='ocrx_word' id='word_1_300' title='bbox 2927 1605 3172 1674; x_wconf 46' lang='lat' dir='ltr'>,dicente</span> <span class='ocrx_word' id='word_1_301' title='bbox 3205 1623 3219 1662; x_wconf 89' lang='lat'><strong>:</strong></span> <span class='ocrx_word' id='word_1_302' title='bbox 3263 1608 3386 1664; x_wconf 78' lang='lat' dir='ltr'>Tibi</span> <span class='ocrx_word' id='word_1_303' title='bbox 3413 1608 3568 1665; x_wconf 84' lang='lat' dir='ltr'>dabo</span> <span class='ocrx_word' id='word_1_304' title='bbox 3599 1610 3786 1666; x_wconf 78' lang='lat' dir='ltr'>claves</span> 
     </span>
    </p>
   </div>
   <div class='ocr_carea' id='block_1_47' title="bbox 2093 1693 3785 1770">
    <p class='ocr_par' dir='ltr' id='par_1_47' title="bbox 2093 1693 3785 1770">
     <span class='ocr_line' id='line_1_48' title="bbox 2093 1693 3785 1770; baseline 0.006 -26"><span class='ocrx_word' id='word_1_305' title='bbox 2093 1693 2245 1762; x_wconf 80' lang='lat' dir='ltr'>regni</span> <span class='ocrx_word' id='word_1_306' title='bbox 2273 1693 2529 1747; x_wconf 61' lang='lat' dir='ltr'>caelorum</span> <span class='ocrx_word' id='word_1_307' title='bbox 2558 1693 2765 1763; x_wconf 79' lang='lat' dir='ltr'>(Matth.</span> <span class='ocrx_word' id='word_1_308' title='bbox 2799 1697 2938 1766; x_wconf 84' lang='lat' dir='ltr'>xv1),</span> <span class='ocrx_word' id='word_1_309' title='bbox 2981 1698 3061 1761; x_wconf 88' lang='lat' dir='ltr'>et,</span> <span class='ocrx_word' id='word_1_310' title='bbox 3090 1693 3152 1750; x_wconf 91' lang='lat' dir='ltr'>in</span> <span class='ocrx_word' id='word_1_311' title='bbox 3185 1695 3434 1768; x_wconf 83' lang='lat' dir='ltr'>speciali</span> <span class='ocrx_word' id='word_1_312' title='bbox 3468 1701 3785 1770; x_wconf 74' lang='lat' dir='ltr'>potestate</span> 
     </span>
    </p>
   </div>
   <div class='ocr_carea' id='block_1_48' title="bbox 2093 1779 3775 1860">
    <p class='ocr_par' dir='ltr' id='par_1_48' title="bbox 2093 1779 3775 1860">
     <span class='ocr_line' id='line_1_49' title="bbox 2093 1779 3775 1860; baseline 0.006 -27"><span class='ocrx_word' id='word_1_313' title='bbox 2093 1779 2313 1852; x_wconf 80' lang='lat' dir='ltr'>ligandi</span> <span class='ocrx_word' id='word_1_314' title='bbox 2344 1785 2400 1836; x_wconf 90' lang='lat' dir='ltr'>et</span> <span class='ocrx_word' id='word_1_315' title='bbox 2429 1779 2710 1848; x_wconf 87' lang='lat' dir='ltr'>solvendi,</span> <span class='ocrx_word' id='word_1_316' title='bbox 2741 1783 2960 1837; x_wconf 90' lang='lat' dir='ltr'>summi</span> <span class='ocrx_word' id='word_1_317' title='bbox 2999 1782 3310 1840; x_wconf 87' lang='lat' dir='ltr'>sacerdotii</span> <span class='ocrx_word' id='word_1_318' title='bbox 3340 1785 3775 1860; x_wconf 80' lang='lat' dir='ltr'>privilegium.</span> 
     </span>
    </p>
   </div>
   <div class='ocr_carea' id='block_1_49' title="bbox 2091 1868 3786 1946">
    <p class='ocr_par' dir='ltr' id='par_1_49' title="bbox 2091 1868 3786 1946">
     <span class='ocr_line' id='line_1_50' title="bbox 2091 1868 3786 1946; baseline 0.006 -23"><span class='ocrx_word' id='word_1_319' title='bbox 2091 1870 2162 1923; x_wconf 83' lang='lat' dir='ltr'>At</span> <span class='ocrx_word' id='word_1_320' title='bbox 2186 1868 2486 1940; x_wconf 90' lang='lat' dir='ltr'>quoniam,</span> <span class='ocrx_word' id='word_1_321' title='bbox 2520 1873 2829 1926; x_wconf 84' lang='lat' dir='ltr'>attestante</span> <span class='ocrx_word' id='word_1_322' title='bbox 2850 1870 3192 1930; x_wconf 90' lang='lat' dir='ltr'>Salomone:</span> <span class='ocrx_word' id='word_1_323' title='bbox 3215 1871 3323 1931; x_wconf 86' lang='lat' dir='ltr'>Cor</span> <span class='ocrx_word' id='word_1_324' title='bbox 3341 1876 3497 1946; x_wconf 81' lang='lat' dir='ltr'>regis</span> <span class='ocrx_word' id='word_1_325' title='bbox 3519 1876 3588 1932; x_wconf 81' lang='lat' dir='ltr'>in</span> <span class='ocrx_word' id='word_1_326' title='bbox 3603 1892 3786 1932; x_wconf 76' lang='lat' dir='ltr'>manu</span> 
     </span>
    </p>
   </div>
   <div class='ocr_carea' id='block_1_50' title="bbox 2093 1958 3784 2036">
    <p class='ocr_par' dir='ltr' id='par_1_50' title="bbox 2093 1958 3784 2036">
     <span class='ocr_line' id='line_1_51' title="bbox 2093 1958 3784 2036; baseline 0.005 -24"><span class='ocrx_word' id='word_1_327' title='bbox 2093 1958 2311 2012; x_wconf 83' lang='lat' dir='ltr'>Domini</span> <span class='ocrx_word' id='word_1_328' title='bbox 2336 1975 2349 2023; x_wconf 91' lang='lat'><strong>;</strong></span> <span class='ocrx_word' id='word_1_329' title='bbox 2377 1975 2690 2028; x_wconf 85' lang='lat' dir='ltr'>quocunque</span> <span class='ocrx_word' id='word_1_330' title='bbox 2719 1961 2952 2016; x_wconf 84' lang='lat' dir='ltr'>voluerit</span> <span class='ocrx_word' id='word_1_331' title='bbox 2983 1963 3152 2017; x_wconf 84' lang='lat' dir='ltr'>vertet</span> <span class='ocrx_word' id='word_1_332' title='bbox 3183 1962 3332 2019; x_wconf 81' lang='lat' dir='ltr'>illud</span> <span class='ocrx_word' id='word_1_333' title='bbox 3373 1964 3572 2035; x_wconf 84' lang='lat' dir='ltr'>(Prov.</span> <span class='ocrx_word' id='word_1_334' title='bbox 3607 1967 3738 2036; x_wconf 68' lang='grc' dir='ltr'><strong>χιι)</strong></span> <span class='ocrx_word' id='word_1_335' title='bbox 3769 1981 3784 2021; x_wconf 94' lang='lat'><strong>:</strong></span> 
     </span>
    </p>
   </div>
   <div class='ocr_carea' id='block_1_51' title="bbox 2093 2047 3788 2122">
    <p class='ocr_par' dir='ltr' id='par_1_51' title="bbox 2093 2047 3788 2122">
     <span class='ocr_line' id='line_1_52' title="bbox 2093 2047 3788 2122; baseline 0.005 -20"><span class='ocrx_word' id='word_1_336' title='bbox 2093 2051 2320 2102; x_wconf 87' lang='lat' dir='ltr'>tantum</span> <span class='ocrx_word' id='word_1_337' title='bbox 2351 2047 2574 2116; x_wconf 89' lang='lat' dir='ltr'>apicem</span> <span class='ocrx_word' id='word_1_338' title='bbox 2601 2047 2851 2104; x_wconf 75' lang='lat' dir='ltr'>cmlestis</span> <span class='ocrx_word' id='word_1_339' title='bbox 2872 2049 3178 2122; x_wconf 80' lang='lat' dir='ltr'>dignitatis</span> <span class='ocrx_word' id='word_1_340' title='bbox 3210 2051 3273 2106; x_wconf 92' lang='lat' dir='ltr'>in</span> <span class='ocrx_word' id='word_1_341' title='bbox 3305 2053 3483 2110; x_wconf 87' lang='lat' dir='ltr'>beato</span> <span class='ocrx_word' id='word_1_342' title='bbox 3513 2057 3704 2111; x_wconf 86' lang='lat' dir='ltr'>Petro</span> <span class='ocrx_word' id='word_1_343' title='bbox 3726 2058 3788 2110; x_wconf 82' lang='lat' dir='ltr'>et</span> 
     </span>
    </p>
   </div>
   <div class='ocr_carea' id='block_1_52' title="bbox 2096 2134 3786 2206">
    <p class='ocr_par' dir='ltr' id='par_1_52' title="bbox 2096 2134 3786 2206">
     <span class='ocr_line' id='line_1_53' title="bbox 2096 2134 3786 2206; baseline 0.007 -19"><span class='ocrx_word' id='word_1_344' title='bbox 2096 2135 2155 2189; x_wconf 91' lang='lat' dir='ltr'>in</span> <span class='ocrx_word' id='word_1_345' title='bbox 2185 2135 2312 2204; x_wconf 84' lang='lat' dir='ltr'>ejus</span> <span class='ocrx_word' id='word_1_346' title='bbox 2333 2134 2561 2190; x_wconf 86' lang='lat' dir='ltr'>vicariis</span> <span class='ocrx_word' id='word_1_347' title='bbox 2583 2137 3083 2206; x_wconf 88' lang='lat' dir='ltr'>prudentissimus</span> <span class='ocrx_word' id='word_1_348' title='bbox 3113 2142 3364 2198; x_wconf 67' lang='lat' dir='ltr'>terrena</span> <span class='ocrx_word' id='word_1_349' title='bbox 3393 2142 3786 2198; x_wconf 75' lang='lat' dir='ltr'>monarohiaa</span> 
     </span>
    </p>
   </div>
   <div class='ocr_carea' id='block_1_53' title="bbox 2097 2222 3786 2294">
    <p class='ocr_par' dir='ltr' id='par_1_53' title="bbox 2097 2222 3786 2294">
     <span class='ocr_line' id='line_1_54' title="bbox 2097 2222 3786 2294; baseline 0.007 -18"><span class='ocrx_word' id='word_1_350' title='bbox 2097 2222 2364 2294; x_wconf 89' lang='lat' dir='ltr'>princeps</span> <span class='ocrx_word' id='word_1_351' title='bbox 2377 2223 2790 2282; x_wconf 87' lang='lat' dir='ltr'>Constantinus</span> <span class='ocrx_word' id='word_1_352' title='bbox 2812 2225 3020 2284; x_wconf 88' lang='lat' dir='ltr'>intima</span> <span class='ocrx_word' id='word_1_353' title='bbox 3041 2228 3511 2286; x_wconf 86' lang='lat' dir='ltr'>consideratione</span> <span class='ocrx_word' id='word_1_354' title='bbox 3533 2231 3786 2288; x_wconf 81' lang='lat' dir='ltr'>reveri-</span> 
     </span>
    </p>
   </div>
   <div class='ocr_carea' id='block_1_54' title="bbox 2096 2315 3784 2386">
    <p class='ocr_par' dir='ltr' id='par_1_54' title="bbox 2096 2315 3784 2386">
     <span class='ocr_line' id='line_1_55' title="bbox 2096 2315 3784 2386; baseline 0.007 -21"><span class='ocrx_word' id='word_1_355' title='bbox 2096 2317 2212 2378; x_wconf 91' lang='lat' dir='ltr'>tus,</span> <span class='ocrx_word' id='word_1_356' title='bbox 2264 2316 2502 2368; x_wconf 91' lang='lat' dir='ltr'>cunctos</span> <span class='ocrx_word' id='word_1_357' title='bbox 2550 2331 2737 2386; x_wconf 89' lang='lat' dir='ltr'>usque</span> <span class='ocrx_word' id='word_1_358' title='bbox 2789 2315 2848 2371; x_wconf 92' lang='lat' dir='ltr'>in</span> <span class='ocrx_word' id='word_1_359' title='bbox 2899 2317 3078 2372; x_wconf 81' lang='lat' dir='ltr'>ﬁnem</span> <span class='ocrx_word' id='word_1_360' title='bbox 3127 2317 3331 2374; x_wconf 65' lang='lat' dir='ltr'>saeculi</span> <span class='ocrx_word' id='word_1_361' title='bbox 3367 2335 3784 2379; x_wconf 83' lang='lat' dir='ltr'>successuros</span> 
     </span>
    </p>
   </div>
   <div class='ocr_carea' id='block_1_55' title="bbox 2099 2399 3786 2482">
    <p class='ocr_par' dir='ltr' id='par_1_55' title="bbox 2099 2399 3786 2482">
     <span class='ocr_line' id='line_1_56' title="bbox 2099 2399 3786 2482; baseline 0.007 -28"><span class='ocrx_word' id='word_1_362' title='bbox 2099 2399 2284 2455; x_wconf 90' lang='lat' dir='ltr'>eidem</span> <span class='ocrx_word' id='word_1_363' title='bbox 2335 2401 2597 2471; x_wconf 92' lang='lat' dir='ltr'>apostolo</span> <span class='ocrx_word' id='word_1_364' title='bbox 2646 2402 2707 2458; x_wconf 89' lang='lat' dir='ltr'>in</span> <span class='ocrx_word' id='word_1_365' title='bbox 2751 2403 3016 2460; x_wconf 87' lang='lat' dir='ltr'>Romana</span> <span class='ocrx_word' id='word_1_366' title='bbox 3075 2406 3216 2462; x_wconf 90' lang='lat' dir='ltr'>sede</span> <span class='ocrx_word' id='word_1_367' title='bbox 3266 2407 3614 2479; x_wconf 87' lang='lat' dir='ltr'>pontiﬁces,</span> <span class='ocrx_word' id='word_1_368' title='bbox 3670 2426 3786 2482; x_wconf 85' lang='lat' dir='ltr'>per</span> 
     </span>
    </p>
   </div>
   <div class='ocr_carea' id='block_1_56' title="bbox 2100 2489 3786 2576">
    <p class='ocr_par' dir='ltr' id='par_1_56' title="bbox 2100 2489 3786 2576">
     <span class='ocr_line' id='line_1_57' title="bbox 2100 2489 3786 2576; baseline 0.008 -33"><span class='ocrx_word' id='word_1_369' title='bbox 2100 2490 2336 2544; x_wconf 87' lang='lat' dir='ltr'>beatum</span> <span class='ocrx_word' id='word_1_370' title='bbox 2368 2489 2708 2546; x_wconf 90' lang='lat' dir='ltr'>Silvestrum</span> <span class='ocrx_word' id='word_1_371' title='bbox 2728 2509 2841 2548; x_wconf 91' lang='lat' dir='ltr'>non</span> <span class='ocrx_word' id='word_1_372' title='bbox 2856 2492 3050 2550; x_wconf 88' lang='lat' dir='ltr'>solum</span> <span class='ocrx_word' id='word_1_373' title='bbox 3073 2493 3370 2568; x_wconf 88' lang='lat' dir='ltr'>imperiali</span> <span class='ocrx_word' id='word_1_374' title='bbox 3391 2503 3706 2570; x_wconf 82' lang='lat' dir='ltr'>potestate</span> <span class='ocrx_word' id='word_1_375' title='bbox 3727 2503 3786 2576; x_wconf 77' lang='lat' dir='ltr'>et</span> 
     </span>
    </p>
   </div>
   <div class='ocr_carea' id='block_1_57' title="bbox 2101 2577 3786 2662">
    <p class='ocr_par' dir='ltr' id='par_1_57' title="bbox 2101 2577 3786 2662">
     <span class='ocr_line' id='line_1_58' title="bbox 2101 2577 3786 2662; baseline 0.008 -31"><span class='ocrx_word' id='word_1_376' title='bbox 2101 2577 2407 2650; x_wconf 82' lang='lat' dir='ltr'>dignitate,</span> <span class='ocrx_word' id='word_1_377' title='bbox 2427 2597 2628 2634; x_wconf 85' lang='lat' dir='ltr'>verum</span> <span class='ocrx_word' id='word_1_378' title='bbox 2641 2581 2816 2636; x_wconf 87' lang='lat' dir='ltr'>etiam</span> <span class='ocrx_word' id='word_1_379' title='bbox 2837 2581 3038 2662; x_wconf 76' lang='lat' dir='ltr'>infulis</span> <span class='ocrx_word' id='word_1_380' title='bbox 3051 2587 3107 2640; x_wconf 88' lang='lat' dir='ltr'>et</span> <span class='ocrx_word' id='word_1_381' title='bbox 3130 2585 3430 2643; x_wconf 86' lang='lat' dir='ltr'>ministris</span> <span class='ocrx_word' id='word_1_382' title='bbox 3453 2587 3786 2646; x_wconf 88' lang='lat' dir='ltr'>adornavit</span> 
     </span>
    </p>
   </div>
   <div class='ocr_carea' id='block_1_58' title="bbox 2102 2667 3784 2744">
    <p class='ocr_par' dir='ltr' id='par_1_58' title="bbox 2102 2667 3784 2744">
     <span class='ocr_line' id='line_1_59' title="bbox 2102 2667 3784 2744; baseline 0.01 -25"><span class='ocrx_word' id='word_1_383' title='bbox 2102 2667 2523 2739; x_wconf 89' lang='lat' dir='ltr'>imperialibus,</span> <span class='ocrx_word' id='word_1_384' title='bbox 2543 2669 2708 2725; x_wconf 89' lang='lat' dir='ltr'>valde</span> <span class='ocrx_word' id='word_1_385' title='bbox 2723 2671 3031 2744; x_wconf 87' lang='lat' dir='ltr'>indignum</span> <span class='ocrx_word' id='word_1_386' title='bbox 3051 2673 3172 2730; x_wconf 90' lang='lat' dir='ltr'>fore</span> <span class='ocrx_word' id='word_1_387' title='bbox 3185 2675 3521 2734; x_wconf 80' lang='lat' dir='ltr'>arbitratus</span> <span class='ocrx_word' id='word_1_388' title='bbox 3541 2682 3784 2735; x_wconf 85' lang='lat' dir='ltr'>terreno</span> 
     </span>
    </p>
   </div>
   <div class='ocr_carea' id='block_1_59' title="bbox 2104 2756 3783 2836">
    <p class='ocr_par' dir='ltr' id='par_1_59' title="bbox 2104 2756 3783 2836">
     <span class='ocr_line' id='line_1_60' title="bbox 2104 2756 3783 2836; baseline 0.008 -26"><span class='ocrx_word' id='word_1_389' title='bbox 2104 2756 2345 2828; x_wconf 81' lang='lat' dir='ltr'>imperio</span> <span class='ocrx_word' id='word_1_390' title='bbox 2377 2758 2484 2811; x_wconf 85' lang='lat' dir='ltr'>sub</span> <span class='ocrx_word' id='word_1_391' title='bbox 2513 2774 2660 2828; x_wconf 89' lang='lat' dir='ltr'>quos</span> <span class='ocrx_word' id='word_1_392' title='bbox 2681 2759 2875 2814; x_wconf 89' lang='lat' dir='ltr'>divina</span> <span class='ocrx_word' id='word_1_393' title='bbox 2892 2763 3174 2833; x_wconf 87' lang='lat' dir='ltr'>majestas</span> <span class='ocrx_word' id='word_1_394' title='bbox 3211 2764 3483 2836; x_wconf 65' lang='lat' dir='ltr'>prefecit</span> <span class='ocrx_word' id='word_1_395' title='bbox 3503 2767 3742 2824; x_wconf 76' lang='lat' dir='ltr'>cmlesti</span> <span class='ocrx_word' id='word_1_396' title='bbox 3769 2785 3783 2836; x_wconf 87' lang='lat'><strong>;</strong></span> 
     </span>
    </p>
   </div>
   <div class='ocr_carea' id='block_1_60' title="bbox 2103 2845 3780 2924">
    <p class='ocr_par' dir='ltr' id='par_1_60' title="bbox 2103 2845 3780 2924">
     <span class='ocr_line' id='line_1_61' title="bbox 2103 2845 3780 2924; baseline 0.008 -27"><span class='ocrx_word' id='word_1_397' title='bbox 2103 2845 2195 2899; x_wconf 84' lang='lat' dir='ltr'>cui</span> <span class='ocrx_word' id='word_1_398' title='bbox 2215 2845 2483 2916; x_wconf 90' lang='lat' dir='ltr'>equidem</span> <span class='ocrx_word' id='word_1_399' title='bbox 2516 2863 2634 2902; x_wconf 82' lang='lat' dir='ltr'>corr.</span> <span class='ocrx_word' id='word_1_400' title='bbox 2651 2853 2916 2919; x_wconf 86' lang='lat' dir='ltr'>paratum</span> <span class='ocrx_word' id='word_1_401' title='bbox 2948 2850 3106 2906; x_wconf 88' lang='lat' dir='ltr'>istud</span> <span class='ocrx_word' id='word_1_402' title='bbox 3139 2855 3445 2910; x_wconf 89' lang='lat' dir='ltr'>terrenum</span> <span class='ocrx_word' id='word_1_403' title='bbox 3474 2855 3638 2911; x_wconf 87' lang='lat' dir='ltr'>nihil</span> <span class='ocrx_word' id='word_1_404' title='bbox 3667 2861 3780 2924; x_wconf 88' lang='lat' dir='ltr'>est,</span> 
     </span>
    </p>
   </div>
   <div class='ocr_carea' id='block_1_61' title="bbox 2105 2933 3781 3008">
    <p class='ocr_par' dir='ltr' id='par_1_61' title="bbox 2105 2933 3781 3008">
     <span class='ocr_line' id='line_1_62' title="bbox 2105 2933 3781 3008; baseline 0.008 -20"><span class='ocrx_word' id='word_1_405' title='bbox 2105 2933 2216 2988; x_wconf 92' lang='lat' dir='ltr'>nisi</span> <span class='ocrx_word' id='word_1_406' title='bbox 2247 2934 2470 2990; x_wconf 86' lang='lat' dir='ltr'>vanitas</span> <span class='ocrx_word' id='word_1_407' title='bbox 2490 2935 2835 3005; x_wconf 88' lang='lat' dir='ltr'>vanitatum,</span> <span class='ocrx_word' id='word_1_408' title='bbox 2857 2953 2974 3008; x_wconf 90' lang='lat' dir='ltr'>qua</span> <span class='ocrx_word' id='word_1_409' title='bbox 2993 2939 3288 3008; x_wconf 88' lang='lat' dir='ltr'>homines,</span> <span class='ocrx_word' id='word_1_410' title='bbox 3319 2942 3498 2999; x_wconf 86' lang='lat' dir='ltr'>obliti</span> <span class='ocrx_word' id='word_1_411' title='bbox 3530 2944 3781 3001; x_wconf 88' lang='lat' dir='ltr'>Domini</span> 
     </span>
    </p>
   </div>
   <div class='ocr_carea' id='block_1_62' title="bbox 2101 3022 3786 3100">
    <p class='ocr_par' dir='ltr' id='par_1_62' title="bbox 2101 3022 3786 3100">
     <span class='ocr_line' id='line_1_63' title="bbox 2101 3022 3786 3100; baseline 0.008 -22"><span class='ocrx_word' id='word_1_412' title='bbox 2101 3022 2387 3078; x_wconf 85' lang='lat' dir='ltr'>Creatoris</span> <span class='ocrx_word' id='word_1_413' title='bbox 2410 3023 2520 3092; x_wconf 90' lang='lat' dir='ltr'>sui,</span> <span class='ocrx_word' id='word_1_414' title='bbox 2545 3024 3183 3100; x_wconf 64' lang='lat' dir='ltr'>intumescentes,jmox</span> <span class='ocrx_word' id='word_1_415' title='bbox 3213 3031 3680 3090; x_wconf 89' lang='lat' dir='ltr'>detumescunt.</span> <span class='ocrx_word' id='word_1_416' title='bbox 3713 3035 3786 3092; x_wconf 83' lang='lat' dir='ltr'>Et</span> 
     </span>
    </p>
   </div>
   <div class='ocr_carea' id='block_1_63' title="bbox 2105 3110 3783 3196">
    <p class='ocr_par' dir='ltr' id='par_1_63' title="bbox 2105 3110 3783 3196">
     <span class='ocr_line' id='line_1_64' title="bbox 2105 3110 3783 3196; baseline 0.008 -32"><span class='ocrx_word' id='word_1_417' title='bbox 2105 3114 2300 3166; x_wconf 90' lang='lat' dir='ltr'>tamen</span> <span class='ocrx_word' id='word_1_418' title='bbox 2338 3110 2660 3184; x_wconf 86' lang='lat' dir='ltr'>imperialis</span> <span class='ocrx_word' id='word_1_419' title='bbox 2690 3114 2973 3172; x_wconf 89' lang='lat' dir='ltr'>celsitudo</span> <span class='ocrx_word' id='word_1_420' title='bbox 3004 3117 3114 3174; x_wconf 92' lang='lat' dir='ltr'>hoc</span> <span class='ocrx_word' id='word_1_421' title='bbox 3145 3123 3340 3176; x_wconf 89' lang='lat' dir='ltr'>totum</span> <span class='ocrx_word' id='word_1_422' title='bbox 3372 3123 3543 3193; x_wconf 90' lang='lat' dir='ltr'>quod</span> <span class='ocrx_word' id='word_1_423' title='bbox 3580 3123 3783 3196; x_wconf 89' lang='lat' dir='ltr'>potuit</span> 
     </span>
    </p>
   </div>
   <div class='ocr_carea' id='block_1_64' title="bbox 367 3199 3789 3284">
    <p class='ocr_par' dir='ltr' id='par_1_64' title="bbox 367 3199 3789 3284">
     <span class='ocr_line' id='line_1_65' title="bbox 367 3199 3789 3284; baseline 0.002 -26"><span class='ocrx_word' id='word_1_424' title='bbox 367 3199 1306 3274; x_wconf 65' lang='lat' dir='ltr'>ctamﬂomanametapostolicam</span> <span class='ocrx_word' id='word_1_425' title='bbox 1321 3202 1998 3275; x_wconf 89' lang='lat' dir='ltr'>sedem,postDominum</span> <span class='ocrx_word' id='word_1_426' title='bbox 2037 3274 2071 3284; x_wconf 77' lang='lat'>_</span> <span class='ocrx_word' id='word_1_427' title='bbox 2107 3199 2317 3267; x_wconf 78' lang='lat' dir='ltr'>effecit,</span> <span class='ocrx_word' id='word_1_428' title='bbox 2349 3201 2580 3271; x_wconf 87' lang='lat' dir='ltr'>quando</span> <span class='ocrx_word' id='word_1_429' title='bbox 2611 3205 2732 3260; x_wconf 89' lang='lat' dir='ltr'>tota</span> <span class='ocrx_word' id='word_1_430' title='bbox 2759 3204 3064 3262; x_wconf 89' lang='lat' dir='ltr'>devotione</span> <span class='ocrx_word' id='word_1_431' title='bbox 3093 3208 3386 3284; x_wconf 89' lang='lat' dir='ltr'>quidquid</span> <span class='ocrx_word' id='word_1_432' title='bbox 3433 3227 3474 3266; x_wconf 87' lang='lat' dir='ltr'>a</span> <span class='ocrx_word' id='word_1_433' title='bbox 3522 3213 3789 3269; x_wconf 84' lang='lat' dir='ltr'>Domino</span> 
     </span>
    </p>
   </div>
   <div class='ocr_carea' id='block_1_65' title="bbox 366 3274 3791 3376">
    <p class='ocr_par' dir='ltr' id='par_1_65' title="bbox 366 3274 3791 3376">
     <span class='ocr_line' id='line_1_66' title="bbox 366 3274 3791 3376; baseline 0.004 -31"><span class='ocrx_word' id='word_1_434' title='bbox 366 3289 590 3358; x_wconf 83' lang='lat' dir='ltr'>Jesum,</span> <span class='ocrx_word' id='word_1_435' title='bbox 622 3294 796 3362; x_wconf 90' lang='lat' dir='ltr'>caput</span> <span class='ocrx_word' id='word_1_436' title='bbox 821 3307 949 3348; x_wconf 89' lang='lat' dir='ltr'>esse</span> <span class='ocrx_word' id='word_1_437' title='bbox 965 3291 1227 3348; x_wconf 90' lang='lat' dir='ltr'>omnium</span> <span class='ocrx_word' id='word_1_438' title='bbox 1256 3274 1641 3348; x_wconf 89' lang='lat' dir='ltr'>Ecclesiarum</span> <span class='ocrx_word' id='word_1_439' title='bbox 1665 3293 1783 3360; x_wconf 90' lang='lat' dir='ltr'>Dei,</span> <span class='ocrx_word' id='word_1_440' title='bbox 1816 3291 1998 3348; x_wconf 89' lang='lat' dir='ltr'>ethoc</span> <span class='ocrx_word' id='word_1_441' title='bbox 2030 3274 2073 3342; x_wconf 76' lang='grc' dir='ltr'>Ο</span> <span class='ocrx_word' id='word_1_442' title='bbox 2110 3293 2426 3358; x_wconf 87' lang='lat' dir='ltr'>acceperat,</span> <span class='ocrx_word' id='word_1_443' title='bbox 2456 3289 2644 3345; x_wconf 90' lang='lat' dir='ltr'>eidem</span> <span class='ocrx_word' id='word_1_444' title='bbox 2666 3290 2726 3346; x_wconf 92' lang='lat' dir='ltr'>in</span> <span class='ocrx_word' id='word_1_445' title='bbox 2757 3274 3180 3352; x_wconf 72' lang='lat' dir='ltr'>ministrissuis</span> <span class='ocrx_word' id='word_1_446' title='bbox 3201 3297 3490 3355; x_wconf 89' lang='lat' dir='ltr'>reddidit.</span> <span class='ocrx_word' id='word_1_447' title='bbox 3518 3299 3602 3356; x_wconf 90' lang='lat' dir='ltr'>Ut</span> <span class='ocrx_word' id='word_1_448' title='bbox 3626 3301 3791 3376; x_wconf 81' lang='lat' dir='ltr'>enim</span> 
     </span>
    </p>
   </div>
   <div class='ocr_carea' id='block_1_66' title="bbox 370 3379 2000 3450">
    <p class='ocr_par' dir='ltr' id='par_1_66' title="bbox 370 3379 2000 3450">
     <span class='ocr_line' id='line_1_67' title="bbox 370 3379 2000 3450; baseline 0 -14"><span class='ocrx_word' id='word_1_449' title='bbox 370 3379 578 3439; x_wconf 86' lang='lat' dir='ltr'>debere</span> <span class='ocrx_word' id='word_1_450' title='bbox 609 3379 784 3450; x_wconf 79' lang='lat' dir='ltr'>credi,</span> <span class='ocrx_word' id='word_1_451' title='bbox 836 3379 1099 3437; x_wconf 89' lang='lat' dir='ltr'>conﬁteri</span> <span class='ocrx_word' id='word_1_452' title='bbox 1129 3384 1184 3436; x_wconf 91' lang='lat' dir='ltr'>et</span> <span class='ocrx_word' id='word_1_453' title='bbox 1215 3381 1388 3437; x_wconf 87' lang='lat' dir='ltr'>scribi</span> <span class='ocrx_word' id='word_1_454' title='bbox 1421 3382 1493 3436; x_wconf 90' lang='lat' dir='ltr'>ab</span> <span class='ocrx_word' id='word_1_455' title='bbox 1527 3381 1806 3437; x_wconf 87' lang='lat' dir='ltr'>omnibus</span> <span class='ocrx_word' id='word_1_456' title='bbox 1830 3397 2000 3437; x_wconf 89' lang='lat' dir='ltr'>vene-</span> 
     </span>
    </p>
   </div>
   <div class='ocr_carea' id='block_1_67' title="bbox 367 3467 2000 3542">
    <p class='ocr_par' dir='ltr' id='par_1_67' title="bbox 367 3467 2000 3542">
     <span class='ocr_line' id='line_1_68' title="bbox 367 3467 2000 3542; baseline 0.002 -19"><span class='ocrx_word' id='word_1_457' title='bbox 367 3467 659 3529; x_wconf 80' lang='lat' dir='ltr'>ratoribus</span> <span class='ocrx_word' id='word_1_458' title='bbox 671 3468 886 3528; x_wconf 69' lang='lat' dir='ltr'>Nicmni</span> <span class='ocrx_word' id='word_1_459' title='bbox 907 3469 1134 3526; x_wconf 92' lang='lat' dir='ltr'>concilii</span> <span class='ocrx_word' id='word_1_460' title='bbox 1159 3471 1330 3542; x_wconf 89' lang='lat' dir='ltr'>cujus</span> <span class='ocrx_word' id='word_1_461' title='bbox 1344 3473 1695 3526; x_wconf 91' lang='lat' dir='ltr'>statutorum</span> <span class='ocrx_word' id='word_1_462' title='bbox 1719 3487 1904 3542; x_wconf 90' lang='lat' dir='ltr'>usque</span> <span class='ocrx_word' id='word_1_463' title='bbox 1927 3471 2000 3526; x_wconf 90' lang='lat' dir='ltr'>ad</span> 
     </span>
    </p>
   </div>
   <div class='ocr_carea' id='block_1_68' title="bbox 367 3557 2002 3630">
    <p class='ocr_par' dir='ltr' id='par_1_68' title="bbox 367 3557 2002 3630">
     <span class='ocr_line' id='line_1_69' title="bbox 367 3557 2002 3630; baseline -0.002 -8"><span class='ocrx_word' id='word_1_464' title='bbox 367 3573 551 3623; x_wconf 73' lang='lat' dir='ltr'>unum</span> <span class='ocrx_word' id='word_1_465' title='bbox 599 3557 718 3622; x_wconf 83' lang='lat' dir='ltr'>iota</span> <span class='ocrx_word' id='word_1_466' title='bbox 764 3558 1261 3630; x_wconf 85' lang='lat' dir='ltr'>contemptoribus</span> <span class='ocrx_word' id='word_1_467' title='bbox 1309 3558 1638 3614; x_wconf 89' lang='lat' dir='ltr'>districtum</span> <span class='ocrx_word' id='word_1_468' title='bbox 1691 3559 2002 3618; x_wconf 83' lang='lat' dir='ltr'>anathema</span> 
     </span>
    </p>
   </div>
   <div class='ocr_carea' id='block_1_69' title="bbox 365 3647 2002 3719">
    <p class='ocr_par' dir='ltr' id='par_1_69' title="bbox 365 3647 2002 3719">
     <span class='ocr_line' id='line_1_70' title="bbox 365 3647 2002 3719; baseline -0.005 -7"><span class='ocrx_word' id='word_1_469' title='bbox 365 3649 602 3712; x_wconf 55' lang='grc' dir='ltr'><strong>οααιιιιιι</strong></span> <span class='ocrx_word' id='word_1_470' title='bbox 632 3651 722 3708; x_wconf 81' lang='lat' dir='ltr'>est</span> <span class='ocrx_word' id='word_1_471' title='bbox 767 3664 802 3706; x_wconf 84' lang='lat' dir='ltr'>a</span> <span class='ocrx_word' id='word_1_472' title='bbox 836 3647 1098 3718; x_wconf 87' lang='lat' dir='ltr'>quinque</span> <span class='ocrx_word' id='word_1_473' title='bbox 1125 3647 1396 3719; x_wconf 79' lang='lat' dir='ltr'>praefatis,</span> <span class='ocrx_word' id='word_1_474' title='bbox 1428 3651 1486 3704; x_wconf 88' lang='lat' dir='ltr'>et</span> <span class='ocrx_word' id='word_1_475' title='bbox 1515 3648 1741 3704; x_wconf 90' lang='lat' dir='ltr'>cunctis</span> <span class='ocrx_word' id='word_1_476' title='bbox 1771 3653 2002 3704; x_wconf 89' lang='lat' dir='ltr'>sancto-</span> 
     </span>
    </p>
   </div>
   <div class='ocr_carea' id='block_1_70' title="bbox 369 3734 1592 3808">
    <p class='ocr_par' dir='ltr' id='par_1_70' title="bbox 369 3734 1592 3808">
     <span class='ocr_line' id='line_1_71' title="bbox 369 3734 1592 3808; baseline -0.005 -10"><span class='ocrx_word' id='word_1_477' title='bbox 369 3749 502 3798; x_wconf 80' lang='lat' dir='ltr'>rum</span> <span class='ocrx_word' id='word_1_478' title='bbox 533 3734 771 3794; x_wconf 78' lang='lat' dir='ltr'>Patrum</span> <span class='ocrx_word' id='word_1_479' title='bbox 806 3735 1045 3808; x_wconf 78' lang='lat' dir='ltr'>synodis</span> <span class='ocrx_word' id='word_1_480' title='bbox 1074 3735 1592 3807; x_wconf 89' lang='lat' dir='ltr'>subsequentibus.</span> 
     </span>
    </p>
   </div>
   <div class='ocr_carea' id='block_1_71' title="bbox 437 3823 2002 3900">
    <p class='ocr_par' dir='ltr' id='par_1_71' title="bbox 437 3823 2002 3900">
     <span class='ocr_line' id='line_1_72' title="bbox 437 3823 2002 3900; baseline 0 -18"><span class='ocrx_word' id='word_1_481' title='bbox 437 3824 530 3882; x_wconf 83' lang='lat' dir='ltr'>XI.</span> <span class='ocrx_word' id='word_1_482' title='bbox 563 3824 866 3896; x_wconf 85' lang='lat' dir='ltr'>Sic,juxta</span> <span class='ocrx_word' id='word_1_483' title='bbox 879 3825 1236 3897; x_wconf 89' lang='lat' dir='ltr'>Sapientem,</span> <span class='ocrx_word' id='word_1_484' title='bbox 1260 3823 1409 3896; x_wconf 89' lang='lat' dir='ltr'>lapis</span> <span class='ocrx_word' id='word_1_485' title='bbox 1435 3825 1654 3880; x_wconf 89' lang='lat' dir='ltr'>missus</span> <span class='ocrx_word' id='word_1_486' title='bbox 1673 3842 1786 3882; x_wconf 91' lang='lat' dir='ltr'>non</span> <span class='ocrx_word' id='word_1_487' title='bbox 1810 3828 2002 3900; x_wconf 82' lang='lat' dir='ltr'>pergit</span> 
     </span>
    </p>
   </div>
   <div class='ocr_carea' id='block_1_72' title="bbox 368 3911 1999 3988">
    <p class='ocr_par' dir='ltr' id='par_1_72' title="bbox 368 3911 1999 3988">
     <span class='ocr_line' id='line_1_73' title="bbox 368 3911 1999 3988; baseline 0.001 -18"><span class='ocrx_word' id='word_1_488' title='bbox 368 3911 444 3976; x_wconf 81' lang='lat' dir='ltr'>ad</span> <span class='ocrx_word' id='word_1_489' title='bbox 470 3911 682 3973; x_wconf 81' lang='lat' dir='ltr'>caelum</span> <span class='ocrx_word' id='word_1_490' title='bbox 704 3914 889 3988; x_wconf 77' lang='lat' dir='ltr'>(Booti.</span> <span class='ocrx_word' id='word_1_491' title='bbox 913 3913 1111 3985; x_wconf 84' lang='lat' dir='ltr'>xxvn),</span> <span class='ocrx_word' id='word_1_492' title='bbox 1133 3917 1192 3968; x_wconf 90' lang='lat' dir='ltr'>et</span> <span class='ocrx_word' id='word_1_493' title='bbox 1211 3913 1607 3981; x_wconf 89' lang='lat' dir='ltr'>maledictum,</span> <span class='ocrx_word' id='word_1_494' title='bbox 1633 3915 1848 3970; x_wconf 82' lang='lat' dir='ltr'>frustra</span> <span class='ocrx_word' id='word_1_495' title='bbox 1868 3931 1999 3987; x_wconf 90' lang='lat' dir='ltr'>pro-</span> 
     </span>
    </p>
   </div>
   <div class='ocr_carea' id='block_1_73' title="bbox 369 4000 1996 4075">
    <p class='ocr_par' dir='ltr' id='par_1_73' title="bbox 369 4000 1996 4075">
     <span class='ocr_line' id='line_1_74' title="bbox 369 4000 1996 4075; baseline -0.001 -15"><span class='ocrx_word' id='word_1_496' title='bbox 369 4000 577 4074; x_wconf 86' lang='lat' dir='ltr'>latum,</span> <span class='ocrx_word' id='word_1_497' title='bbox 607 4003 915 4060; x_wconf 82' lang='lat' dir='ltr'>revertitur</span> <span class='ocrx_word' id='word_1_498' title='bbox 941 4003 1003 4058; x_wconf 92' lang='lat' dir='ltr'>in</span> <span class='ocrx_word' id='word_1_499' title='bbox 1031 4007 1327 4060; x_wconf 89' lang='lat' dir='ltr'>auctorem</span> <span class='ocrx_word' id='word_1_500' title='bbox 1371 4020 1544 4058; x_wconf 90' lang='lat' dir='ltr'>suum</span> <span class='ocrx_word' id='word_1_501' title='bbox 1577 4005 1756 4074; x_wconf 88' lang='lat' dir='ltr'>(Prov.</span> <span class='ocrx_word' id='word_1_502' title='bbox 1798 4005 1953 4075; x_wconf 78' lang='lat' dir='ltr'>xxw)</span> <span class='ocrx_word' id='word_1_503' title='bbox 1983 4021 1996 4058; x_wconf 91' lang='lat'><strong>:</strong></span> 
     </span>
    </p>
   </div>
   <div class='ocr_carea' id='block_1_74' title="bbox 369 4089 1998 4164">
    <p class='ocr_par' dir='ltr' id='par_1_74' title="bbox 369 4089 1998 4164">
     <span class='ocr_line' id='line_1_75' title="bbox 369 4089 1998 4164; baseline 0.001 -18"><span class='ocrx_word' id='word_1_504' title='bbox 369 4091 476 4158; x_wconf 85' lang='lat' dir='ltr'>sic,</span> <span class='ocrx_word' id='word_1_505' title='bbox 497 4091 670 4162; x_wconf 71' lang='lat' dir='ltr'>juxta</span> <span class='ocrx_word' id='word_1_506' title='bbox 697 4089 853 4164; x_wconf 81' lang='lat' dir='ltr'>vulgi</span> <span class='ocrx_word' id='word_1_507' title='bbox 891 4091 1280 4163; x_wconf 90' lang='lat' dir='ltr'>proverbium,</span> <span class='ocrx_word' id='word_1_508' title='bbox 1308 4091 1406 4162; x_wconf 90' lang='lat' dir='ltr'>qui</span> <span class='ocrx_word' id='word_1_509' title='bbox 1427 4108 1604 4162; x_wconf 91' lang='lat' dir='ltr'>supra</span> <span class='ocrx_word' id='word_1_510' title='bbox 1627 4096 1802 4164; x_wconf 90' lang='lat' dir='ltr'>caput</span> <span class='ocrx_word' id='word_1_511' title='bbox 1827 4108 1998 4148; x_wconf 90' lang='lat' dir='ltr'>suum</span> 
     </span>
    </p>
   </div>
   <div class='ocr_carea' id='block_1_75' title="bbox 370 4179 2000 4252">
    <p class='ocr_par' dir='ltr' id='par_1_75' title="bbox 370 4179 2000 4252">
     <span class='ocr_line' id='line_1_76' title="bbox 370 4179 2000 4252; baseline -0.002 -11"><span class='ocrx_word' id='word_1_512' title='bbox 370 4195 580 4252; x_wconf 76' lang='lat' dir='ltr'>spuere</span> <span class='ocrx_word' id='word_1_513' title='bbox 608 4183 870 4248; x_wconf 86' lang='lat' dir='ltr'>conatur,</span> <span class='ocrx_word' id='word_1_514' title='bbox 895 4179 1244 4251; x_wconf 88' lang='lat' dir='ltr'>quantocius</span> <span class='ocrx_word' id='word_1_515' title='bbox 1265 4179 1321 4234; x_wconf 92' lang='lat' dir='ltr'>in</span> <span class='ocrx_word' id='word_1_516' title='bbox 1345 4180 1549 4236; x_wconf 90' lang='lat' dir='ltr'>faciem</span> <span class='ocrx_word' id='word_1_517' title='bbox 1579 4179 1740 4236; x_wconf 91' lang='lat' dir='ltr'>illius</span> <span class='ocrx_word' id='word_1_518' title='bbox 1760 4185 2000 4252; x_wconf 90' lang='lat' dir='ltr'>sputum</span> 
     </span>
    </p>
   </div>
   <div class='ocr_carea' id='block_1_76' title="bbox 373 4267 2000 4340">
    <p class='ocr_par' dir='ltr' id='par_1_76' title="bbox 373 4267 2000 4340">
     <span class='ocr_line' id='line_1_77' title="bbox 373 4267 2000 4340; baseline 0.003 -17"><span class='ocrx_word' id='word_1_519' title='bbox 373 4267 656 4330; x_wconf 78' lang='lat' dir='ltr'>relabitur</span> <span class='ocrx_word' id='word_1_520' title='bbox 688 4286 702 4326; x_wconf 89' lang='lat'><strong>:</strong></span> <span class='ocrx_word' id='word_1_521' title='bbox 729 4269 823 4325; x_wconf 91' lang='lat' dir='ltr'>Sic</span> <span class='ocrx_word' id='word_1_522' title='bbox 842 4267 1009 4325; x_wconf 88' lang='lat' dir='ltr'>nobis</span> <span class='ocrx_word' id='word_1_523' title='bbox 1033 4267 1402 4323; x_wconf 88' lang='lat' dir='ltr'>maledictum</span> <span class='ocrx_word' id='word_1_524' title='bbox 1422 4286 1524 4340; x_wconf 89' lang='lat' dir='ltr'>pro</span> <span class='ocrx_word' id='word_1_525' title='bbox 1548 4268 1854 4324; x_wconf 89' lang='lat' dir='ltr'>maledicto</span> <span class='ocrx_word' id='word_1_526' title='bbox 1885 4287 2000 4328; x_wconf 94' lang='lat' dir='ltr'>non</span> 
     </span>
    </p>
   </div>
   <div class='ocr_carea' id='block_1_77' title="bbox 365 4356 2000 4430">
    <p class='ocr_par' dir='ltr' id='par_1_77' title="bbox 365 4356 2000 4430">
     <span class='ocr_line' id='line_1_78' title="bbox 365 4356 2000 4430; baseline 0.002 -18"><span class='ocrx_word' id='word_1_527' title='bbox 365 4356 764 4426; x_wconf 86' lang='lat' dir='ltr'>reddentibus,</span> <span class='ocrx_word' id='word_1_528' title='bbox 796 4357 896 4414; x_wconf 90' lang='lat' dir='ltr'>sed</span> <span class='ocrx_word' id='word_1_529' title='bbox 915 4373 1048 4413; x_wconf 92' lang='lat' dir='ltr'>cum</span> <span class='ocrx_word' id='word_1_530' title='bbox 1069 4356 1394 4424; x_wconf 85' lang='lat' dir='ltr'>Psalmista,</span> <span class='ocrx_word' id='word_1_531' title='bbox 1413 4358 1718 4413; x_wconf 91' lang='lat' dir='ltr'>adversum</span> <span class='ocrx_word' id='word_1_532' title='bbox 1737 4374 1844 4413; x_wconf 91' lang='lat' dir='ltr'>nos</span> <span class='ocrx_word' id='word_1_533' title='bbox 1869 4375 2000 4430; x_wconf 85' lang='lat' dir='ltr'>pec-</span> 
     </span>
    </p>
   </div>
   <div class='ocr_carea' id='block_1_78' title="bbox 366 4445 1998 4517">
    <p class='ocr_par' dir='ltr' id='par_1_78' title="bbox 366 4445 1998 4517">
     <span class='ocr_line' id='line_1_79' title="bbox 366 4445 1998 4517; baseline 0.001 -15"><span class='ocrx_word' id='word_1_534' title='bbox 366 4449 560 4507; x_wconf 87' lang='lat' dir='ltr'>catore</span> <span class='ocrx_word' id='word_1_535' title='bbox 589 4447 964 4514; x_wconf 85' lang='lat' dir='ltr'>consistente,</span> <span class='ocrx_word' id='word_1_536' title='bbox 1013 4445 1339 4504; x_wconf 88' lang='lat' dir='ltr'>custodiam</span> <span class='ocrx_word' id='word_1_537' title='bbox 1378 4446 1462 4501; x_wconf 92' lang='lat' dir='ltr'>ori</span> <span class='ocrx_word' id='word_1_538' title='bbox 1498 4450 1698 4501; x_wconf 87' lang='lat' dir='ltr'>nostra</span> <span class='ocrx_word' id='word_1_539' title='bbox 1731 4447 1859 4517; x_wconf 90' lang='lat' dir='ltr'>jam</span> <span class='ocrx_word' id='word_1_540' title='bbox 1897 4447 1998 4504; x_wconf 90' lang='lat' dir='ltr'>diu</span> 
     </span>
    </p>
   </div>
   <div class='ocr_carea' id='block_1_79' title="bbox 361 4535 1998 4608">
    <p class='ocr_par' dir='ltr' id='par_1_79' title="bbox 361 4535 1998 4608">
     <span class='ocr_line' id='line_1_80' title="bbox 361 4535 1998 4608; baseline -0.001 -14"><span class='ocrx_word' id='word_1_541' title='bbox 361 4535 714 4608; x_wconf 79' lang='lat' dir='ltr'>ponentibus</span> <span class='ocrx_word' id='word_1_542' title='bbox 760 4537 930 4607; x_wconf 85' lang='lat' dir='ltr'>(Psal.</span> <span class='ocrx_word' id='word_1_543' title='bbox 971 4536 1227 4606; x_wconf 78' lang='lat' dir='ltr'>XXXVIII),</span> <span class='ocrx_word' id='word_1_544' title='bbox 1279 4551 1380 4606; x_wconf 91' lang='lat' dir='ltr'>per</span> <span class='ocrx_word' id='word_1_545' title='bbox 1417 4539 1707 4590; x_wconf 89' lang='lat' dir='ltr'>tumorem</span> <span class='ocrx_word' id='word_1_546' title='bbox 1739 4540 1998 4592; x_wconf 89' lang='lat' dir='ltr'>vestrum</span> 
     </span>
    </p>
   </div>
   <div class='ocr_carea' id='block_1_80' title="bbox 360 4622 2002 4698">
    <p class='ocr_par' dir='ltr' id='par_1_80' title="bbox 360 4622 2002 4698">
     <span class='ocr_line' id='line_1_81' title="bbox 360 4622 2002 4698; baseline -0.002 -14"><span class='ocrx_word' id='word_1_547' title='bbox 360 4625 870 4698; x_wconf 82' lang='lat' dir='ltr'>incurristis,quod</span> <span class='ocrx_word' id='word_1_548' title='bbox 882 4622 1312 4694; x_wconf 85' lang='lat' dir='ltr'>dolemus,quia</span> <span class='ocrx_word' id='word_1_549' title='bbox 1325 4624 1460 4695; x_wconf 67' lang='lat' dir='ltr'>praej</span> <span class='ocrx_word' id='word_1_550' title='bbox 1469 4623 1725 4678; x_wconf 91' lang='lat' dir='ltr'>udicium</span> <span class='ocrx_word' id='word_1_551' title='bbox 1741 4624 2002 4680; x_wconf 91' lang='lat' dir='ltr'>faciendo</span> 
     </span>
    </p>
   </div>
   <div class='ocr_carea' id='block_1_81' title="bbox 362 4711 1997 4786">
    <p class='ocr_par' dir='ltr' id='par_1_81' title="bbox 362 4711 1997 4786">
     <span class='ocr_line' id='line_1_82' title="bbox 362 4711 1997 4786; baseline -0.005 -10"><span class='ocrx_word' id='word_1_552' title='bbox 362 4731 607 4776; x_wconf 61' lang='lat' dir='ltr'>summa</span> <span class='ocrx_word' id='word_1_553' title='bbox 637 4715 782 4782; x_wconf 87' lang='lat' dir='ltr'>sedi,</span> <span class='ocrx_word' id='word_1_554' title='bbox 817 4716 887 4772; x_wconf 92' lang='lat' dir='ltr'>de</span> <span class='ocrx_word' id='word_1_555' title='bbox 921 4731 1036 4786; x_wconf 90' lang='lat' dir='ltr'>qua</span> <span class='ocrx_word' id='word_1_556' title='bbox 1064 4729 1168 4768; x_wconf 90' lang='lat' dir='ltr'>nec</span> <span class='ocrx_word' id='word_1_557' title='bbox 1186 4711 1476 4784; x_wconf 89' lang='lat' dir='ltr'>judicium</span> <span class='ocrx_word' id='word_1_558' title='bbox 1503 4711 1638 4767; x_wconf 92' lang='lat' dir='ltr'>licet</span> <span class='ocrx_word' id='word_1_559' title='bbox 1668 4713 1855 4769; x_wconf 89' lang='lat' dir='ltr'>facere</span> <span class='ocrx_word' id='word_1_560' title='bbox 1875 4714 1997 4770; x_wconf 89' lang='lat' dir='ltr'>cui-</span> 
     </span>
    </p>
   </div>
   <div class='ocr_carea' id='block_1_82' title="bbox 365 4799 2000 4876">
    <p class='ocr_par' dir='ltr' id='par_1_82' title="bbox 365 4799 2000 4876">
     <span class='ocr_line' id='line_1_83' title="bbox 365 4799 2000 4876; baseline -0.004 -12"><span class='ocrx_word' id='word_1_561' title='bbox 365 4821 542 4876; x_wconf 85' lang='lat' dir='ltr'>quam</span> <span class='ocrx_word' id='word_1_562' title='bbox 571 4804 896 4869; x_wconf 86' lang='lat' dir='ltr'>hominum,</span> <span class='ocrx_word' id='word_1_563' title='bbox 938 4801 1252 4860; x_wconf 89' lang='lat' dir='ltr'>anathema</span> <span class='ocrx_word' id='word_1_564' title='bbox 1279 4799 1584 4872; x_wconf 89' lang='lat' dir='ltr'>accepistis</span> <span class='ocrx_word' id='word_1_565' title='bbox 1614 4803 1685 4858; x_wconf 92' lang='lat' dir='ltr'>ab</span> <span class='ocrx_word' id='word_1_566' title='bbox 1711 4801 2000 4858; x_wconf 88' lang='lat' dir='ltr'>universis</span> 
     </span>
    </p>
   </div>
   <div class='ocr_carea' id='block_1_83' title="bbox 366 4888 1996 4956">
    <p class='ocr_par' dir='ltr' id='par_1_83' title="bbox 366 4888 1996 4956">
     <span class='ocr_line' id='line_1_84' title="bbox 366 4888 1996 4956; baseline -0.001 -8"><span class='ocrx_word' id='word_1_567' title='bbox 366 4891 636 4950; x_wconf 88' lang='lat' dir='ltr'>Patribus</span> <span class='ocrx_word' id='word_1_568' title='bbox 665 4891 930 4948; x_wconf 90' lang='lat' dir='ltr'>omnium</span> <span class='ocrx_word' id='word_1_569' title='bbox 972 4888 1390 4946; x_wconf 87' lang='lat' dir='ltr'>venerabilium</span> <span class='ocrx_word' id='word_1_570' title='bbox 1437 4889 1839 4946; x_wconf 88' lang='lat' dir='ltr'>conciliorum.</span> <span class='ocrx_word' id='word_1_571' title='bbox 1872 4893 1996 4956; x_wconf 92' lang='lat' dir='ltr'>Quo</span> 
     </span>
    </p>
   </div>
   <div class='ocr_carea' id='block_1_84' title="bbox 363 4977 1998 5050">
    <p class='ocr_par' dir='ltr' id='par_1_84' title="bbox 363 4977 1998 5050">
     <span class='ocr_line' id='line_1_85' title="bbox 363 4977 1998 5050; baseline -0.002 -12"><span class='ocrx_word' id='word_1_572' title='bbox 363 4977 848 5040; x_wconf 70' lang='lat' dir='ltr'>indissolubiliter</span> <span class='ocrx_word' id='word_1_573' title='bbox 861 4977 1286 5049; x_wconf 87' lang='lat' dir='ltr'>astringemini,</span> <span class='ocrx_word' id='word_1_574' title='bbox 1305 4977 1353 5034; x_wconf 91' lang='lat' dir='ltr'>si</span> <span class='ocrx_word' id='word_1_575' title='bbox 1366 4994 1463 5034; x_wconf 92' lang='lat' dir='ltr'>cor</span> <span class='ocrx_word' id='word_1_576' title='bbox 1476 4979 1554 5032; x_wconf 91' lang='lat' dir='ltr'>im</span> <span class='ocrx_word' id='word_1_577' title='bbox 1561 4979 1847 5050; x_wconf 62' lang='lat' dir='ltr'>paenitens</span> <span class='ocrx_word' id='word_1_578' title='bbox 1866 4981 1998 5035; x_wconf 86' lang='lat' dir='ltr'>reti-</span> 
     </span>
    </p>
   </div>
   <div class='ocr_carea' id='block_1_85' title="bbox 369 5067 1998 5140">
    <p class='ocr_par' dir='ltr' id='par_1_85' title="bbox 369 5067 1998 5140">
     <span class='ocr_line' id='line_1_86' title="bbox 369 5067 1998 5140; baseline -0.002 -12"><span class='ocrx_word' id='word_1_579' title='bbox 369 5067 562 5128; x_wconf 86' lang='lat' dir='ltr'>nendo</span> <span class='ocrx_word' id='word_1_580' title='bbox 601 5082 776 5137; x_wconf 87' lang='lat' dir='ltr'>super</span> <span class='ocrx_word' id='word_1_581' title='bbox 819 5069 1046 5122; x_wconf 88' lang='lat' dir='ltr'>tantam</span> <span class='ocrx_word' id='word_1_582' title='bbox 1088 5067 1620 5138; x_wconf 74' lang='lat' dir='ltr'>praesumptionem,</span> <span class='ocrx_word' id='word_1_583' title='bbox 1653 5067 1726 5122; x_wconf 90' lang='lat' dir='ltr'>ab</span> <span class='ocrx_word' id='word_1_584' title='bbox 1757 5067 1855 5122; x_wconf 93' lang='lat' dir='ltr'>illo</span> <span class='ocrx_word' id='word_1_585' title='bbox 1895 5086 1998 5140; x_wconf 88' lang='lat' dir='ltr'>per</span> 
     </span>
    </p>
   </div>
   <div class='ocr_carea' id='block_1_86' title="bbox 366 5152 1996 5226">
    <p class='ocr_par' dir='ltr' id='par_1_86' title="bbox 366 5152 1996 5226">
     <span class='ocr_line' id='line_1_87' title="bbox 366 5152 1996 5226; baseline 0 -14"><span class='ocrx_word' id='word_1_586' title='bbox 366 5153 613 5214; x_wconf 75' lang='lat' dir='ltr'>vinarios</span> <span class='ocrx_word' id='word_1_587' title='bbox 641 5152 828 5224; x_wconf 89' lang='lat' dir='ltr'>ipsius</span> <span class='ocrx_word' id='word_1_588' title='bbox 859 5170 972 5210; x_wconf 91' lang='lat' dir='ltr'>non</span> <span class='ocrx_word' id='word_1_589' title='bbox 1003 5152 1328 5220; x_wconf 86' lang='lat' dir='ltr'>solvamini,</span> <span class='ocrx_word' id='word_1_590' title='bbox 1362 5155 1454 5210; x_wconf 92' lang='lat' dir='ltr'>cui</span> <span class='ocrx_word' id='word_1_591' title='bbox 1485 5154 1814 5226; x_wconf 88' lang='lat' dir='ltr'>specialiter</span> <span class='ocrx_word' id='word_1_592' title='bbox 1853 5155 1996 5212; x_wconf 89' lang='lat' dir='ltr'>dixit</span> 
     </span>
    </p>
   </div>
   <div class='ocr_carea' id='block_1_87' title="bbox 363 5241 1998 5320">
    <p class='ocr_par' dir='ltr' id='par_1_87' title="bbox 363 5241 1998 5320">
     <span class='ocr_line' id='line_1_88' title="bbox 363 5241 1998 5320; baseline -0.003 -16"><span class='ocrx_word' id='word_1_593' title='bbox 363 5243 654 5320; x_wconf 82' lang='lat' dir='ltr'>Christus,</span> <span class='ocrx_word' id='word_1_594' title='bbox 675 5241 856 5300; x_wconf 87' lang='lat' dir='ltr'>Filius</span> <span class='ocrx_word' id='word_1_595' title='bbox 883 5241 982 5299; x_wconf 91' lang='lat' dir='ltr'>Dei</span> <span class='ocrx_word' id='word_1_596' title='bbox 1011 5243 1120 5299; x_wconf 90' lang='lat' dir='ltr'>vivi</span> <span class='ocrx_word' id='word_1_597' title='bbox 1153 5261 1166 5299; x_wconf 91' lang='lat'><strong>:</strong></span> <span class='ocrx_word' id='word_1_598' title='bbox 1202 5245 1550 5314; x_wconf 67' lang='lat' dir='ltr'>Quaecunque</span> <span class='ocrx_word' id='word_1_599' title='bbox 1578 5244 1806 5296; x_wconf 84' lang='lat' dir='ltr'>soweris</span> <span class='ocrx_word' id='word_1_600' title='bbox 1833 5258 1998 5313; x_wconf 83' lang='lat' dir='ltr'>super</span> 
     </span>
    </p>
   </div>
   <div class='ocr_carea' id='block_1_88' title="bbox 361 5328 1997 5402">
    <p class='ocr_par' dir='ltr' id='par_1_88' title="bbox 361 5328 1997 5402">
     <span class='ocr_line' id='line_1_89' title="bbox 361 5328 1997 5402; baseline -0.003 -11"><span class='ocrx_word' id='word_1_601' title='bbox 361 5336 587 5402; x_wconf 86' lang='lat' dir='ltr'>terram,</span> <span class='ocrx_word' id='word_1_602' title='bbox 619 5341 780 5392; x_wconf 81' lang='lat' dir='ltr'>erant</span> <span class='ocrx_word' id='word_1_603' title='bbox 807 5333 984 5389; x_wconf 82' lang='lat' dir='ltr'>soluta</span> <span class='ocrx_word' id='word_1_604' title='bbox 1011 5335 1061 5388; x_wconf 88' lang='lat' dir='ltr'>et</span> <span class='ocrx_word' id='word_1_605' title='bbox 1093 5335 1152 5388; x_wconf 86' lang='lat' dir='ltr'>in</span> <span class='ocrx_word' id='word_1_606' title='bbox 1180 5333 1326 5386; x_wconf 73' lang='lat' dir='ltr'>scrtis</span> <span class='ocrx_word' id='word_1_607' title='bbox 1355 5329 1576 5400; x_wconf 81' lang='lat' dir='ltr'>(Matth.</span> <span class='ocrx_word' id='word_1_608' title='bbox 1607 5330 1744 5398; x_wconf 79' lang='lat' dir='ltr'>xw).</span> <span class='ocrx_word' id='word_1_609' title='bbox 1774 5328 1833 5383; x_wconf 89' lang='lat' dir='ltr'>Si</span> <span class='ocrx_word' id='word_1_610' title='bbox 1865 5345 1997 5386; x_wconf 92' lang='lat' dir='ltr'>con-</span> 
     </span>
    </p>
   </div>
   <div class='ocr_carea' id='block_1_89' title="bbox 363 5415 1996 5493">
    <p class='ocr_par' dir='ltr' id='par_1_89' title="bbox 363 5415 1996 5493">
     <span class='ocr_line' id='line_1_90' title="bbox 363 5415 1996 5493; baseline -0.004 -11"><span class='ocrx_word' id='word_1_611' title='bbox 363 5423 621 5483; x_wconf 82' lang='lat' dir='ltr'>feramus</span> <span class='ocrx_word' id='word_1_612' title='bbox 649 5427 842 5481; x_wconf 89' lang='lat' dir='ltr'>vetera</span> <span class='ocrx_word' id='word_1_613' title='bbox 871 5421 1054 5493; x_wconf 89' lang='lat' dir='ltr'>novis,</span> <span class='ocrx_word' id='word_1_614' title='bbox 1085 5420 1321 5478; x_wconf 86' lang='lat' dir='ltr'>Balaam</span> <span class='ocrx_word' id='word_1_615' title='bbox 1355 5417 1449 5472; x_wconf 91' lang='lat' dir='ltr'>ille</span> <span class='ocrx_word' id='word_1_616' title='bbox 1489 5415 1750 5471; x_wconf 88' lang='lat' dir='ltr'>hariolus</span> <span class='ocrx_word' id='word_1_617' title='bbox 1799 5416 1858 5472; x_wconf 92' lang='lat' dir='ltr'>in</span> <span class='ocrx_word' id='word_1_618' title='bbox 1887 5416 1996 5476; x_wconf 88' lang='lat' dir='ltr'>hac</span> 
     </span>
    </p>
   </div>
   <div class='ocr_carea' id='block_1_90' title="bbox 361 5503 1996 5582">
    <p class='ocr_par' dir='ltr' id='par_1_90' title="bbox 361 5503 1996 5582">
     <span class='ocr_line' id='line_1_91' title="bbox 361 5503 1996 5582; baseline -0.003 -14"><span class='ocrx_word' id='word_1_619' title='bbox 361 5516 526 5582; x_wconf 79' lang='lat' dir='ltr'>parte</span> <span class='ocrx_word' id='word_1_620' title='bbox 571 5512 793 5568; x_wconf 88' lang='lat' dir='ltr'>cautior</span> <span class='ocrx_word' id='word_1_621' title='bbox 823 5511 932 5569; x_wconf 79' lang='lat' dir='ltr'>fuit</span> <span class='ocrx_word' id='word_1_622' title='bbox 959 5511 1142 5576; x_wconf 86' lang='lat' dir='ltr'>vobis,</span> <span class='ocrx_word' id='word_1_623' title='bbox 1177 5507 1298 5578; x_wconf 87' lang='lat' dir='ltr'>qui,</span> <span class='ocrx_word' id='word_1_624' title='bbox 1332 5520 1597 5560; x_wconf 88' lang='lat' dir='ltr'>reverens</span> <span class='ocrx_word' id='word_1_625' title='bbox 1637 5503 1843 5571; x_wconf 89' lang='lat' dir='ltr'>Deum,</span> <span class='ocrx_word' id='word_1_626' title='bbox 1890 5522 1996 5564; x_wconf 90' lang='lat' dir='ltr'>nec</span> 
     </span>
    </p>
   </div>
   <div class='ocr_carea' id='block_1_91' title="bbox 364 5591 1994 5668">
    <p class='ocr_par' dir='ltr' id='par_1_91' title="bbox 364 5591 1994 5668">
     <span class='ocr_line' id='line_1_92' title="bbox 364 5591 1994 5668; baseline -0.001 -14"><span class='ocrx_word' id='word_1_627' title='bbox 364 5596 692 5668; x_wconf 85' lang='lat' dir='ltr'>promissis,</span> <span class='ocrx_word' id='word_1_628' title='bbox 722 5616 826 5655; x_wconf 89' lang='lat' dir='ltr'>nec</span> <span class='ocrx_word' id='word_1_629' title='bbox 850 5597 1030 5654; x_wconf 89' lang='lat' dir='ltr'>minis</span> <span class='ocrx_word' id='word_1_630' title='bbox 1060 5594 1215 5666; x_wconf 84' lang='lat' dir='ltr'>regis</span> <span class='ocrx_word' id='word_1_631' title='bbox 1244 5593 1412 5648; x_wconf 92' lang='lat' dir='ltr'>Moab</span> <span class='ocrx_word' id='word_1_632' title='bbox 1434 5592 1506 5647; x_wconf 91' lang='lat' dir='ltr'>ad</span> <span class='ocrx_word' id='word_1_633' title='bbox 1529 5591 1994 5653; x_wconf 87' lang='lat' dir='ltr'>maledicendum</span> 
     </span>
    </p>
   </div>
   <div class='ocr_carea' id='block_1_92' title="bbox 361 5679 1998 5757">
    <p class='ocr_par' dir='ltr' id='par_1_92' title="bbox 361 5679 1998 5757">
     <span class='ocr_line' id='line_1_93' title="bbox 361 5679 1998 5757; baseline -0.001 -13"><span class='ocrx_word' id='word_1_634' title='bbox 361 5681 503 5753; x_wconf 62' lang='lat' dir='ltr'>filiis.</span> <span class='ocrx_word' id='word_1_635' title='bbox 520 5682 696 5742; x_wconf 71' lang='lat' dir='ltr'>lsrael</span> <span class='ocrx_word' id='word_1_636' title='bbox 723 5685 877 5744; x_wconf 85' lang='lat' dir='ltr'>ﬂecti</span> <span class='ocrx_word' id='word_1_637' title='bbox 906 5683 1097 5757; x_wconf 84' lang='lat' dir='ltr'>potuit</span> <span class='ocrx_word' id='word_1_638' title='bbox 1125 5697 1141 5739; x_wconf 84' lang='lat'><strong>:</strong></span> <span class='ocrx_word' id='word_1_639' title='bbox 1172 5679 1466 5752; x_wconf 80' lang='lat' dir='ltr'>Quomodo,</span> <span class='ocrx_word' id='word_1_640' title='bbox 1499 5679 1792 5755; x_wconf 84' lang='lat' dir='ltr'>inquiens,</span> <span class='ocrx_word' id='word_1_641' title='bbox 1821 5682 1998 5743; x_wconf 72' lang='lat' dir='ltr'>male-</span> 
     </span>
    </p>
   </div>
   <div class='ocr_carea' id='block_1_93' title="bbox 2109 3376 3792 3458">
    <p class='ocr_par' dir='ltr' id='par_1_93' title="bbox 2109 3376 3792 3458">
     <span class='ocr_line' id='line_1_94' title="bbox 2109 3376 3792 3458; baseline 0.009 -26"><span class='ocrx_word' id='word_1_642' title='bbox 2109 3376 2453 3434; x_wconf 90' lang='lat' dir='ltr'>venerabilis</span> <span class='ocrx_word' id='word_1_643' title='bbox 2473 3377 2688 3436; x_wconf 91' lang='lat' dir='ltr'>Paulus</span> <span class='ocrx_word' id='word_1_644' title='bbox 2703 3381 2870 3438; x_wconf 90' lang='lat' dir='ltr'>docet</span> <span class='ocrx_word' id='word_1_645' title='bbox 2894 3399 2908 3438; x_wconf 89' lang='lat'><strong>:</strong></span> <span class='ocrx_word' id='word_1_646' title='bbox 2931 3384 3050 3440; x_wconf 84' lang='lat' dir='ltr'>Non</span> <span class='ocrx_word' id='word_1_647' title='bbox 3067 3389 3148 3441; x_wconf 87' lang='lat' dir='ltr'>est</span> <span class='ocrx_word' id='word_1_648' title='bbox 3161 3389 3406 3458; x_wconf 81' lang='lat' dir='ltr'>potestas</span> <span class='ocrx_word' id='word_1_649' title='bbox 3416 3390 3548 3445; x_wconf 86' lang='lat' dir='ltr'>nisi</span> <span class='ocrx_word' id='word_1_650' title='bbox 3561 3407 3604 3445; x_wconf 88' lang='lat' dir='ltr'>a</span> <span class='ocrx_word' id='word_1_651' title='bbox 3630 3395 3756 3446; x_wconf 80' lang='lat' dir='ltr'>Deo</span> <span class='ocrx_word' id='word_1_652' title='bbox 3771 3409 3792 3446; x_wconf 91' lang='lat'><strong><em>:</em></strong></span> 
     </span>
    </p>
   </div>
   <div class='ocr_carea' id='block_1_94' title="bbox 2108 3472 3790 3551">
    <p class='ocr_par' dir='ltr' id='par_1_94' title="bbox 2108 3472 3790 3551">
     <span class='ocr_line' id='line_1_95' title="bbox 2108 3472 3790 3551; baseline 0.009 -31"><span class='ocrx_word' id='word_1_653' title='bbox 2108 3483 2442 3537; x_wconf 60' lang='lat' dir='ltr'>quacunque</span> <span class='ocrx_word' id='word_1_654' title='bbox 2459 3472 2639 3524; x_wconf 85' lang='lat' dir='ltr'>autem</span> <span class='ocrx_word' id='word_1_655' title='bbox 2654 3473 2797 3538; x_wconf 84' lang='lat' dir='ltr'>sunt,</span> <span class='ocrx_word' id='word_1_656' title='bbox 2815 3487 2850 3526; x_wconf 84' lang='grc' dir='ltr'><strong><em>α</em></strong></span> <span class='ocrx_word' id='word_1_657' title='bbox 2863 3473 2968 3528; x_wconf 92' lang='lat' dir='ltr'>Deo</span> <span class='ocrx_word' id='word_1_658' title='bbox 2986 3473 3244 3530; x_wconf 84' lang='lat' dir='ltr'>ordinata</span> <span class='ocrx_word' id='word_1_659' title='bbox 3263 3480 3398 3531; x_wconf 82' lang='lat' dir='ltr'>sunt</span> <span class='ocrx_word' id='word_1_660' title='bbox 3411 3478 3606 3547; x_wconf 84' lang='lat' dir='ltr'>(Rom.</span> <span class='ocrx_word' id='word_1_661' title='bbox 3631 3479 3790 3551; x_wconf 84' lang='lat' dir='ltr'>xm).</span> 
     </span>
    </p>
   </div>
   <div class='ocr_carea' id='block_1_95' title="bbox 2108 3553 3795 3634">
    <p class='ocr_par' dir='ltr' id='par_1_95' title="bbox 2108 3553 3795 3634">
     <span class='ocr_line' id='line_1_96' title="bbox 2108 3553 3795 3634; baseline 0.009 -26"><span class='ocrx_word' id='word_1_662' title='bbox 2108 3553 2330 3617; x_wconf 86' lang='lat' dir='ltr'>Quibus</span> <span class='ocrx_word' id='word_1_663' title='bbox 2385 3555 2445 3610; x_wconf 93' lang='lat' dir='ltr'>in</span> <span class='ocrx_word' id='word_1_664' title='bbox 2503 3557 2717 3613; x_wconf 91' lang='lat' dir='ltr'>terreni</span> <span class='ocrx_word' id='word_1_665' title='bbox 2774 3559 2936 3632; x_wconf 87' lang='lat' dir='ltr'>regni</span> <span class='ocrx_word' id='word_1_666' title='bbox 2987 3565 3322 3634; x_wconf 88' lang='lat' dir='ltr'>opportuna</span> <span class='ocrx_word' id='word_1_667' title='bbox 3369 3564 3795 3623; x_wconf 86' lang='lat' dir='ltr'>administra-</span> 
     </span>
    </p>
   </div>
   <div class='ocr_carea' id='block_1_96' title="bbox 2108 3642 3796 3728">
    <p class='ocr_par' dir='ltr' id='par_1_96' title="bbox 2108 3642 3796 3728">
     <span class='ocr_line' id='line_1_97' title="bbox 2108 3642 3796 3728; baseline 0.009 -32"><span class='ocrx_word' id='word_1_668' title='bbox 2108 3642 2263 3698; x_wconf 89' lang='lat' dir='ltr'>tione</span> <span class='ocrx_word' id='word_1_669' title='bbox 2294 3661 2408 3700; x_wconf 92' lang='lat' dir='ltr'>non</span> <span class='ocrx_word' id='word_1_670' title='bbox 2449 3646 2839 3703; x_wconf 90' lang='lat' dir='ltr'>resistendum</span> <span class='ocrx_word' id='word_1_671' title='bbox 2886 3649 2971 3706; x_wconf 89' lang='lat' dir='ltr'>sic</span> <span class='ocrx_word' id='word_1_672' title='bbox 3019 3651 3383 3708; x_wconf 88' lang='lat' dir='ltr'>instruimur</span> <span class='ocrx_word' id='word_1_673' title='bbox 3418 3670 3533 3726; x_wconf 89' lang='lat' dir='ltr'>per</span> <span class='ocrx_word' id='word_1_674' title='bbox 3579 3655 3796 3728; x_wconf 88' lang='lat' dir='ltr'>ipsum</span> 
     </span>
    </p>
   </div>
   <div class='ocr_carea' id='block_1_97' title="bbox 2109 3733 3799 3811">
    <p class='ocr_par' dir='ltr' id='par_1_97' title="bbox 2109 3733 3799 3811">
     <span class='ocr_line' id='line_1_98' title="bbox 2109 3733 3799 3811; baseline 0.01 -26"><span class='ocrx_word' id='word_1_675' title='bbox 2109 3733 2427 3804; x_wconf 89' lang='lat' dir='ltr'>principem</span> <span class='ocrx_word' id='word_1_676' title='bbox 2457 3735 2890 3807; x_wconf 88' lang='lat' dir='ltr'>apostolorum:</span> <span class='ocrx_word' id='word_1_677' title='bbox 2923 3738 3167 3811; x_wconf 83' lang='lat' dir='ltr'>Subjecti</span> <span class='ocrx_word' id='word_1_678' title='bbox 3183 3746 3351 3799; x_wconf 79' lang='lat' dir='ltr'>estote</span> <span class='ocrx_word' id='word_1_679' title='bbox 3378 3745 3546 3799; x_wconf 82' lang='lat' dir='ltr'>omni</span> <span class='ocrx_word' id='word_1_680' title='bbox 3580 3745 3799 3802; x_wconf 74' lang='lat' dir='ltr'>huma-</span> 
     </span>
    </p>
   </div>
   <div class='ocr_carea' id='block_1_98' title="bbox 2111 3827 3799 3906">
    <p class='ocr_par' dir='ltr' id='par_1_98' title="bbox 2111 3827 3799 3906">
     <span class='ocr_line' id='line_1_99' title="bbox 2111 3827 3799 3906; baseline 0.011 -32"><span class='ocrx_word' id='word_1_681' title='bbox 2111 3837 2200 3878; x_wconf 64' lang='lat' dir='ltr'>nae</span> <span class='ocrx_word' id='word_1_682' title='bbox 2224 3828 2506 3880; x_wconf 65' lang='lat' dir='ltr'>creatura?</span> <span class='ocrx_word' id='word_1_683' title='bbox 2521 3830 2742 3896; x_wconf 80' lang='lat' dir='ltr'>propter</span> <span class='ocrx_word' id='word_1_684' title='bbox 2768 3827 2981 3891; x_wconf 85' lang='lat' dir='ltr'>Deum;</span> <span class='ocrx_word' id='word_1_685' title='bbox 3009 3831 3128 3886; x_wconf 87' lang='lat' dir='ltr'>sive</span> <span class='ocrx_word' id='word_1_686' title='bbox 3155 3833 3294 3902; x_wconf 85' lang='lat' dir='ltr'>regi,</span> <span class='ocrx_word' id='word_1_687' title='bbox 3338 3833 3513 3903; x_wconf 88' lang='lat' dir='ltr'>quasi</span> <span class='ocrx_word' id='word_1_688' title='bbox 3539 3835 3799 3906; x_wconf 66' lang='lat' dir='ltr'>praeuet-</span> 
     </span>
    </p>
   </div>
   <div class='ocr_carea' id='block_1_99' title="bbox 2111 3911 3801 3992">
    <p class='ocr_par' dir='ltr' id='par_1_99' title="bbox 2111 3911 3801 3992">
     <span class='ocr_line' id='line_1_100' title="bbox 2111 3911 3801 3992; baseline 0.009 -28"><span class='ocrx_word' id='word_1_689' title='bbox 2111 3911 2244 3965; x_wconf 85' lang='lat' dir='ltr'>tenti</span> <span class='ocrx_word' id='word_1_690' title='bbox 2265 3929 2278 3979; x_wconf 88' lang='lat'><strong>;</strong></span> <span class='ocrx_word' id='word_1_691' title='bbox 2330 3914 2444 3967; x_wconf 88' lang='lat' dir='ltr'>sive</span> <span class='ocrx_word' id='word_1_692' title='bbox 2487 3913 2732 3981; x_wconf 86' lang='lat' dir='ltr'>ducibus,</span> <span class='ocrx_word' id='word_1_693' title='bbox 2779 3925 3043 3989; x_wconf 77' lang='lat' dir='ltr'>tanquam</span> <span class='ocrx_word' id='word_1_694' title='bbox 3087 3919 3155 3974; x_wconf 88' lang='lat' dir='ltr'>ab</span> <span class='ocrx_word' id='word_1_695' title='bbox 3203 3936 3263 3976; x_wconf 90' lang='lat' dir='ltr'>eo</span> <span class='ocrx_word' id='word_1_696' title='bbox 3293 3923 3513 3992; x_wconf 82' lang='lat' dir='ltr'>missis;</span> <span class='ocrx_word' id='word_1_697' title='bbox 3562 3923 3648 3979; x_wconf 84' lang='lat' dir='ltr'>ad</span> <span class='ocrx_word' id='word_1_698' title='bbox 3677 3927 3801 3980; x_wconf 74' lang='lat' dir='ltr'>via-</span> 
     </span>
    </p>
   </div>
   <div class='ocr_carea' id='block_1_100' title="bbox 2108 3998 3800 4086">
    <p class='ocr_par' dir='ltr' id='par_1_100' title="bbox 2108 3998 3800 4086">
     <span class='ocr_line' id='line_1_101' title="bbox 2108 3998 3800 4086; baseline 0.009 -33"><span class='ocrx_word' id='word_1_699' title='bbox 2108 3998 2309 4054; x_wconf 83' lang='lat' dir='ltr'>dictam</span> <span class='ocrx_word' id='word_1_700' title='bbox 2327 4002 2728 4075; x_wconf 66' lang='lat' dir='ltr'>mal/“actorum,</span> <span class='ocrx_word' id='word_1_701' title='bbox 2771 4003 2993 4062; x_wconf 83' lang='lat' dir='ltr'>laudem</span> <span class='ocrx_word' id='word_1_702' title='bbox 3027 4024 3158 4065; x_wconf 82' lang='lat' dir='ltr'>vero</span> <span class='ocrx_word' id='word_1_703' title='bbox 3198 4009 3495 4079; x_wconf 85' lang='lat' dir='ltr'>bonorum,</span> <span class='ocrx_word' id='word_1_704' title='bbox 3535 4015 3686 4086; x_wconf 84' lang='lat' dir='ltr'>quia</span> <span class='ocrx_word' id='word_1_705' title='bbox 3713 4016 3800 4069; x_wconf 81' lang='lat' dir='ltr'>sic</span> 
     </span>
    </p>
   </div>
   <div class='ocr_carea' id='block_1_101' title="bbox 2109 4089 3791 4171">
    <p class='ocr_par' dir='ltr' id='par_1_101' title="bbox 2109 4089 3791 4171">
     <span class='ocr_line' id='line_1_102' title="bbox 2109 4089 3791 4171; baseline 0.011 -29"><span class='ocrx_word' id='word_1_706' title='bbox 2109 4096 2185 4143; x_wconf 84' lang='lat' dir='ltr'>est</span> <span class='ocrx_word' id='word_1_707' title='bbox 2201 4089 2450 4144; x_wconf 84' lang='lat' dir='ltr'>voluntas</span> <span class='ocrx_word' id='word_1_708' title='bbox 2470 4091 2569 4147; x_wconf 87' lang='lat' dir='ltr'>Dei</span> <span class='ocrx_word' id='word_1_709' title='bbox 2582 4092 2626 4163; x_wconf 85' lang='grc' dir='ltr'>(Ι</span> <span class='ocrx_word' id='word_1_710' title='bbox 2648 4093 2790 4150; x_wconf 87' lang='lat' dir='ltr'>Petr.</span> <span class='ocrx_word' id='word_1_711' title='bbox 2807 4095 2967 4168; x_wconf 88' lang='lat' dir='ltr'>n).Et</span> <span class='ocrx_word' id='word_1_712' title='bbox 2979 4101 3114 4169; x_wconf 88' lang='lat' dir='ltr'>post</span> <span class='ocrx_word' id='word_1_713' title='bbox 3127 4114 3318 4171; x_wconf 87' lang='lat' dir='ltr'>pauca</span> <span class='ocrx_word' id='word_1_714' title='bbox 3335 4117 3348 4156; x_wconf 88' lang='lat'><strong>:</strong></span> <span class='ocrx_word' id='word_1_715' title='bbox 3363 4100 3549 4156; x_wconf 87' lang='lat' dir='ltr'>Deum</span> <span class='ocrx_word' id='word_1_716' title='bbox 3571 4105 3791 4170; x_wconf 78' lang='lat' dir='ltr'>timete,</span> 
     </span>
    </p>
   </div>
   <div class='ocr_carea' id='block_1_102' title="bbox 2107 4181 3791 4264">
    <p class='ocr_par' dir='ltr' id='par_1_102' title="bbox 2107 4181 3791 4264">
     <span class='ocr_line' id='line_1_103' title="bbox 2107 4181 3791 4264; baseline 0.011 -34"><span class='ocrx_word' id='word_1_717' title='bbox 2107 4193 2288 4246; x_wconf 82' lang='lat' dir='ltr'>regem</span> <span class='ocrx_word' id='word_1_718' title='bbox 2333 4181 2686 4250; x_wconf 79' lang='lat' dir='ltr'>honoriﬁcate</span> <span class='ocrx_word' id='word_1_719' title='bbox 2716 4183 2920 4256; x_wconf 86' lang='lat' dir='ltr'>(Ibid.).</span> <span class='ocrx_word' id='word_1_720' title='bbox 2965 4189 3160 4258; x_wconf 86' lang='lat' dir='ltr'>Atque</span> <span class='ocrx_word' id='word_1_721' title='bbox 3199 4203 3303 4259; x_wconf 89' lang='lat' dir='ltr'>per</span> <span class='ocrx_word' id='word_1_722' title='bbox 3349 4191 3791 4264; x_wconf 83' lang='lat' dir='ltr'>coapostolum</span> 
     </span>
    </p>
   </div>
   <div class='ocr_carea' id='block_1_103' title="bbox 2109 4265 3793 4349">
    <p class='ocr_par' dir='ltr' id='par_1_103' title="bbox 2109 4265 3793 4349">
     <span class='ocr_line' id='line_1_104' title="bbox 2109 4265 3793 4349; baseline 0.011 -29"><span class='ocrx_word' id='word_1_723' title='bbox 2109 4265 2235 4334; x_wconf 88' lang='lat' dir='ltr'>ejus</span> <span class='ocrx_word' id='word_1_724' title='bbox 2254 4265 2496 4322; x_wconf 84' lang='lat' dir='ltr'>Paulum</span> <span class='ocrx_word' id='word_1_725' title='bbox 2518 4286 2530 4323; x_wconf 89' lang='lat'><strong>:</strong></span> <span class='ocrx_word' id='word_1_726' title='bbox 2552 4269 2740 4325; x_wconf 83' lang='lat' dir='ltr'>Omnis</span> <span class='ocrx_word' id='word_1_727' title='bbox 2760 4274 2951 4328; x_wconf 85' lang='lat' dir='ltr'>anima</span> <span class='ocrx_word' id='word_1_728' title='bbox 2964 4275 3327 4346; x_wconf 71' lang='lat' dir='ltr'>potestatibus</span> <span class='ocrx_word' id='word_1_729' title='bbox 3337 4278 3793 4349; x_wconf 68' lang='lat' dir='ltr'>sublimioribus</span> 
     </span>
    </p>
   </div>
   <div class='ocr_carea' id='block_1_104' title="bbox 2107 4353 3795 4434">
    <p class='ocr_par' dir='ltr' id='par_1_104' title="bbox 2107 4353 3795 4434">
     <span class='ocr_line' id='line_1_105' title="bbox 2107 4353 3795 4434; baseline 0.012 -28"><span class='ocrx_word' id='word_1_730' title='bbox 2107 4353 2322 4409; x_wconf 83' lang='lat' dir='ltr'>subdita</span> <span class='ocrx_word' id='word_1_731' title='bbox 2349 4357 2441 4410; x_wconf 88' lang='lat' dir='ltr'>sit.</span> <span class='ocrx_word' id='word_1_732' title='bbox 2474 4357 2615 4412; x_wconf 87' lang='lat' dir='ltr'>Nam</span> <span class='ocrx_word' id='word_1_733' title='bbox 2644 4360 2741 4429; x_wconf 88' lang='lat' dir='ltr'>qui</span> <span class='ocrx_word' id='word_1_734' title='bbox 2763 4361 2966 4416; x_wconf 77' lang='lat' dir='ltr'>resistit</span> <span class='ocrx_word' id='word_1_735' title='bbox 2989 4364 3265 4434; x_wconf 79' lang='lat' dir='ltr'>potestati,</span> <span class='ocrx_word' id='word_1_736' title='bbox 3299 4365 3404 4420; x_wconf 87' lang='lat' dir='ltr'>Dei</span> <span class='ocrx_word' id='word_1_737' title='bbox 3417 4365 3795 4425; x_wconf 75' lang='lat' dir='ltr'>ordinationi</span> 
     </span>
    </p>
   </div>
   <div class='ocr_carea' id='block_1_105' title="bbox 2107 4444 3795 4523">
    <p class='ocr_par' dir='ltr' id='par_1_105' title="bbox 2107 4444 3795 4523">
     <span class='ocr_line' id='line_1_106' title="bbox 2107 4444 3795 4523; baseline 0.012 -28"><span class='ocrx_word' id='word_1_738' title='bbox 2107 4444 2328 4498; x_wconf 79' lang='lat' dir='ltr'>resistit.</span> <span class='ocrx_word' id='word_1_739' title='bbox 2381 4444 2487 4511; x_wconf 83' lang='lat' dir='ltr'>Qui</span> <span class='ocrx_word' id='word_1_740' title='bbox 2520 4450 2704 4501; x_wconf 83' lang='lat' dir='ltr'>autem</span> <span class='ocrx_word' id='word_1_741' title='bbox 2749 4451 3028 4518; x_wconf 75' lang='lat' dir='ltr'>resistunt,</span> <span class='ocrx_word' id='word_1_742' title='bbox 3062 4452 3175 4523; x_wconf 82' lang='lat' dir='ltr'>ipsi</span> <span class='ocrx_word' id='word_1_743' title='bbox 3199 4452 3312 4508; x_wconf 86' lang='lat' dir='ltr'>sibi</span> <span class='ocrx_word' id='word_1_744' title='bbox 3340 4454 3795 4514; x_wconf 74' lang='lat' dir='ltr'>damnationem</span> 
     </span>
    </p>
   </div>
   <div class='ocr_carea' id='block_1_106' title="bbox 2107 4534 3795 4612">
    <p class='ocr_par' dir='ltr' id='par_1_106' title="bbox 2107 4534 3795 4612">
     <span class='ocr_line' id='line_1_107' title="bbox 2107 4534 3795 4612; baseline 0.011 -27"><span class='ocrx_word' id='word_1_745' title='bbox 2107 4534 2398 4603; x_wconf 83' lang='lat' dir='ltr'>acquirunt</span> <span class='ocrx_word' id='word_1_746' title='bbox 2427 4534 2598 4604; x_wconf 83' lang='lat' dir='ltr'>(Rom.</span> <span class='ocrx_word' id='word_1_747' title='bbox 2634 4539 2777 4606; x_wconf 83' lang='lat' dir='ltr'>xm).</span> <span class='ocrx_word' id='word_1_748' title='bbox 2813 4537 2974 4596; x_wconf 90' lang='lat' dir='ltr'>Unde</span> <span class='ocrx_word' id='word_1_749' title='bbox 3003 4539 3301 4612; x_wconf 86' lang='lat' dir='ltr'>Sapientia</span> <span class='ocrx_word' id='word_1_750' title='bbox 3330 4541 3393 4598; x_wconf 90' lang='lat' dir='ltr'>in</span> <span class='ocrx_word' id='word_1_751' title='bbox 3433 4543 3795 4603; x_wconf 87' lang='lat' dir='ltr'>Proverbiis</span> 
     </span>
    </p>
   </div>
   <div class='ocr_carea' id='block_1_107' title="bbox 2030 4619 3797 4709">
    <p class='ocr_par' dir='ltr' id='par_1_107' title="bbox 2030 4619 3797 4709">
     <span class='ocr_line' id='line_1_108' title="bbox 2030 4619 3797 4709; baseline 0.011 -35"><span class='ocrx_word' id='word_1_752' title='bbox 2030 4645 2078 4709; x_wconf 70' lang='grc' dir='ltr'>Β</span> <span class='ocrx_word' id='word_1_753' title='bbox 2108 4619 2334 4676; x_wconf 89' lang='lat' dir='ltr'>intonat</span> <span class='ocrx_word' id='word_1_754' title='bbox 2375 4621 2577 4679; x_wconf 90' lang='lat' dir='ltr'>dicens</span> <span class='ocrx_word' id='word_1_755' title='bbox 2631 4641 2644 4678; x_wconf 92' lang='lat'><strong>:</strong></span> <span class='ocrx_word' id='word_1_756' title='bbox 2677 4625 2780 4680; x_wconf 88' lang='lat' dir='ltr'>Per</span> <span class='ocrx_word' id='word_1_757' title='bbox 2798 4641 2885 4682; x_wconf 86' lang='lat' dir='ltr'>me</span> <span class='ocrx_word' id='word_1_758' title='bbox 2914 4644 3062 4698; x_wconf 85' lang='lat' dir='ltr'>reges</span> <span class='ocrx_word' id='word_1_759' title='bbox 3101 4634 3358 4699; x_wconf 84' lang='lat' dir='ltr'>regnant,</span> <span class='ocrx_word' id='word_1_760' title='bbox 3405 4636 3460 4688; x_wconf 88' lang='lat' dir='ltr'>et</span> <span class='ocrx_word' id='word_1_761' title='bbox 3484 4636 3797 4709; x_wconf 78' lang='lat' dir='ltr'>principes</span> 
     </span>
    </p>
   </div>
   <div class='ocr_carea' id='block_1_108' title="bbox 2099 4709 3792 4793">
    <p class='ocr_par' dir='ltr' id='par_1_108' title="bbox 2099 4709 3792 4793">
     <span class='ocr_line' id='line_1_109' title="bbox 2099 4709 3792 4793; baseline 0.011 -30"><span class='ocrx_word' id='word_1_762' title='bbox 2099 4710 2254 4780; x_wconf 82' lang='lat' dir='ltr'>justa</span> <span class='ocrx_word' id='word_1_763' title='bbox 2281 4709 2575 4768; x_wconf 84' lang='lat' dir='ltr'>decernunt</span> <span class='ocrx_word' id='word_1_764' title='bbox 2603 4713 2784 4784; x_wconf 88' lang='lat' dir='ltr'>(Prov.</span> <span class='ocrx_word' id='word_1_765' title='bbox 2813 4716 3139 4787; x_wconf 85' lang='lat' dir='ltr'>vm).Quod</span> <span class='ocrx_word' id='word_1_766' title='bbox 3162 4719 3342 4775; x_wconf 88' lang='lat' dir='ltr'>etiam</span> <span class='ocrx_word' id='word_1_767' title='bbox 3376 4737 3543 4793; x_wconf 83' lang='lat' dir='ltr'>saepe</span> <span class='ocrx_word' id='word_1_768' title='bbox 3577 4725 3792 4782; x_wconf 87' lang='lat' dir='ltr'>dictus</span> 
     </span>
    </p>
   </div>
   <div class='ocr_carea' id='block_1_109' title="bbox 2105 4799 3794 4880">
    <p class='ocr_par' dir='ltr' id='par_1_109' title="bbox 2105 4799 3794 4880">
     <span class='ocr_line' id='line_1_110' title="bbox 2105 4799 3794 4880; baseline 0.01 -28"><span class='ocrx_word' id='word_1_769' title='bbox 2105 4799 2464 4871; x_wconf 84' lang='lat' dir='ltr'>Augustinus</span> <span class='ocrx_word' id='word_1_770' title='bbox 2483 4803 2898 4860; x_wconf 89' lang='lat' dir='ltr'>Constantinus</span> <span class='ocrx_word' id='word_1_771' title='bbox 2917 4806 3272 4880; x_wconf 89' lang='lat' dir='ltr'>perspicacis</span> <span class='ocrx_word' id='word_1_772' title='bbox 3305 4809 3530 4866; x_wconf 65' lang='lat' dir='ltr'>animae</span> <span class='ocrx_word' id='word_1_773' title='bbox 3559 4811 3794 4871; x_wconf 82' lang='lat' dir='ltr'>vivaci-</span> 
     </span>
    </p>
   </div>
   <div class='ocr_carea' id='block_1_110' title="bbox 2105 4888 3787 4970">
    <p class='ocr_par' dir='ltr' id='par_1_110' title="bbox 2105 4888 3787 4970">
     <span class='ocr_line' id='line_1_111' title="bbox 2105 4888 3787 4970; baseline 0.011 -28"><span class='ocrx_word' id='word_1_774' title='bbox 2105 4890 2223 4944; x_wconf 87' lang='lat' dir='ltr'>tate</span> <span class='ocrx_word' id='word_1_775' title='bbox 2254 4888 2652 4960; x_wconf 90' lang='lat' dir='ltr'>deprehendit,</span> <span class='ocrx_word' id='word_1_776' title='bbox 2677 4899 2735 4947; x_wconf 91' lang='lat' dir='ltr'>et</span> <span class='ocrx_word' id='word_1_777' title='bbox 2759 4894 2933 4948; x_wconf 90' lang='lat' dir='ltr'>matri</span> <span class='ocrx_word' id='word_1_778' title='bbox 2955 4911 3073 4950; x_wconf 64' lang='lat' dir='ltr'>suis</span> <span class='ocrx_word' id='word_1_779' title='bbox 3099 4896 3389 4970; x_wconf 66' lang='lat' dir='ltr'>religiosae</span> <span class='ocrx_word' id='word_1_780' title='bbox 3405 4898 3664 4958; x_wconf 69' lang='lat' dir='ltr'>Helena:</span> <span class='ocrx_word' id='word_1_781' title='bbox 3693 4903 3787 4960; x_wconf 90' lang='lat' dir='ltr'>in-</span> 
     </span>
    </p>
   </div>
   <div class='ocr_carea' id='block_1_111' title="bbox 2102 4977 3786 5060">
    <p class='ocr_par' dir='ltr' id='par_1_111' title="bbox 2102 4977 3786 5060">
     <span class='ocr_line' id='line_1_112' title="bbox 2102 4977 3786 5060; baseline 0.012 -32"><span class='ocrx_word' id='word_1_782' title='bbox 2102 4979 2192 5030; x_wconf 88' lang='lat' dir='ltr'>ter</span> <span class='ocrx_word' id='word_1_783' title='bbox 2219 4977 2499 5032; x_wconf 90' lang='lat' dir='ltr'>nonnulla</span> <span class='ocrx_word' id='word_1_784' title='bbox 2523 4977 2605 5034; x_wconf 90' lang='lat' dir='ltr'>sic</span> <span class='ocrx_word' id='word_1_785' title='bbox 2628 4981 2961 5054; x_wconf 88' lang='lat' dir='ltr'>rescripsit:</span> <span class='ocrx_word' id='word_1_786' title='bbox 2989 5006 3016 5033; x_wconf 90' lang='grc'>‹‹</span> <span class='ocrx_word' id='word_1_787' title='bbox 3032 4985 3140 5048; x_wconf 88' lang='lat' dir='ltr'>Qui</span> <span class='ocrx_word' id='word_1_788' title='bbox 3157 4986 3506 5044; x_wconf 87' lang='lat' dir='ltr'>moderatur</span> <span class='ocrx_word' id='word_1_789' title='bbox 3527 4991 3786 5060; x_wconf 67' lang='lat' dir='ltr'>secula,</span> 
     </span>
    </p>
   </div>
   <div class='ocr_carea' id='block_1_112' title="bbox 2102 5065 3792 5146">
    <p class='ocr_par' dir='ltr' id='par_1_112' title="bbox 2102 5065 3792 5146">
     <span class='ocr_line' id='line_1_113' title="bbox 2102 5065 3792 5146; baseline 0.01 -26"><span class='ocrx_word' id='word_1_790' title='bbox 2102 5069 2159 5120; x_wconf 92' lang='lat' dir='ltr'>et</span> <span class='ocrx_word' id='word_1_791' title='bbox 2178 5065 2438 5136; x_wconf 91' lang='lat' dir='ltr'>disponit</span> <span class='ocrx_word' id='word_1_792' title='bbox 2459 5067 2635 5122; x_wconf 91' lang='lat' dir='ltr'>totius</span> <span class='ocrx_word' id='word_1_793' title='bbox 2659 5071 2861 5125; x_wconf 92' lang='lat' dir='ltr'>mundi</span> <span class='ocrx_word' id='word_1_794' title='bbox 2890 5073 3190 5146; x_wconf 73' lang='lat' dir='ltr'>suffragia,</span> <span class='ocrx_word' id='word_1_795' title='bbox 3220 5075 3443 5146; x_wconf 88' lang='lat' dir='ltr'>quibus</span> <span class='ocrx_word' id='word_1_796' title='bbox 3468 5077 3712 5136; x_wconf 86' lang='lat' dir='ltr'>alimur</span> <span class='ocrx_word' id='word_1_797' title='bbox 3731 5085 3792 5137; x_wconf 88' lang='lat' dir='ltr'>et</span> 
     </span>
    </p>
   </div>
   <div class='ocr_carea' id='block_1_113' title="bbox 2102 5157 3790 5242">
    <p class='ocr_par' dir='ltr' id='par_1_113' title="bbox 2102 5157 3790 5242">
     <span class='ocr_line' id='line_1_114' title="bbox 2102 5157 3790 5242; baseline 0.01 -32"><span class='ocrx_word' id='word_1_798' title='bbox 2102 5157 2520 5223; x_wconf 89' lang='lat' dir='ltr'>sustentamur,</span> <span class='ocrx_word' id='word_1_799' title='bbox 2543 5173 2646 5228; x_wconf 89' lang='lat' dir='ltr'>per</span> <span class='ocrx_word' id='word_1_800' title='bbox 2665 5173 2726 5212; x_wconf 91' lang='lat' dir='ltr'>se</span> <span class='ocrx_word' id='word_1_801' title='bbox 2757 5158 2995 5230; x_wconf 88' lang='lat' dir='ltr'>quidem</span> <span class='ocrx_word' id='word_1_802' title='bbox 3026 5161 3312 5234; x_wconf 88' lang='lat' dir='ltr'>spirantia</span> <span class='ocrx_word' id='word_1_803' title='bbox 3339 5164 3643 5242; x_wconf 86' lang='lat' dir='ltr'>viviﬁcat,</span> <span class='ocrx_word' id='word_1_804' title='bbox 3678 5171 3790 5227; x_wconf 86' lang='lat' dir='ltr'>sed</span> 
     </span>
    </p>
   </div>
   <div class='ocr_carea' id='block_1_114' title="bbox 2102 5245 3711 5321">
    <p class='ocr_par' dir='ltr' id='par_1_114' title="bbox 2102 5245 3711 5321">
     <span class='ocr_line' id='line_1_115' title="bbox 2102 5245 3711 5321; baseline 0.008 -24"><span class='ocrx_word' id='word_1_805' title='bbox 2102 5259 2204 5314; x_wconf 91' lang='lat' dir='ltr'>per</span> <span class='ocrx_word' id='word_1_806' title='bbox 2235 5247 2467 5314; x_wconf 86' lang='lat' dir='ltr'>pectora</span> <span class='ocrx_word' id='word_1_807' title='bbox 2496 5245 2826 5318; x_wconf 89' lang='lat' dir='ltr'>principum</span> <span class='ocrx_word' id='word_1_808' title='bbox 2859 5265 2967 5304; x_wconf 90' lang='lat' dir='ltr'>sua</span> <span class='ocrx_word' id='word_1_809' title='bbox 2980 5250 3121 5321; x_wconf 90' lang='lat' dir='ltr'>jura</span> <span class='ocrx_word' id='word_1_810' title='bbox 3149 5251 3384 5308; x_wconf 61' lang='lat' dir='ltr'>saeculis</span> <span class='ocrx_word' id='word_1_811' title='bbox 3412 5254 3639 5314; x_wconf 87' lang='lat' dir='ltr'>dictat.</span> <span class='ocrx_word' id='word_1_812' title='bbox 3677 5281 3711 5310; x_wconf 79' lang='grc'>››</span> 
     </span>
    </p>
   </div>
   <div class='ocr_carea' id='block_1_115' title="bbox 2172 5331 3789 5419">
    <p class='ocr_par' dir='ltr' id='par_1_115' title="bbox 2172 5331 3789 5419">
     <span class='ocr_line' id='line_1_116' title="bbox 2172 5331 3789 5419; baseline 0.012 -34"><span class='ocrx_word' id='word_1_813' title='bbox 2172 5331 2320 5419; x_wconf 14' lang='grc' dir='ltr'>ΧλιΙΙ.</span> <span class='ocrx_word' id='word_1_814' title='bbox 2348 5331 2450 5387; x_wconf 85' lang='lat' dir='ltr'>His</span> <span class='ocrx_word' id='word_1_815' title='bbox 2494 5336 2551 5388; x_wconf 89' lang='lat' dir='ltr'>et</span> <span class='ocrx_word' id='word_1_816' title='bbox 2575 5333 2706 5390; x_wconf 91' lang='lat' dir='ltr'>aliis</span> <span class='ocrx_word' id='word_1_817' title='bbox 2736 5337 3190 5410; x_wconf 86' lang='lat' dir='ltr'>quamplurimis</span> <span class='ocrx_word' id='word_1_818' title='bbox 3217 5341 3622 5416; x_wconf 87' lang='lat' dir='ltr'>testimoniis,</span> <span class='ocrx_word' id='word_1_819' title='bbox 3651 5348 3789 5419; x_wconf 85' lang='lat' dir='ltr'>jam</span> 
     </span>
    </p>
   </div>
   <div class='ocr_carea' id='block_1_116' title="bbox 2099 5417 3794 5508">
    <p class='ocr_par' dir='ltr' id='par_1_116' title="bbox 2099 5417 3794 5508">
     <span class='ocr_line' id='line_1_117' title="bbox 2099 5417 3794 5508; baseline 0.012 -35"><span class='ocrx_word' id='word_1_820' title='bbox 2099 5417 2263 5508; x_wconf 84' lang='lat' dir='ltr'>vobis</span> <span class='ocrx_word' id='word_1_821' title='bbox 2294 5419 2658 5508; x_wconf 81' lang='lat' dir='ltr'>satisfactum</span> <span class='ocrx_word' id='word_1_822' title='bbox 2689 5438 2818 5478; x_wconf 89' lang='lat' dir='ltr'>esse</span> <span class='ocrx_word' id='word_1_823' title='bbox 2847 5425 3048 5482; x_wconf 90' lang='lat' dir='ltr'>debuit</span> <span class='ocrx_word' id='word_1_824' title='bbox 3081 5427 3153 5484; x_wconf 89' lang='lat' dir='ltr'>de</span> <span class='ocrx_word' id='word_1_825' title='bbox 3181 5431 3420 5487; x_wconf 89' lang='lat' dir='ltr'>terreno</span> <span class='ocrx_word' id='word_1_826' title='bbox 3451 5436 3516 5488; x_wconf 91' lang='lat' dir='ltr'>et</span> <span class='ocrx_word' id='word_1_827' title='bbox 3543 5417 3794 5508; x_wconf 73' lang='lat' dir='ltr'>cmlesti</span> 
     </span>
    </p>
   </div>
   <div class='ocr_carea' id='block_1_117' title="bbox 2103 5505 3791 5590">
    <p class='ocr_par' dir='ltr' id='par_1_117' title="bbox 2103 5505 3791 5590">
     <span class='ocr_line' id='line_1_118' title="bbox 2103 5505 3791 5590; baseline 0.014 -30"><span class='ocrx_word' id='word_1_828' title='bbox 2103 5505 2367 5578; x_wconf 88' lang='lat' dir='ltr'>imperio,</span> <span class='ocrx_word' id='word_1_829' title='bbox 2401 5507 2520 5564; x_wconf 93' lang='lat' dir='ltr'>imo</span> <span class='ocrx_word' id='word_1_830' title='bbox 2549 5510 2621 5565; x_wconf 91' lang='lat' dir='ltr'>de</span> <span class='ocrx_word' id='word_1_831' title='bbox 2659 5512 2840 5584; x_wconf 87' lang='lat' dir='ltr'>regali</span> <span class='ocrx_word' id='word_1_832' title='bbox 2888 5516 3216 5574; x_wconf 88' lang='lat' dir='ltr'>sacerdotio</span> <span class='ocrx_word' id='word_1_833' title='bbox 3265 5518 3328 5575; x_wconf 89' lang='lat' dir='ltr'>S.</span> <span class='ocrx_word' id='word_1_834' title='bbox 3371 5519 3676 5590; x_wconf 70' lang='lat' dir='ltr'>Romanae</span> <span class='ocrx_word' id='word_1_835' title='bbox 3731 5505 3791 5582; x_wconf 77' lang='lat' dir='ltr'>et</span> 
     </span>
    </p>
   </div>
   <div class='ocr_carea' id='block_1_118' title="bbox 2103 5595 3789 5682">
    <p class='ocr_par' dir='ltr' id='par_1_118' title="bbox 2103 5595 3789 5682">
     <span class='ocr_line' id='line_1_119' title="bbox 2103 5595 3789 5682; baseline 0.012 -31"><span class='ocrx_word' id='word_1_836' title='bbox 2103 5595 2430 5667; x_wconf 68' lang='lat' dir='ltr'>apostolicae</span> <span class='ocrx_word' id='word_1_837' title='bbox 2462 5597 2638 5667; x_wconf 89' lang='lat' dir='ltr'>sedis,</span> <span class='ocrx_word' id='word_1_838' title='bbox 2671 5601 2959 5674; x_wconf 61' lang='lat' dir='ltr'>praecipue</span> <span class='ocrx_word' id='word_1_839' title='bbox 2987 5621 3165 5678; x_wconf 90' lang='lat' dir='ltr'>super</span> <span class='ocrx_word' id='word_1_840' title='bbox 3196 5606 3442 5678; x_wconf 89' lang='lat' dir='ltr'>speciali</span> <span class='ocrx_word' id='word_1_841' title='bbox 3469 5611 3620 5681; x_wconf 87' lang='lat' dir='ltr'>ejus</span> <span class='ocrx_word' id='word_1_842' title='bbox 3653 5613 3789 5682; x_wconf 72' lang='lat' dir='ltr'>dis-</span> 
     </span>
    </p>
   </div>
   <div class='ocr_carea' id='block_1_119' title="bbox 2104 5684 3790 5768">
    <p class='ocr_par' dir='ltr' id='par_1_119' title="bbox 2104 5684 3790 5768">
     <span class='ocr_line' id='line_1_120' title="bbox 2104 5684 3790 5768; baseline 0.015 -27"><span class='ocrx_word' id='word_1_843' title='bbox 2104 5685 2392 5760; x_wconf 81' lang='lat' dir='ltr'>positione</span> <span class='ocrx_word' id='word_1_844' title='bbox 2413 5684 2474 5745; x_wconf 88' lang='lat' dir='ltr'>in</span> <span class='ocrx_word' id='word_1_845' title='bbox 2486 5686 2667 5765; x_wconf 79' lang='lat' dir='ltr'>caelis,</span> <span class='ocrx_word' id='word_1_846' title='bbox 2682 5689 2734 5748; x_wconf 86' lang='lat' dir='ltr'>si</span> <span class='ocrx_word' id='word_1_847' title='bbox 2747 5707 2982 5768; x_wconf 87' lang='lat' dir='ltr'>quoquo</span> <span class='ocrx_word' id='word_1_848' title='bbox 2993 5695 3168 5755; x_wconf 87' lang='lat' dir='ltr'>modo</span> <span class='ocrx_word' id='word_1_849' title='bbox 3179 5693 3508 5760; x_wconf 76' lang='lat' dir='ltr'>Christiani</span> <span class='ocrx_word' id='word_1_850' title='bbox 3525 5715 3677 5765; x_wconf 82' lang='lat' dir='ltr'>esse</span> <span class='ocrx_word' id='word_1_851' title='bbox 3687 5689 3790 5766; x_wconf 74' lang='lat' dir='ltr'>vel</span> 
     </span>
    </p>
   </div>
  </div>
