3916 6382
358 423 474 486 785

1427 428 1493 494 S.
1537 425 1816 490 LEONIS
1860 424 1941 487 IX
1985 422 2212 486 PAPE
2251 418 2684 485 OPUSCULA.

3699 408 3824 472 756

359 574 499 614 auro
523 557 836 630 purissimo
866 563 924 615 et
951 561 1198 632 gemmis
1221 559 1490 633 pretiosis
1522 561 1604 616 uti
1635 561 1903 627 debeant,
1935 563 1992 614 et
2020 558 2074 626 Α
2101 556 2276 630 inferi
2300 571 2412 612 non
2430 553 2811 627 praevalebunt
2857 549 3117 609 adversus
3147 565 3296 606 eam.
3333 549 3420 605 Et
3485 543 3614 602 tibi
3673 543 3816 601 dabo

359 645 420 702 in
451 645 638 719 capite
667 647 739 702 ad
782 646 1014 704 laudem
1077 651 1170 705 Dei
1203 666 1304 721 pro
1363 649 1580 704 honore
1635 649 1786 704 beati
1835 647 1990 703 Petri
2099 647 2272 701 claves
2301 645 2458 716 regni
2483 644 2765 698 calorum.
2787 643 2852 698 Et
2881 639 3245 714 quodcunque
3305 636 3616 708 ligaveris
3646 651 3820 708 super

359 741 606 812 gestare.
641 738 768 809 Ipse
791 755 923 794 vero
944 739 1316 794 beatissimus
1347 756 1496 810 papa
1523 755 1698 809 super
1716 753 1990 793 coronam
2099 739 2323 800 terram,
2353 734 2458 789 erit
2488 733 2717 803 ligatum
2744 738 2796 786 et
2823 732 2885 784 in
2911 730 3060 785 cadis
3085 745 3108 792 ,°
3137 731 3191 784 et
3241 725 3654 800 quodcunque
3712 725 3822 780 sot-

361 823 692 892 clericatus,
723 842 900 896 quam
931 827 1075 898 gerit
1105 827 1174 882 ad
1203 827 1447 898 gloriam
1470 826 1621 881 beati
1659 825 1829 890 Petri,
1863 841 1992 880 om-

362 912 501 970 nino
529 912 658 984 ipsa
686 929 756 968 ex
782 931 923 969 auro
954 931 1066 969 non
1099 920 1187 970 est
1207 932 1415 986 passus
1446 915 1530 969 uti
1549 930 1761 970 corona
1782 931 1795 981 ;
1816 913 1992 986 phry-

363 1002 528 1074 gium
555 1005 750 1056 autem
780 1002 1025 1057 candido
1055 1003 1262 1067 nitore,
1308 1002 1676 1074 splendidam
1709 1017 1996 1057 resurrec-

363 1089 580 1146 tionem
609 1089 974 1145 Dominicam
1019 1091 1354 1162 designans,
1413 1093 1540 1162 ejus
1598 1089 1992 1146 sacratissimo

361 1177 559 1234 vertici
589 1178 860 1233 manibus
887 1179 1099 1234 nestris
1145 1179 1556 1250 imposuimus,
1616 1184 1674 1234 et
1733 1181 1993 1233 tenentes

363 1267 590 1322 frenum
621 1266 756 1338 equi
785 1266 1112 1338 ipsius,pro
1144 1268 1462 1322 reverentia
1484 1267 1635 1322 beati
1663 1267 1994 1332 Petri,stra-

363 1353 504 1411 toris
538 1352 622 1408 illi
661 1355 917 1410 ofﬁcium
963 1355 1356 1422 exhibuimus,
1419 1359 1736 1410 statuentes
1793 1355 1994 1410 eodem

362 1445 604 1519 phrygio
625 1460 828 1500 omnes
851 1459 1180 1499 sucessores
1197 1445 1323 1516 ejus
1339 1443 1712 1515 singulariter
1759 1444 1816 1498 in
1865 1460 1996 1516 pro-

365 1534 755 1599 cessionibus,
776 1535 847 1588 ad
866 1533 1248 1588 imitationem
1267 1533 1494 1604 imperii
1513 1532 1715 1588 nostri.
1753 1531 1912 1587 Unde
1935 1535 2000 1586 ut

365 1621 713 1696 pontificalis
725 1637 868 1694 apex
896 1637 1011 1676 non
1031 1621 1388 1689 vilescat,sed
1415 1621 1600 1693 magis
1622 1638 1795 1693 quam
1818 1625 1997 1676 terre-

367 1711 428 1766 ni
447 1709 677 1782 imperii
695 1710 948 1782 dignitas
970 1713 1026 1764 et
1045 1709 1238 1780 gloriae
1261 1711 1517 1781 potentia
1541 1711 2000 1780 decoretur,ecce

365 1803 486 1855 tam
509 1798 790 1870 palatium
812 1802 1097 1864 nostrum,
1123 1804 1184 1854 ut
1204 1799 1504 1870 praelatum
1527 1803 1636 1865 est,
1675 1816 1850 1870 quam
1887 1799 1996 1854 R0-

368 1903 604 1944 manam
621 1888 849 1958 urbem,
871 1890 928 1942 et
964 1903 1167 1942 omnes
1191 1888 1362 1942 Italize
1407 1905 1509 1944 seu
1553 1886 1996 1945 occidentalium

367 1977 667 2048 regionum
689 1973 1170 2048 provincias,loca
1190 1981 1246 2030 et
1269 1977 1548 2042 civitates,
1574 1976 1842 2048 stepefato
1870 1976 2001 2031 bea-

366 2064 594 2119 tissimo
615 2063 896 2134 pontiﬁci,
922 2068 976 2118 et
994 2064 1149 2120 Patri
1172 2069 1368 2120 nostro
1390 2064 1666 2120 Silvestre
1686 2063 1999 2119 universali

366 2169 524 2225 papae
543 2153 946 2208 contradentes
968 2155 1142 2222 atque
1169 2151 1639 2224 relinquentes,ei
1661 2152 1748 2208 vel
1771 2169 2002 2208 succes-

367 2240 599 2296 soribus
621 2239 809 2312 ipsius
829 2239 1201 2311 pontiﬁcibus
1225 2244 1567 2310 potestatem
1613 2244 1670 2295 et
1721 2239 2001 2295 ditionem

369 2328 599 2383 ﬁrmam
621 2326 909 2397 imperiali
927 2343 1171 2382 censura
1191 2345 1292 2399 per
1313 2328 1462 2382 hanc
1477 2331 1734 2382 nostram
1754 2327 2002 2383 divalem

363 2415 691 2488 jussionem
713 2419 771 2469 et
791 2417 1214 2486 pragmaticum
1235 2417 1618 2471 constitutum
1640 2417 2004 2472 decernimus

371 2503 752 2574 disponenda,
787 2507 959 2573 atque
975 2503 1096 2573 juri
1136 2508 1352 2558 sanctae
1411 2504 1682 2559 Romamn
1741 2503 2004 2560 Ecclesiae

371 2589 746 2646 concedimus
778 2607 1176 2662 permansura.
1211 2591 1372 2646 Unde
1403 2607 1725 2664 congruum
1769 2607 2006 2664 prospe-

372 2679 566 2734 ximus
587 2682 851 2732 nostrum
869 2679 1175 2750 imperium
1195 2683 1250 2734 et
1267 2681 1428 2750 regni
1451 2684 1794 2751 potestatem
1817 2680 2004 2735 orien-

372 2766 590 2823 talibus
617 2766 919 2824 transferri
941 2783 1006 2822 ac
1027 2767 1410 2822 transmutari
1458 2767 1810 2840 regionibus,
1861 2775 1914 2823 et
1945 2767 2002 2822 in

371 2855 654 2930 Byzantia:
685 2855 990 2928 provinciae
1022 2856 1241 2928 Optimo
1272 2855 1394 2912 loco
1426 2857 1650 2911 nomini
1681 2861 1878 2912 nostro
1923 2856 2002 2911 ci-

370 2945 608 3000 vitatem
637 2943 931 3010 ediﬁcari,
963 2947 1019 2999 et
1041 2949 1306 3000 nostrum
1335 2944 1452 3000 illic
1484 2945 1761 3000 constitui
1818 2945 2004 3016 impe-

372 3032 550 3098 rium,
610 3032 890 3103 quoniam
949 3032 1047 3086 ubi
1105 3032 1466 3104 principatus
1525 3033 1892 3088 sacerdotum
1948 3036 2006 3088 et

375 3118 712 3174 Christianae
751 3117 1046 3190 religionis
1067 3125 1246 3190 caput
1298 3121 1370 3175 ab
1401 3122 1754 3192 Imperatore
1785 3120 2003 3176 ccelesti

374 3206 764 3263 constitutum
795 3212 902 3270 est,
924 3207 1156 3277 justum
1197 3224 1310 3262 non
1337 3211 1425 3263 est
1455 3213 1521 3262 ut
1567 3207 1686 3262 illic
1735 3212 2003 3264 terrenus

2102 823 2242 878 veris
2269 837 2431 893 super
2453 821 2790 887 terram,erit
2813 819 3053 874 solutum
3081 817 3208 873 etin
3232 813 3816 886 cretis(Matth.xv1).

2101 911 2208 975 Qui
2239 911 2414 965 etiam
2444 909 2502 964 in
2534 907 2797 980 catalago
2819 905 3470 979 apostolorum,instar
3505 902 3813 972 cardinis,

2103 999 2174 1054 ab
2195 998 2323 1070 ipso
2344 997 2589 1053 Domino
2617 997 2759 1052 Jesu
2783 995 3011 1051 Christo
3032 994 3264 1067 primus
3294 991 3819 1066 positus,Petrus

2103 1087 2162 1142 id
2184 1091 2272 1142 est
2301 1086 2522 1157 Cephas,
2544 1089 2730 1141 exstat
2759 1082 3230 1156 cognominatus.
3264 1081 3378 1140 Cui
3436 1079 3814 1154 specialiter

2103 1179 2158 1230 et
2188 1173 2556 1244 nominatim,
2579 1191 2694 1230 non
2725 1176 2957 1230 tantum
2997 1176 3132 1230 ante
3163 1170 3537 1246 passionem
3607 1187 3812 1237 suam,

2101 1278 2304 1320 verum
2329 1267 2386 1318 et
2411 1262 2471 1318 in
2505 1261 2690 1336 ipsius
2721 1261 2968 1317 articulo
3027 1259 3351 1334 passionis,
3382 1275 3550 1316 mox
3603 1263 3683 1315 ut
3721 1261 3811 1315 sui

2106 1353 2362 1424 corporis
2393 1355 2450 1408 et
2491 1350 2796 1424 sanguinis
2852 1347 3124 1406 mirabile
3178 1347 3565 1420 mysterium
3639 1364 3820 1422 agen-

2106 1441 2246 1496 dum
2267 1439 2614 1512 generaliter
2633 1436 2940 1510 discipulis
2969 1435 3370 1504 tradidit,tam
3383 1452 3544 1492 oves
3581 1452 3656 1492 se
3690 1453 3820 1509 pas-

2105 1531 2298 1584 torum
2330 1529 2560 1584 Pastore
2607 1543 2905 1600 percusso,
2964 1525 3423 1598 dispergendas,
3494 1541 3708 1598 quam
3765 1530 3818 1581 et

2107 1615 2364 1688 usquein
2395 1618 2572 1672 linem
2602 1615 2800 1673 seaculi
2859 1615 2933 1671 ad
2986 1629 3172 1670 unum
3232 1613 3430 1682 ovile,
3502 1619 3574 1670 et
3641 1614 3722 1670 ad
3754 1631 3814 1670 se

2107 1721 2290 1760 unum
2313 1707 2606 1776 pastorem
2663 1703 3021 1776 colligendas
3081 1703 3623 1770 commendando,
3689 1703 3810 1760 ait:

2105 1793 2315 1858 Simon,
2343 1793 2552 1858 Simon,
2574 1809 2690 1848 ecce
2714 1792 2946 1848 Satanas
2973 1792 3240 1863 expetivit
3285 1807 3408 1858 vos,
3443 1796 3517 1847 ut
3579 1793 3818 1848 cribra-

2110 1885 2192 1938 ret
2219 1885 2361 1937 sicut
2383 1883 2628 1937 triticum
2653 1899 2675 1944 ;
2705 1897 2802 1951 ego
2833 1885 3020 1936 autem
3042 1881 3245 1953 rogavi
3301 1895 3409 1952 pro
3443 1884 3532 1949 te,
3569 1886 3638 1936 ut
3699 1897 3809 1937 non

2111 1971 2326 2040 deﬁciat
2351 1971 2482 2040 ﬁdes
2507 1979 2600 2025 tua
2628 1988 2646 2024 :
2677 1978 2728 2025 et
2757 1979 2818 2025 tu
2839 1967 3141 2040 aliquando
3165 1984 3484 2024 conversus
3515 1971 3811 2041 conﬁrma

2107 2061 2310 2130 fratres
2334 2063 2452 2114 tuos
2481 2060 2632 2129 (Luc.
2657 2058 2820 2129 χχιι).
2845 2058 3047 2130 Ipsum
3085 2073 3328 2129 quoque
3359 2057 3636 2131 angelus
3699 2074 3808 2130 per

2113 2146 2386 2202 mulieres
2417 2147 2488 2202 ad
2517 2146 2830 2202 videndam
2860 2145 3224 2218 resurgentis
3238 2146 3521 2218 Magistri
3531 2147 3806 2220 gloriam

2115 2235 2350 2290 nomine
2379 2233 2662 2300 invitavit,
2693 2249 2828 2289 cum
2856 2233 3003 2290 dixit
3035 2250 3048 2288 :
3080 2234 3258 2290 Dicite
3287 2233 3592 2307 discipulis
3651 2238 3804 2308 ejus,

2113 2329 2163 2379 et
2193 2327 2372 2390 Petro,
2405 2325 2542 2394 quia
2569 2324 2814 2378 surrexit
2841 2326 2897 2378 et
2925 2338 3042 2378 ecce
3064 2322 3344 2394 prmeedet
3383 2339 3478 2380 vos
3510 2326 3580 2379 in
3645 2323 3812 2380 Gali-

2117 2415 2300 2468 laeam.
2332 2413 2414 2466 Ibi
2443 2428 2569 2466 eum
2597 2411 2844 2466 videbitis
2875 2410 3097 2483 (Matth.
3118 2413 3239 2482 xx).
3273 2411 3531 2468 Necnon
3575 2411 3806 2480 eidem,

2114 2500 2244 2570 ipsa
2271 2498 2362 2554 die
2392 2498 2833 2555 resurrectionis
2863 2515 3003 2567 suae,
3035 2499 3172 2571 pius
3202 2503 3262 2555 et
3290 2516 3477 2556 verax
3511 2501 3813 2574 Magister

2117 2583 2408 2656 apparuit,
2453 2585 2954 2656 quemadmodum
3007 2584 3369 2642 venerabilis
3419 2588 3810 2662 evangelista

2115 2672 2298 2728 Lucas
2331 2689 2436 2728 nos
2467 2672 2726 2738 instruit,
2761 2673 2962 2728 dicens
2995 2689 3008 2728 :
3045 2673 3188 2742 Quia
3217 2678 3488 2732 surrexit
3525 2677 3812 2734 Dominus

2119 2777 2257 2828 vere,
2289 2765 2340 2815 et
2369 2763 2629 2832 apparuit
2672 2762 2884 2818 Simoni
2913 2762 3063 2833 (Luc.
3121 2763 3302 2836 xxxv).
3339 2766 3550 2830 Quam
3617 2767 3810 2823 mani-

2118 2849 2482 2904 festationem
2515 2847 2624 2904 soli
2653 2849 2819 2905 Petro
2850 2849 3036 2922 prius,
3071 2850 3285 2907 deinde
3335 2851 3431 2908 illi
3460 2869 3618 2910 cum
3679 2855 3809 2912 reli-

2116 2938 2248 3009 quis
2296 2937 2711 3009 condiscipulis
2745 2938 2981 3008 factam,
3039 2937 3340 3011 gloriosus
3403 2944 3812 3016 coapostolus

2115 3027 2243 3098 ejus
2271 3024 2483 3082 Paulus
2515 3025 2787 3094 declarat,
2814 3027 2915 3082 ubi
2946 3027 3019 3082 ad
3052 3027 3396 3085 Corinthios
3431 3029 3530 3088 sic
3565 3033 3810 3090 scribit:

2119 3114 2258 3182 Quia
2283 3117 2526 3170 surrexit
2555 3115 2802 3172 Christus
2830 3117 2998 3171 tertia
3016 3115 3106 3172 die
3161 3118 3479 3174 secundum
3543 3121 3814 3196 Scriptu-

2115 3219 2227 3274 ras,
2249 3206 2301 3258 et
2328 3205 2462 3276 quia
2489 3205 2632 3259 visus
2655 3212 2732 3258 est
2763 3203 2978 3276 Cophes,
3035 3209 3086 3261 et
3114 3209 3236 3277 post
3287 3207 3417 3265 haec
3470 3209 3815 3284 undecimU

373 3295 687 3368 imperator
714 3295 925 3350 habeat
945 3299 1307 3366 potestatem.
1342 3296 1470 3350 Haec
1503 3312 1632 3351 vero
1659 3296 2007 3368 omnia,qua3
2038 3282 2081 3349 C
2120 3291 2239 3347 Cor.
2272 3293 2364 3362 xv)

373 3401 475 3456 per
498 3385 647 3440 hanc
677 3383 1039 3456 imperialem
1061 3401 1286 3440 sacram
1308 3389 1364 3440 et
1384 3401 1486 3456 per
1513 3383 1628 3440 alia
1656 3383 1869 3441 divalia
1915 3385 2008 3440 de-

374 3477 528 3530 creta
557 3473 868 3529 statuimus
899 3477 1073 3544 atque
1103 3473 1596 3539 confirmavimus,
1625 3489 1812 3546 usque
1854 3473 1914 3528 in
1947 3473 2007 3527 ﬁ-

372 3578 507 3617 nem
537 3561 742 3616 mundi
768 3561 990 3616 illibata
1017 3568 1074 3616 et
1101 3562 1448 3617 inconcussa
1489 3579 1874 3633 permansura
1901 3562 2004 3618 de-

369 3649 684 3705 cernimus.
710 3671 732 3697 »
771 3649 990 3704 Deinde
1020 3650 1171 3705 facta
1200 3650 1600 3719 obtestatione,
1635 3665 1830 3706 coram
1891 3655 2002 3706 Deo

365 3737 492 3792 vivo
523 3739 582 3792 et
609 3736 853 3792 terribili
877 3737 1004 3808 ejus
1027 3737 1270 3808 judicio,
1305 3742 1362 3792 et
1399 3739 1814 3809 imprecatione
1843 3743 2003 3796 aster-

367 3842 452 3880 nae
483 3825 983 3882 condemnationis
1012 3827 1343 3882 temeratori
1373 3826 1460 3882 vel
1483 3828 1864 3899 contemptori
1914 3828 2000 3900 ip-

364 3913 486 3970 sius
518 3914 610 3970 sui
640 3915 945 3987 privilegii,
979 3920 1216 3970 secutus
1247 3915 1401 3970 idem
1431 3915 1780 3971 venerabilis
1821 3917 1999 3972 Cons-

363 4004 647 4070 tantinus,
675 4003 792 4057 ait:
828 4027 856 4052 ‹‹
889 4003 1076 4074 Hujus
1108 4019 1240 4058 vero
1297 4003 1621 4074 imperialis
1674 4005 1857 4059 nostri
1909 4005 2000 4062 de-

363 4089 504 4146 creti
535 4090 808 4162 paginam
840 4090 1089 4162 propriis
1121 4089 1394 4145 manibus
1423 4091 1781 4158 roborantes,
1825 4109 1998 4164 super

361 4178 758 4233 venerandum
787 4194 999 4250 corpus
1026 4179 1087 4234 B.
1134 4177 1308 4244 Petri,
1371 4179 1653 4251 principis
1711 4181 1998 4252 apostolo-

359 4282 492 4322 rum
518 4263 850 4338 posuimus,
880 4266 1079 4337 ibiqne
1105 4265 1292 4321 eidem
1350 4267 1448 4322 Dei
1507 4267 1768 4340 apostolo
1820 4287 1993 4342 spon-

359 4355 563 4411 dentes
592 4371 698 4410 nos
731 4353 1364 4411 cunctainviolabiliter
1394 4371 1755 4435 conservare,
1788 4362 1844 4413 et
1864 4375 1994 4414 nos-

356 4444 463 4500 tris
495 4443 935 4500 successoribus
979 4444 1433 4516 imperatoribus
1489 4447 1884 4501 conservanda
1931 4447 1990 4502 in

353 4533 648 4589 mandatis
667 4532 1013 4604 relinquere,
1029 4531 1179 4588 Patri
1203 4536 1398 4588 nostro
1421 4532 1718 4603 Silvestro,
1758 4551 1990 4592 summo

2185 3381 2324 3438 XVI.
2357 3384 2619 3437 Instante
2649 3382 3026 3454 quoquejam
3056 3399 3178 3439 sua
3195 3399 3407 3440 assum
3413 3387 3668 3457 ptionis
3691 3389 3814 3463 glo-

2114 3469 2221 3537 ria,
2253 3469 2354 3524 ubi
2383 3469 2706 3540 prandebat
2734 3485 2868 3525 cum
2897 3474 3122 3543 septem
3153 3471 3484 3546 discipulis
3521 3477 3819 3548 suis,Do-

2114 3559 2310 3614 minus
2339 3575 2596 3614 amorem
2645 3559 2797 3614 Petri
2823 3575 2962 3632 erga
3009 3576 3074 3617 se
3125 3561 3298 3618 tertio
3359 3563 3728 3637 inquisivit,
3761 3572 3818 3624 et

2113 3647 2283 3703 tertio
2307 3647 2627 3715 conﬁtenti,
2661 3664 2844 3720 agnos
2868 3654 2926 3704 et
2954 3664 3090 3705 oves
3135 3665 3280 3706 suas
3309 3651 3496 3708 tertio
3553 3671 3816 3727 pascere

2111 3737 2400 3808 praecepit,
2435 3753 2538 3808 pro
2571 3735 2787 3807 quibus
2817 3753 2934 3808 qua
2964 3741 3150 3794 morte
3181 3737 3652 3799 clarificaturus
3713 3759 3814 3801 es-

2110 3829 2198 3880 set
2226 3829 2428 3892 Deum,
2461 3823 2519 3880 in
2551 3824 2886 3881 extensione
2915 3842 3204 3882 manuum
3236 3825 3406 3884 illius
3440 3834 3507 3886 et
3539 3832 3814 3904 praecin-
3850 3879 3859 3884 .

2109 3912 2297 3969 ctione
2328 3912 2524 3968 futura
2553 3913 2742 3970 eidem
2771 3912 3142 3986 significavit.
3176 3915 3288 3981 Qui
3321 3932 3435 3972 nec
3467 3934 3682 3990 mora,
3720 3939 3811 3979 as-

2108 4007 2344 4073 sumpto
2374 4001 2641 4069 Domino,
2674 4001 2734 4056 in
2765 4002 2958 4058 medio
2988 4007 3231 4060 centum
3263 4009 3323 4060 et
3381 4005 3622 4078 viginti
3690 4010 3809 4066 fra-

2107 4094 2260 4144 trum
2288 4105 2626 4162 exsurgens,
2659 4093 2717 4144 et
2746 4091 3070 4162 profundos
3093 4091 3472 4150 sanctissimi
3504 4095 3814 4156 Psalmis-

2103 4181 2173 4232 ιω
2204 4193 2413 4234 sensus
2442 4177 2793 4246 edisserens,
2825 4179 3170 4236 auctoritate
3201 4197 3314 4237 sua
3373 4186 3808 4256 apostolicum

2105 4282 2439 4333 numerum,
2501 4270 2656 4322 sorte
2708 4271 3093 4324 annumerato
3153 4268 3408 4338 Mathia,
3475 4275 3808 4348 supplevit

2102 4369 2277 4426 quem
2307 4354 2698 4410 undenarium
2729 4371 3037 4412 remanere
3067 4357 3232 4413 nefas
3291 4359 3592 4418 credidit.
3659 4366 3804 4432 Qui-

2101 4443 2212 4498 bus
2243 4443 2419 4498 etiam
2449 4443 2666 4514 pariter
2696 4443 2878 4500 misso
2917 4445 3141 4516 Spiritu
3172 4445 3232 4502 S.
3294 4446 3358 4501 in
3421 4450 3632 4508 variis
3695 4453 3806 4510 lin-

2103 4531 2258 4604 guis,
2291 4547 2428 4587 cum
2459 4531 2699 4603 quidam
2729 4536 3033 4604 stuperent
3062 4533 3491 4608 admiratione,
3529 4541 3803 4612 quidam

351 4621 608 4694 pontifici
630 4625 685 4678 et
700 4621 1013 4678 universali
1035 4639 1217 4694 papae,
1247 4625 1303 4675 et
1323 4638 1426 4692 per
1441 4638 1574 4678 eum
1606 4623 1830 4679 cunctis
1853 4641 1987 4680 suc-
2021 4643 2066 4708 D
2099 4620 2428 4676 deridentes
2449 4621 2767 4676 inveterata
2783 4621 3040 4678 caecitate
3085 4622 3353 4679 dicerent
3391 4633 3624 4686 musto
3667 4631 3800 4705 ple-

348 4711 678 4766 cessoribus
701 4712 828 4780 ejus
851 4710 1247 4783 pontiﬁcibus,
1273 4710 1514 4766 Domino
1545 4711 1660 4766 Deo
1689 4716 1746 4767 et
1791 4713 1986 4768 Salva-

345 4801 470 4854 tore
498 4803 691 4854 nostro
720 4799 856 4855 Jesu
891 4800 1115 4854 Christo
1147 4803 1457 4865 annuente,
1497 4800 1807 4869 tradimus,
1862 4803 1984 4858 feli-

348 4888 438 4940 ter
477 4890 649 4956 atque
670 4887 1002 4958 perenniter
1029 4887 1404 4959 possidenda.
1439 4910 1468 4938 »

417 4972 538 5026 XV.
561 4975 666 5026 Tot
694 4989 827 5042 ergo
857 4979 916 5028 et
951 4974 1168 5029 talibus
1227 4973 1472 5046 aliisque
1528 4978 1982 5052 quamplurimis

344 5057 697 5116 testimoniis
719 5061 966 5116 subnixa
990 5077 1104 5116 non
1136 5062 1425 5118 erubescit
1453 5065 1664 5122 veritas
1695 5068 1793 5121 sed
1851 5085 1982 5123 con-

2097 4725 2203 4764 nos
2225 4725 2372 4776 esse,
2400 4708 2601 4764 Petrus
2622 4725 2739 4764 uno
2757 4709 2816 4764 S.
2835 4708 3014 4766 Joelis
3034 4711 3378 4768 testimonio
3417 4714 3602 4785 (laet.
3642 4721 3714 4792 ιι)
3744 4727 3800 4778 et

2093 4796 2328 4870 ignaros
2357 4796 2654 4867 instruxit,
2675 4801 2733 4853 et
2774 4797 3110 4854 incredulos
3154 4799 3479 4858 destruxit.
3553 4804 3800 4866 Deinde

2093 4889 2427 4941 constanter
2453 4883 2849 4957 imprOperata
2877 4885 2994 4942 illis
3023 4885 3311 4944 scelerata
3343 4905 3462 4947 sua
3531 4898 3794 4972 ωηερε.

2093 4974 2313 5030 ratione
2342 4974 2620 5030 adversus
2649 4973 2964 5030 Dominum
3007 4979 3065 5030 et
3093 4975 3402 5033 Christum
3429 4981 3609 5052 ejus,
3673 5003 3793 5059 qua

2089 5063 2284 5133 ipsum
2316 5066 2610 5117 auctorem
2639 5061 2767 5116 vitae
2798 5066 2986 5118 morte
3005 5063 3359 5136 turpissima
3410 5071 3578 5128 tunc
3643 5091 3790 5132 con-

343 5147 568 5202 futatur
595 5147 908 5218 impudens
939 5151 1182 5204 vanitas.
1242 5154 1315 5206 At
1347 5169 1452 5205 nos
1506 5153 1643 5207 hinc
1696 5155 1978 5212 habentes
2087 5151 2432 5205 demnantes
2475 5149 2884 5206 interfecerant
2939 5149 3287 5208 clarissimis
3346 5153 3518 5212 beati
3588 5161 3788 5221 David

343 5235 752 5291 testimonium
777 5237 971 5307 majus
1002 5237 1401 5308 Constantino,
1420 5240 1540 5306 Qui,
1573 5247 1640 5294 ut
1669 5241 1752 5295 ait
1777 5242 1982 5298 beatus

341 5324 699 5398 evangelista
726 5325 999 5394 Joannes,
1031 5326 1094 5380 de
1121 5336 1265 5382 terra
1296 5331 1395 5395 est,
1417 5332 1467 5381 et
1495 5328 1560 5381 de
1593 5336 1742 5382 terra
1799 5330 1977 5400 loqui-

341 5419 432 5467 tur
451 5413 836 5484 (Joan.m),vix
859 5414 928 5468 ab
947 5413 1180 5470 homine
1197 5415 1602 5470 testimonium
1633 5415 1974 5487 accipimus,

340 5501 594 5554 contenti
626 5501 960 5557 testimonio
989 5501 1150 5556 illius
1181 5501 1282 5570 qui
1307 5501 1378 5554 de
1409 5499 1549 5554 ccelo
1571 5502 1748 5569 venit,
1789 5509 1845 5558 et
1875 5523 1974 5562 su-

340 5601 444 5654 per
473 5601 675 5641 omncs
699 5594 806 5652 est,
851 5595 907 5642 ct
936 5589 1120 5642 dicit:
1189 5589 1261 5640 Tu
1317 5604 1372 5640 es
1429 5591 1644 5657 Petrus,
1701 5596 1750 5646 et
1806 5610 1971 5665 super

2095 5237 2344 5294 oraculis
2373 5237 2618 5294 astruxit
2645 5236 2804 5295 illius
2835 5243 3101 5296 sanctam
3133 5244 3698 5318 resurrectionem,
3730 5260 3791 5312 et

2091 5325 2404 5398 gloriosam
2436 5327 2861 5394 ascensionem,
2893 5332 2952 5383 et
2971 5329 3045 5383 ab
3075 5344 3140 5384 eo
3199 5329 3786 5402 impraesentiarum

2089 5415 2299 5469 factam
2331 5414 2584 5486 Spiritus
2615 5416 2801 5471 sancti
2832 5416 3199 5473 effusionem.
3234 5417 3344 5484 Ita,
3367 5432 3785 5498 compunctis

2082 5503 2319 5573 Judzeis,
2349 5503 2577 5574 primus
2607 5505 3002 5576 apostolorum
3034 5506 3150 5562 reis
3181 5509 3514 5580 sanguinis
3573 5517 3787 5577 Chr-is.

2079 5591 2122 5647 ti
2153 5591 2544 5663 paenitentiam
2573 5593 2801 5663 indixit,
2825 5598 2884 5651 et
2911 5611 3114 5652 eorum
3145 5595 3431 5668 protinus
3463 5602 3598 5662 tria
3630 5609 3784 5666 mil-

341 5671 480 5724 hanc
505 5678 714 5740 petram
750 5674 1029 5743 aedificabo
1086 5672 1378 5728 Ecclesium
1441 5690 1634 5747 meam,
1697 5689 1748 5736 et
1794 5687 1966 5754 porta:
2074 5680 2153 5738 lia
2171 5680 2480 5753 baptizavit
2511 5682 2642 5752 (Act.
2678 5684 2760 5756 ιι).
