3916 6354
339 421 460 489 ’189

411 557 528 616 ΧΧ.
561 559 925 634 Quapropter
951 579 986 618 a
1013 563 1177 618 tanta
1206 561 1460 618 amentia
1475 563 1602 633 jam
1633 560 1973 632 resipiscite,
2006 561 2063 628 Α

345 651 404 705 et
433 647 668 705 Latinos
697 666 825 706 vere
856 651 1192 716 catholicos,
1226 655 1398 722 atque
1429 649 1665 706 maximi
1697 649 1842 705 Petri
1890 648 1978 703 fa-

345 736 512 793 milia
527 739 706 794 riores
723 739 1042 810 discipulos
1066 739 1567 810 institutionisque
1589 739 1714 808 ejus
1728 737 1980 793 devotio-

345 843 440 884 res
453 829 1014 895 sectatores,cessate
1031 829 1445 883 subsannando
1463 828 1738 900 azymitas
1757 843 1979 897 vocare,

347 920 450 972 aut
477 915 750 972 ecclesias
775 915 887 972 illis
907 917 1212 988 denegare,
1247 934 1349 972 seu
1371 919 1676 983 tormenta,
1697 916 1848 972 sicut
1869 932 1980 970 cce-

347 1003 538 1078 pistis,
572 1005 800 1072 inferre,
829 1005 876 1061 si
905 1005 1080 1061 vultis
1124 1023 1279 1060 nunc
1321 1010 1378 1061 et
1421 1022 1652 1076 semper
1680 1022 1881 1078 pacem
1927 1008 1983 1060 et

347 1093 671 1166 portionem
705 1111 837 1149 cum
869 1095 1034 1150 Petro
1065 1095 1296 1150 habere.
1331 1096 1510 1166 Cujus
1559 1095 1884 1150 doctrinam
1927 1097 1984 1148 et

344 1183 718 1238 traditionem
751 1183 807 1236 in
838 1182 1097 1254 Epistola
1127 1184 1197 1238 ad
1229 1183 1908 1255 Romanos,sapientibus
1929 1187 1984 1237 et

345 1270 758 1342 insipientibus
777 1273 1004 1328 debitor
1020 1271 1116 1327 ille
1135 1273 1395 1344 gentium
1417 1273 1723 1340 Doctor,ad
1746 1271 1982 1326 tertium

345 1361 551 1417 coelum
583 1366 640 1418 et
666 1361 726 1416 in
759 1363 1096 1432 paradisum
1122 1368 1344 1434 raptus,
1379 1363 1462 1417 sic
1493 1379 1593 1432 per
1619 1361 1815 1416 omnia
1835 1377 1986 1415 com-

345 1453 809 1520 mendat,diccns
857 1469 870 1508 :
911 1455 1163 1508 Primum
1211 1453 1425 1523 quidem
1472 1453 1686 1520 gratias
1731 1467 1828 1522 ago
1878 1456 1984 1506 Deo

345 1558 462 1600 meo
503 1559 605 1614 per
651 1545 836 1598 Jesum
895 1543 1170 1598 Christum
1214 1558 1315 1612 pro
1361 1543 1612 1596 omnibus
1658 1541 1823 1606 vobis,
1855 1542 1983 1612 quia

349 1633 482 1704 ﬁdes
511 1637 684 1688 vestra
712 1636 1078 1689 annuntiatur
1106 1633 1162 1688 in
1195 1633 1446 1688 universo
1487 1630 1692 1685 mundo.
1717 1632 1886 1701 (Rom.
1920 1630 1980 1698 1).

349 1723 429 1778 Ex
456 1723 626 1794 cujus
676 1722 913 1794 capituli
962 1721 1262 1777 occasione
1307 1722 1513 1776 beatus
1561 1723 1614 1775 et
1661 1717 1986 1774 catholicus

349 1812 550 1868 doctor
567 1811 1360 1884 Augustinus,in:Latinaquc
1382 1809 1582 1880 lingua
1599 1807 1982 1874 clarissimus,

321 1905 520 1972 atque
550 1905 748 1956 noster
775 1901 1242 1972 Chrysostomus,
1275 1901 1355 1954 ait
1390 1915 1402 1952 :
1429 1899 1594 1953 Fides
1641 1897 1772 1965 ista,
1807 1913 1985 1996 quam
2015 1931 2064 1996 B

348 1989 593 2046 Romani
635 1989 872 2056 habent,
904 1991 1032 2062 ipsa
1073 1989 1392 2060 eademque
1443 1992 1550 2056 est,
1584 1991 1641 2042 et
1685 2003 1800 2042 non
1849 1985 1982 2054 alia,

348 2096 474 2151 qua
503 2079 559 2134 in
593 2079 862 2134 universo
893 2079 1116 2134 mundo
1161 2077 1546 2134 annuntiatur
1595 2081 1652 2131 et
1699 2075 1982 2145 creditur;

347 2185 473 2241 quis
505 2185 617 2224 non
650 2168 843 2224 solum
891 2168 951 2222 in
1001 2172 1174 2234 terra,
1209 2167 1308 2223 sed
1343 2170 1399 2221 et
1427 2167 1485 2220 in
1518 2164 1678 2220 ccelis
1709 2164 1986 2236 praedica-

346 2262 470 2325 tur;
495 2259 634 2329 quia
647 2257 677 2312 J
684 2275 820 2312 esus
837 2257 1162 2328 paeiﬁcavit
1182 2272 1284 2328 per
1305 2255 1650 2327 sanguinem
1675 2271 1849 2309 suum
1869 2270 1986 2309 non

349 2346 538 2401 solum
567 2346 866 2400 terrestria
892 2351 950 2400 et
978 2347 1222 2411 interna,
1257 2345 1357 2399 sed
1387 2350 1442 2400 et
1473 2343 1724 2398 cmlestia
1755 2343 1888 2413 (Col.
1924 2345 1984 2410 1).

349 2434 420 2490 Et
448 2433 558 2488 hoc
588 2439 676 2488 est
703 2434 762 2487 in
787 2433 1056 2489 universo
1086 2433 1306 2488 mundo
1337 2434 1510 2488 {idem
1543 2431 1865 2504 praedicari,
1887 2447 1990 2502 per

352 2538 532 2594 quam
562 2521 759 2577 omnia
788 2523 1046 2578 mundus
1065 2522 1142 2577 sit
1161 2522 1431 2578 subditus
1462 2521 1718 2577 Deo.Sed
1744 2520 1988 2575 Paulum

353 2611 550 2668 audite
578 2611 1033 2682 subsequentem
1070 2628 1082 2664 :
1117 2611 1369 2666 Desidero
1415 2610 1594 2665 videre
1635 2626 1744 2676 vos,
1784 2615 1844 2664 ut
1878 2609 1989 2662 ali-

353 2699 484 2772 quid
515 2701 800 2770 impertiar
827 2700 976 2754 vobis
1003 2700 1202 2768 gratiae
1227 2699 1538 2770 spiritualis
1566 2698 1635 2752 ad
1660 2698 1989 2768 conﬁrman-

353 2789 448 2844 dos
489 2804 580 2844 vos
627 2789 796 2858 (Rom.
852 2788 912 2859 1).
965 2789 1072 2854 Qui
1130 2804 1201 2842 ne
1247 2791 1551 2860 putaretur
1593 2785 1736 2843 velle
1769 2785 1986 2858 aliquid

352 2875 708 2932 institutioni
739 2877 889 2931 Petri
920 2877 1130 2932 addere
1155 2876 1242 2931 vel
1274 2877 1523 2943 demere,
1556 2875 1821 2948 exposuit
1849 2873 1988 2946 quid

353 2961 562 3018 dixerit
589 2964 660 3018 ad
687 2965 1089 3034 conﬁrmandos
1120 2980 1210 3020 vos
1241 2983 1256 3018 :
1291 2965 1345 3019 id
1381 2974 1476 3030 est,
1509 2965 1674 3019 simul
1721 2965 1992 3020 consolari

354 3053 415 3107 in
443 3052 594 3107 vobis
617 3068 717 3124 per
745 3069 886 3120 eam,
917 3069 1042 3126 quae
1057 3054 1288 3110 invicem
1314 3061 1408 3121 est,
1441 3055 1601 3122 ﬁdem
1634 3057 1862 3108 vestram
1901 3060 1988 3106 at-

357 3159 458 3216 que
477 3157 655 3196 meam
679 3141 957 3212 (lbid.).Et
985 3141 1044 3196 in
1077 3143 1189 3197 line
1219 3142 1482 3214 Epistolm
1507 3159 1750 3198 monens
1781 3159 1878 3196 eos
1900 3142 1992 3196 de-
2029 3134 2045 3143 ’

352 3233 532 3288 vitare
561 3231 736 3287 falsos
767 3231 1056 3298 fratres,et
1083 3236 1289 3303 praeter
1316 3231 1639 3286 doctrinam
1671 3249 1847 3304 quam
1879 3233 1989 3304 ipsi

355 3323 717 3393 acceperant,
749 3295 1100 3388 euntes,’ait-
1153 3337 1165 3374 :
1199 3326 1344 3389 Rogo
1385 3337 1493 3386 vos,
1541 3295 1762 3392 fratres,
1796 3330 1855 3378 ut
1897 3295 1987 3378 ob-
2021 3295 2064 3361 θ

355 3411 576 3466 servetis
621 3425 708 3464 eos
749 3410 844 3482 qui
883 3409 1240 3464 dissensiones
1296 3417 1346 3466 et
1388 3410 1736 3482 offendicula,
1788 3417 1996 3483 praeter

355 3499 656 3554 doctrinam
683 3513 848 3570 quam
874 3513 967 3552 vos
993 3497 1281 3563 didicistis,
1327 3501 1582 3568 lactant;
1627 3506 1682 3553 et
1729 3499 1996 3557 declinata

354 3588 432 3665 ab.
451 3593 974 3671 illis,Hujuscemodi
1001 3592 1150 3647 enim
1181 3589 1388 3644 Christo
1418 3589 1644 3643 Domino
1665 3592 1852 3646 nostra
1883 3606 1993 3645 non

358 3696 622 3759 serviunt,
653 3687 747 3744 sed
789 3700 887 3740 suo
929 3680 1140 3746 ventri;
1185 3685 1235 3734 et
1265 3693 1365 3749 per
1411 3676 1593 3730 dulces
1637 3693 1913 3732 sermones
1941 3683 1992 3733 et

356 3781 748 3842 benedictiones
801 3774 1062 3839 seducunt
1117 3767 1277 3824 corda
1345 3767 1735 3820 innocentium.
1805 3769 1993 3822 Vestra

350 3875 496 3932 enim
527 3866 834 3928 obedientia
867 3865 924 3918 in
954 3860 1107 3917 omni
1139 3858 1260 3913 ‘loco
1306 3855 1585 3926 divulgata
1629 3859 1725 3910 est.
1779 3854 1989 3912 Gaudeo

350 3965 522 4036 igitur
547 3961 608 4015 in
637 3957 784 4012 vobis
816 3954 983 4021 (Rom.
1020 3949 1158 4020 xv1).

419 4050 560 4108 XXI.
593 4048 734 4102 Ecce
764 4044 824 4098 in
850 4041 1030 4098 totius
1061 4036 1323 4110 Epistolas
1355 4035 1504 4091 serie
1536 4051 1650 4090 non
1698 4033 1988 4089 invenitur

349 4155 600 4213 magnus
619 4135 838 4193 Paulus
860 4131 1036 4186 ﬁdem
1058 4127 1394 4184 Latinorum
1416 4123 1751 4189 correxisse,
1769 4139 1873 4178 nec
1902 4124 1985 4178 vi-

349 4231 434 4286 tia
456 4211 856 4300 redarguisse;
891 4220 988 4275 sed
1022 4213 1456 4288 congratulatus
1490 4211 1624 4266 ﬁdei
1667 4215 1724 4267 et
1749 4227 1984 4266 conver-

350 4317 562 4378 sationi
591 4329 816 4380 eorum,
839 4311 910 4365 de
937 4302 1362 4380 perseverantia
1389 4300 1982 4368 commonuisse,cum

349 4426 465 4465 non
495 4408 732 4481 propter
761 4399 1066 4472 reprobam
1095 4391 1536 4481 actionem,sed
1585 4394 1641 4444 et
1678 4389 1750 4481 ob
1795 4389 1982 4481 ipsius

348 4477 862 4554 ﬁdei—citissimum
911 4481 1282 4555 naufragium
1313 4480 1373 4534 in
1404 4480 1630 4534 Graecos
1678 4477 1850 4532 fuerit
1897 4477 1983 4532 in-

343 4589 546 4644 vectus
575 4577 888 4638 accerrime
917 4575 988 4631 ab
1017 4571 1181 4628 initio
1233 4584 1419 4640 usque
1465 4568 1640 4623 finem
1675 4565 1876 4638 primae
1907 4567 1980 4620 ad

343 4672 668 4732 Corinthios
698 4665 984 4740 Epistolas.
1028 4661 1190 4727 Quod
1246 4663 1396 4715 certe
1438 4656 1622 4728 liquet
1667 4657 1726 4710 in
1776 4654 1978 4727 paucis
2008 4657 2054 4722 D

338 4759 658 4831 verbis,ubi
687 4757 769 4815 ait
801 4774 812 4812 :
845 4754 1048 4810 Fidelis
1101 4751 1258 4813 Deus,
1305 4763 1404 4819 per
1443 4763 1599 4817 quem
1646 4746 1821 4801 vocati
1851 4746 1978 4799 estis

340 4855 403 4907 in
445 4851 756 4906 societatem
799 4845 938 4900 Filii
991 4843 1110 4912 eius
1167 4841 1290 4893 Jesu
1350 4835 1554 4892 Christi
1611 4835 1828 4890 Domini
1876 4851 1973 4890 no-

339 4940 460 4994 stri.
521 4937 744 4992 Obsecro
795 4935 976 4987 autem
1031 4945 1140 4994 vos,
1191 4929 1408 4997 fratres,
1464 4940 1565 4996 per
1620 4939 1817 4978 nomen
1872 4923 1973 4978 Do-

338 5026 484 5080 mini
509 5023 684 5077 nostri
709 5025 840 5078 Jesu
869 5018 1092 5082 Christi,
1141 5025 1202 5071 ut
1252 5017 1486 5086 idipsum
1532 5013 1725 5068 dicatis
1772 5027 1971 5078 omnes,

340 5121 390 5170 et
432 5127 543 5167 non
581 5112 692 5164 sint
742 5110 802 5160 in
848 5107 992 5161 vobis
1038 5106 1364 5169 schismata;
1390 5105 1515 5159 sitis
1543 5105 1726 5158 autem
1750 5102 1976 5172 perfecti

337 5205 395 5258 in
455 5199 638 5257 eodem
693 5212 874 5260 sensu,
927 5203 979 5250 et
1036 5197 1098 5248 in
1146 5193 1332 5248 eadem
1385 5194 1634 5247 scientia.
1682 5187 1973 5259 Signi/ica-

337 5297 453 5348 tum
500 5292 582 5346 est
626 5289 777 5342 enim
830 5284 970 5338 mihi
1025 5282 1092 5338 de
1141 5283 1309 5347 vobis,
1355 5283 1554 5350 fratres
1596 5278 1724 5340 mei,
1774 5277 1840 5330 ab
1888 5277 1972 5332 his

335 5384 430 5454 qui
483 5381 614 5434 sunt
661 5374 866 5439 Chloes,
911 5371 1050 5444 quod
1099 5371 1463 5427 contentiones
1505 5369 1615 5420 sint
1659 5367 1826 5454 inter,
1859 5380 1965 5419 vos.

331 5453 439 5528 Hoc
493 5470 677 5522 autem
734 5462 851 5518 dico
903 5460 1041 5532 quod
1097 5458 1468 5526 unusquisque
1505 5461 1742 5508 vestrum
1787 5453 1968 5508 dicit:

331 5559 438 5626 Ego
481 5554 696 5623 quidem
735 5569 857 5606 sum
887 5551 1068 5614 Pauli,
1099 5562 1192 5616 ego
1239 5548 1420 5598 autem
1467 5543 1672 5612 Apollo,
1704 5557 1802 5609 ego
1844 5558 1968 5596 vero

1366 426 1472 488 .S.
1518 424 1797 490 LEOle
1837 421 1920 488 IX
1965 421 2194 488 PAPE
2235 421 2668 489 OPUSCULA.

3663 423 3818 490 760

2093 559 2212 615 Cor.
2240 560 2305 632 ι.)
2336 560 2402 615 Et
2429 559 2529 616 ubi
2567 557 2784 618 notavit
2822 574 2922 620 eos
2967 576 3039 620 ex
3085 561 3427 637 arrogantia
3484 557 3680 622 falsae
3744 571 3806 624 et

2090 649 2397 704 mundanae
2428 649 2724 722 sapientiae
2753 651 3058 722 subjunxit
3106 671 3124 707 :
3172 654 3300 710 Iam
3328 657 3602 712 saturata“
3623 657 3798 724 estis,

2079 739 2200 810 jam
2227 737 2416 794 divites
2443 740 2580 810 [acti
2603 741 2754 806 estis,
2785 741 2905 796 sine
2929 741 3086 796 nobis
3129 745 3418 814 regnetis;
3448 748 3512 802 et
3541 747 3802 802 utinam

2088 829 2412 896 regnaretis,
2445 831 2505 882 ut
2550 833 2602 883 et
2646 843 2744 883 nos
2791 829 3068 885 vobiscum
3113 840 3525 903 regnaremus!
3557 835 3622 902 (ι
3655 836 3795 892 Car.

2092 915 2264 986 1v.)Et
2294 915 2580 972 inflationi
2606 933 2807 972 eorum
2838 917 3099 975 minatus
3118 919 3344 992 virgam
3366 921 3453 978 ait
3481 939 3496 978 :
3521 925 3799 981 Omnino

2092 1005 2319 1060 auditur
2343 1007 2488 1061 inter
2515 1021 2606 1061 vos
2631 1009 2945 1078 fornicatio,
2976 1011 3028 1064 et
3047 1009 3179 1064 talis
3202 1008 3538 1082 fornicatio,
3580 1015 3799 1085 qualis

2090 1110 2190 1149 nec
2239 1095 2384 1150 inter
2427 1100 2630 1166 gentes,
2681 1097 2762 1151 ita
2807 1101 2869 1152 ut
2908 1113 3140 1154 adorem
3164 1103 3347 1171 patris
3391 1100 3614 1158 habeat
3657 1107 3798 1176 qui-

2091 1183 2238 1238 dam.
2269 1185 2334 1238 Et
2362 1199 2449 1238 vos
2480 1185 2665 1253 inﬂati
2708 1187 2856 1254 estis,
2906 1190 2960 1242 et
3004 1203 3115 1242 non
3159 1190 3340 1261 magis
3385 1191 3623 1248 luctum
3679 1193 3796 1248 ha»

2095 1273 2307 1335 buistis,
2340 1280 2400 1328 ut
2425 1273 2652 1328 tollatur
2670 1273 2736 1329 de
2764 1274 2942 1331 medio
2975 1283 3218 1333 vestrum
3246 1280 3344 1350 qui
3369 1277 3472 1335 hoc
3504 1295 3664 1352 opus
3705 1283 3798 1353 fe-

2092 1362 2167 1416 cit
2195 1361 2242 1431 (l
2272 1360 2391 1416 Cor.
2422 1361 2497 1433 v).
2531 1361 2752 1426 Quibus
2777 1363 3042 1436 expletis,
3071 1366 3384 1423 admonuit
3411 1385 3520 1424 eos
3553 1385 3797 1426 secum

2093 1451 2336 1524 epulari,
2359 1469 2474 1508 non
2500 1451 2558 1506 in
2583 1453 2864 1509 fermento
2884 1454 3249 1528 veteri,q'nod
3271 1459 3460 1514 totam
3482 1475 3796 1516 massam

2096 1541 2436 1614 corrumpit,
2470 1542 2569 1596 sed
2620 1541 2678 1596 in
2724 1543 2942 1615 azymis
2991 1544 3354 1601 sinceritatis
3383 1549 3445 1602 et
3485 1547 3796 1604 veritatis

2095 1629 2248 1701 (Ibid.
2259 1630 2276 1700 )

2165 1717 2336 1773 XXII.
2373 1717 2556 1788 Igitur
2583 1717 2712 1775 istis
2741 1722 2800 1774 et
2825 1718 3172 1790 hujusmodi
3203 1721 3548 1794 apostolicis
3583 1741 3792 1782 sanc-

2097 1809 2407 1878 torumque
2437 1811 2674 1862 Patrum
2704 1807 2878 1865 dictis
2896 1823 3032 1864 cum
3063 1809 3360 1867 evidenter
3386 1813 3798 1884 approbatur

2097 1895 2436 1961 Latinorum
2467 1895 2693 1952 sincera
2720 1895 3138 1966 obedientia,et
3166 1898 3564 1972 plurimorum
3597 1901 3790 1958 Gre-

2095 2000 2295 2040 corum
2327 1983 2688 2056 improbetur
2715 1990 2990 2058 corrupta
3017 1986 3352 2056 insolentia,
3385 1992 3528 2046 sunt
3557 1990 3790 2048 adhuc

2095 2072 2264 2145 plura
2293 2071 2384 2128 his
2411 2089 2586 2146 super
2613 2073 2723 2129 hoc
2755 2075 2903 2146 parti
2951 2079 3168 2132 nostris
3200 2075 3477 2146 faventia,
3511 2094 3684 2150 quas,
3725 2081 3789 2138 si

2093 2161 2290 2218 liceret
2320 2161 2391 2217 ad
2425 2161 2684 2218 medium
2714 2163 3154 2232 deducere,non
3187 2165 3380 2222 solum
3402 2168 3793 2226 excederent

2096 2250 2337 2306 modum
2395 2251 2672 2323 epistolae,
2703 2267 2908 2307 verum
2967 2253 3146 2309 etiam
3197 2259 3434 2326 possent
3488 2257 3794 2312 armaria

2098 2356 2358 2395 onerare.
2391 2341 2755 2413 QuaprOpter
2778 2340 2874 2397 his
2895 2341 3158 2413 omissis,
3179 2343 3520 2400 charitative
3540 2361 3789 2402 mone-

2098 2445 2250 2497 mus,
2271 2445 2341 2484 ne
2371 2429 2640 2485 absentes
2661 2429 2790 2484 sitis
2817 2429 3292 2503 vobismetipsis;
3325 2432 3427 2488 sed
3473 2449 3580 2490 vos
3622 2436 3788 2490 ante

2097 2534 2199 2572 vos
2225 2517 2614 2586 constituatis,
2646 2517 2770 2574 vias
2795 2519 3295 2591 praedecessorum
3333 2524 3683 2580 vestrorum
3719 2527 3789 2579 et

2095 2611 2318 2661 vestras
2347 2605 2594 2662 sollicite
2624 2607 3138 2674 consideretis,nec
3166 2625 3276 2667 nos
3294 2609 3522 2682 privato
3555 2626 3788 2668 amore

2098 2695 2429 2766 palpetis,et
2458 2696 2516 2750 in
2549 2696 2794 2752 fratrum
2825 2696 3010 2754 oculis
3033 2697 3320 2755 festucam
3354 2698 3790 2772 explorantes,

2098 2783 2156 2838 in
2186 2783 2394 2840 vestris
2424 2785 2646 2840 trabem
2679 2802 2795 2840 non
2826 2785 3094 2844 videatis.
3145 2787 3557 2844 Recordamini
3592 2787 3787 2845 illius

2098 2871 2362 2928 nefandae
2392 2873 2617 2945 synodi,
2647 2890 2826 2945 quam
2855 2874 3169 2932 voluerunt
3194 2875 3385 2932 vocari
3425 2875 3787 2949 septimam

2097 2961 2274 3016 vestri
2305 2960 2718 3030 haeresiarchas,
2769 2979 3022 3034 quorum
3069 2962 3521 3036 conspiratione,
3556 2963 3789 3037 ipsius

2099 3049 2329 3106 Domini
2364 3050 2546 3105 nostri
2569 3050 2710 3107 Jesu
2739 3051 2954 3108 Christi
2977 3057 3036 3108 et
3053 3055 3390 3110 sanctorum
3417 3055 3787 3110 reverenda

2101 3139 2407 3212 imagines,
2438 3143 2540 3195 aut
2568 3140 2820 3196 ﬂammis
2855 3140 3104 3210 traditae,
3136 3144 3238 3196 aut
3258 3141 3430 3212 aquis
3459 3144 3612 3196 sunt
3644 3141 3787 3198 im-

2101 3227 2567 3300 mersae,picturae
2595 3245 2728 3284 vero
2750 3246 2820 3284 ex
2840 3229 3164 3301 parietibus
3194 3227 3582 3286 basilicarum
3600 3229 3786 3286 dele-

2099 3316 2570 3388 ttc(216).0uibus
2585 3317 2850 3388 quamvis
2873 3333 3102 3391 semper
3120 3317 3443 3376 restituerit
3461 3317 3788 3378 Romano-

2104 3422 2234 3459 rum
2259 3405 2599 3478 pontiﬁcum
2622 3406 2958 3473 auctoritas,
2989 3423 3106 3479 pra
3128 3405 3355 3462 cunctis
3387 3409 3594 3463 tamen
3619 3425 3780 3465 san-

2101 3494 2347 3550 ctissimi
2377 3511 2538 3566 papa:
2570 3493 2786 3552 Nicolai
2813 3495 3002 3551 ubivis
3033 3495 3330 3552 laudanda
3356 3493 3630 3564 libertas,
3660 3499 3783 3570 qui

2100 3599 2203 3654 per
2228 3582 2448 3656 legatos
2479 3599 2616 3638 suos
2641 3587 2761 3638 tam
2796 3601 2900 3656 pro
2939 3583 3121 3640 sacris
3154 3581 3541 3656 imaginibus,
3570 3601 3782 3656 quam

2098 3689 2203 3746 pro
2233 3671 2595 3746 depositione
2641 3672 2795 3728 beati
2843 3672 3124 3729 antistitis
3156 3671 3388 3746 Ignatii,
3421 3675 3485 3728 et
3522 3673 3781 3730 substi-

2099 3762 2320 3818 tutione
2341 3760 2527 3818 Pbotii
2546 3760 3153 3834 neopbyti,ecclesiam
3176 3761 3320 3836 agite
3337 3759 3571 3834 SOpbiae
3595 3763 3781 3820 clau-

2097 3851 2193 3922 sit,
2217 3852 2398 3908 donec
2427 3851 2583 3908 sedis
2613 3849 2942 3922 apostolica
2975 3849 3370 3922 acquiesceret
3397 3847 3693 3910 decretis.

2167 3940 2363 3996 XXIII.
2395 3939 2563 3996 Absit
2591 3941 2782 3996 autem
2819 3942 2883 3994 ut
2901 3938 3150 3995 velimus
3180 3937 3416 3994 credere
3441 3939 3610 4010 quod
3646 3957 3777 4012 pu-

2093 4028 2247 4084 blica
2289 4029 2444 4085 fama
2473 4044 2587 4084 non
2619 4027 2851 4083 dubitat
2896 4041 3176 4096 asserere,
3208 4025 3776 4100 Constantinopoli-

2093 4123 2242 4174 tanze
2255 4117 2521 4173 Ecclesiae
2535 4115 2848 4188 contigisse
2862 4121 2926 4172 ut
2937 4133 3048 4172 eun
3057 4115 3473 4183 uchos,contra
3485 4114 3778 4190 primum

2092 4207 2276 4264 sancti
2299 4205 2512 4264 Niczeni
2535 4205 2764 4260 concilii
2785 4203 3129 4277 capitulum,
3145 4203 3368 4276 passim
3391 4220 3773 4276 promoven-

2091 4295 2470 4364 do,feminam
2490 4293 2550 4350 in
2570 4294 2704 4350 sede
2725 4293 3073 4366 pontificum
3095 4309 3340 4348 suorum
3361 4292 3778 4352 sublimasset

2089 4383 2548 4458 aliquando.Hoc
2569 4386 2690 4438 tam
2713 4381 3105 4438 abominabile
3135 4379 3329 4438 scelus
3366 4380 3770 4440 detestabile-

2090 4491 2204 4546 que
2225 4471 2584 4540 facinus,etsi
2596 4469 2914 4528 enormitas
2933 4469 3122 4542 ipsius
3137 4467 3225 4525 vel
3239 4469 3447 4526 horror
3458 4468 3772 4529 fraterna-

2089 4579 2202 4636 que
2231 4560 2626 4618 benevolentia
2647 4576 2762 4616 non
2790 4558 3076 4630 permittit
3109 4574 3216 4614 nos
3257 4557 3512 4627 credere,
3547 4562 3766 4618 consi-

2086 4653 2288 4708 derata
2311 4655 2506 4706 tamen
2539 4648 2763 4704 incuria
2778 4651 2971 4704 vestra
2999 4663 3137 4720 erga
3165 4649 3507 4725 sanctorum
3533 4663 3768 4707 censu-

2089 4757 2214 4797 ram
2244 4737 2702 4810 canonum,quia
2720 4735 3098 4794 eunuchoset
3116 4734 3316 4808 aliqua
3345 4739 3514 4809 parte
3533 4753 3766 4812 corpo-

2085 4831 2168 4885 ris
2199 4828 2566 4898 imminutos,
2599 4843 2714 4882 non
2745 4825 2935 4882 solum
2986 4825 3058 4880 ad
3105 4823 3468 4891 clericatum,
3511 4828 3622 4882 sed
3682 4829 3763 4884 ad

2083 4919 2486 4991 pontificatum
2497 4915 2680 4971 etiam
2697 4913 3096 4971 indiderenter
3111 4929 3176 4968 ac
3188 4912 3762 4972 solemniteradhuc

2084 5005 2586 5079 promovetis,ﬁeri
2607 5003 2864 5078 potuisse
2881 5015 3219 5076 pensamus.
3235 5001 3349 5058 Sed
3366 5001 3511 5073 quid
3534 5001 3763 5075 plura?

2083 5097 2191 5151 Tot
2222 5099 2279 5149 et
2325 5095 2484 5150 antis
2533 5091 2930 5150 scbismaticis
2962 5094 3020 5146 et
3037 5089 3348 5156 hazreticis,
3379 5088 3758 5152 catholicam

2083 5190 2258 5256 atque
2288 5182 2666 5255 apostolicam
2685 5178 2998 5236 Ecclesiam
3021 5182 3218 5252 aperte
3237 5178 3757 5252 impugnantibus

2084 5279 2141 5329 et
2171 5273 2495 5328 discindere
2540 5269 2964 5336 laborantibus,
2998 5267 3281 5323 hactenus
3325 5268 3755 5338 redundastis,

2079 5367 2146 5418 ut
2175 5362 2381 5418 Latina
2407 5360 2495 5417 vel
2527 5357 2919 5416 Occidentalis
2950 5355 3206 5412 Ecclesia
3225 5355 3298 5412 d‘e
3324 5355 3492 5422 vobis
3520 5361 3756 5418 merito

2079 5451 2352 5523 conqueri
2385 5449 2730 5522 possit,voce
2763 5463 2988 5520 sponsa:
3007 5445 3206 5501 dicens
3231 5444 3290 5500 in
3314 5443 3576 5502 Canticis
3600 5464 3752 5506 can-

2077 5541 2323 5595 ticorum
2358 5555 2370 5593 :
2403 5539 2538 5592 Filii
2566 5539 2764 5592 matris
2809 5551 2948 5592 mea:
2987 5537 3376 5607 pugnaverunt
3404 5539 3609 5592 contra.
3663 5553 3756 5596 me

336 5623 550 5711 Cephea,
583 5655 674 5707 ego
722 5643 906 5692 autem
955 5635 1172 5689 Christi.
1210 5633 1431 5685 Divisus
1476 5633 1552 5684 est
1601 5629 1884 5683 Christus?
1922 5631 1968 5699 (l
2073 5628 2394 5700 (Cant.|).Et
2423 5640 2554 5682 vere
2587 5643 2600 5680 :
2631 5624 2899 5698 nunquid
2929 5624 3087 5680 enim
3119 5623 3386 5680 Romana
3413 5625 3471 5680 et
3491 5629 3750 5696 apostoe

407 5726 551 5798 (216)
581 5724 708 5781 Haec
737 5727 825 5780 est
852 5716 1487 5790 Constantinopolitana
1511 5719 1619 5774 sub
1641 5720 2014 5776 Constantino
2043 5718 2423 5788 Copronymo.
