3922 6464
226 527 343 592 209
1514 548 1613 612 EX
1628 550 1932 615 POSITIO
1976 554 2485 627 PSALMORUM.
3578 584 3700 646 5210

233 664 303 738 (ll
321 666 453 773 for:
476 670 567 743 ι),
594 688 789 773 ‘nunc
823 674 1494 773 Prophetasceleratum
1526 681 1716 741 virum
1747 686 1939 744 redar-
1967 689 2023 758 Α
2050 696 2086 748 7
2190 696 2296 752 Sed
2326 702 2562 772 speravit
2592 702 2651 759 in
2680 702 3034 763 multitudine
3070 706 3394 768 divitiarum
3419 728 3645 773 suarum
3676 734 3694 773 :

248 758 388 859 guit,
420 760 662 859 (issula
696 781 767 859 se
805 764 1176 859 malignitate
1200 768 1547 840 jactantem,
1580 791 1686 830 cur
1713 775 1849 832 velit
1873 777 1944 833 de
2196 787 2264 841 Et
2288 758 2583 859 p1i3evaluit

257 848 423 907 malis
452 850 737 924 gloriari,
773 855 939 910 unde
968 856 1171 912 debuit
1202 859 1504 915 confundi.
2121 876 2161 931 C
2192 848 2430 934 Divitias
2457 896 2589 936 vero
2612 880 2706 937 hic
2729 848 3296 960 pompas
3318 891 3511 949 saeculi
3526 894 3691 951 debe-

2050 978 2184 1019 mus
2214 964 2490 1037 accipere.
2512 968 2616 1033 Qui
2648 970 2705 1024 in
2739 970 2870 1027 illas
2901 990 3065 1045 spem
3096 992 3267 1031 suam
3296 978 3459 1049 ponit
3488 985 3545 1035 et
3575 999 3690 1039 non

2049 1049 2107 1140 in
2142 1055 2320 1107 Deum
2354 1071 2366 1109 :
2402 1056 2782 1129 semetipsum
2823 1061 3042 1117 fefellit.
3078 1062 3206 1135 Ipse
3236 1065 3392 1122 enim
3422 1069 3691 1140 praevalet

2047 1137 2107 1193 in
2127 1141 2380 1198 vanitate
2402 1146 2673 1217 sua,quia
2696 1147 2806 1202 sibi
2828 1150 3133 1219 profutura
3154 1137 3484 1212 nullatenus
3498 1158 3682 1230 acqui-

2046 1225 2138 1281 rit.
2171 1227 2398 1284 Vanum
2431 1230 2585 1287 enim
2617 1232 2829 1289 dicitur
2857 1238 3010 1307 quod
3043 1239 3345 1307 estinane,
3366 1241 3568 1315 fragile
3583 1225 3687 1300 vel

2044 1316 2348 1383 caducum,
2373 1323 2430 1372 et
2455 1320 2524 1374 ab
2558 1320 2685 1392 ipsa
2714 1322 3055 1380 firmissima
3082 1327 3322 1385 veritate
3343 1329 3682 1388 discretum.

2040 1406 2074 1456 8
2181 1406 2343 1475 Ego—5
2385 1416 2566 1463 autem
2608 1414 2621 1473 ζ
2664 1412 2804 1466 sicut
2823 1413 2965 1467 oliva
2983 1416 3275 1486 fructi/era
3295 1418 3353 1471 in
3375 1417 3530 1475 domo
3548 1421 3683 1477 Dei:

2179 1496 2409 1566 Speraui
2457 1498 2515 1551 in
2564 1501 2939 1556 misericordia
2985 1503 3086 1558 Dei
3129 1505 3187 1558 in
3234 1514 3504 1562 aeternum
3541 1510 3681 1565 etin

2248 1584 2511 1640 arculum
2539 1593 2594 1650 -ξ
2638 1591 2832 1645 smculi
2871 1598 2884 1656 ζ

258 968 291 1020 2
399 967 529 1022 Tota
556 968 654 1023 die
686 969 1037 1040 injustitiam
1061 975 1322 1041 cogitavit
1351 975 1545 1044 lingua
1575 985 1668 1035 tua
1695 998 1712 1034 :

400 1057 560 1111 Sicut
589 1058 875 1113 novacula
904 1064 1068 1114 acuta
1093 1062 1275 1131 fecisti
1300 1063 1503 1119 dolum.

330 1174 370 1223 C
398 1171 548 1227 Tota
589 1172 709 1239 die,
744 1176 942 1229 totum
990 1177 1224 1247 tempus
1272 1178 1404 1233 vita:
1455 1181 1766 1252 significat,
1800 1184 1938 1256 quia

260 1258 385 1314 sine
417 1259 623 1331 aliqua
655 1260 1103 1319 intermissione
1146 1282 1378 1337 semper
1411 1267 1602 1323 malus
1632 1270 1849 1326 malum
1880 1277 1936 1328 et

258 1352 539 1420 operatur
568 1352 627 1404 et
656 1350 903 1422 cogitat.
938 1351 1293 1423 Injustitiam
1325 1355 1617 1428 cogitavit,
1650 1358 1744 1414 hic
1777 1361 1932 1416 enim

258 1434 526 1509 linguam
557 1437 705 1493 dicit
733 1438 1048 1511 cogitasse,
1081 1440 1218 1513 quia
1256 1443 1643 1514 pessimorum
1677 1451 1765 1503 est
1795 1465 1931 1505 con-

257 1526 534 1593 suetudo,
568 1531 637 1582 ut
669 1532 807 1583 ante
847 1526 1169 1600 loquantur
1205 1530 1405 1604 lingua
1449 1550 1626 1605 quam
1679 1535 1932 1608 cogitent

257 1614 453 1680 corde,
514 1613 573 1670 id
626 1619 721 1671 est
784 1616 1121 1672 inconsulta
1197 1620 1470 1690 proferre.
1524 1622 1675 1677 Bene
1733 1630 1928 1681 autem

249 1703 630 1776 comparavit
660 1704 805 1759 mali
839 1704 1100 1761 hominis
1131 1706 1332 1763 dolum
1382 1713 1564 1764 acutae
1613 1712 1924 1781 novaculae,

240 1791 395 1863 quia
426 1791 592 1848 sicut
622 1791 727 1848 illa
757 1792 912 1865 pilos
953 1792 1122 1862 radit,
1156 1799 1213 1849 et
1241 1794 1538 1854 hominem
1574 1816 1688 1854 non
1723 1799 1877 1855 laedit
1910 1820 1922 1857 :

238 1879 329 1935 ita
360 1896 475 1936 nec
520 1879 723 1947 dolus,
752 1881 969 1937 animae
1009 1883 1157 1953 justi
1192 1900 1396 1941 nocere
1426 1885 1657 1955 valebit,
1692 1890 1925 1960 quando

237 1968 293 2023 ei
345 1967 568 2024 nititur
610 1968 846 2025 auferre
894 1971 1214 2027 mundana.
1249 1974 1504 2029 Terrena
1557 1974 1713 2031 enim
1775 1977 1924 2032 bona

235 2056 385 2129 pilis
416 2062 868 2130 comparantur,
889 2058 1028 2131 quia
1058 2058 1158 2131 pili
1192 2061 1626 2133 superfluitates
1653 2065 1920 2135 quaadam

233 2150 388 2202 sunt
419 2145 690 2219 corporis
719 2164 733 2203 :
768 2151 827 2202 et
857 2146 1203 2220 temporalia
1232 2149 1385 2205 bona
1413 2151 1642 2207 animae.

2109 1669 2153 1725 Η
2175 1671 2484 1743 Comparat
2505 1691 2566 1729 se
2590 1676 2868 1749 propheta
2889 1679 3051 1735 oliva:
3068 1681 3376 1737 fructiferae
3399 1698 3411 1736 :
3446 1688 3679 1756 propter

2036 1758 2448 1831 pinguedinem
2472 1763 3101 1837 sapientize.Speraviin
3117 1768 3676 1843 misericordia,quia

2036 1863 2150 1901 non
2181 1852 2269 1903 est
2298 1848 2567 1904 humana:
2601 1851 2930 1923 fragilitatis
2962 1854 3307 1921 facultas,ut
3325 1871 3429 1929 per
3458 1875 3519 1915 se
3542 1858 3674 1931 quis

2033 1933 2227 1991 salvus
2259 1937 2380 1999 fiat.
2412 1939 2510 1993 sed
2544 1955 2646 2010 per
2675 1941 3138 1997 misericordiam
3168 1943 3420 2000 Domini.

1955 2052 1999 2116 Β
2030 2023 2066 2075 9
2176 2024 2473 2094 Conﬁtebor
2502 2027 2606 2081 tibi
2636 2028 2695 2081 in
2721 2028 2986 2083 saeculum
3013 2030 3111 2101 qui
3134 2032 3314 2101 fecisti
3342 2049 3362 2086 :

2168 2114 2232 2166 Et
2259 2116 2571 2184 exspectabo
2617 2132 2816 2170 nomen
2863 2121 3019 2173 tuum
3064 2120 3320 2191 quoniam
3363 2121 3562 2176 bonum
3590 2128 3670 2179 est

2238 2201 2296 2255 in
2327 2210 2610 2272 conspectu
2635 2212 2945 2259 sanctorum
2970 2214 3207 2262 tuorum.

2095 2290 2135 2343 C
2157 2287 2257 2343 Hic
2279 2291 2432 2343 enim
2455 2291 2657 2346 datum
2673 2293 3345 2363 estconfiterinobis,ubi
3370 2312 3667 2354 meremur

2025 2375 2263 2432 absolvi.
2297 2378 2445 2444 Quia
2476 2379 2659 2434 fecisti
2686 2398 2699 2435 :
2732 2380 2811 2434 ibi
2844 2380 3288 2455 intelligendum
3321 2386 3666 2451 est,miseri-

2023 2466 2299 2521 cordiam.
2325 2466 2607 2531 Quoniam
2626 2468 3658 2541 bonum.Quodjurediciturbonum,

229 2264 268 2318 3
387 2263 661 2320 Dilexisti
680 2263 969 2318 malitiam
994 2279 1159 2336 super
1187 2266 1570 2337 benignitatem
1598 2287 1616 2321 :

385 2352 755 2424 lniquitatem
802 2353 986 2421 magis
1031 2368 1195 2425 quam
1233 2354 1385 2426 loqui
1421 2358 1756 2427 aequitatem.
1791 2360 1916 2413 Dia-

380 2441 627 2512 psalmo.

306 2561 351 2611 C
384 2555 492 2612 Ille
521 2555 682 2611 enim
716 2555 934 2628 diligit,
959 2557 1057 2628 qui
1092 2558 1464 2631 cognoscitur
1492 2558 1730 2632 diligere
1760 2578 1912 2617 scm-

229 2662 345 2718 per
365 2661 636 2719 peccare.
660 2650 853 2716 Super
881 2644 1321 2719 benignitatem,
1344 2648 1399 2702 id
1433 2653 1538 2715 est,
1574 2647 1624 2703 si
1648 2649 1910 2705 animum

227 2732 521 2789 malevoli
554 2732 896 2805 benignitas
924 2734 1133 2806 tangit,
1167 2752 1299 2790 mox
1329 2753 1455 2791 eam
1493 2741 1555 2791 ut
1583 2737 1785 2792 vitium
1819 2740 1913 2794 de-

222 2819 518 2878 testabile
540 2820 799 2894 projicit,
825 2824 885 2877 et
906 2821 1095 2893 magis
1115 2823 1306 2895 diligit
1335 2824 1492 2897 loqui
1518 2826 1904 2898 iniquitatem,

222 2927 421 2983 quam
452 2909 635 2965 verba
665 2909 966 2982 aequitatis
995 2911 1270 2983 proferre.

224 3027 257 3080 ιι
378 3025 657 3081 Dilexisti
683 3026 878 3082 omnia
906 3026 1070 3082 verba
1093 3030 1559 3099 prwcipitationis
1589 3049 1608 3084 .-

375 3115 604 3181 Lingua
629 3113 838 3170 dolosa.

294 3231 339 3281 C
370 3227 449 3283 de
476 3227 845 3284 Antichristo
893 3244 1030 3284 vero
1087 3228 1321 3297 dicitur,
1356 3230 1455 3302 qui
1487 3233 1746 3289 confusis
1778 3251 1900 3290 mo-

214 3317 399 3372 ribus
449 3315 647 3387 diligit
691 3315 1092 3387 iniquitatem,
1127 3318 1307 3374 currit
1356 3319 1427 3373 ad
1477 3320 1674 3376 omnia
1726 3322 1901 3377 verba

2020 2554 2119 2608 ubi
2152 2557 2207 2608 et
2237 2571 2371 2626 spes
2402 2555 2628 2623 salutis,
2649 2560 2705 2611 et
2733 2556 2913 2613 totius
2938 2557 3064 2613 vitae
3098 2559 3291 2630 palma
3321 2561 3653 2632 suscipitur.

2018 2644 2293 2698 Additum
2321 2648 2411 2698 est
2436 2660 2667 2715 quoque
2713 2650 2847 2699 ante
2896 2651 3270 2717 conspectum
3318 2653 3654 2705 sanctorum

2018 2736 2273 2797 tuorum,
2296 2732 2476 2797 idest,
2497 2733 2865 2803 quandojam
2890 2735 3167 2804 gaudium
3190 2736 3654 2807 generalejusto-

2018 2836 2146 2873 rum
2169 2825 2275 2875 est.
2300 2820 2346 2875 Η
2377 2820 2473 2874 Vel
2507 2820 2645 2891 quia
2674 2820 2880 2887 fecisti,
2905 2821 3127 2877 scilicet
3156 2824 3308 2894 quod
3341 2841 3473 2879 sum
3502 2824 3652 2880 oliva

2019 2909 2333 2976 fructifera,
2356 2909 2509 2979 quod
2532 2909 2755 2980 speravi
2782 2909 2838 2963 in
2859 2909 3256 2967 misericordia
3275 2912 3374 2967 Dei
3398 2913 3456 2968 in
3488 2917 3649 2969 aeter-

2016 3014 2178 3063 num,
2210 3001 2265 3052 et
2296 2997 2421 3052 ideo
2453 2997 2796 3068 exspectabo
2828 3014 3039 3052 nomen
3069 3002 3258 3067 tuum,
3292 3003 3403 3057 etc.

2525 3128 2726 3167 ORATIO
2764 3130 2834 3167 EX
2872 3130 3031 3170 PSAL.
3074 3131 3144 3169 LI.

2073 3227 2275 3283 Totius
2291 3227 2597 3282 mundana
2612 3226 2881 3282 vanitatis
2894 3227 3655 3302 destructor,0mnipotens,

2011 3317 2099 3370 fac
2122 3333 2228 3370 nos
2250 3315 2307 3370 in
2326 3316 2499 3369 domo
2524 3319 2623 3369 tua
2644 3314 2796 3370 sicut
2816 3314 3027 3372 olivam
3051 3316 3406 3372 fructiferam
3427 3317 3651 3385 florere,

211 3402 740 3477 praecipitationis,
765 3403 945 3475 jubet
999 3405 1153 3476 quod
1213 3405 1439 3462 nullum
1485 3408 1670 3479 juvat,
1712 3412 1769 3463 et
1812 3413 1896 3464 to-
1932 3410 1974 3476 (ζ
2014 3410 2075 3460 ut
2106 3406 2163 3458 in
2194 3408 2354 3458 tuam
2388 3402 2847 3458 misericordiam
2875 3407 3195 3475 sperantes,
3219 3404 3291 3460 ab
3321 3404 3648 3478 iniquitatis

209 3497 353 3548 tum
387 3508 527 3548 cum
559 3492 697 3549 dolo
728 3490 1019 3563 loquitur,
1049 3510 1080 3549 a
1113 3509 1218 3565 quo
1250 3493 1396 3550 nulli
1426 3496 1731 3567 profutura
1760 3514 1895 3554 cen-

210 3586 458 3639 sentur.

208 3700 251 3753 5
370 3698 672 3769 Propterea
722 3697 871 3753 Deus
917 3696 1156 3753 destruet
1201 3705 1252 3753 te
1294 3699 1350 3753 in
1382 3700 1546 3769 ﬁnem
1577 3718 1596 3755 :
1625 3680 1815 3757 evellet
1845 3710 1895 3758 te

443 3793 496 3840 et
522 3785 828 3854 emigrabit
857 3792 909 3841 te
936 3784 1009 3840 de
1039 3786 1389 3842 tabernaculo
1417 3795 1506 3843 tuo
1538 3807 1556 3843 :

367 3875 438 3928 ει
468 3871 715 3927 radicem
746 3879 904 3927 tuam
931 3871 997 3927 de
1025 3879 1173 3927 terra
1203 3874 1522 3929 viventium.
1557 3876 1888 3948 Diapsalma.
1952 3937 1958 3955 ,

290 3989 336 4043 Il
372 3987 589 4043 Omnia
611 3987 736 4042 haec
758 3985 821 4041 in
843 3985 1090 4041 Judaico
1115 3987 1328 4060 populo
1349 3988 1588 4061 impleta
1608 3997 1764 4059 sunt,
1790 3993 1889 4065 qui

211 4095 248 4132 ι
281 4075 438 4149 legis
487 4075 688 4130 littera
740 4074 1101 4141 destructus,
1130 4079 1187 4130 et
1233 4076 1471 4133 evulsus
1518 4078 1588 4132 de
1637 4079 1887 4150 civitate,

211 4166 552 4238 emigratus
580 4167 673 4219 est
693 4163 767 4219 de
792 4162 1169 4219 tabernaculo
1192 4164 1289 4220 Dei
1312 4167 1671 4238 temporibus
1694 4170 1802 4225 Titi
1836 4176 1892 4226 et

212 4251 596 4325 Vespasiani.
648 4251 692 4307 Ο
750 4250 814 4306 In
872 4251 1047 4305 finem
1109 4257 1304 4308 autem
1357 4254 1456 4325 qui
1512 4255 1887 4315 destruetur:

214 4340 460 4397 aeternis
491 4338 809 4412 suppliciis
832 4338 1167 4409 deputatur.
1192 4342 1262 4395 Et
1282 4342 1536 4397 radicem
1561 4346 1892 4418 tuam,quia

216 4428 371 4484 sicut
405 4428 599 4483 sancti
628 4430 999 4495 sanctorum,
1035 4427 1117 4484 ita
1145 4427 1471 4486 imitatores
1502 4434 1885 4504 peccantium,

214 4516 450 4573 radices
471 4532 681 4572 eorum
712 4512 1109 4587 appellantur.
1135 4516 1380 4573 Radices
1406 4523 1573 4574 erant
1602 4520 1890 4577 Antichri-

213 4603 310 4671 sti,
347 4601 762 4669 consentanei,
794 4607 852 4657 et
884 4601 1014 4658 ideo
1062 4605 1315 4661 radicem
1362 4606 1548 4679 ipsius
1586 4625 1719 4663 cum
1760 4610 1887 4681 ipso

213 4691 359 4747 dicit
387 4709 523 4747 esse
554 4689 922 4746 evellendam
958 4706 972 4745 :
1007 4692 1145 4762 quia
1192 4710 1323 4748 cum
1376 4695 1594 4750 sanctis
1636 4698 1883 4761 Domini,

211 4797 322 4837 nec
352 4779 774 4846 antichristus,
808 4793 917 4833 nec
965 4779 1254 4837 ministris
1299 4783 1428 4852 ejus
1458 4782 1759 4840 habebunt
1788 4784 1886 4840 ali~
1916 4766 1961 4830 Ῑ)
1998 4763 2020 4816 ί

211 4885 397 4941 quam
430 4868 772 4942 portionem
807 4867 867 4921 in
901 4882 1076 4940 regno
1107 4867 1366 4925 beatum.

208 4986 245 5039 6
360 4984 638 5041 Videbunt
679 4983 831 5055 justi
870 4986 924 5038 et
972 4984 1237 5041 timebunt
1266 5006 1283 5041 :
1314 4994 1363 5042 et
1396 5003 1560 5058 super
1584 5004 1707 5044 eum
1737 4989 1881 5045 ride-

350 5074 742 5227 -έὸἔῗξίέεθηι
779 5163 799 5227 ἶ
842 5160 975 5217 Ecce
1003 5161 1158 5219 homo
1194 5166 1294 5236 qui
1338 5181 1450 5220 non
1491 5167 1677 5236 posuit
1713 5169 1885 5222 Deum

422 5250 743 5323 adjutorem
771 5265 957 5305 suum.

280 5364 582 5422 Videbunt
605 5364 783 5435 justi,
816 5363 930 5419 hoc
959 5367 1049 5420 est
1076 5363 1400 5439 intelligent
1433 5369 1559 5437 jam
1590 5368 1878 5425 malorum

213 5452 468 5510 futuram
504 5469 773 5527 poenam,
809 5455 868 5507 et
905 5451 1217 5521 timebunt,
1243 5471 1316 5510 ne
1344 5455 1486 5511 talia
1516 5462 1790 5529 appetant
1820 5458 1877 5512 in

212 5538 319 5597 isto
366 5542 607 5599 seculo.
646 5542 756 5598 Hic
804 5539 961 5611 justi
1022 5541 1184 5606 fient,
1212 5542 1490 5599 ridebunt
1544 5545 1603 5599 in
1662 5547 1876 5601 futuro.

210 5630 458 5703 CSuper
501 5647 644 5688 eum
700 5626 809 5701 qui
864 5626 1488 5702 longamcpatientiam
1543 5632 1660 5699 Dei,
1702 5633 1883 5689 stulta

207 5716 497 5777 voluntate
546 5714 944 5788 contempsit,
977 5716 1120 5773 Ecce
1179 5735 1313 5773 cum
1363 5720 1598 5783 dicitur,
1642 5728 1881 5777 extensa

200 5823 394 5879 manu,
426 5805 777 5885 peccatoris
809 5803 1065 5861 nefanda
1096 5822 1223 5863 sors
1256 5815 1638 5866 monstratur.

2005 3492 2311 3549 maledicto
2343 3491 2652 3547 salvemur.
2686 3492 2791 3547 Per
2816 3492 3128 3548 Dominum
3161 3498 3449 3564 nostrum,
3480 3498 3589 3550 etc.

2580 3650 2905 3707 PSALMUS
2946 3650 3062 3706 LII.

2452 3755 2851 3796 ABGUMENTUM
2892 3757 2994 3795 PSA
3002 3757 3049 3795 L.
3093 3757 3185 3796 LII.

2071 3883 2113 3938 C
2142 3881 2396 3938 Ecclesia
2442 3881 2699 3953 increpat
2740 3899 2838 3938 eos
2871 3883 2969 3955 qui
3002 3883 3171 3938 corde
3202 3884 3289 3941 vel
3320 3902 3491 3957 opere
3520 3902 3641 3941 cor-

2002 3974 2374 4042 rumpuntur,
2390 3974 2447 4025 et
2468 3970 2665 4026 fideles
2694 3975 2892 4026 monet
2922 3975 2983 4025 ut
3014 3972 3420 4043 aequanimiter
3445 3973 3641 4029 saeculi

2002 4058 2303 4114 molestias
2330 4059 2628 4112 sufferant.

2071 4147 2185 4201 TT.
2220 4148 2281 4200 In
2308 4146 2469 4214 ﬁnem
2496 4161 2593 4215 pro
2634 4145 2907 4201 Amalech.
2940 4146 3245 4200 Intellectus
3291 4148 3402 4215 ipsi
3445 4149 3636 4204 David.

2069 4240 2108 4288 Ο
2138 4233 2199 4289 In
2225 4233 2398 4288 finem
2422 4233 2560 4304 quid
2583 4233 2875 4304 significat
2882 4234 3009 4304 jam
3027 4238 3229 4288 notum
3251 4234 3637 4291 est.Amalech

1999 4327 2194 4377 autem
2212 4338 2398 4394 genus
2420 4320 2679 4391 l'uit,qua3
2702 4324 2902 4374 contra
2919 4319 3015 4374 Dei
3037 4319 3314 4391 populum
3336 4323 3634 4393 pugnavit.

1999 4409 2137 4480 Ejus
2158 4409 2415 4465 nominis
2440 4407 2837 4478 interpretatio
2860 4407 2992 4461 talis
3014 4410 3101 4461 est
3120 4423 3133 4461 :
3154 4424 3257 4479 pro
3279 4408 3637 4479 parturiente

1997 4497 2115 4553 sive
2141 4497 2392 4561 dolente,
2426 4500 2481 4549 et
2511 4494 2801 4566 signiﬁcat
2832 4493 3169 4562 Ecclesiam,
3199 4512 3325 4567 quas
3355 4500 3633 4569 tanquam

1996 4584 2197 4641 dolens
2228 4590 2401 4655 atque
2421 4582 2768 4654 parturiens,
2795 4581 3073 4654 populum
3098 4581 3372 4639 admonet
3390 4586 3633 4656 perfido-

1995 4689 2148 4737 rum,
2184 4678 2305 4728 uta
2337 4672 2460 4727 suis
2492 4669 2898 4743 iniquitatibus
2927 4670 3321 4742 conquiescat.

2140 4764 2291 4817 Dixit
2321 4763 2585 4831 insipiens
2618 4762 2677 4815 in
2705 4759 2861 4815 corde
2888 4775 2983 4813 suo
3013 4777 3032 4814 :

2132 4851 2246 4906 Non
2276 4857 2353 4905 est
2384 4851 2545 4903 Deus.

2062 4938 2103 4993 C
2126 4937 2428 5011 Proprium
2452 4941 2541 4992 est
2559 4936 3045 5009 lingute,verbum
3064 4935 3395 5001 dicere,non
3418 4937 3629 4996 cordis.

1992 5025 2101 5081 Sed
2133 5025 2270 5097 quia
2299 5024 2679 5097 cogitationes
2726 5028 2955 5080 nostras
3004 5024 3263 5096 potentia
3306 5024 3632 5084 divinitatis

1992 5112 2279 5186 intelligit,
2305 5117 2454 5168 recte
2477 5113 2699 5168 dictum
2731 5117 2820 5168 est
2848 5112 3189 5185 insipientes
3218 5114 3388 5170 corde
3418 5114 3629 5183 dicere,

1991 5201 2146 5271 quod
2190 5202 2260 5256 ad
2310 5218 2479 5257 aures
2533 5200 2760 5257 Domini
2805 5201 2997 5273 potuit
3041 5201 3359 5274 pervenire,
3392 5219 3507 5259 non
3556 5204 3629 5260 ad

1990 5287 2430 5360 ignoscendum,
2466 5289 2566 5344 sed
2613 5289 3047 5345 vindicandum.
3082 5290 3125 5344 Η
3159 5289 3307 5346 Dicit
3343 5296 3537 5347 autem
3568 5292 3627 5346 in

1988 5376 2178 5439 corde,
2194 5375 2460 5431 diabolus
2482 5375 2569 5431 vel
2590 5377 2848 5443 Judwus,
2864 5362 2975 5432 non
2994 5382 3083 5432 est
3098 5377 3272 5443 Deus,
3291 5393 3356 5433 ac
3379 5377 3429 5434 si
3449 5379 3622 5434 dicat:

1987 5462 2110 5517 Non
2134 5468 2221 5519 est
2239 5464 2503 5519 Christus
2525 5463 2705 5519 Filius
2730 5464 2848 5520 Dei.
2874 5467 2917 5520 A
2937 5462 3035 5521 Vel
3069 5464 3348 5537 insipiens
3378 5470 3468 5521 est
3495 5466 3624 5536 qui-

1988 5548 2129 5605 libet
2161 5550 2260 5623 qui
2292 5551 2443 5606 male
2472 5552 2628 5620 vivit,
2654 5559 2710 5608 et
2732 5554 2782 5606 is
2803 5551 2850 5607 si
2875 5558 3042 5624 putat
3062 5553 3175 5607 Deo
3197 5552 3421 5623 placere
3448 5551 3622 5621 mala,

1989 5636 2129 5692 dicit
2156 5638 2210 5692 in
2244 5639 2415 5693 corde
2447 5655 2458 5692 :
2494 5640 2615 5695 Non
2647 5645 2732 5695 est
2764 5639 2939 5706 Deus,
2974 5640 3061 5693 vel
3109 5639 3207 5709 qui
3249 5637 3407 5702 dicit,
3442 5642 3621 5691 Deum

1990 5726 2263 5781 omnibus
2288 5731 2339 5780 et
2368 5744 2596 5798 semper
2626 5743 2860 5799 parcere
2885 5743 2896 5779 ε
2923 5727 3074 5780 Deus
3095 5723 3250 5779 enim
3271 5721 3623 5791 suajustitia

1989 5817 2047 5868 et
2071 5813 2298 5871 bonitas
2328 5817 2436 5870 est.
