3916 6404
132 518 251 585 ⁸161
1102 482 1507 580 EPISTOLE
1547 498 1649 578 ar
1690 502 1824 577 om

2011 502 2057 573 Α
2100 492 2575 578 mmmam.
3419 512 3539 575 ηδε

133 656 247 714 lica
266 656 456 726 sedes,
487 670 614 729 quas
648 670 750 730 per
766 649 1140 727 Evangelium
1163 651 1365 727 genuit
1396 650 1658 708 Latinam
1681 649 1777 705 Ec-
1809 638 2208 714 A‘Ieremiam
2252 651 2457 705 contra
2506 647 2795 721 quosdam
2839 647 3242 723 conqueritur,
3289 647 3491 707 dicens
3524 667 3538 708 :

134 746 372 803 clesiam
402 745 462 801 in
488 744 820 811 Occidente,
843 749 1031 800 mater
1050 760 1164 799 non
1187 747 1276 799 est
1298 742 1778 813 Constantinopo-
1888 739 1966 794 Me
1995 738 2410 823 dereliquerunt
2436 742 2647 811 fontem
2675 755 2840 812 aqua?
2867 742 3029 810 vivae,
3069 744 3120 797 et
3146 740 3405 813 foderunt
3434 740 3543 821 sibi

1887 829 2174 894 cisternas,
2206 828 2468 884 cisternas
2497 829 2810 901 dissipatas,
2844 845 2971 901 qum
2997 833 3280 887 continere
3309 847 3421 887 non
3452 847 3542 887 va-

1891 917 2003 972 lent
2030 933 2198 988 aquas
2228 917 2359 988 (Jcr,
2382 918 2475 988 ιι).
2510 918 2579 973 Et
2614 923 2747 990 post
2778 918 2975 990 aliqua
3016 937 3028 975 :
3063 920 3222 976 Nunc
3260 920 3393 992 quid
3442 920 3548 977 tibi

1890 1007 1971 1061 vis
2010 1007 2070 1060 in
2118 1008 2209 1061 via
2258 1009 2503 1078 At‘gypti,
2537 1010 2596 1062 ut
2629 1009 2782 1063 bibas
2831 1025 3039 1080 aquam
3085 1009 3412 1081 turpidam?
3438 1010 3548 1064 Aut

1891 1086 2023 1164 quid
2054 1095 2153 1149 tibi
2170 1097 2231 1150 in
2250 1097 2358 1150 viis
2386 1096 2755 1167 Assyriorum,
2774 1106 2835 1153 ut
2865 1098 3013 1154 bibas
3033 1114 3239 1170 aquam
3266 1099 3551 1169 ﬂuminis?

1892 1183 2079 1254 (Ibid)
2103 1186 2258 1251 Quas
2290 1184 2490 1258 utique
2522 1203 2592 1242 ne
2613 1186 2886 1243 sitiemus
2906 1186 3058 1243 idem
3089 1192 3269 1253 vetat,
3302 1187 3502 1245 dicens
3530 1204 3545 1245 :

141 1281 401 1337 citantur
453 1281 662 1336 Latinze
692 1278 1013 1335 lectiones?
1044 1280 1259 1352 Utique
1296 1278 1369 1334 ob
1400 1278 1784 1334 reverentiam
1894 1274 2126 1329 Prohibe
2152 1280 2344 1344 guttur
2372 1284 2524 1330 tuum
2563 1293 2598 1330 a
2650 1278 2747 1331 siti
2794 1277 2997 1348 (Ibid.).
3046 1276 3193 1332 Hinc
3239 1276 3543 1343 Salomon,

138 1369 304 1427 illius
337 1370 563 1437 matris,
597 1386 727 1443 quae
738 1371 864 1441 jam
896 1369 1120 1424 cunctis
1152 1384 1512 1441 paganorum
1543 1364 1787 1421 crudeli-
1893 1379 2042 1435 quas
2075 1380 2263 1435 aquas
2293 1370 2587 1437 appetere,
2607 1381 2871 1437 quasque
2892 1367 3213 1423 debeamus
3233 1366 3414 1423 vitare
3444 1366 3545 1422 de-

133 1458 361 1514 tatibus
401 1462 457 1514 et
486 1458 851 1514 diversorum
882 1461 1309 1514 tormentorum
1360 1455 1785 1529 quaestionibus
1896 1456 2254 1519 monstrans,
2274 1454 2356 1510 ait
2380 1472 2392 1509 :
2419 1456 2549 1511 Bibe
2565 1472 2765 1526 aquam
2789 1455 2853 1511 de
2871 1457 3107 1511 cisterna
3125 1461 3242 1521 tua,
3266 1464 3317 1512 et
3338 1458 3548 1527 ﬂuenta

133 1550 347 1601 vexata
376 1550 432 1601 et
461 1547 828 1620 impugnata,
864 1563 929 1601 ac
957 1546 1115 1602 velut
1146 1562 1378 1613 aurum,
1429 1544 1627 1600 nimiis
1659 1561 1786 1616 per-
1888 1544 2041 1615 putei
2086 1545 2194 1597 tui.
2248 1545 2587 1600 Deriventur
2631 1547 2810 1615 fontes
2856 1547 2942 1599 tui
2977 1547 3146 1615 foras,
3178 1548 3228 1599 et
3260 1548 3321 1599 in
3349 1542 3549 1615 plateis

136 1640 477 1693 secutorum
525 1635 780 1693 flammis
811 1636 1068 1707 decocta,
1103 1634 1443 1693 deliciosam
1475 1634 1683 1706 ﬁliam,
1712 1632 1793 1688 vi-
1897 1648 2069 1703 aquas
2099 1636 2221 1687 tuas
2266 1632 2469 1688 divide.
2503 1635 2704 1689 Habeto
2747 1649 2839 1689 eas
2886 1634 3055 1701 solus,
3086 1650 3186 1689 uec
3226 1635 3335 1689 sint
3383 1635 3554 1689 alieni

138 1723 354 1780 delicet
384 1726 702 1783 Ecclesiam
736 1727 1436 1798 ConstantinOpolitanam
1480 1723 1681 1781 edidit.
1893 1721 2192 1794 participes
2224 1722 2323 1777 tui.
2354 1722 2441 1778 Sit
2471 1739 2608 1779 vena
2637 1725 2733 1779 tua
2764 1722 3046 1779 benedicta
3076 1722 3262 1794 (Prov.
3286 1722 3364 1794 v).
3399 1721 3469 1777 Et
3493 1721 3553 1777 in

218 1812 502 1868 XXIV.Et
522 1819 676 1868 certe
688 1813 815 1885 jam
838 1813 1419 1870 decimaaNeronein
1434 1812 1795 1868 Christianos
1899 1811 2416 1883 subsequentibus,
2473 1812 2807 1869 hmreticam
2838 1812 3179 1879 vanitatem,
3213 1812 3326 1868 sub
3365 1810 3556 1884 specie

143 1902 479 1974 persecutio
515 1902 745 1973 penitus
766 1902 1087 1969 refrixerat,
1114 1905 1241 1975 jam
1283 1919 1456 1957 omne
1488 1901 1796 1956 mundanae
1902 1898 2093 1955 stultae
2119 1899 2400 1966 mulieris,
2426 1900 2640 1956 visibili
2665 1901 3099 1973 quodammodo
3128 1902 3317 1958 lorma
3338 1900 3557 1959 colora-

70 2038 73 2041 .
144 1989 750 2087 insaniaincendium
783 1992 1040 2063 sopitum
1072 1996 1217 2059 erat,
1240 1993 1368 2063 jam
1398 1991 1579 2046 Roma
1601 1990 1799 2046 adulta
1829 2022 1877 2087 Β
1905 1990 2028 2044 tam
2050 1992 2223 2061 atque
2242 1990 2530 2063 depictam
2554 1989 2893 2058 introducit,
2917 1990 3144 2047 dicens:
3164 1991 3366 2047 Mulier
3381 1991 3559 2045 stulta

144 2079 207 2132 et
237 2075 519 2148 longaeva,
552 2076 609 2132 in
637 2076 833 2133 divino
865 2078 1025 2133 cultu
1056 2078 1259 2134 victrix
1277 2082 1335 2133 et
1356 2081 1649 2144 coronata,
1684 2077 1801 2133 alta
1830 2075 1875 2087 “’
1911 2081 1960 2133 et
1981 2079 2234 2145 clamosa,
2264 2079 2532 2150 plenaque
2559 2080 2845 2146 illecebris,
2865 2083 2916 2134 et
2943 2079 3089 2135 nihil
3105 2081 3328 2135 omnino
3354 2079 3552 2144 sciens,

135 835 329 892 litans:
356 833 629 890 Ecclesiae
660 835 719 889 in
750 834 1001 901 Oriente,
1027 849 1205 906 quam
1236 850 1337 905 per
1367 830 1685 904 gloriosum
1718 831 1781 885 fi-

134 925 284 981 lium
315 940 489 980 suum
523 924 993 990 Constantinum,
1025 926 1082 978 et
1112 921 1335 978 nobiles
1369 920 1782 993 sapientesque

138 1015 456 1083 Romanos,
492 1030 605 1069 non
638 1015 867 1067 tantum
901 1012 1183 1076 moribus,
1221 1012 1321 1066 sed
1353 1014 1409 1066 et
1440 1010 1625 1065 muris
1658 1014 1781 1064 stu-

139 1102 272 1159 duit
302 1120 571 1176 reparare
593 1102 620 1157 ?
651 1102 812 1167 Quod
836 1101 882 1156 si
908 1100 1402 1168 contradicitis,ad
1435 1099 1575 1172 quid
1592 1102 1783 1154 vestro

138 1192 481 1265 imperatori
512 1192 727 1247 Latina:
748 1190 972 1257 laudes,
1007 1194 1064 1245 et
1088 1189 1147 1245 in
1178 1188 1436 1246 Ecclesia
1453 1188 1666 1244 Graecis
1697 1205 1783 1243 re-

145 2182 295 2238 pace
313 2165 735 2238 triumphabat,
757 2168 884 2237 jam
910 2167 1355 2223 innumerabilis
1378 2168 1682 2240 utriusque
1715 2185 1804 2223 se-

143 2271 262 2309 xus
288 2259 343 2310 et
382 2254 622 2310 diversae
654 2257 842 2311 aetatis
878 2262 1201 2327 martyrum
1233 2258 1540 2325 exercitus,
1586 2256 1803 2313 nostris

144 2343 373 2415 azymis
404 2343 1035 2415 saginatus,universos
1064 2346 1400 2401 idololatria:
1432 2345 1804 2418 fregeratim-

144 2435 346 2504 pctus,
393 2433 522 2503 jam
563 2434 875 2502 mundum,
910 2438 966 2489 et
996 2434 1193 2506 ipsum
1234 2435 1439 2490 mundi
1480 2433 1803 2507 principem

144 2521 268 2577 sub
301 2520 548 2593 pedibus
579 2521 848 2588 habebat,
887 2523 1013 2595 jam
1046 2540 1160 2578 non
1193 2522 1387 2578 solum
1432 2522 1544 2595 ipsi
1595 2526 1804 2578 nostraa

144 2609 549 2666 institutionis
600 2611 914 2682 antistites,
961 2612 1061 2667 sed
1102 2616 1159 2667 et
1200 2611 1457 2667 ministri
1488 2628 1712 2678 eorum,
1747 2612 1806 2666 in

150 2698 379 2772 quibus
403 2699 750 2756 Laurentius
773 2718 838 2757 ac
862 2700 1226 2771 Vincentius,
1251 2701 1410 2756 omni
1439 2702 1659 2757 mundo
1691 2704 1808 2757 stu-

148 2791 360 2861 pente,
391 2788 800 2845 deficientibus
840 2789 983 2861 ipsis
1024 2789 1333 2846 tormentis
1381 2795 1439 2846 et
1487 2790 1809 2848 tortoribus

153 2875 554 2933 insultabant.
581 2877 749 2933 Modo
775 2877 1021 2933 delicata
1042 2878 1161 2934 ﬁlia
1183 2878 1241 2933 in
1268 2878 1522 2935 conclavi
1541 2879 1810 2942 residens

154 2981 392 3031 secura;
413 2965 660 3035 deliciis,
676 2965 937 3035 lascivia,
960 2972 1018 3023 et
1048 2967 1220 3041 longo
1243 2968 1360 3024 otio
1378 2966 1684 3038 dissoluta,
1706 2987 1811 3025 nec

152 3055 227 3111 ad
255 3069 537 3126 campum
561 3054 669 3110 rite
683 3055 1117 3126 agonizantium
1143 3055 1458 3128 aliquando
1479 3074 1808 3130 progressa,

151 3143 259 3216 pia
295 3146 482 3199 matre
506 3147 803 3216 satagente
835 3148 892 3199 et
922 3145 1270 3200 decernente
1301 3163 1404 3218 pro
1427 3162 1511 3213 ea,
1540 3163 1655 3202 non
1686 3164 1814 3204 eru-

152 3231 356 3288 bescit
387 3235 487 3287 aut
516 3237 747 3287 veretur
772 3232 1092 3305 primatum
1112 3250 1402 3307 arrogare,
1436 3239 1713 3291 maternae
1732 3253 1817 3292 se-

1910 2167 2055 2223 sedet
2112 2170 2171 2222 in
2212 2169 2422 2239 foribus
2449 2168 2637 2225 domus
2665 2184 2787 2226 sua!
2817 2186 2981 2240 super
3008 2170 3204 2224 sellam
3246 2170 3307 2223 in
3344 2168 3557 2224 excelso

1911 2257 2062 2312 urbis
2092 2258 2224 2325 loco,
2257 2267 2314 2313 ut
2344 2262 2557 2314 vocaret
2584 2267 2924 2314 transeuntes
2952 2272 3051 2327 per
3068 2260 3217 2314 viam
3243 2261 3295 2314 et
3321 2268 3556 2329 pergen-

1913 2354 1988 2401 tes
2020 2347 2215 2403 itinere
2242 2362 2337 2401 suo
2371 2363 2383 2401 :
2420 2348 2523 2416 Qui
2551 2356 2627 2403 est
2652 2349 2937 2419 parvulus,
2980 2348 3213 2402 declinet
3241 2346 3311 2402 ad
3337 2360 3444 2403 me.
3493 2347 3561 2400 Et

1913 2436 2127 2490 vecordi
2165 2436 2346 2491 locuta
2382 2445 2461 2492 est
2493 2454 2506 2491 :
2541 2438 2708 2508 Aqua?
2754 2439 2980 2508 furtivae
3018 2436 3287 2493 dulciores
3327 2442 3478 2503 sunt,
3512 2438 3563 2490 et

1913 2526 2076 2596 panis
2105 2524 2451 2580 absconditus
2476 2528 2715 2581 suavior.
2750 2528 2823 2581 Et
2854 2527 3133 2594 ignoravit
3151 2525 3295 2595 quod
3312 2526 3564 2594 gigantes

1917 2612 1999 2667 ibi
2015 2615 2152 2676 sint,
2174 2621 2224 2668 et
2243 2616 2298 2668 in
2317 2614 2606 2685 profundis
2628 2616 2864 2686 infernis
2875 2615 3234 2687 convivwejus
3254 2614 3436 2685 (Prov.
3463 2616 3561 2679 ιχ).

1992 2700 2178 2757 XXVI.
2213 2702 2473 2766 Quorum
2518 2720 2589 2758 ne
2621 2702 2699 2759 sit
2726 2703 3016 2775 particeps
3059 2703 3117 2758 in
3149 2702 3350 2758 tartari
3396 2701 3562 2757 ﬂam-

1919 2790 2053 2857 mis,
2087 2807 2235 2862 quas
2266 2790 2524 2847 vicissim
2555 2791 2683 2848 sine
2714 2793 2827 2848 ﬁne
2860 2796 3061 2864 pascat
3109 2789 3382 2847 medullis
3411 2789 3559 2856 suis,

1911 2879 2037 2951 jam
2068 2896 2224 2935 nunc
2254 2878 2374 2935 filia
2395 2881 2726 2936 recordetur
2764 2881 3018 2954 gemitus
3040 2879 3147 2953 piat
3167 2878 3485 2954 genitricis,
3508 2881 3567 2933 et

1921 2972 2062 3040 quot
2088 2968 2176 3024 vel
2210 2973 2429 3041 quanta
2457 2969 2719 3042 pericula
2747 2974 2980 3043 prOpter
3011 2985 3163 3035 eam,
3194 2984 3298 3025 seu
3328 2970 3567 3041 propter

1921 3073 2151 3112 sorores
2183 3057 2393 3129 ipsius,
2408 3058 2468 3113 in
2490 3063 2655 3115 utero
2673 3058 3085 3115 suohactenus
3106 3057 3279 3126 vidit;
3304 3060 3362 3112 et
3381 3054 3573 3130 gratia

1924 3144 2025 3200 Dei
2056 3145 2247 3201 discat
2266 3145 2402 3202 talis
2433 3147 2578 3215 fieri,
2613 3147 2819 3204 saltem
2852 3147 3170 3215 admonita,
3203 3145 3394 3218 qualis
3424 3145 3573 3201 bene

1925 3234 1997 3290 de
2027 3251 2089 3290 se
2122 3234 2392 3291 meritam
2423 3240 2695 3302 matrem,
2727 3236 2902 3294 etiam
2934 3237 3097 3293 senio
3126 3253 3192 3292 ac
3218 3234 3456 3292 assiduo
3488 3231 3572 3289 in-

160 3320 392 3377 nectuti
422 3321 542 3392 jam
575 3321 827 3377 emeritae
859 3323 1156 3395 derogare,
1192 3339 1294 3378 nec
1327 3325 1579 3379 effectum
1602 3341 1816 3398 corpus
1859 3389 1890 3398 _
1926 3340 2164 3379 curvam
2184 3323 2452 3380 laboreet
2468 3325 2957 3394 tremulam,data
2973 3342 3151 3381 manu
3173 3328 3571 3396 atquesuppo—

159 3412 298 3481 ejus
331 3389 632 3464 laboribus
662 3413 716 3465 et
741 3389 1351 3484 diebus,€ugo$osque
1372 3416 1427 3468 et
1450 3413 1646 3470 minus
1676 3389 1817 3471 vali-
1849 3389 1893 3459 Ο
1930 3412 2041 3468 sito
2071 3412 2317 3469 humero
2346 3389 2891 3483 studeatsublevare
2911 3419 2968 3470 et
2988 3389 3335 3479 sustentare,
3359 3389 3577 3467 non-ad

159 3499 276 3555 dos
298 3500 483 3565 artus,
510 3498 807 3569 quondam
820 3503 1045 3556 torosos
1066 3504 1123 3555 et
1145 3501 1216 3556 ad
1240 3498 1437 3572 praelia
1453 3501 1648 3557 divina
1669 3519 1826 3560 exer-

161 3590 286 3653 tos,
303 3585 513 3641 saltem
527 3586 724 3658 aliquo
746 3587 1130 3643 humanitatis
1146 3594 1413 3662 respectu
1427 3590 1827 3661 considerare,

171 3673 407 3731 nullam
441 3676 822 3731 reverentiam
846 3676 1175 3734 reverendis
1196 3678 1359 3733 canis
1378 3678 1563 3750 ipsius
1586 3679 1822 3752 habere,

171 3762 284 3819 sed
344 3761 535 3834 ipsam
594 3762 841 3835 puellari
896 3763 1126 3821 levitate
1181 3770 1313 3838 post
1366 3766 1826 3826 innumerabiles

169 3851 518 3923 triumphos
549 3852 622 3907 ad
650 3853 902 3909 recidiva
937 3853 1090 3910 bella
1130 3855 1439 3911 adversum
1471 3860 1655 3911 semet
1692 3874 1827 3929 pro-

168 3954 408 4009 vocare,
440 3943 497 3996 et
524 3957 652 3997 eam
685 3940 869 3997 solido
902 3944 1291 4016 perfectorum
1339 3944 1468 4001 cibo
1518 3945 1825 4017 privatam,

168 4030 265 4086 ad
284 4029 612 4086 carnalium
644 4029 733 4085 lac
762 4031 1079 4101 retrahere,
1118 4033 1273 4105 quod
1296 4036 1498 4089 contra
1519 4050 1694 4090 usum
1725 4053 1825 4091 na-

166 4123 347 4184 turae,
384 4132 454 4174 ex
481 4118 627 4191 ipsis
660 4119 986 4190 pubertatis
1013 4138 1134 4177 suis
1165 4121 1442 4178 mammis
1473 4121 1532 4178 in
1563 4123 1827 4197 Egypto,

168 4207 337 4263 sicut
383 4222 563 4279 supra
598 4207 820 4263 dictum
850 4214 958 4279 est,
1002 4208 1172 4265 toties
1212 4210 1549 4277 contractis,
1585 4216 1829 4268 conatur

167 4297 558 4371 impudenter
577 4296 661 4352 ori
691 4299 822 4369 ejus
850 4296 1154 4354 instillare.

246 4384 743 4442 XXX.Etunitam
767 4385 975 4442 saltem
989 4387 1293 4443 verumlac
1312 4388 1324 4441 l
1343 4388 1450 4443 Sed
1468 4388 1610 4461 proh
1634 4389 1824 4445 dolor!

168 4492 300 4532 non
324 4477 414 4530 est
442 4472 553 4543 lac,
577 4491 692 4546 quo
714 4478 914 4533 tenera
945 4474 1205 4532 ﬁdelium
1231 4475 1514 4549 paulatim
1538 4478 1831 4534 nutriatur

166 4561 454 4633 infantia,
485 4567 553 4619 ut
581 4564 653 4619 ad
686 4564 936 4620 solidam
967 4581 1171 4621 escam.
1192 4565 1505 4639 pertingat,
1538 4567 1639 4621 sed
1671 4568 1827 4638 quod

165 4652 461 4712 Salomon
515 4653 839 4709 cavendum
869 4653 1196 4723 denuntiat,
1231 4653 1431 4711 dicens
1463 4671 1476 4709 :
1510 4656 1620 4711 Fili
1650 4658 1750 4724 mi,
1781 4658 1832 4711 si

158 4746 220 4799 te
284 4743 614 4797 tactaverint
654 4747 979 4814 peccatores,
1002 4759 1071 4798 ne
1109 4744 1390 4816 aquiescas
1425 4744 1504 4799 eis
1548 4743 1727 4815 (Prov.
1766 4745 1828 4818 1).

161 4833 292 4889 Et“:
340 4832 498 4888 Vacci
522 4833 622 4903 qui
648 4831 817 4887 lactat
844 4834 1085 4887 amicum
1112 4848 1293 4900 suum,
1324 4837 1376 4888 et
1405 4832 1555 4887 ducit
1584 4849 1710 4889 eum
1739 4836 1829 4890 via

162 4937 289 4979 non
322 4918 464 4975 bona
492 4923 686 4989 (Prov.
718 4921 854 4992 XVI).
896 4920 1011 4976 Nec
1041 4923 1130 4976 est
1150 4937 1325 4993 aqua,
1360 4921 1431 4976 de
1463 4937 1580 4992 qua
1609 4922 1709 4994 qui
1740 4922 1828 4979 bi-

160 5010 353 5076 berit;
385 5022 504 5064 non
535 5008 698 5064 sitiat
723 5007 898 5078 ultra,
923 5008 1057 5080 quia
1088 5010 1188 5064 fiet
1207 5009 1268 5064 in
1299 5025 1365 5065 eo
1399 5010 1527 5065 fons
1558 5027 1722 5083 aqua:
1746 5028 1832 5067 sa-

162 5096 393 5156 lientis
413 5096 475 5154 in
502 5097 684 5154 vitam
710 5100 987 5153 aeternam
1018 5100 1076 5153 et
1104 5097 1350 5155 ﬂumina
1379 5099 1450 5154 de
1480 5103 1674 5156 ventre
1704 5100 1832 5171 ejus

164 5189 373 5246 ﬂuent
400 5202 567 5263 aquae
594 5187 735 5242 viva:
765 5187 940 5257 (toan.
972 5187 1093 5258 vn),
1113 5186 1214 5241 sed
1244 5186 1440 5259 potius
1469 5203 1633 5261 aqua
1665 5187 1832 5244 furti-

162 5295 265 5335 va
307 5275 387 5331 de
433 5276 650 5349 puteis,
687 5290 834 5347 quos
883 5274 1195 5342 Palaestini,
1227 5274 1419 5331 lutum
1451 5293 1568 5332 non
1616 5293 1833 5350 aquam

162 5368 472 5434 amantes,
528 5364 898 5437 repleverunt
928 5367 1081 5419 terra
1111 5367 1265 5433 (Gen.
1299 5363 1450 5437 xxvx)
1479 5383 1492 5431 ;
1526 5364 1614 5419 vel
1644 5365 1715 5420 de
1747 5365 1833 5420 ci-

161 5451 404 5514 sternis
433 5452 734 5527 dissipatis
754 5453 883 5525 (Jer.
908 5452 994 5524 ιι),
1027 5468 1130 5508 seu
1160 5452 1506 5509 fluminibus
1526 5452 1758 5526 [Egypti
1779 5458 1836 5510 et

158 5540 521 5616 Babylonis,
572 5541 790 5614 quibus
820 5540 1180 5597 distenditur
1205 5546 1426 5608 venter,
1458 5547 1515 5598 et
1557 5545 1835 5615 gravatus

159 5649 292 5690 non
327 5629 609 5703 repletur,
635 5630 732 5686 sed
758 5629 1093 5685 exinanitur
1111 5634 1168 5685 et
1186 5629 1528 5687 intumescit
1545 5633 1726 5701 (Num.
1752 5636 1829 5700 v),

158 5727 442 5781 utmore
472 5718 774 5794 hydropici
819 5722 982 5775 tanto
1014 5717 1147 5792 plus
1177 5718 1336 5776 sitiat
1378 5722 1450 5777 ad
1495 5720 1830 5793 perniciem,

155 5807 794 5887 quantoplus‘bib'erit.
815 5804 895 5866 De
918 5806 1133 5879 quibus
1154 5808 1408 5881 profecto
1429 5809 1713 5869 Dominus
1731 5827 1835 5884 per

1934 3500 2165 3556 ruinam
2196 3500 2512 3573 impellere,
2546 3502 2887 3574 deprimere,
2911 3488 3271 3574 perturbare,
3303 3498 3390 3556 vel
3418 3496 3567 3554 δι’ῆὶ-

1932 3606 2085 3661 gere.
2120 3589 2217 3646 Pio
2247 3591 2455 3646 affectu
2476 3594 2534 3647 et
2552 3590 2760 3646 humili
2791 3592 2962 3647 corde
3001 3590 3222 3662 jugiter
3251 3588 3575 3662 perpendat

1935 3677 2071 3750 quid
2103 3678 2258 3733 idem
2284 3678 2560 3735 Salomon
2590 3679 2778 3735 dicat:
2806 3680 3012 3735 Stultus
3029 3678 3428 3748 homodespicit
3448 3692 3569 3731 ma-

1934 3775 2071 3823 trem
2115 3784 2272 3823 suam
2322 3768 2503 3840 (Prov.
2536 3768 2667 3837 xv);
2699 3772 2758 3824 et
2786 3768 2925 3824 item
2954 3786 2968 3823 :
3001 3769 3078 3824 Ne
3100 3767 3393 3840 despicias,
3447 3778 3574 3821 cum

1933 3857 2175 3910 senuerit
2221 3860 2399 3912 mater
2444 3864 2542 3912 tua
2570 3858 2750 3929 (Prov.
2782 3858 2967 3929 xxm).
3005 3855 3279 3930 Alioquin
3311 3855 3381 3923 si,
3415 3852 3572 3927 quod

1936 3942 2114 3999 absit!
2147 3946 2412 4017 pertinax
2438 3962 2566 4002 esse
2591 3946 2857 4012 voluerit,
2888 3951 2945 4002 et
2975 3946 3082 4019 pias
3111 3945 3282 4001 matri
3312 3940 3570 4016 superci-

1935 4031 2085 4087 lium
2101 4034 2228 4103 ejus
2254 4037 2311 4089 et
2327 4035 2719 4107 arrogantiam
2742 4035 2935 4092 adhuc
2954 4032 3374 4099 dissimulanti,
3397 4036 3573 4104 atque

1938 4122 2011 4178 ad
2041 4122 2495 4179 satisfactionem
2530 4123 2816 4196 patienter
2846 4124 3226 4197 exspectanti,
3254 4137 3491 4196 parcere
3520 4124 3577 4176 et

1938 4227 2142 4283 parere
2170 4212 2603 4284 contempserit,
2635 4213 2960 4285 experietur
2998 4214 3056 4269 in
3112 4210 3344 4268 anicula
3390 4214 3577 4266 matre

1938 4299 2151 4355 virides
2195 4316 2380 4356 annos
2408 4305 2632 4356 exertos
2664 4302 2733 4357 ad
2766 4306 3143 4374 paternorum
3191 4300 3577 4357 traditiomtm

1939 4388 2336 4443 defensionem
2372 4388 2641 4457 lacertos,
2674 4389 3120 4446 adolescentula
3147 4392 3577 4462 competentem

1939 4475 2318 4545 alacritatem,
2343 4477 2674 4549 juvenculze
2711 4479 3102 4535 constantiam
3132 4479 3424 4534 efficacem
3450 4494 3464 4543 ;
3496 4480 3575 4547 et,

1930 4566 2102 4636 juxta
2127 4564 2515 4635 Salomonem,
2550 4570 2866 4623 contumax
2906 4568 3172 4623 comedet
3218 4569 3443 4622 fructus
3470 4566 3576 4621 via:

1940 4670 2078 4722 suae,
2110 4654 2349 4727 suisque
2395 4654 2656 4712 consiliis
2686 4656 3048 4712 saturabitur
3074 4657 3255 4727 (Prov.
3290 4654 3332 4727 1)
3367 4672 3380 4711 :
3415 4654 3578 4727 quia,

1864 4765 1910 4830 D
1938 4742 2090 4799 sicut
2118 4742 2272 4798 idem
2304 4746 2552 4799 testatur
2582 4761 2595 4799 :
2626 4745 2928 4801 Benedictio
2951 4748 3131 4817 patris
3157 4745 3345 4815 ﬁrmat
3395 4744 3581 4801 ἄοικος

1935 4833 2209 4902 filiorum;
2231 4831 2542 4888 maledictio
2559 4837 2743 4889 autem
2758 4835 2953 4888 matris
2966 4834 3209 4889 eradicat
3218 4833 3585 4904 fundamenta

1939 4920 2124 4992 (Eecti.
2161 4920 2277 4991 1n);
2311 4924 2369 4975 et
2397 4920 2647 4992 iterum’;
2674 4922 2845 4990 Quam
2871 4923 3037 4977 malm
3061 4924 3227 4994 fam
3256 4927 3334 4979 est
3362 4924 3461 4994 qui
3488 4923 3587 4996 fu.

1937 5011 2018 5081 git
2041 5016 2289 5081 patrem;
2309 5012 2361 5064 et
2389 5012 2466 5064 est
2493 5010 2812 5065 maledictus
2832 5028 2867 5066 a
2895 5012 3000 5067 Deo
3025 5013 3121 5083 qui
3144 5020 3439 5084 exasperat
3465 5027 3588 5068 ma-

1940 5101 2082 5155 trem
2110 5098 2308 5170 (lbid.).
2342 5099 2411 5153 Et
2438 5115 2450 5153 :
2477 5099 2583 5167 Qui
2610 5101 2814 5171 afﬂigit
2837 5103 3073 5172 patrem,
3091 5109 3143 5156 et
3161 5102 3589 5172 fugit'matrem,
3696 5170 3701 5173 _

1942 5189 2342 5259 ignominiosus
2369 5195 2446 5242 est
2475 5190 2524 5243 et
2553 5189 2755 5261 infelix
2784 5190 2969 5259 (Prov.
3001 5190 3143 5261 xxx).
3167 5189 3354 5254 Quam
3384 5190 3590 5261 utique

1945 5258 2235 5333 offendere
2265 5279 2428 5332 cavet
2448 5258 2719 5349 quisquis
2751 5258 2978 5348 placere
3003 5258 3155 5351 patri
3185 5279 3399 5345 studet,
3430 5258 3595 5334 velut

1944 5366 2119 5422 etiam
2148 5366 2387 5438 quidam
2419 5365 2773 5438 sapientium
2805 5367 3000 5423 saeculi
3033 5368 3116 5424 ait
3147 5386 3160 5424 :

2028 5500 2102 5549 Ne
2131 5500 2357 5548 matrem
2383 5496 2644 5557 oﬂ’endas,
2677 5498 2805 5548 dum
2833 5499 2915 5549 vis
2941 5500 3115 5549 bonus
3142 5510 3253 5548 esse
3284 5494 3509 5560 parenti.

2013 5630 2236 5688 XXVII.
2271 5631 2371 5687 His
2394 5631 2575 5704 igitur
2594 5635 2650 5687 et
2670 5630 2802 5688 aliis
2826 5629 3270 5704 quamplurimis
3289 5629 3473 5700 liquet
3492 5647 3582 5686 as-

1942 5719 2297 5778 sertionibus
2310 5720 2450 5793 quid
2472 5718 2943 5776 mereaturetiam
2956 5716 3200 5774 carnalis
3213 5716 3420 5773 matris
3438 5734 3578 5775 con-

1940 5812 2199 5882 temptus
2223 5825 2234 5864 :
2260 5813 2316 5866 et
2336 5808 2476 5881 quid
2495 5809 2564 5864 de
2586 5806 2904 5880 spiritualis
2914 5805 3208 5880 genitricis
3226 5805 3580 5864 contumelia
