3916 6356
308 407 425 484 ’163
1368 412 1434 476 S.
1479 405 1761 477 LEOle
1801 406 1883 472 ιιι
1922 402 2158 469 ΡΑΡιΕ
2196 403 2639 473 ΟΡΠΒΟΠΒΑὲ
3619 400 3755 465 ’161

307 557 366 611 et
394 550 806 627 exprobatione
833 548 1092 607 dicetur?
1118 547 1223 605 Illa
1251 544 1544 619 siquidem
1572 543 1632 601 in
1662 543 1940 617 iniquita-
1966 533 2027 611 Ε
2053 548 2221 602 scant
2239 544 2649 616 etsequantur,
2670 538 3043 599 contenditis.
3062 537 3139 598 Ut
3160 536 3324 599 enim
3342 538 3577 608 fertur,
3606 551 3755 594 om-

304 642 466 699 tibus
485 659 593 699 nos
615 644 924 712 conceptos
944 637 1234 712 generavit
1254 637 1325 692 ad
1349 641 1620 702 mortem;
1645 634 1756 691 ista
1782 650 1939 701 vero,
2049 654 2155 693 nes
2185 634 2518 692 Latinorum
2547 631 2820 691 basilicas
2859 648 3037 705 penes
3078 647 3183 687 vos
3214 627 3570 697 clausistis,
3610 643 3752 684 Ino-

308 731 498 804 culpis
529 730 814 795 remissis,
838 728 1194 801 regeneravit
1223 727 1293 781 ad
1324 726 1525 780 vitam-
1550 726 1803 789 Quarum
1836 739 1940 777 ceu
2051 726 2252 783 nachis
2274 723 2695 781 monasteriaet
2710 720 3023 779 abbatibus
3039 720 3489 789 tulistis,donec
3506 716 3755 774 vestris

309 821 510 891 dispar
530 823 619 875 est
639 818 932 885 meritum,
956 816 1036 871 ita
1055 820 1110 871 et
1130 815 1346 886 dispar,
1370 831 1474 885 pro
1496 829 1695 869 earum
1720 812 1941 867 honore
2047 816 2303 872 viverent
2326 812 2633 869 institutis.
2667 812 2810 867 Ecce
2833 810 2894 866 in
2923 809 3032 866 hac
3063 814 3250 883 parte,
3296 809 3601 865 Romana
3633 807 3751 862 Ec-

308 912 374 964 ut
403 910 483 979 [et
511 906 622 977 vel]
654 906 930 961 dedecore
975 902 1298 975 praemium,
1351 900 1449 973 qui
1497 898 1791 955 carnalem
1823 915 1943 953 ma-
2051 905 2227 962 clesia
2255 907 2472 978 quanto
2498 901 2821 968 discretior,
2872 899 3229 957 moderatior
3268 902 3327 954 et
3356 896 3753 954 clementior

307 994 767 1052 tremhonoranti
783 991 1112 1063 longaevitas
1126 1007 1300 1062 super
1313 988 1937 1055 morientiumterram,
2049 993 2212 1049 vobis
2234 996 2322 1048 est
2344 991 2356 1047 l
2380 990 2679 1063 Siquidem
2700 1004 2836 1045 cum
2854 987 3010 1043 intra
3029 991 3087 1043 et
3107 991 3272 1043 extra
3294 987 3574 1042 Romam
3601 984 3748 1057 plu-

308 1088 364 1139 et
394 1084 825 1138 firmamentum
859 1097 1002 1135 casm
1048 1096 1270 1135 casurae
1319 1077 1770 1151 repromittitur;
1816 1093 1942 1131 exa-
2051 1081 2202 1137 rima
2231 1081 2560 1137 Graecorum
2591 1077 2956 1150 reperiantur
2976 1075 3336 1132 monasteria
3365 1074 3499 1130 sive
3534 1072 3746 1129 eccle-

308 1173 563 1245 speranti
588 1176 781 1227 autem
819 1186 967 1233 eam,
990 1173 1351 1223 terrenorum
1388 1166 1698 1222 eradicatio
1734 1165 1940 1223 funda-
2051 1173 2169 1242 sise,
2193 1169 2418 1226 nullum
2439 1164 3336 1239 eorumadhucperturbaturvel
3351 1163 3747 1237 prohibetur

308 1266 657 1316 mentorum.
691 1261 865 1315 Porro
887 1257 1251 1331 spiritualem
1284 1260 1644 1320 venerantes,
1692 1254 1941 1326 longitu-
2051 1279 2085 1317 α
2114 1263 2354 1334 paterna
2394 1257 2725 1325 traditione,
2762 1256 2882 1312 sive
2912 1271 3022 1311 sua
3048 1253 3490 1310 consuetudine
3518 1270 3534 1320 ;
3574 1252 3742 1323 quin

2050 1349 2244 1422 potius
2276 1348 2554 1404 suadetur
2582 1350 2638 1401 et
2665 1346 3014 1401 admonetur
3056 1359 3186 1399 eam
3216 1342 3569 1398 observare.
3609 1340 3741 1396 Nec

2050 1437 2205 1495 enim
2227 1434 2655 1492 animositatem
2669 1432 2863 1506 impiae
2881 1432 3171 1488 haereseos
3182 1431 3385 1498 habet,
3405 1446 3545 1501 quae
3566 1446 3742 1485 sem-

2050 1543 2152 1598 per
2181 1524 2463 1581 divisione
2494 1523 2727 1596 gaudet,
2756 1522 2958 1577 dicens
2987 1537 3091 1594 per
3119 1518 3477 1593 patricidam
3513 1534 3736 1575 mere-

2048 1615 2251 1672 tricem
2283 1632 2297 1670 :
2327 1618 2437 1671 Nec
2463 1613 2623 1680 mihi,
2654 1627 2752 1667 nec
2776 1610 2878 1666 tibi
2902 1612 2992 1678 sit,
3016 1609 3107 1665 sed
3134 1608 3417 1665 dividatur
3446 1608 3555 1678 (Ill
3588 1610 3733 1680 Reg.

2050 1707 2224 1774 xvu);
2256 1703 2357 1759 sed
2388 1702 2600 1775 pietate
2626 1717 2771 1756 verae
2803 1698 3010 1755 matris
3041 1699 3125 1754 sic
3166 1696 3560 1755 Salomonem
3620 1697 3734 1753 de-

2049 1796 2356 1866 precatur:
2411 1790 2653 1856 Obsecro,
2704 1789 2941 1855 domine,
2986 1788 3109 1844 date
3149 1787 3280 1843 huic
3308 1788 3607 1858 infantem
3638 1788 3730 1842 vi-

2048 1900 2173 1938 vum
2202 1885 2251 1937 et
2298 1881 2464 1936 nolite
2509 1878 2818 1948 interﬁcere
2862 1893 2987 1933 eum
3026 1876 3232 1949 (Ibid).
3277 1875 3402 1932 Scit
3442 1891 3730 1947 namque

2049 1971 2189 2043 quia
2218 1968 2299 2025 nil
2330 1969 2544 2025 obsunt
2563 1966 2737 2023 saluti
2767 1963 3128 2021 credentium
3159 1963 3402 2020 diversae
3432 1980 3545 2035 pro
3580 1963 3727 2021 loco

2049 2065 2107 2116 et
2135 2064 2395 2131 tempore
2423 2055 2896 2122 consuetudines,
2928 2054 3166 2126 quando
3212 2070 3333 2109 una
3379 2052 3558 2121 ﬁdes,
3608 2068 3730 2125 per

305 1351 499 1405 dinem
530 1349 757 1404 dierum
788 1347 849 1401 in
879 1347 1079 1402 dextra
1099 1345 1199 1401 Dei
1230 1345 1510 1399 videbunt
1539 1345 1708 1415 (Psal.
1740 1344 1854 1414 xv),
1885 1347 1943 1398 et

305 1436 361 1490 in
392 1440 547 1490 terra
568 1434 883 1489 viventium
913 1434 1037 1488 sine
1062 1434 1175 1488 fine
1194 1432 1543 1487 habitabunt
1567 1451 1578 1499 ;
1605 1435 1942 1503 spernentes

303 1539 438 1579 vero
469 1521 890 1594 illam,duplici
913 1521 1254 1577 contritione
1276 1525 1668 1585 conterentur,
1694 1524 1767 1587 et,
1794 1519 1944 1575 sicut

306 1610 585 1684 diploide,
608 1610 946 1666 confusione
976 1625 1084 1664 sua
1111 1608 1429 1663 induentur
1467 1609 1637 1679 (Psal.
1670 1607 1845 1678 cvm),
1889 1611 1945 1663 et

306 1700 472 1756 radix
497 1716 697 1755 eorum
721 1700 792 1753 de
813 1703 967 1753 terra
994 1698 1311 1754 viventium
1334 1696 1614 1752 cvelletur
1636 1696 1808 1769 (Psal.
1843 1696 1938 1768 ιι).

306 1789 532 1845 Etenim
584 1789 810 1843 affectio
867 1786 1116 1843 carnalis
1166 1787 1369 1841 matris
1412 1786 1459 1841 si
1521 1804 1626 1842 nos
1675 1786 1943 1858 prohibet

306 1896 341 1933 a
393 1878 712 1971 reverentia
781 1875 1089 1971 spirituali,
1158 1875 1393 1971 penitus
1452 1874 1833 1971 relinquenda
1887 1879 2019 1971 etB

303 1965 701 2022 abscindenda
729 1968 817 2020 est
850 1964 1037 2031 nobis,
1076 1968 1135 2018 ut
1158 1963 1215 2017 in
1241 1961 1681 2018 Deuteronomio
1716 1963 1940 2035 Moyses

304 2055 372 2109 de
400 2053 555 2108 tribu
588 2053 713 2108 Levi
743 2052 883 2107 dicit
914 2071 926 2108 :
958 2054 1062 2120 Qui
1089 2053 1298 2107 dixerit
1322 2054 1472 2124 patri
1509 2069 1606 2107 suo
1648 2061 1699 2107 et
1724 2053 1893 2107 matri
1923 2069 1935 2105 :

300 2144 486 2198 Nescio
514 2159 603 2198 vos
622 2161 642 2204 ;
672 2146 725 2197 et
753 2143 1022 2213 fratribus
1051 2143 1167 2196 suis
1202 2159 1214 2197 :
1247 2144 1439 2212 Ignoro
1470 2142 1626 2209 illos;
1658 2149 1709 2196 et
1734 2143 1938 2196 nescie-

302 2236 431 2287 runt
462 2232 602 2300 ﬁlios
630 2247 755 2286 suos
801 2248 813 2285 ε
860 2232 919 2285 hi
945 2229 1307 2285 custodierunt
1356 2233 1732 2285 testamentum
1765 2235 1938 2299 tuum,

292 2320 506 2392 judicia
543 2323 658 2385 tua,
708 2334 738 2373 0
782 2319 967 2385 Jacob,
998 2323 1050 2374 et
1080 2319 1249 2389 legem
1279 2326 1450 2384 tuam,
1483 2335 1513 2373 o
1543 2320 1711 2373 Israel
1759 2320 1935 2390 (Deut.

299 2410 520 2476 χχχιιι).
581 2407 743 2470 Quod
802 2407 1051 2478 denique
1111 2406 1349 2462 iacturis
1397 2407 1649 2462 domnus
1679 2407 1851 2463 Jesus
1880 2409 1940 2463 in

304 2494 611 2567 Evangelio
645 2493 982 2567 centuplum
1011 2494 1124 2559 hic,
1157 2500 1213 2549 et
1241 2495 1300 2548 in
1333 2495 1527 2549 futuro
1556 2494 1732 2550 vitam
1777 2500 1941 2551 aeter-

305 2601 442 2641 nam
466 2583 803 2655 repromisit
825 2583 1027 2653 (Matth.
1058 2584 1196 2654 xxx).

373 2673 614 2728 XXVIII.
647 2673 755 2727 Sed
781 2688 911 2727 ecce
936 2672 1058 2742 jam
1091 2688 1206 2726 non
1236 2671 1405 2726 debet
1434 2672 1662 2743 ingrata
1690 2671 1809 2727 filia
1838 2689 1940 2745 ap-

304 2778 524 2835 parere,
560 2760 695 2833 quia
718 2778 832 2832 prze
863 2760 1084 2815 caeteris
1113 2776 1241 2814 eam
1273 2760 1559 2816 honorare
1589 2761 1827 2833 dignata
1855 2766 1943 2817 est

301 2854 487 2906 mater
515 2866 641 2911 sua.
675 2850 821 2905 Nam
851 2865 984 2904 cum
1018 2847 1176 2903 nullo
1208 2848 1399 2904 divino
1429 2848 1515 2904 vel
1544 2849 1801 2905 humano
1824 2850 1942 2922 pri-

300 2939 506 3010 vilegio
535 2937 931 2994 honorabilior
961 2953 1065 2992 seu
1097 2936 1306 2992 clarior
1335 2936 1467 2993 aliis
1494 2937 1766 2994 Ecclesiis
1796 2939 1941 2993 Con-

2050 2148 2414 2204 dilectionem
2472 2161 2720 2217 operans
2775 2143 2930 2199 bona
2973 2158 3101 2215 qua
3151 2144 3364 2213 potest,
3422 2140 3528 2196 uni
3583 2141 3725 2199 Deo

2050 2236 2421 2294 commendat
2448 2249 2671 2289 omnes.

2119 2325 2275 2381 XXX.
2310 2323 2471 2389 Quod
2503 2338 2602 2377 vos
2634 2336 2767 2377 cum
2798 2336 2867 2376 ex
2897 2319 3092 2375 debito
3114 2319 3335 2392 gradus
3361 2322 3420 2373 et
3445 2316 3566 2373 loci
3598 2335 3718 2375 ve-

2050 2416 2156 2472 stri
2178 2413 2531 2488 oportuisset
2550 2411 2698 2468 scire
2718 2412 2774 2465 et
2793 2408 3127 2483 praedicare,
3152 2411 3444 2482 quatenus
3474 2408 3553 2464 de
3582 2409 3722 2465 col-

2050 2504 2215 2561 lectis
2244 2503 2449 2559 ovibus
2470 2499 2716 2574 gratiam
2748 2515 2782 2553 a
2800 2497 2954 2554 bono
2984 2501 3240 2570 pastore,
3275 2513 3394 2553 non
3419 2497 3721 2554 condem-

2049 2592 2345 2648 nationem
2394 2606 2497 2662 pro
2527 2586 2807 2660 dispersis
2836 2585 3211 2642 mereremini
3259 2585 3569 2659 percipere
3622 2587 3725 2642 in-

2051 2680 2316 2738 curristis
2344 2677 2489 2734 illud
2508 2674 2769 2749 Apostoli
2790 2676 2864 2731 ad
2894 2674 3169 2733 Hebraeos
3202 2692 3215 2731 :
3252 2676 3417 2744 Quia,
3450 2692 3587 2732 cum
3617 2675 3724 2733 de-

2052 2770 2279 2826 bueritis
2305 2767 2560 2839 magistri
2588 2780 2702 2822 esse
2728 2771 2984 2836 tempore,
3017 2765 3221 2820 iterum
3242 2780 3457 2821 necesse
3488 2765 3726 2821 habetis

2049 2859 2229 2915 doceri
2272 2871 2396 2929 qua
2436 2856 2546 2912 sint
2590 2854 2855 2910 elementa
2901 2868 3219 2909 sermonum
3245 2854 3345 2910 Dei
3375 2853 3580 2925 (Hebr.
3636 2855 3725 2925 v.)

2050 2947 2234 3004 Zetum
2263 2946 2412 3001 enim
2439 2944 2537 3000 Dei
2560 2942 2791 3010 habetis,
2818 2941 2909 2997 sed
2939 2957 3049 2997 non
3078 2942 3379 2998 secundum
3411 2944 3730 2999 scientiam

304 3025 821 3097 stantinopolitana
867 3025 1075 3080 existat
1120 3024 1393 3096 Ecclesia,
1455 3030 1512 3081 et
1564 3026 1940 3093 Antiochena,
2051 3037 2224 3109 (Rom.
2255 3034 2334 3105 χ).
2363 3034 2545 3099 Quam
2562 3034 2629 3086 ut
2649 3027 3349 3102 apprehendissetis,non
3376 3028 3564 3100 saltu,
3610 3030 3728 3087 sed

301 3119 476 3187 atque
495 3113 907 3182 Alexandrina,
929 3129 960 3168 ο
976 3112 1401 3169 breverentiam
1424 3114 1703 3187 principis
1721 3121 1944 3187 aposto-
2050 3122 2326 3181 canonico
2347 3118 2668 3187 intervallo,
2700 3118 2820 3173 imo
2843 3117 3017 3191 plano
3047 3118 3195 3190 pede
3225 3117 3300 3174 ad
3322 3118 3727 3192 episcopatus

304 3202 517 3268 lorum,
541 3202 693 3258 inter
721 3200 865 3257 alias
896 3204 1183 3256 retentant
1215 3201 1514 3274 dignitatis
1536 3203 1709 3272 jura;
1744 3208 1940 3260 tamen
1977 3265 2013 3280 η
2052 3210 2284 3269 culmen
2324 3227 2358 3265 α
2387 3208 2534 3265 laica
2563 3207 3002 3264 conversatione
3039 3206 3339 3279 pervenire
3381 3207 3725 3280 debuistis,

306 3291 398 3364 pia
420 3265 624 3358 mater,
650 3291 911 3345 Romana
930 3290 1149 3346 scilicet
1163 3265 1657 3357 Ecclesiamol'ens
1671 3265 1941 3348 dilectam
1973 3265 2015 3333 (ἶ
2052 3265 2322 3357 pervenis
2365 3298 2794 3365 refragarentur
2832 3294 3010 3350 verba
3039 3265 3248 3368 ‘ipsius
3288 3295 3589 3369 Apostoli,
3643 3265 3726 3353 de

306 3380 485 3436 tiliam
514 3380 645 3435 dote
667 3378 1115 3434 honorificentia:
1137 3396 1205 3434 ex
1226 3383 1344 3435 toto
1365 3396 1578 3450 carere,
1612 3397 1715 3453 per
1742 3380 1942 3439 beatos
2049 3389 2320 3461 episcopo
2353 3382 2597 3441 dicentis
2632 3399 2646 3439 :
2679 3381 2795 3438 Non
2822 3382 3175 3454 neaphytum,
3206 3399 3278 3440 ne
3296 3384 3360 3440 in
3378 3384 3727 3457 superbiam

306 3469 758 3540 praedecessores
805 3471 1035 3523 nostros
1086 3468 1142 3523 in
1185 3468 1410 3541 aliquot
1456 3469 1692 3542 synodis
1721 3470 1943 3528 curavit
2050 3480 2223 3535 elatus
2253 3477 2313 3531 in
2334 3473 2609 3546 judicium
2648 3470 2857 3527 incidat
2896 3470 3102 3527 diaboli
3147 3474 3195 3544 (Ι
3236 3473 3371 3529 Tim.
3404 3473 3518 3545 ιιι).
3555 3475 3725 3530 Nam

306 3557 613 3612 decernere
644 3560 725 3623 ut,
764 3556 923 3612 salva
952 3557 1363 3629 principalium
1402 3562 1458 3614 et
1488 3559 1940 3632 apostolicarum
2051 3584 2186 3624 cum
2206 3565 2400 3621 locum
2418 3558 3240 3632 doctorisusurpatindoctns,
3259 3576 3499 3617 necesse
3520 3566 3620 3618 est
3654 3568 3733 3619 ut

309 3645 536 3699 scdium
558 3645 801 3716 antiqua
818 3646 1119 3717 dignitate,
1143 3647 1823 3720 Constantinopolitanae
1845 3666 1943 3705 an-
2055 3658 2157 3711 aut
2184 3652 2373 3709 discat
2402 3649 2557 3723 quod
2588 3649 2808 3716 doceat,
2841 3651 2943 3704 aut
2970 3664 3156 3704 caecus
3188 3653 3410 3722 pastor,
3451 3665 3563 3705 seu
3597 3668 3732 3708 non

308 3732 476 3787 tistes
504 3732 892 3787 honoraretur
920 3732 1070 3788 sicut
1113 3734 1282 3805 regiae
1314 3734 1564 3792 civitatis
1612 3737 1944 3809 episcopus,

311 3820 578 3892 quamvis
606 3820 976 3877 Justinianus
1025 3820 1332 3895 religiosus
1379 3824 1679 3896 Augustus
1720 3824 1947 3898 legibus

2057 3743 2257 3801 valens
2282 3740 2499 3796 latrare
2518 3737 2681 3793 canis
2701 3739 2901 3792 mutus
2922 3739 3053 3807 (Isa.
3074 3736 3208 3809 LVI),
3232 3738 3567 3810 perniciose
3601 3740 3735 3797 sibi

2057 3837 2113 3890 et
2143 3828 2421 3903 subjectis
2453 3828 2769 3893 remaneat,
2802 3828 2903 3882 aut
2932 3825 3159 3882 discere
3182 3829 3240 3883 et
3280 3830 3472 3883 tacere
3501 3828 3735 3885 erube-

308 3908 585 3964 humanis
612 3908 895 3965 voluisset
939 3917 1198 3967 astruere
1228 3915 1292 3965 ut
1319 3916 1453 3983 post
1493 3929 1705 3985 papam
1738 3914 1950 3970 Roma-
2059 3936 2249 3988 scene,
2282 3914 2670 3991 perniciosius
2696 3915 2899 3970 docere
2928 3920 3269 3987 praesumat.
3292 3915 3445 3972 Raro
3476 3932 3741 3990 quoque

309 4013 451 4052 num
502 3999 700 4053 sedeat
732 3998 1384 4072 Constantinopolitanm
1420 4000 1632 4072 praesul
1662 4002 1949 4060 Ecclesiae.
2061 4008 2251 4067 evenit
2281 4011 2368 4073 ut,
2401 4005 2460 4061 in
2492 4001 2750 4059 culmine
2777 4001 3030 4074 positus,
3080 4002 3269 4060 valeat
3315 4003 3741 4065 humilitatem

307 4090 365 4140 et
392 4090 545 4140 certe
600 4086 712 4141 hoc
759 4086 920 4143 nulla
956 4087 1070 4144 alia
1117 4088 1457 4144 excellentia
1503 4090 1844 4146 meritorum
1865 4096 1957 4148 est
2064 4099 2287 4155 discere
2310 4092 2411 4167 qui
2432 4093 2491 4148 in
2514 4090 2654 4147 imis
2670 4107 2786 4146 non
2809 4089 2982 4146 desiit
2996 4091 3321 4165 superbire.
3348 4091 3475 4148 Huc
3496 4096 3747 4152 accedit

311 4176 608 4242 assecuta,
641 4174 752 4229 nisi
783 4177 933 4246 quod
956 4176 1213 4232 Romana
1242 4177 1496 4234 Ecclesia
1514 4195 1617 4249 pro
1648 4195 1843 4236 amore
1861 4197 1955 4237 ve-
2066 4192 2124 4245 et
2147 4184 2294 4241 illud
2323 4183 2502 4255 quod,
2535 4178 2869 4253 albuginem
2892 4178 3117 4237 habens
3146 4181 3209 4237 in
3240 4181 3429 4249 oculo,
3461 4200 3497 4236 a
3527 4169 3745 4240 sacer-

311 4260 591 4317 nerabilis
621 4262 1006 4330 Constantini,
1031 4266 1306 4337 seipsam,
1330 4272 1618 4337 quantum
1650 4267 1709 4324 in
1741 4284 1807 4324 eo
1827 4269 1957 4341 fuit,
2067 4274 2224 4333 dotio
2253 4270 2614 4346 prohibetur.
2652 4267 3007 4341 Albuginem
3039 4268 3258 4341 quippe
3298 4269 3479 4326 habet
3501 4271 3566 4327 in
3600 4289 3753 4330 acu-

308 4350 648 4407 honorantis
678 4356 735 4407 et
763 4352 1094 4420 exultantis,
1141 4353 1433 4410 civitatem
1469 4356 1657 4428 ipsius
1695 4356 1798 4414 hoc
1839 4359 1956 4430 pri-
2070 4359 2424 4434 lo,quisquis
2439 4356 3021 4431 arrogantiajustitiaa
3037 4356 3437 4430 velsapientias
3452 4366 3750 4419 caecatur.

307 4436 525 4510 vilegio
561 4439 800 4497 honoris
832 4441 957 4497 sola
985 4441 1245 4498 humana
1285 4443 1686 4500 benevolentia
1712 4443 1963 4519 insigni-
2142 4449 2330 4508 XXXI.
2362 4447 2472 4504 Sed
2505 4446 2661 4503 absit
2693 4450 2760 4502 ut
2804 4443 3061 4518 religiosi
3091 4445 3388 4520 principes
3435 4451 3497 4504 et
3526 4450 3753 4508 ortho-

305 4527 404 4595 vit,
429 4529 598 4600 juxta
628 4530 921 4602 prophetae
964 4531 1185 4587 dictum
1237 4532 1308 4587 ad
1342 4532 1466 4589 Heli
1503 4551 1515 4589 :
1553 4534 1963 4606 Gloriﬁcantem
2077 4541 2231 4607 doxi,
2282 4541 2456 4610 atque
2485 4533 2989 4592 Christianissima
3017 4538 3075 4591 et
3120 4535 3230 4591 Deo
3260 4536 3472 4593 devota
3501 4537 3753 4613 civitas,

310 4632 396 4703 me
409 4617 757 4690 gloriﬁeabo;
778 4622 875 4693 qui
897 4623 1078 4675 autem
1095 4626 1444 4677 contemnunt
1467 4638 1569 4689 me,
1595 4632 1757 4679 erunt
1790 4626 1954 4699 igno-
2011 4633 2058 4700 1)
2087 4645 2190 4689 vos
2211 4628 2270 4684 in
2292 4626 2402 4683 hoc
2421 4628 2616 4681 vestro
2635 4639 2827 4680 errore
2847 4622 3170 4680 audiendos
3190 4626 3399 4696 putent
3425 4641 3440 4681 :
3465 4641 3628 4698 quos
3651 4645 3759 4702 po-

315 4707 379 4767 b“
398 4710 477 4765 les
501 4711 547 4779 (ι
570 4713 696 4782 Reg.
731 4711 815 4779 ιι).

378 4798 566 4855 XXIX.
599 4799 708 4854 Aut
736 4800 785 4855 si
808 4800 963 4871 quoi
983 4798 1138 4855 aliud
1162 4801 1389 4869 retinet,
1424 4804 1524 4857 aut
1582 4807 1750 4875 putat
1784 4820 1845 4860 se
1877 4804 1980 4861 ha-

304 4886 441 4941 bere
470 4887 771 4958 dignitatis
803 4887 1189 4959 privilegium,
1223 4905 1323 4945 vos
1356 4890 1610 4947 rebelles
1660 4891 1879 4948 lumini
1913 4911 1979 4950 ac

308 4973 560 5043 veritati,
593 4979 650 5029 et
678 4976 938 5047 signiferi
964 4978 1183 5032 umbrae
1209 4983 1266 5032 et
1289 4978 1591 5048 vanitatis,
1624 4982 1887 5053 proferte
1916 4982 1978 5039 in

312 5061 597 5117 medium.
625 5063 741 5119 Vos
774 5063 929 5119 enim
962 5063 1335 5137 alloquimur,
1359 5071 1476 5140 qui,
1501 5069 1655 5125 sicut
1678 5071 1818 5125 Dom
1837 5071 1978 5143 inus

309 5150 391 5205 ait
422 5149 756 5214 Pharismis,
792 5153 997 5207 tulistis
1026 5154 1233 5210 clavem
1261 5158 1517 5214 scientia
1545 5157 1697 5229 (Luc.
1732 5162 1837 5228 ιιι),
1871 5160 1969 5230 qui

315 5239 597 5296 claudistis
628 5257 858 5311 regnum
881 5243 1145 5298 caelorum
1174 5249 1302 5300 ante
1330 5247 1596 5314 homines,
1627 5262 1729 5301 nec
1754 5248 1870 5317 ipsi
1898 5250 1980 5303 in-

318 5330 497 5396 tratis,
528 5346 627 5386 nec
654 5330 792 5385 alios
821 5338 1027 5386 intrare
1053 5334 1368 5404 permittitis
1398 5333 1619 5403 (Matth.
1652 5335 1841 5406 χχιιι),
1874 5338 1975 5393 sed

313 5421 508 5495 potius
554 5419 906 5493 prohibetis,
941 5421 1080 5476 dum
1112 5421 1317 5476 matris
1347 5422 1739 5478 venerandam
1769 5423 1976 5481 faciem

315 5527 635 5579 conspuere
655 5508 937 5580 quaeritis,
959 5510 1100 5564 dum
1123 5526 1252 5564 eam
1275 5509 1292 5563 i
1318 5510 1676 5580 nsequimini
1699 5512 1976 5571 conviciis

313 5600 373 5649 et
418 5596 908 5664 maledictis,dum
934 5614 1115 5668 agnos
1138 5597 1264 5667 ejus
1285 5599 1356 5653 ab
1380 5614 1447 5653 ea
1468 5601 1975 5672 segregare,etiam

323 5679 694 5738 anathemate
724 5688 780 5741 et
809 5683 1075 5756 flagellis,
1110 5700 1183 5738 ne
1212 5701 1408 5742 vocem
1439 5690 1769 5745 maternam
1793 5705 1975 5763 agno-

2085 4720 2207 4777 tius
2250 4716 2324 4772 ad
2366 4713 2609 4771 unitatis
2649 4713 2872 4770 bonum
2913 4715 3135 4768 terrore
3183 4713 3495 4784 potestatis
3529 4732 3759 4791 cogere

2088 4807 2321 4864 debent.
2345 4803 2741 4860 Recordentur
2755 4799 3432 4874 Constantinopolitanos
3452 4807 3758 4875 prasules

2086 4897 2147 4953 in
2200 4897 2430 4950 tantum
2460 4890 2673 4963 priscis
2712 4888 3076 4962 temporibus
3105 4888 3581 4948 familiarissima
3634 4895 3762 4953 sibi

2086 4983 2290 5041 morbo
2323 4979 2607 5054 superbiai
2656 4978 2977 5048 laborasse,
3009 4982 3076 5034 ut
3104 4978 3293 5035 edicto
3332 4981 3763 5053 Augustorum

2086 5070 2418 5138 Theodosii,
2467 5066 2699 5125 Arcadii
2728 5072 2787 5124 et
2832 5065 3067 5123 Honorii
3098 5066 3435 5139 prohibitus
3477 5070 3559 5127 sit
3591 5074 3768 5144 quis-

2084 5179 2120 5235 q
2132 5177 2269 5218 uam
2283 5177 2352 5216 ex
2370 5155 3013 5228 Constantinopolitana
3032 5154 3293 5213 Ecclesia
3303 5158 3763 5234 pontificatum,

2089 5251 2361 5308 defuncto
2409 5248 2679 5321 episcopo
2708 5244 2986 5311 Sisinnio,
3016 5244 3291 5318 deinceps
3323 5262 3590 5319 sperare,
3648 5253 3763 5309 sed

2085 5356 2155 5397 ex
2182 5338 2299 5394 alia
2327 5337 2440 5393 sibi
2461 5335 2684 5409 jugiter
2711 5333 3047 5406 pontiﬁcem
3079 5337 3366 5406 expetere,
3401 5337 3547 5408 quia
3580 5344 3763 5397 erant

2084 5426 2246 5484 inani
2270 5424 2466 5500 gloriae
2492 5422 2672 5480 dediti
2696 5426 2754 5479 et
2775 5440 2953 5496 supra
2975 5423 3214 5479 modum
3239 5428 3619 5497 arrogantes,
3645 5444 3762 5485 seu

2086 5516 2547 5572 commemorant
2591 5511 3071 5584 historiographi.
3110 5509 3219 5578 Qui
3268 5513 3450 5569 etiam
3484 5515 3772 5574 referunt

2086 5606 2237 5678 quod
2262 5603 2630 5677 septuaginta
2646 5617 2748 5658 sex
2765 5599 3087 5658 Orientales
3108 5600 3393 5675 episcopi,
3426 5604 3766 5665 concilium

2085 5693 2426 5754 Sardicense
2491 5687 2874 5762 declinantes,
2918 5689 2979 5746 in
3037 5688 3434 5767 PhilippOpoli
3479 5693 3760 5756 Thracia
