  <div class='ocr_page' id='page_1' title='image "/cluster/home/n/w/nwhite01/storage/ocr_20150623/142-143/uc1.31175018423130/1122.png"; bbox 0 0 3916 6354; ppageno 0'>
   <div class='ocr_carea' id='block_1_1' title="bbox 91 455 208 520">
    <p class='ocr_par' dir='ltr' id='par_1_1' title="bbox 91 455 208 520">
     <span class='ocr_line' id='line_1_1' title="bbox 91 455 208 520; baseline 0.017 -2"><span class='ocrx_word' id='word_1_1' title='bbox 91 455 208 520; x_wconf 77' lang='lat'><strong>765</strong></span> 
     </span>
    </p>
   </div>
   <div class='ocr_carea' id='block_1_2' title="bbox 1064 446 2546 517">
    <p class='ocr_par' dir='ltr' id='par_1_2' title="bbox 1064 446 2546 517">
     <span class='ocr_line' id='line_1_2' title="bbox 1064 446 2546 517; baseline -0.003 0"><span class='ocrx_word' id='word_1_2' title='bbox 1064 449 1474 517; x_wconf 73' lang='lat' dir='ltr'><strong>EPISTOLE</strong></span> <span class='ocrx_word' id='word_1_3' title='bbox 1514 448 1615 516; x_wconf 84' lang='lat' dir='ltr'><strong>ET</strong></span> <span class='ocrx_word' id='word_1_4' title='bbox 1658 447 2021 515; x_wconf 79' lang='lat' dir='ltr'><strong>DECRETA</strong></span> <span class='ocrx_word' id='word_1_5' title='bbox 2067 446 2546 515; x_wconf 78' lang='lat' dir='ltr'><strong>PONTIFICIA.‘</strong></span> 
     </span>
    </p>
   </div>
   <div class='ocr_carea' id='block_1_3' title="bbox 3372 433 3496 518">
    <p class='ocr_par' dir='ltr' id='par_1_3' title="bbox 3372 433 3496 518">
     <span class='ocr_line' id='line_1_3' title="bbox 3372 433 3496 518; baseline 0.024 -3"><span class='ocrx_word' id='word_1_6' title='bbox 3372 433 3496 518; x_wconf 68' lang='lat'><strong>766</strong></span> 
     </span>
    </p>
   </div>
   <div class='ocr_carea' id='block_1_4' title="bbox 94 574 3492 663">
    <p class='ocr_par' dir='ltr' id='par_1_4' title="bbox 94 574 3492 663">
     <span class='ocr_line' id='line_1_4' title="bbox 94 574 3492 663; baseline -0.001 -13"><span class='ocrx_word' id='word_1_7' title='bbox 94 589 706 650; x_wconf 84' lang='lat' dir='ltr'><strong>anathematizandum</strong></span> <span class='ocrx_word' id='word_1_8' title='bbox 737 588 1204 648; x_wconf 82' lang='lat' dir='ltr'><strong>conventiculum</strong></span> <span class='ocrx_word' id='word_1_9' title='bbox 1236 589 1546 655; x_wconf 87' lang='lat' dir='ltr'><strong>haberunt,</strong></span> <span class='ocrx_word' id='word_1_10' title='bbox 1598 606 1733 645; x_wconf 81' lang='lat' dir='ltr'><strong>san-</strong></span> <span class='ocrx_word' id='word_1_11' title='bbox 1765 588 1821 655; x_wconf 83' lang='grc' dir='ltr'><strong>Α</strong></span> <span class='ocrx_word' id='word_1_12' title='bbox 1850 584 2215 659; x_wconf 81' lang='lat' dir='ltr'><strong>punirentur.</strong></span> <span class='ocrx_word' id='word_1_13' title='bbox 2250 586 2474 643; x_wconf 86' lang='lat' dir='ltr'><strong>Idcirco</strong></span> <span class='ocrx_word' id='word_1_14' title='bbox 2503 576 2611 643; x_wconf 89' lang='lat' dir='ltr'><strong>etsi</strong></span> <span class='ocrx_word' id='word_1_15' title='bbox 2640 587 2714 644; x_wconf 90' lang='lat' dir='ltr'><strong>ad</strong></span> <span class='ocrx_word' id='word_1_16' title='bbox 2745 586 2854 645; x_wconf 88' lang='lat' dir='ltr'><strong>hoc</strong></span> <span class='ocrx_word' id='word_1_17' title='bbox 2883 604 2985 646; x_wconf 90' lang='lat' dir='ltr'><strong>vos</strong></span> <span class='ocrx_word' id='word_1_18' title='bbox 3014 574 3262 663; x_wconf 90' lang='lat' dir='ltr'><strong>impellit</strong></span> <span class='ocrx_word' id='word_1_19' title='bbox 3279 592 3492 660; x_wconf 89' lang='lat' dir='ltr'><strong>tumor,</strong></span> 
     </span>
    </p>
   </div>
   <div class='ocr_carea' id='block_1_5' title="bbox 93 677 1739 754">
    <p class='ocr_par' dir='ltr' id='par_1_5' title="bbox 93 677 1739 754">
     <span class='ocr_line' id='line_1_5' title="bbox 93 677 1739 754; baseline -0.005 -14"><span class='ocrx_word' id='word_1_20' title='bbox 93 688 368 754; x_wconf 89' lang='lat' dir='ltr'><strong>ctamque</strong></span> <span class='ocrx_word' id='word_1_21' title='bbox 387 680 897 737; x_wconf 89' lang='lat' dir='ltr'><strong>etimmaculatam</strong></span> <span class='ocrx_word' id='word_1_22' title='bbox 911 680 1149 735; x_wconf 65' lang='lat' dir='ltr'><strong>Nicaeam</strong></span> <span class='ocrx_word' id='word_1_23' title='bbox 1164 679 1367 752; x_wconf 81' lang='lat' dir='ltr'><strong>synodi</strong></span> <span class='ocrx_word' id='word_1_24' title='bbox 1390 679 1561 733; x_wconf 91' lang='lat' dir='ltr'><strong>ﬁdem</strong></span> <span class='ocrx_word' id='word_1_25' title='bbox 1577 677 1739 733; x_wconf 89' lang='lat' dir='ltr'><strong>adul-</strong></span> 
     </span>
    </p>
   </div>
   <div class='ocr_carea' id='block_1_6' title="bbox 91 770 1739 842">
    <p class='ocr_par' dir='ltr' id='par_1_6' title="bbox 91 770 1739 842">
     <span class='ocr_line' id='line_1_6' title="bbox 91 770 1739 842; baseline -0.002 -15"><span class='ocrx_word' id='word_1_26' title='bbox 91 775 367 839; x_wconf 88' lang='lat' dir='ltr'><strong>terantes,</strong></span> <span class='ocrx_word' id='word_1_27' title='bbox 388 770 684 827; x_wconf 89' lang='lat' dir='ltr'><strong>communi</strong></span> <span class='ocrx_word' id='word_1_28' title='bbox 707 770 1400 842; x_wconf 89' lang='lat' dir='ltr'><strong>subscriptioneerrorem</strong></span> <span class='ocrx_word' id='word_1_29' title='bbox 1421 784 1595 824; x_wconf 90' lang='lat' dir='ltr'><strong>suum</strong></span> <span class='ocrx_word' id='word_1_30' title='bbox 1608 784 1739 824; x_wconf 88' lang='lat' dir='ltr'><strong>con-</strong></span> 
     </span>
    </p>
   </div>
   <div class='ocr_carea' id='block_1_7' title="bbox 92 855 1738 929">
    <p class='ocr_par' dir='ltr' id='par_1_7' title="bbox 92 855 1738 929">
     <span class='ocr_line' id='line_1_7' title="bbox 92 855 1738 929; baseline -0.002 -14"><span class='ocrx_word' id='word_1_31' title='bbox 92 861 402 915; x_wconf 90' lang='lat' dir='ltr'><strong>ﬁrmarunt</strong></span> <span class='ocrx_word' id='word_1_32' title='bbox 419 859 837 928; x_wconf 85' lang='lat' dir='ltr'><strong>;Occidentales</strong></span> <span class='ocrx_word' id='word_1_33' title='bbox 857 875 980 914; x_wconf 73' lang='lat' dir='ltr'><strong>vero</strong></span> <span class='ocrx_word' id='word_1_34' title='bbox 994 859 1255 923; x_wconf 86' lang='lat' dir='ltr'><strong>trecenti,</strong></span> <span class='ocrx_word' id='word_1_35' title='bbox 1270 855 1518 929; x_wconf 79' lang='lat' dir='ltr'><strong>amplexi</strong></span> <span class='ocrx_word' id='word_1_36' title='bbox 1533 873 1738 913; x_wconf 90' lang='lat' dir='ltr'><strong>sanam</strong></span> 
     </span>
    </p>
   </div>
   <div class='ocr_carea' id='block_1_8' title="bbox 90 946 1742 1014">
    <p class='ocr_par' dir='ltr' id='par_1_8' title="bbox 90 946 1742 1014">
     <span class='ocr_line' id='line_1_8' title="bbox 90 946 1742 1014; baseline -0.001 -11"><span class='ocrx_word' id='word_1_37' title='bbox 90 952 430 1004; x_wconf 86' lang='lat' dir='ltr'><strong>sanctorum</strong></span> <span class='ocrx_word' id='word_1_38' title='bbox 464 952 703 1003; x_wconf 91' lang='lat' dir='ltr'><strong>Patrum</strong></span> <span class='ocrx_word' id='word_1_39' title='bbox 755 947 1128 1014; x_wconf 86' lang='lat' dir='ltr'><strong>sententiam,</strong></span> <span class='ocrx_word' id='word_1_40' title='bbox 1192 946 1584 1002; x_wconf 83' lang='lat' dir='ltr'><strong>unanimitate</strong></span> <span class='ocrx_word' id='word_1_41' title='bbox 1634 963 1742 1001; x_wconf 90' lang='lat' dir='ltr'><strong>sua</strong></span> 
     </span>
    </p>
   </div>
   <div class='ocr_carea' id='block_1_9' title="bbox 91 1036 1743 1107">
    <p class='ocr_par' dir='ltr' id='par_1_9' title="bbox 91 1036 1743 1107">
     <span class='ocr_line' id='line_1_9' title="bbox 91 1036 1743 1107; baseline -0.001 -16"><span class='ocrx_word' id='word_1_42' title='bbox 91 1038 562 1093; x_wconf 88' lang='lat' dir='ltr'><strong>corroborarunt.</strong></span> <span class='ocrx_word' id='word_1_43' title='bbox 595 1038 755 1103; x_wconf 88' lang='lat' dir='ltr'><strong>Quod</strong></span> <span class='ocrx_word' id='word_1_44' title='bbox 791 1040 978 1092; x_wconf 91' lang='lat' dir='ltr'><strong>totum</strong></span> <span class='ocrx_word' id='word_1_45' title='bbox 1011 1037 1140 1091; x_wconf 91' lang='lat' dir='ltr'><strong>ideo</strong></span> <span class='ocrx_word' id='word_1_46' title='bbox 1199 1036 1434 1101; x_wconf 90' lang='lat' dir='ltr'><strong>dicitur,</strong></span> <span class='ocrx_word' id='word_1_47' title='bbox 1493 1052 1565 1091; x_wconf 89' lang='lat' dir='ltr'><strong>ne</strong></span> <span class='ocrx_word' id='word_1_48' title='bbox 1612 1039 1743 1107; x_wconf 89' lang='lat' dir='ltr'><strong>post</strong></span> 
     </span>
    </p>
   </div>
   <div class='ocr_carea' id='block_1_10' title="bbox 91 1124 1737 1198">
    <p class='ocr_par' dir='ltr' id='par_1_10' title="bbox 91 1124 1737 1198">
     <span class='ocr_line' id='line_1_10' title="bbox 91 1124 1737 1198; baseline -0.001 -18"><span class='ocrx_word' id='word_1_49' title='bbox 91 1125 356 1197; x_wconf 88' lang='lat' dir='ltr'><strong>priorum</strong></span> <span class='ocrx_word' id='word_1_50' title='bbox 378 1126 768 1198; x_wconf 82' lang='lat' dir='ltr'><strong>cognitionem</strong></span> <span class='ocrx_word' id='word_1_51' title='bbox 791 1126 1019 1181; x_wconf 86' lang='lat' dir='ltr'><strong>incaute</strong></span> <span class='ocrx_word' id='word_1_52' title='bbox 1040 1125 1427 1197; x_wconf 62' lang='lat' dir='ltr'><strong>praesentibus</strong></span> <span class='ocrx_word' id='word_1_53' title='bbox 1451 1124 1737 1180; x_wconf 88' lang='lat' dir='ltr'><strong>credatur.</strong></span> 
     </span>
    </p>
   </div>
   <div class='ocr_carea' id='block_1_11' title="bbox 164 1214 1741 1286">
    <p class='ocr_par' dir='ltr' id='par_1_11' title="bbox 164 1214 1741 1286">
     <span class='ocr_line' id='line_1_11' title="bbox 164 1214 1741 1286; baseline -0.001 -15"><span class='ocrx_word' id='word_1_54' title='bbox 164 1216 385 1271; x_wconf 83' lang='lat' dir='ltr'><strong>XXXII.</strong></span> <span class='ocrx_word' id='word_1_55' title='bbox 419 1217 565 1271; x_wconf 88' lang='lat' dir='ltr'><strong>Nam</strong></span> <span class='ocrx_word' id='word_1_56' title='bbox 590 1216 859 1271; x_wconf 63' lang='lat' dir='ltr'><strong>Romana</strong></span> <span class='ocrx_word' id='word_1_57' title='bbox 884 1214 1149 1270; x_wconf 70' lang='lat' dir='ltr'><strong>Ecclesiae</strong></span> <span class='ocrx_word' id='word_1_58' title='bbox 1174 1215 1338 1283; x_wconf 88' lang='lat' dir='ltr'><strong>ﬁdes,</strong></span> <span class='ocrx_word' id='word_1_59' title='bbox 1364 1231 1467 1286; x_wconf 91' lang='lat' dir='ltr'><strong>per</strong></span> <span class='ocrx_word' id='word_1_60' title='bbox 1483 1215 1741 1282; x_wconf 87' lang='lat' dir='ltr'><strong>Petrum,</strong></span> 
     </span>
    </p>
   </div>
   <div class='ocr_carea' id='block_1_12' title="bbox 91 1302 1741 1375">
    <p class='ocr_par' dir='ltr' id='par_1_12' title="bbox 91 1302 1741 1375">
     <span class='ocr_line' id='line_1_12' title="bbox 91 1302 1741 1375; baseline 0.001 -18"><span class='ocrx_word' id='word_1_61' title='bbox 91 1321 274 1375; x_wconf 82' lang='lat' dir='ltr'><strong>super</strong></span> <span class='ocrx_word' id='word_1_62' title='bbox 301 1309 522 1375; x_wconf 87' lang='lat' dir='ltr'><strong>petram</strong></span> <span class='ocrx_word' id='word_1_63' title='bbox 553 1304 855 1369; x_wconf 65' lang='lat' dir='ltr'><strong>ediﬁcata,</strong></span> <span class='ocrx_word' id='word_1_64' title='bbox 888 1319 992 1358; x_wconf 91' lang='lat' dir='ltr'><strong>nec</strong></span> <span class='ocrx_word' id='word_1_65' title='bbox 1021 1302 1303 1359; x_wconf 85' lang='lat' dir='ltr'><strong>hactenus</strong></span> <span class='ocrx_word' id='word_1_66' title='bbox 1359 1303 1572 1370; x_wconf 85' lang='lat' dir='ltr'><strong>deﬁcit,</strong></span> <span class='ocrx_word' id='word_1_67' title='bbox 1635 1320 1741 1358; x_wconf 93' lang='lat' dir='ltr'><strong>nec</strong></span> 
     </span>
    </p>
   </div>
   <div class='ocr_carea' id='block_1_13' title="bbox 89 1391 1740 1463">
    <p class='ocr_par' dir='ltr' id='par_1_13' title="bbox 89 1391 1740 1463">
     <span class='ocr_line' id='line_1_13' title="bbox 89 1391 1740 1463; baseline 0.001 -18"><span class='ocrx_word' id='word_1_68' title='bbox 89 1391 321 1447; x_wconf 89' lang='lat' dir='ltr'><strong>deﬁciet</strong></span> <span class='ocrx_word' id='word_1_69' title='bbox 349 1392 408 1449; x_wconf 90' lang='lat' dir='ltr'><strong>in</strong></span> <span class='ocrx_word' id='word_1_70' title='bbox 441 1394 672 1458; x_wconf 61' lang='lat' dir='ltr'><strong>saeuis,</strong></span> <span class='ocrx_word' id='word_1_71' title='bbox 705 1391 930 1448; x_wconf 88' lang='lat' dir='ltr'><strong>Christo</strong></span> <span class='ocrx_word' id='word_1_72' title='bbox 950 1393 1075 1462; x_wconf 85' lang='lat' dir='ltr'><strong>ejus</strong></span> <span class='ocrx_word' id='word_1_73' title='bbox 1098 1391 1344 1447; x_wconf 90' lang='lat' dir='ltr'><strong>Domino</strong></span> <span class='ocrx_word' id='word_1_74' title='bbox 1371 1396 1613 1463; x_wconf 85' lang='lat' dir='ltr'><strong>rogante</strong></span> <span class='ocrx_word' id='word_1_75' title='bbox 1638 1409 1740 1463; x_wconf 92' lang='lat' dir='ltr'><strong>pro</strong></span> 
     </span>
    </p>
   </div>
   <div class='ocr_carea' id='block_1_14' title="bbox 90 1481 1742 1554">
    <p class='ocr_par' dir='ltr' id='par_1_14' title="bbox 90 1481 1742 1554">
     <span class='ocr_line' id='line_1_14' title="bbox 90 1481 1742 1554; baseline 0.001 -21"><span class='ocrx_word' id='word_1_76' title='bbox 90 1495 179 1545; x_wconf 90' lang='lat' dir='ltr'><strong>ea,</strong></span> <span class='ocrx_word' id='word_1_77' title='bbox 212 1497 320 1536; x_wconf 90' lang='lat' dir='ltr'><strong>ceu</strong></span> <span class='ocrx_word' id='word_1_78' title='bbox 348 1484 596 1537; x_wconf 84' lang='lat' dir='ltr'><strong>testatur</strong></span> <span class='ocrx_word' id='word_1_79' title='bbox 625 1481 735 1537; x_wconf 92' lang='lat' dir='ltr'><strong>sub</strong></span> <span class='ocrx_word' id='word_1_80' title='bbox 767 1481 897 1554; x_wconf 90' lang='lat' dir='ltr'><strong>ipsa</strong></span> <span class='ocrx_word' id='word_1_81' title='bbox 921 1481 1194 1553; x_wconf 87' lang='lat' dir='ltr'><strong>passione</strong></span> <span class='ocrx_word' id='word_1_82' title='bbox 1226 1497 1330 1539; x_wconf 84' lang='lat' dir='ltr'><strong>sua</strong></span> <span class='ocrx_word' id='word_1_83' title='bbox 1358 1498 1370 1537; x_wconf 92' lang='lat'><strong>:</strong></span> <span class='ocrx_word' id='word_1_84' title='bbox 1412 1482 1518 1553; x_wconf 88' lang='lat' dir='ltr'><strong>Ego</strong></span> <span class='ocrx_word' id='word_1_85' title='bbox 1549 1483 1742 1553; x_wconf 86' lang='lat' dir='ltr'><strong>rogavi</strong></span> 
     </span>
    </p>
   </div>
   <div class='ocr_carea' id='block_1_15' title="bbox 90 1571 1739 1641">
    <p class='ocr_par' dir='ltr' id='par_1_15' title="bbox 90 1571 1739 1641">
     <span class='ocr_line' id='line_1_15' title="bbox 90 1571 1739 1641; baseline 0.002 -19"><span class='ocrx_word' id='word_1_86' title='bbox 90 1584 193 1639; x_wconf 85' lang='lat' dir='ltr'><strong>pro</strong></span> <span class='ocrx_word' id='word_1_87' title='bbox 222 1571 296 1635; x_wconf 84' lang='lat' dir='ltr'><strong>te,</strong></span> <span class='ocrx_word' id='word_1_88' title='bbox 328 1571 507 1636; x_wconf 88' lang='lat' dir='ltr'><strong>Petre,</strong></span> <span class='ocrx_word' id='word_1_89' title='bbox 540 1576 598 1626; x_wconf 87' lang='lat' dir='ltr'><strong>ut</strong></span> <span class='ocrx_word' id='word_1_90' title='bbox 622 1588 733 1625; x_wconf 88' lang='lat' dir='ltr'><strong>non</strong></span> <span class='ocrx_word' id='word_1_91' title='bbox 761 1571 975 1641; x_wconf 82' lang='lat' dir='ltr'><strong>deﬁciat</strong></span> <span class='ocrx_word' id='word_1_92' title='bbox 1018 1571 1149 1641; x_wconf 80' lang='lat' dir='ltr'><strong>fides</strong></span> <span class='ocrx_word' id='word_1_93' title='bbox 1205 1577 1349 1639; x_wconf 85' lang='lat' dir='ltr'><strong>tua;</strong></span> <span class='ocrx_word' id='word_1_94' title='bbox 1408 1580 1459 1626; x_wconf 90' lang='lat' dir='ltr'><strong>et</strong></span> <span class='ocrx_word' id='word_1_95' title='bbox 1515 1579 1576 1627; x_wconf 87' lang='lat' dir='ltr'><strong>tu</strong></span> <span class='ocrx_word' id='word_1_96' title='bbox 1632 1572 1739 1627; x_wconf 89' lang='lat' dir='ltr'><strong>ali-</strong></span> 
     </span>
    </p>
   </div>
   <div class='ocr_carea' id='block_1_16' title="bbox 91 1656 1739 1731">
    <p class='ocr_par' dir='ltr' id='par_1_16' title="bbox 91 1656 1739 1731">
     <span class='ocr_line' id='line_1_16' title="bbox 91 1656 1739 1731; baseline 0.002 -20"><span class='ocrx_word' id='word_1_97' title='bbox 91 1656 312 1727; x_wconf 84' lang='lat' dir='ltr'><strong>quando</strong></span> <span class='ocrx_word' id='word_1_98' title='bbox 343 1674 629 1714; x_wconf 87' lang='lat' dir='ltr'><strong>conversus</strong></span> <span class='ocrx_word' id='word_1_99' title='bbox 660 1661 924 1729; x_wconf 80' lang='lat' dir='ltr'><strong>conﬁrma</strong></span> <span class='ocrx_word' id='word_1_100' title='bbox 950 1662 1151 1731; x_wconf 78' lang='lat' dir='ltr'><strong>fratres</strong></span> <span class='ocrx_word' id='word_1_101' title='bbox 1204 1669 1324 1715; x_wconf 86' lang='lat' dir='ltr'><strong>tuos</strong></span> <span class='ocrx_word' id='word_1_102' title='bbox 1371 1662 1518 1726; x_wconf 90' lang='lat' dir='ltr'><strong>(Luc.</strong></span> <span class='ocrx_word' id='word_1_103' title='bbox 1574 1664 1739 1728; x_wconf 70' lang='grc' dir='ltr'>χχιι).</span> 
     </span>
    </p>
   </div>
   <div class='ocr_carea' id='block_1_17' title="bbox 94 1745 1743 1810">
    <p class='ocr_par' dir='ltr' id='par_1_17' title="bbox 94 1745 1743 1810">
     <span class='ocr_line' id='line_1_17' title="bbox 94 1745 1743 1810; baseline 0.002 -9"><span class='ocrx_word' id='word_1_104' title='bbox 94 1746 221 1810; x_wconf 88' lang='lat' dir='ltr'><strong>Quo</strong></span> <span class='ocrx_word' id='word_1_105' title='bbox 251 1745 403 1801; x_wconf 90' lang='lat' dir='ltr'><strong>dicto</strong></span> <span class='ocrx_word' id='word_1_106' title='bbox 434 1748 851 1803; x_wconf 88' lang='lat' dir='ltr'><strong>demonstravit</strong></span> <span class='ocrx_word' id='word_1_107' title='bbox 872 1750 1045 1805; x_wconf 91' lang='lat' dir='ltr'><strong>ﬁdem</strong></span> <span class='ocrx_word' id='word_1_108' title='bbox 1067 1750 1313 1805; x_wconf 84' lang='lat' dir='ltr'><strong>fratrum</strong></span> <span class='ocrx_word' id='word_1_109' title='bbox 1337 1750 1494 1804; x_wconf 88' lang='lat' dir='ltr'><strong>vario</strong></span> <span class='ocrx_word' id='word_1_110' title='bbox 1515 1749 1743 1805; x_wconf 90' lang='lat' dir='ltr'><strong>defectu</strong></span> 
     </span>
    </p>
   </div>
   <div class='ocr_carea' id='block_1_18' title="bbox 94 1832 1745 1905">
    <p class='ocr_par' dir='ltr' id='par_1_18' title="bbox 94 1832 1745 1905">
     <span class='ocr_line' id='line_1_18' title="bbox 94 1832 1745 1905; baseline 0.002 -15"><span class='ocrx_word' id='word_1_111' title='bbox 94 1832 562 1905; x_wconf 83' lang='lat' dir='ltr'><strong>periclitandam,</strong></span> <span class='ocrx_word' id='word_1_112' title='bbox 596 1837 694 1891; x_wconf 89' lang='lat' dir='ltr'><strong>sed</strong></span> <span class='ocrx_word' id='word_1_113' title='bbox 727 1838 1075 1893; x_wconf 88' lang='lat' dir='ltr'><strong>inconcussa</strong></span> <span class='ocrx_word' id='word_1_114' title='bbox 1105 1842 1161 1893; x_wconf 93' lang='lat' dir='ltr'><strong>et</strong></span> <span class='ocrx_word' id='word_1_115' title='bbox 1212 1838 1578 1893; x_wconf 89' lang='lat' dir='ltr'><strong>indeﬁciente</strong></span> <span class='ocrx_word' id='word_1_116' title='bbox 1634 1839 1745 1895; x_wconf 90' lang='lat' dir='ltr'><strong>ﬁde</strong></span> 
     </span>
    </p>
   </div>
   <div class='ocr_carea' id='block_1_19' title="bbox 97 1922 1825 2025">
    <p class='ocr_par' dir='ltr' id='par_1_19' title="bbox 97 1922 1825 2025">
     <span class='ocr_line' id='line_1_19' title="bbox 97 1922 1825 2025; baseline 0.002 -46"><span class='ocrx_word' id='word_1_117' title='bbox 97 1922 440 2025; x_wconf 41' lang='lat' dir='ltr'><strong>&#39;Petnri,velut</strong></span> <span class='ocrx_word' id='word_1_118' title='bbox 470 1924 649 1980; x_wconf 69' lang='lat' dir='ltr'><strong>ﬁrmae</strong></span> <span class='ocrx_word' id='word_1_119' title='bbox 688 1926 955 2025; x_wconf 39' lang='lat' dir='ltr'><strong>ancho‘rze</strong></span> <span class='ocrx_word' id='word_1_120' title='bbox 989 1926 1252 2025; x_wconf 79' lang='lat' dir='ltr'><strong>subsidio</strong></span> <span class='ocrx_word' id='word_1_121' title='bbox 1311 1927 1625 1998; x_wconf 88' lang='lat' dir='ltr'><strong>ﬁgendam,</strong></span> <span class='ocrx_word' id='word_1_122' title='bbox 1687 1933 1745 1983; x_wconf 92' lang='lat' dir='ltr'><strong>et</strong></span> <span class='ocrx_word' id='word_1_123' title='bbox 1778 1960 1825 2025; x_wconf 79' lang='grc' dir='ltr'><strong>Β</strong></span> 
     </span>
    </p>
   </div>
   <div class='ocr_carea' id='block_1_20' title="bbox 94 2012 1743 2071">
    <p class='ocr_par' dir='ltr' id='par_1_20' title="bbox 94 2012 1743 2071">
     <span class='ocr_line' id='line_1_20' title="bbox 94 2012 1743 2071; baseline 0.002 -4"><span class='ocrx_word' id='word_1_124' title='bbox 94 2012 155 2067; x_wconf 93' lang='lat' dir='ltr'><strong>in</strong></span> <span class='ocrx_word' id='word_1_125' title='bbox 186 2012 569 2067; x_wconf 90' lang='lat' dir='ltr'><strong>fundamento</strong></span> <span class='ocrx_word' id='word_1_126' title='bbox 596 2013 941 2068; x_wconf 82' lang='lat' dir='ltr'><strong>universalis</strong></span> <span class='ocrx_word' id='word_1_127' title='bbox 975 2013 1237 2069; x_wconf 72' lang='lat' dir='ltr'><strong>Ecclesiae</strong></span> <span class='ocrx_word' id='word_1_128' title='bbox 1260 2015 1743 2071; x_wconf 89' lang='lat' dir='ltr'><strong>conﬁrmandam.</strong></span> 
     </span>
    </p>
   </div>
   <div class='ocr_carea' id='block_1_21' title="bbox 95 2101 1750 2174">
    <p class='ocr_par' dir='ltr' id='par_1_21' title="bbox 95 2101 1750 2174">
     <span class='ocr_line' id='line_1_21' title="bbox 95 2101 1750 2174; baseline 0.004 -19"><span class='ocrx_word' id='word_1_129' title='bbox 95 2101 263 2166; x_wconf 86' lang='lat' dir='ltr'><strong>Quod</strong></span> <span class='ocrx_word' id='word_1_130' title='bbox 294 2118 463 2157; x_wconf 90' lang='lat' dir='ltr'><strong>nemo</strong></span> <span class='ocrx_word' id='word_1_131' title='bbox 491 2106 684 2173; x_wconf 87' lang='lat' dir='ltr'><strong>negat,</strong></span> <span class='ocrx_word' id='word_1_132' title='bbox 703 2102 816 2156; x_wconf 90' lang='lat' dir='ltr'><strong>nisi</strong></span> <span class='ocrx_word' id='word_1_133' title='bbox 839 2102 936 2173; x_wconf 89' lang='lat' dir='ltr'><strong>qui</strong></span> <span class='ocrx_word' id='word_1_134' title='bbox 958 2103 1254 2158; x_wconf 81' lang='lat' dir='ltr'><strong>evidenter</strong></span> <span class='ocrx_word' id='word_1_135' title='bbox 1278 2102 1394 2158; x_wconf 68' lang='lat' dir='ltr'><strong>haec</strong></span> <span class='ocrx_word' id='word_1_136' title='bbox 1426 2104 1553 2174; x_wconf 84' lang='lat' dir='ltr'><strong>ipsa</strong></span> <span class='ocrx_word' id='word_1_137' title='bbox 1575 2105 1750 2161; x_wconf 89' lang='lat' dir='ltr'><strong>verba</strong></span> 
     </span>
    </p>
   </div>
   <div class='ocr_carea' id='block_1_22' title="bbox 94 2189 1746 2266">
    <p class='ocr_par' dir='ltr' id='par_1_22' title="bbox 94 2189 1746 2266">
     <span class='ocr_line' id='line_1_22' title="bbox 94 2189 1746 2266; baseline 0.002 -21"><span class='ocrx_word' id='word_1_138' title='bbox 94 2189 376 2247; x_wconf 89' lang='lat' dir='ltr'><strong>Veritatis</strong></span> <span class='ocrx_word' id='word_1_139' title='bbox 407 2191 733 2263; x_wconf 88' lang='lat' dir='ltr'><strong>impugnat,</strong></span> <span class='ocrx_word' id='word_1_140' title='bbox 767 2191 907 2262; x_wconf 87' lang='lat' dir='ltr'><strong>quia</strong></span> <span class='ocrx_word' id='word_1_141' title='bbox 938 2190 1090 2247; x_wconf 88' lang='lat' dir='ltr'><strong>sicut</strong></span> <span class='ocrx_word' id='word_1_142' title='bbox 1119 2191 1354 2247; x_wconf 89' lang='lat' dir='ltr'><strong>cardine</strong></span> <span class='ocrx_word' id='word_1_143' title='bbox 1388 2197 1573 2248; x_wconf 89' lang='lat' dir='ltr'><strong>totum</strong></span> <span class='ocrx_word' id='word_1_144' title='bbox 1600 2194 1746 2266; x_wconf 91' lang='lat' dir='ltr'><strong>regi-</strong></span> 
     </span>
    </p>
   </div>
   <div class='ocr_carea' id='block_1_23' title="bbox 94 2280 1746 2352">
    <p class='ocr_par' dir='ltr' id='par_1_23' title="bbox 94 2280 1746 2352">
     <span class='ocr_line' id='line_1_23' title="bbox 94 2280 1746 2352; baseline 0.002 -18"><span class='ocrx_word' id='word_1_145' title='bbox 94 2284 195 2334; x_wconf 88' lang='lat' dir='ltr'><strong>tur</strong></span> <span class='ocrx_word' id='word_1_146' title='bbox 223 2280 464 2345; x_wconf 88' lang='lat' dir='ltr'><strong>ostium,</strong></span> <span class='ocrx_word' id='word_1_147' title='bbox 499 2281 579 2335; x_wconf 91' lang='lat' dir='ltr'><strong>ita</strong></span> <span class='ocrx_word' id='word_1_148' title='bbox 611 2281 773 2335; x_wconf 89' lang='lat' dir='ltr'><strong>Petro</strong></span> <span class='ocrx_word' id='word_1_149' title='bbox 798 2284 853 2335; x_wconf 92' lang='lat' dir='ltr'><strong>et</strong></span> <span class='ocrx_word' id='word_1_150' title='bbox 884 2282 1327 2336; x_wconf 88' lang='lat' dir='ltr'><strong>successoribus</strong></span> <span class='ocrx_word' id='word_1_151' title='bbox 1377 2283 1507 2352; x_wconf 90' lang='lat' dir='ltr'><strong>ejus</strong></span> <span class='ocrx_word' id='word_1_152' title='bbox 1565 2283 1746 2338; x_wconf 89' lang='lat' dir='ltr'><strong>totius</strong></span> 
     </span>
    </p>
   </div>
   <div class='ocr_carea' id='block_1_24' title="bbox 98 2368 1747 2440">
    <p class='ocr_par' dir='ltr' id='par_1_24' title="bbox 98 2368 1747 2440">
     <span class='ocr_line' id='line_1_24' title="bbox 98 2368 1747 2440; baseline 0.002 -17"><span class='ocrx_word' id='word_1_153' title='bbox 98 2368 369 2425; x_wconf 60' lang='lat' dir='ltr'><strong>Ecclesiae</strong></span> <span class='ocrx_word' id='word_1_154' title='bbox 400 2368 735 2440; x_wconf 86' lang='lat' dir='ltr'><strong>disponitur</strong></span> <span class='ocrx_word' id='word_1_155' title='bbox 762 2368 1244 2426; x_wconf 89' lang='lat' dir='ltr'><strong>emolumentum.</strong></span> <span class='ocrx_word' id='word_1_156' title='bbox 1280 2372 1346 2426; x_wconf 90' lang='lat' dir='ltr'><strong>Et</strong></span> <span class='ocrx_word' id='word_1_157' title='bbox 1374 2371 1529 2427; x_wconf 91' lang='lat' dir='ltr'><strong>sicut</strong></span> <span class='ocrx_word' id='word_1_158' title='bbox 1573 2373 1747 2427; x_wconf 90' lang='lat' dir='ltr'><strong>cardo</strong></span> 
     </span>
    </p>
   </div>
   <div class='ocr_carea' id='block_1_25' title="bbox 97 2457 1746 2530">
    <p class='ocr_par' dir='ltr' id='par_1_25' title="bbox 97 2457 1746 2530">
     <span class='ocr_line' id='line_1_25' title="bbox 97 2457 1746 2530; baseline 0.002 -18"><span class='ocrx_word' id='word_1_159' title='bbox 97 2457 424 2513; x_wconf 89' lang='lat' dir='ltr'><strong>immobilis</strong></span> <span class='ocrx_word' id='word_1_160' title='bbox 452 2475 801 2530; x_wconf 86' lang='lat' dir='ltr'><strong>permanens</strong></span> <span class='ocrx_word' id='word_1_161' title='bbox 832 2458 992 2514; x_wconf 90' lang='lat' dir='ltr'><strong>ducit</strong></span> <span class='ocrx_word' id='word_1_162' title='bbox 1022 2463 1079 2514; x_wconf 88' lang='lat' dir='ltr'><strong>et</strong></span> <span class='ocrx_word' id='word_1_163' title='bbox 1108 2460 1332 2515; x_wconf 88' lang='lat' dir='ltr'><strong>reducit</strong></span> <span class='ocrx_word' id='word_1_164' title='bbox 1361 2461 1604 2526; x_wconf 88' lang='lat' dir='ltr'><strong>ostium,</strong></span> <span class='ocrx_word' id='word_1_165' title='bbox 1663 2461 1746 2516; x_wconf 92' lang='lat' dir='ltr'><strong>sic</strong></span> 
     </span>
    </p>
   </div>
   <div class='ocr_carea' id='block_1_26' title="bbox 97 2546 1743 2604">
    <p class='ocr_par' dir='ltr' id='par_1_26' title="bbox 97 2546 1743 2604">
     <span class='ocr_line' id='line_1_26' title="bbox 97 2546 1743 2604; baseline 0.002 -3"><span class='ocrx_word' id='word_1_166' title='bbox 97 2548 306 2602; x_wconf 89' lang='lat' dir='ltr'><strong>Petrus</strong></span> <span class='ocrx_word' id='word_1_167' title='bbox 329 2550 385 2601; x_wconf 89' lang='lat' dir='ltr'><strong>et</strong></span> <span class='ocrx_word' id='word_1_168' title='bbox 414 2547 503 2602; x_wconf 89' lang='lat' dir='ltr'><strong>sui</strong></span> <span class='ocrx_word' id='word_1_169' title='bbox 532 2564 898 2602; x_wconf 89' lang='lat' dir='ltr'><strong>successores</strong></span> <span class='ocrx_word' id='word_1_170' title='bbox 929 2546 1178 2603; x_wconf 90' lang='lat' dir='ltr'><strong>liberum</strong></span> <span class='ocrx_word' id='word_1_171' title='bbox 1209 2548 1279 2603; x_wconf 91' lang='lat' dir='ltr'><strong>de</strong></span> <span class='ocrx_word' id='word_1_172' title='bbox 1336 2549 1494 2604; x_wconf 90' lang='lat' dir='ltr'><strong>omni</strong></span> <span class='ocrx_word' id='word_1_173' title='bbox 1554 2548 1743 2604; x_wconf 93' lang='lat' dir='ltr'><strong>Eccle-</strong></span> 
     </span>
    </p>
   </div>
   <div class='ocr_carea' id='block_1_27' title="bbox 99 2635 1743 2706">
    <p class='ocr_par' dir='ltr' id='par_1_27' title="bbox 99 2635 1743 2706">
     <span class='ocr_line' id='line_1_27' title="bbox 99 2635 1743 2706; baseline 0.001 -15"><span class='ocrx_word' id='word_1_174' title='bbox 99 2635 745 2706; x_wconf 87' lang='lat' dir='ltr'><strong>siahabentjudicium,</strong></span> <span class='ocrx_word' id='word_1_175' title='bbox 760 2654 892 2691; x_wconf 89' lang='lat' dir='ltr'><strong>cum</strong></span> <span class='ocrx_word' id='word_1_176' title='bbox 920 2654 1087 2692; x_wconf 90' lang='lat' dir='ltr'><strong>nemo</strong></span> <span class='ocrx_word' id='word_1_177' title='bbox 1110 2637 1318 2693; x_wconf 92' lang='lat' dir='ltr'><strong>debeat</strong></span> <span class='ocrx_word' id='word_1_178' title='bbox 1338 2652 1539 2692; x_wconf 90' lang='lat' dir='ltr'><strong>eorum</strong></span> <span class='ocrx_word' id='word_1_179' title='bbox 1556 2638 1743 2693; x_wconf 89' lang='lat' dir='ltr'><strong>dimo-</strong></span> 
     </span>
    </p>
   </div>
   <div class='ocr_carea' id='block_1_28' title="bbox 97 2724 1740 2797">
    <p class='ocr_par' dir='ltr' id='par_1_28' title="bbox 97 2724 1740 2797">
     <span class='ocr_line' id='line_1_28' title="bbox 97 2724 1740 2797; baseline 0.001 -17"><span class='ocrx_word' id='word_1_180' title='bbox 97 2741 231 2780; x_wconf 87' lang='lat' dir='ltr'><strong>vere</strong></span> <span class='ocrx_word' id='word_1_181' title='bbox 249 2729 494 2790; x_wconf 89' lang='lat' dir='ltr'><strong>statum,</strong></span> <span class='ocrx_word' id='word_1_182' title='bbox 520 2724 659 2796; x_wconf 89' lang='lat' dir='ltr'><strong>quia</strong></span> <span class='ocrx_word' id='word_1_183' title='bbox 680 2742 913 2781; x_wconf 88' lang='lat' dir='ltr'><strong>summa</strong></span> <span class='ocrx_word' id='word_1_184' title='bbox 932 2726 1098 2780; x_wconf 90' lang='lat' dir='ltr'><strong>sedes</strong></span> <span class='ocrx_word' id='word_1_185' title='bbox 1118 2743 1151 2781; x_wconf 92' lang='lat' dir='ltr'><strong>a</strong></span> <span class='ocrx_word' id='word_1_186' title='bbox 1172 2727 1403 2782; x_wconf 90' lang='lat' dir='ltr'><strong>nemine</strong></span> <span class='ocrx_word' id='word_1_187' title='bbox 1418 2727 1740 2797; x_wconf 89' lang='lat' dir='ltr'><strong>judicatur.</strong></span> 
     </span>
    </p>
   </div>
   <div class='ocr_carea' id='block_1_29' title="bbox 101 2813 1743 2884">
    <p class='ocr_par' dir='ltr' id='par_1_29' title="bbox 101 2813 1743 2884">
     <span class='ocr_line' id='line_1_29' title="bbox 101 2813 1743 2884; baseline 0.001 -14"><span class='ocrx_word' id='word_1_188' title='bbox 101 2814 267 2870; x_wconf 80' lang='lat' dir='ltr'><strong>Unde</strong></span> <span class='ocrx_word' id='word_1_189' title='bbox 296 2813 489 2869; x_wconf 90' lang='lat' dir='ltr'><strong>clerici</strong></span> <span class='ocrx_word' id='word_1_190' title='bbox 522 2815 649 2884; x_wconf 87' lang='lat' dir='ltr'><strong>ejus</strong></span> <span class='ocrx_word' id='word_1_191' title='bbox 678 2814 1001 2869; x_wconf 87' lang='lat' dir='ltr'><strong>cardinales</strong></span> <span class='ocrx_word' id='word_1_192' title='bbox 1034 2814 1331 2881; x_wconf 89' lang='lat' dir='ltr'><strong>dicuntur,</strong></span> <span class='ocrx_word' id='word_1_193' title='bbox 1370 2816 1595 2871; x_wconf 87' lang='lat' dir='ltr'><strong>cardini</strong></span> <span class='ocrx_word' id='word_1_194' title='bbox 1625 2817 1743 2871; x_wconf 90' lang='lat' dir='ltr'><strong>uti-</strong></span> 
     </span>
    </p>
   </div>
   <div class='ocr_carea' id='block_1_30' title="bbox 101 2902 1741 2977">
    <p class='ocr_par' dir='ltr' id='par_1_30' title="bbox 101 2902 1741 2977">
     <span class='ocr_line' id='line_1_30' title="bbox 101 2902 1741 2977; baseline 0 -17"><span class='ocrx_word' id='word_1_195' title='bbox 101 2920 213 2977; x_wconf 91' lang='lat' dir='ltr'><strong>que</strong></span> <span class='ocrx_word' id='word_1_196' title='bbox 242 2902 352 2970; x_wconf 90' lang='lat' dir='ltr'><strong>illi,</strong></span> <span class='ocrx_word' id='word_1_197' title='bbox 385 2919 500 2974; x_wconf 91' lang='lat' dir='ltr'><strong>quo</strong></span> <span class='ocrx_word' id='word_1_198' title='bbox 532 2907 735 2958; x_wconf 60' lang='lat' dir='ltr'><strong>cratera</strong></span> <span class='ocrx_word' id='word_1_199' title='bbox 765 2907 1092 2971; x_wconf 85' lang='lat' dir='ltr'><strong>moventur,</strong></span> <span class='ocrx_word' id='word_1_200' title='bbox 1138 2903 1385 2959; x_wconf 90' lang='lat' dir='ltr'><strong>vicinius</strong></span> <span class='ocrx_word' id='word_1_201' title='bbox 1445 2905 1741 2960; x_wconf 68' lang='lat' dir='ltr'><strong>adhaeren-</strong></span> 
     </span>
    </p>
   </div>
   <div class='ocr_carea' id='block_1_31' title="bbox 99 2996 207 3049">
    <p class='ocr_par' dir='ltr' id='par_1_31' title="bbox 99 2996 207 3049">
     <span class='ocr_line' id='line_1_31' title="bbox 99 2996 207 3049; baseline 0 -1"><span class='ocrx_word' id='word_1_202' title='bbox 99 2996 207 3049; x_wconf 90' lang='lat' dir='ltr'><strong>tes.</strong></span> 
     </span>
    </p>
   </div>
   <div class='ocr_carea' id='block_1_32' title="bbox 164 3080 1744 3153">
    <p class='ocr_par' dir='ltr' id='par_1_32' title="bbox 164 3080 1744 3153">
     <span class='ocr_line' id='line_1_32' title="bbox 164 3080 1744 3153; baseline 0.001 -15"><span class='ocrx_word' id='word_1_203' title='bbox 164 3080 415 3138; x_wconf 84' lang='lat' dir='ltr'><strong>XXXIII.</strong></span> <span class='ocrx_word' id='word_1_204' title='bbox 470 3083 832 3153; x_wconf 86' lang='lat' dir='ltr'><strong>Quapropter</strong></span> <span class='ocrx_word' id='word_1_205' title='bbox 886 3098 994 3138; x_wconf 90' lang='lat' dir='ltr'><strong>nos</strong></span> <span class='ocrx_word' id='word_1_206' title='bbox 1052 3083 1377 3139; x_wconf 87' lang='lat' dir='ltr'><strong>certissime</strong></span> <span class='ocrx_word' id='word_1_207' title='bbox 1429 3085 1744 3140; x_wconf 86' lang='lat' dir='ltr'><strong>retinentes</strong></span> 
     </span>
    </p>
   </div>
   <div class='ocr_carea' id='block_1_33' title="bbox 99 3170 1746 3239">
    <p class='ocr_par' dir='ltr' id='par_1_33' title="bbox 99 3170 1746 3239">
     <span class='ocr_line' id='line_1_33' title="bbox 99 3170 1746 3239; baseline 0.001 -13"><span class='ocrx_word' id='word_1_208' title='bbox 99 3170 259 3226; x_wconf 90' lang='lat' dir='ltr'><strong>omni</strong></span> <span class='ocrx_word' id='word_1_209' title='bbox 289 3170 680 3226; x_wconf 89' lang='lat' dir='ltr'><strong>venerabilem</strong></span> <span class='ocrx_word' id='word_1_210' title='bbox 713 3171 935 3226; x_wconf 90' lang='lat' dir='ltr'><strong>mundo</strong></span> <span class='ocrx_word' id='word_1_211' title='bbox 975 3171 1403 3227; x_wconf 88' lang='lat' dir='ltr'><strong>institutionem</strong></span> <span class='ocrx_word' id='word_1_212' title='bbox 1464 3172 1635 3239; x_wconf 91' lang='lat' dir='ltr'><strong>Petri,</strong></span> <span class='ocrx_word' id='word_1_213' title='bbox 1690 3176 1746 3227; x_wconf 90' lang='lat' dir='ltr'><strong>et</strong></span> 
     </span>
    </p>
   </div>
   <div class='ocr_carea' id='block_1_34' title="bbox 100 3258 1743 3333">
    <p class='ocr_par' dir='ltr' id='par_1_34' title="bbox 100 3258 1743 3333">
     <span class='ocr_line' id='line_1_34' title="bbox 100 3258 1743 3333; baseline 0.001 -19"><span class='ocrx_word' id='word_1_214' title='bbox 100 3259 274 3315; x_wconf 88' lang='lat' dir='ltr'><strong>ﬁdem</strong></span> <span class='ocrx_word' id='word_1_215' title='bbox 303 3259 497 3331; x_wconf 88' lang='lat' dir='ltr'><strong>ipsius</strong></span> <span class='ocrx_word' id='word_1_216' title='bbox 538 3258 853 3331; x_wconf 89' lang='lat' dir='ltr'><strong>coapostoli</strong></span> <span class='ocrx_word' id='word_1_217' title='bbox 910 3260 1002 3315; x_wconf 89' lang='lat' dir='ltr'><strong>sui</strong></span> <span class='ocrx_word' id='word_1_218' title='bbox 1059 3265 1116 3314; x_wconf 91' lang='lat' dir='ltr'><strong>et</strong></span> <span class='ocrx_word' id='word_1_219' title='bbox 1170 3261 1423 3317; x_wconf 90' lang='lat' dir='ltr'><strong>doctoris</strong></span> <span class='ocrx_word' id='word_1_220' title='bbox 1480 3261 1743 3333; x_wconf 88' lang='lat' dir='ltr'><strong>gentium</strong></span> 
     </span>
    </p>
   </div>
   <div class='ocr_carea' id='block_1_35' title="bbox 1848 676 3496 748">
    <p class='ocr_par' dir='ltr' id='par_1_35' title="bbox 1848 676 3496 748">
     <span class='ocr_line' id='line_1_35' title="bbox 1848 676 3496 748; baseline 0.002 -17"><span class='ocrx_word' id='word_1_221' title='bbox 1848 682 2042 732; x_wconf 87' lang='lat' dir='ltr'><strong>tamen</strong></span> <span class='ocrx_word' id='word_1_222' title='bbox 2075 676 2334 731; x_wconf 88' lang='lat' dir='ltr'><strong>retardat</strong></span> <span class='ocrx_word' id='word_1_223' title='bbox 2363 676 2561 733; x_wconf 88' lang='lat' dir='ltr'><strong>timor.</strong></span> <span class='ocrx_word' id='word_1_224' title='bbox 2596 679 2731 742; x_wconf 68' lang='lat' dir='ltr'><strong>Quae</strong></span> <span class='ocrx_word' id='word_1_225' title='bbox 2762 696 2895 734; x_wconf 91' lang='lat' dir='ltr'><strong>cum</strong></span> <span class='ocrx_word' id='word_1_226' title='bbox 2938 679 3021 734; x_wconf 92' lang='lat' dir='ltr'><strong>ita</strong></span> <span class='ocrx_word' id='word_1_227' title='bbox 3079 679 3216 748; x_wconf 92' lang='lat' dir='ltr'><strong>sint,</strong></span> <span class='ocrx_word' id='word_1_228' title='bbox 3279 679 3496 737; x_wconf 92' lang='lat' dir='ltr'><strong>nullius</strong></span> 
     </span>
    </p>
   </div>
   <div class='ocr_carea' id='block_1_36' title="bbox 1848 764 3495 841">
    <p class='ocr_par' dir='ltr' id='par_1_36' title="bbox 1848 764 3495 841">
     <span class='ocr_line' id='line_1_36' title="bbox 1848 764 3495 841; baseline 0.003 -21"><span class='ocrx_word' id='word_1_229' title='bbox 1848 770 2043 821; x_wconf 86' lang='lat' dir='ltr'><strong>tamen</strong></span> <span class='ocrx_word' id='word_1_230' title='bbox 2076 780 2177 819; x_wconf 90' lang='lat' dir='ltr'><strong>vos</strong></span> <span class='ocrx_word' id='word_1_231' title='bbox 2198 764 2483 822; x_wconf 87' lang='lat' dir='ltr'><strong>detractio</strong></span> <span class='ocrx_word' id='word_1_232' title='bbox 2512 768 2799 840; x_wconf 88' lang='lat' dir='ltr'><strong>reprimit,</strong></span> <span class='ocrx_word' id='word_1_233' title='bbox 2841 768 2984 839; x_wconf 91' lang='lat' dir='ltr'><strong>quin</strong></span> <span class='ocrx_word' id='word_1_234' title='bbox 3045 768 3353 841; x_wconf 88' lang='lat' dir='ltr'><strong>diligenter</strong></span> <span class='ocrx_word' id='word_1_235' title='bbox 3406 769 3495 826; x_wconf 90' lang='lat' dir='ltr'><strong>lac</strong></span> 
     </span>
    </p>
   </div>
   <div class='ocr_carea' id='block_1_37' title="bbox 1847 855 3499 931">
    <p class='ocr_par' dir='ltr' id='par_1_37' title="bbox 1847 855 3499 931">
     <span class='ocr_line' id='line_1_37' title="bbox 1847 855 3499 931; baseline 0.002 -19"><span class='ocrx_word' id='word_1_236' title='bbox 1847 861 1904 912; x_wconf 90' lang='lat' dir='ltr'><strong>et</strong></span> <span class='ocrx_word' id='word_1_237' title='bbox 1933 855 2127 911; x_wconf 89' lang='lat' dir='ltr'><strong>lanam</strong></span> <span class='ocrx_word' id='word_1_238' title='bbox 2158 859 2229 915; x_wconf 89' lang='lat' dir='ltr'><strong>ab</strong></span> <span class='ocrx_word' id='word_1_239' title='bbox 2260 856 2465 931; x_wconf 88' lang='lat' dir='ltr'><strong>ovibus</strong></span> <span class='ocrx_word' id='word_1_240' title='bbox 2488 856 2731 929; x_wconf 86' lang='lat' dir='ltr'><strong>exigatis</strong></span> <span class='ocrx_word' id='word_1_241' title='bbox 2756 876 2769 924; x_wconf 92' lang='lat'><strong>;</strong></span> <span class='ocrx_word' id='word_1_242' title='bbox 2797 874 2901 912; x_wconf 90' lang='lat' dir='ltr'><strong>nec</strong></span> <span class='ocrx_word' id='word_1_243' title='bbox 2916 858 3221 927; x_wconf 90' lang='lat' dir='ltr'><strong>veremini,</strong></span> <span class='ocrx_word' id='word_1_244' title='bbox 3252 877 3323 916; x_wconf 91' lang='lat' dir='ltr'><strong>ne</strong></span> <span class='ocrx_word' id='word_1_245' title='bbox 3342 859 3499 916; x_wconf 85' lang='lat' dir='ltr'><strong>dica-</strong></span> 
     </span>
    </p>
   </div>
   <div class='ocr_carea' id='block_1_38' title="bbox 1849 945 3501 1019">
    <p class='ocr_par' dir='ltr' id='par_1_38' title="bbox 1849 945 3501 1019">
     <span class='ocr_line' id='line_1_38' title="bbox 1849 945 3501 1019; baseline 0.003 -19"><span class='ocrx_word' id='word_1_246' title='bbox 1849 950 1945 1002; x_wconf 88' lang='lat' dir='ltr'><strong>tur</strong></span> <span class='ocrx_word' id='word_1_247' title='bbox 1978 965 2088 1003; x_wconf 91' lang='lat' dir='ltr'><strong>non</strong></span> <span class='ocrx_word' id='word_1_248' title='bbox 2121 965 2248 1004; x_wconf 91' lang='lat' dir='ltr'><strong>esse</strong></span> <span class='ocrx_word' id='word_1_249' title='bbox 2278 965 2380 1003; x_wconf 92' lang='lat' dir='ltr'><strong>vos</strong></span> <span class='ocrx_word' id='word_1_250' title='bbox 2410 962 2578 1019; x_wconf 90' lang='lat' dir='ltr'><strong>pares</strong></span> <span class='ocrx_word' id='word_1_251' title='bbox 2610 945 2728 1001; x_wconf 87' lang='lat' dir='ltr'><strong>illis</strong></span> <span class='ocrx_word' id='word_1_252' title='bbox 2759 947 3231 1003; x_wconf 89' lang='lat' dir='ltr'><strong>antecessoribus</strong></span> <span class='ocrx_word' id='word_1_253' title='bbox 3290 949 3501 1005; x_wconf 87' lang='lat' dir='ltr'><strong>vestris</strong></span> 
     </span>
    </p>
   </div>
   <div class='ocr_carea' id='block_1_39' title="bbox 1853 1034 3497 1109">
    <p class='ocr_par' dir='ltr' id='par_1_39' title="bbox 1853 1034 3497 1109">
     <span class='ocr_line' id='line_1_39' title="bbox 1853 1034 3497 1109; baseline 0.002 -18"><span class='ocrx_word' id='word_1_254' title='bbox 1853 1039 2103 1109; x_wconf 90' lang='lat' dir='ltr'><strong>magnis.</strong></span> <span class='ocrx_word' id='word_1_255' title='bbox 2138 1037 2254 1092; x_wconf 90' lang='lat' dir='ltr'><strong>Cur</strong></span> <span class='ocrx_word' id='word_1_256' title='bbox 2282 1037 2412 1102; x_wconf 91' lang='lat' dir='ltr'><strong>hoc,</strong></span> <span class='ocrx_word' id='word_1_257' title='bbox 2441 1034 2554 1090; x_wconf 90' lang='lat' dir='ltr'><strong>nisi</strong></span> <span class='ocrx_word' id='word_1_258' title='bbox 2585 1034 2723 1107; x_wconf 85' lang='lat' dir='ltr'><strong>quia</strong></span> <span class='ocrx_word' id='word_1_259' title='bbox 2752 1035 3091 1107; x_wconf 90' lang='lat' dir='ltr'><strong>quicunque</strong></span> <span class='ocrx_word' id='word_1_260' title='bbox 3142 1038 3497 1103; x_wconf 88' lang='lat' dir='ltr'><strong>sacerdotes,</strong></span> 
     </span>
    </p>
   </div>
   <div class='ocr_carea' id='block_1_40' title="bbox 1850 1124 3500 1196">
    <p class='ocr_par' dir='ltr' id='par_1_40' title="bbox 1850 1124 3500 1196">
     <span class='ocr_line' id='line_1_40' title="bbox 1850 1124 3500 1196; baseline 0.002 -17"><span class='ocrx_word' id='word_1_261' title='bbox 1850 1126 1959 1180; x_wconf 89' lang='lat' dir='ltr'><strong>etsi</strong></span> <span class='ocrx_word' id='word_1_262' title='bbox 1991 1125 2253 1196; x_wconf 84' lang='lat' dir='ltr'><strong>dispares</strong></span> <span class='ocrx_word' id='word_1_263' title='bbox 2285 1127 2423 1179; x_wconf 90' lang='lat' dir='ltr'><strong>sunt</strong></span> <span class='ocrx_word' id='word_1_264' title='bbox 2444 1124 2670 1189; x_wconf 86' lang='lat' dir='ltr'><strong>merito,</strong></span> <span class='ocrx_word' id='word_1_265' title='bbox 2696 1140 2863 1195; x_wconf 89' lang='lat' dir='ltr'><strong>pares</strong></span> <span class='ocrx_word' id='word_1_266' title='bbox 2880 1128 3076 1179; x_wconf 89' lang='lat' dir='ltr'><strong>tamen</strong></span> <span class='ocrx_word' id='word_1_267' title='bbox 3105 1130 3244 1180; x_wconf 87' lang='lat' dir='ltr'><strong>sunt</strong></span> <span class='ocrx_word' id='word_1_268' title='bbox 3264 1126 3456 1183; x_wconf 89' lang='lat' dir='ltr'><strong>ofﬁcio</strong></span> <span class='ocrx_word' id='word_1_269' title='bbox 3472 1128 3500 1182; x_wconf 73' lang='lat' dir='ltr'><strong>‘I</strong></span> 
     </span>
    </p>
   </div>
   <div class='ocr_carea' id='block_1_41' title="bbox 1851 1211 3495 1286">
    <p class='ocr_par' dir='ltr' id='par_1_41' title="bbox 1851 1211 3495 1286">
     <span class='ocr_line' id='line_1_41' title="bbox 1851 1211 3495 1286; baseline 0.001 -17"><span class='ocrx_word' id='word_1_270' title='bbox 1851 1214 1967 1269; x_wconf 89' lang='lat' dir='ltr'><strong>Nec</strong></span> <span class='ocrx_word' id='word_1_271' title='bbox 1996 1219 2186 1286; x_wconf 89' lang='lat' dir='ltr'><strong>potest</strong></span> <span class='ocrx_word' id='word_1_272' title='bbox 2205 1213 2476 1285; x_wconf 89' lang='lat' dir='ltr'><strong>denegari</strong></span> <span class='ocrx_word' id='word_1_273' title='bbox 2506 1229 2608 1284; x_wconf 92' lang='lat' dir='ltr'><strong>pro</strong></span> <span class='ocrx_word' id='word_1_274' title='bbox 2640 1211 2846 1267; x_wconf 87' lang='lat' dir='ltr'><strong>merito</strong></span> <span class='ocrx_word' id='word_1_275' title='bbox 2878 1214 3030 1285; x_wconf 88' lang='lat' dir='ltr'><strong>quod</strong></span> <span class='ocrx_word' id='word_1_276' title='bbox 3065 1213 3312 1269; x_wconf 88' lang='lat' dir='ltr'><strong>debetur</strong></span> <span class='ocrx_word' id='word_1_277' title='bbox 3364 1216 3495 1271; x_wconf 85' lang='lat' dir='ltr'><strong>ofﬁ-</strong></span> 
     </span>
    </p>
   </div>
   <div class='ocr_carea' id='block_1_42' title="bbox 1852 1301 3496 1375">
    <p class='ocr_par' dir='ltr' id='par_1_42' title="bbox 1852 1301 3496 1375">
     <span class='ocr_line' id='line_1_42' title="bbox 1852 1301 3496 1375; baseline 0.002 -18"><span class='ocrx_word' id='word_1_278' title='bbox 1852 1302 1960 1358; x_wconf 92' lang='lat' dir='ltr'><strong>cio.</strong></span> <span class='ocrx_word' id='word_1_279' title='bbox 1992 1303 2266 1375; x_wconf 86' lang='lat' dir='ltr'><strong>Alioquin</strong></span> <span class='ocrx_word' id='word_1_280' title='bbox 2290 1319 2404 1357; x_wconf 88' lang='lat' dir='ltr'><strong>non</strong></span> <span class='ocrx_word' id='word_1_281' title='bbox 2437 1305 2611 1357; x_wconf 86' lang='lat' dir='ltr'><strong>staret</strong></span> <span class='ocrx_word' id='word_1_282' title='bbox 2642 1301 3053 1363; x_wconf 87' lang='lat' dir='ltr'><strong>sacerdotium,</strong></span> <span class='ocrx_word' id='word_1_283' title='bbox 3087 1302 3137 1357; x_wconf 90' lang='lat' dir='ltr'><strong>si</strong></span> <span class='ocrx_word' id='word_1_284' title='bbox 3168 1305 3361 1375; x_wconf 88' lang='lat' dir='ltr'><strong>majus</strong></span> <span class='ocrx_word' id='word_1_285' title='bbox 3392 1309 3496 1361; x_wconf 89' lang='lat' dir='ltr'><strong>aut</strong></span> 
     </span>
    </p>
   </div>
   <div class='ocr_carea' id='block_1_43' title="bbox 1853 1390 3494 1458">
    <p class='ocr_par' dir='ltr' id='par_1_43' title="bbox 1853 1390 3494 1458">
     <span class='ocr_line' id='line_1_43' title="bbox 1853 1390 3494 1458; baseline 0.002 -12"><span class='ocrx_word' id='word_1_286' title='bbox 1853 1392 2051 1448; x_wconf 90' lang='lat' dir='ltr'><strong>minus</strong></span> <span class='ocrx_word' id='word_1_287' title='bbox 2090 1392 2274 1458; x_wconf 88' lang='lat' dir='ltr'><strong>ﬁeret,</strong></span> <span class='ocrx_word' id='word_1_288' title='bbox 2309 1407 2410 1447; x_wconf 90' lang='lat' dir='ltr'><strong>seu</strong></span> <span class='ocrx_word' id='word_1_289' title='bbox 2461 1390 2780 1445; x_wconf 77' lang='lat' dir='ltr'><strong>variaretur</strong></span> <span class='ocrx_word' id='word_1_290' title='bbox 2833 1391 3156 1445; x_wconf 74' lang='lat' dir='ltr'><strong>secundum</strong></span> <span class='ocrx_word' id='word_1_291' title='bbox 3206 1391 3494 1450; x_wconf 86' lang='lat' dir='ltr'><strong>humano-</strong></span> 
     </span>
    </p>
   </div>
   <div class='ocr_carea' id='block_1_44' title="bbox 1853 1477 3498 1553">
    <p class='ocr_par' dir='ltr' id='par_1_44' title="bbox 1853 1477 3498 1553">
     <span class='ocr_line' id='line_1_44' title="bbox 1853 1477 3498 1553; baseline 0.002 -19"><span class='ocrx_word' id='word_1_292' title='bbox 1853 1496 1983 1535; x_wconf 93' lang='lat' dir='ltr'><strong>rum</strong></span> <span class='ocrx_word' id='word_1_293' title='bbox 2031 1480 2371 1536; x_wconf 89' lang='lat' dir='ltr'><strong>varietatem</strong></span> <span class='ocrx_word' id='word_1_294' title='bbox 2426 1477 2791 1548; x_wconf 87' lang='lat' dir='ltr'><strong>meritorum,</strong></span> <span class='ocrx_word' id='word_1_295' title='bbox 2841 1486 3154 1551; x_wconf 88' lang='lat' dir='ltr'><strong>essentque</strong></span> <span class='ocrx_word' id='word_1_296' title='bbox 3210 1498 3355 1553; x_wconf 91' lang='lat' dir='ltr'><strong>pene</strong></span> <span class='ocrx_word' id='word_1_297' title='bbox 3412 1486 3498 1537; x_wconf 92' lang='lat' dir='ltr'><strong>tot</strong></span> 
     </span>
    </p>
   </div>
   <div class='ocr_carea' id='block_1_45' title="bbox 1852 1567 2667 1643">
    <p class='ocr_par' dir='ltr' id='par_1_45' title="bbox 1852 1567 2667 1643">
     <span class='ocr_line' id='line_1_45' title="bbox 1852 1567 2667 1643; baseline -0.005 -17"><span class='ocrx_word' id='word_1_298' title='bbox 1852 1570 2176 1626; x_wconf 86' lang='lat' dir='ltr'><strong>sacerdotia</strong></span> <span class='ocrx_word' id='word_1_299' title='bbox 2206 1573 2349 1643; x_wconf 91' lang='lat' dir='ltr'><strong>quot</strong></span> <span class='ocrx_word' id='word_1_300' title='bbox 2378 1567 2667 1625; x_wconf 88' lang='lat' dir='ltr'><strong>homines.</strong></span> 
     </span>
    </p>
   </div>
   <div class='ocr_carea' id='block_1_46' title="bbox 1922 1656 3502 1732">
    <p class='ocr_par' dir='ltr' id='par_1_46' title="bbox 1922 1656 3502 1732">
     <span class='ocr_line' id='line_1_46' title="bbox 1922 1656 3502 1732; baseline 0.001 -18"><span class='ocrx_word' id='word_1_301' title='bbox 1922 1660 2134 1714; x_wconf 89' lang='lat' dir='ltr'><strong>XXXV.</strong></span> <span class='ocrx_word' id='word_1_302' title='bbox 2169 1661 2294 1724; x_wconf 89' lang='lat' dir='ltr'><strong>Qua</strong></span> <span class='ocrx_word' id='word_1_303' title='bbox 2324 1660 2395 1714; x_wconf 94' lang='lat' dir='ltr'><strong>de</strong></span> <span class='ocrx_word' id='word_1_304' title='bbox 2431 1675 2514 1724; x_wconf 87' lang='lat' dir='ltr'><strong>re,</strong></span> <span class='ocrx_word' id='word_1_305' title='bbox 2547 1659 2777 1725; x_wconf 83' lang='lat' dir='ltr'><strong>fratres,</strong></span> <span class='ocrx_word' id='word_1_306' title='bbox 2814 1656 3038 1713; x_wconf 89' lang='lat' dir='ltr'><strong>utinam</strong></span> <span class='ocrx_word' id='word_1_307' title='bbox 3069 1675 3186 1715; x_wconf 91' lang='lat' dir='ltr'><strong>non</strong></span> <span class='ocrx_word' id='word_1_308' title='bbox 3243 1661 3315 1716; x_wconf 90' lang='lat' dir='ltr'><strong>ad</strong></span> <span class='ocrx_word' id='word_1_309' title='bbox 3338 1660 3502 1732; x_wconf 88' lang='lat' dir='ltr'><strong>judi-</strong></span> 
     </span>
    </p>
   </div>
   <div class='ocr_carea' id='block_1_47' title="bbox 1854 1748 3505 1822">
    <p class='ocr_par' dir='ltr' id='par_1_47' title="bbox 1854 1748 3505 1822">
     <span class='ocr_line' id='line_1_47' title="bbox 1854 1748 3505 1822; baseline 0.001 -17"><span class='ocrx_word' id='word_1_310' title='bbox 1854 1748 2008 1805; x_wconf 91' lang='lat' dir='ltr'><strong>cium</strong></span> <span class='ocrx_word' id='word_1_311' title='bbox 2063 1753 2330 1804; x_wconf 89' lang='lat' dir='ltr'><strong>nostrum</strong></span> <span class='ocrx_word' id='word_1_312' title='bbox 2384 1748 2675 1812; x_wconf 90' lang='lat' dir='ltr'><strong>dicamus,</strong></span> <span class='ocrx_word' id='word_1_313' title='bbox 2736 1748 2991 1818; x_wconf 89' lang='lat' dir='ltr'><strong>profecto</strong></span> <span class='ocrx_word' id='word_1_314' title='bbox 3049 1765 3259 1805; x_wconf 90' lang='lat' dir='ltr'><strong>sumus</strong></span> <span class='ocrx_word' id='word_1_315' title='bbox 3310 1750 3505 1822; x_wconf 86' lang='lat' dir='ltr'><strong>qualis</strong></span> 
     </span>
    </p>
   </div>
   <div class='ocr_carea' id='block_1_48' title="bbox 1854 1836 3504 1910">
    <p class='ocr_par' dir='ltr' id='par_1_48' title="bbox 1854 1836 3504 1910">
     <span class='ocr_line' id='line_1_48' title="bbox 1854 1836 3504 1910; baseline 0.001 -16"><span class='ocrx_word' id='word_1_316' title='bbox 1854 1841 2080 1908; x_wconf 86' lang='lat' dir='ltr'><strong>Petrus,</strong></span> <span class='ocrx_word' id='word_1_317' title='bbox 2112 1843 2169 1894; x_wconf 93' lang='lat' dir='ltr'><strong>et</strong></span> <span class='ocrx_word' id='word_1_318' title='bbox 2200 1855 2315 1893; x_wconf 93' lang='lat' dir='ltr'><strong>non</strong></span> <span class='ocrx_word' id='word_1_319' title='bbox 2347 1854 2555 1893; x_wconf 91' lang='lat' dir='ltr'><strong>sumus</strong></span> <span class='ocrx_word' id='word_1_320' title='bbox 2614 1836 2807 1909; x_wconf 88' lang='lat' dir='ltr'><strong>qualis</strong></span> <span class='ocrx_word' id='word_1_321' title='bbox 2861 1841 3092 1906; x_wconf 86' lang='lat' dir='ltr'><strong>Petrus,</strong></span> <span class='ocrx_word' id='word_1_322' title='bbox 3153 1838 3292 1910; x_wconf 87' lang='lat' dir='ltr'><strong>quia</strong></span> <span class='ocrx_word' id='word_1_323' title='bbox 3347 1840 3504 1896; x_wconf 92' lang='lat' dir='ltr'><strong>idem</strong></span> 
     </span>
    </p>
   </div>
   <div class='ocr_carea' id='block_1_49' title="bbox 1856 1926 3504 2002">
    <p class='ocr_par' dir='ltr' id='par_1_49' title="bbox 1856 1926 3504 2002">
     <span class='ocr_line' id='line_1_49' title="bbox 1856 1926 3504 2002; baseline 0.001 -18"><span class='ocrx_word' id='word_1_324' title='bbox 1856 1944 2062 1985; x_wconf 89' lang='lat' dir='ltr'><strong>sumus</strong></span> <span class='ocrx_word' id='word_1_325' title='bbox 2080 1927 2292 1992; x_wconf 86' lang='lat' dir='ltr'><strong>ofﬁcio,</strong></span> <span class='ocrx_word' id='word_1_326' title='bbox 2315 1931 2370 1981; x_wconf 90' lang='lat' dir='ltr'><strong>et</strong></span> <span class='ocrx_word' id='word_1_327' title='bbox 2393 1944 2505 1981; x_wconf 89' lang='lat' dir='ltr'><strong>non</strong></span> <span class='ocrx_word' id='word_1_328' title='bbox 2526 1926 2680 1981; x_wconf 88' lang='lat' dir='ltr'><strong>idem</strong></span> <span class='ocrx_word' id='word_1_329' title='bbox 2706 1926 2931 1981; x_wconf 89' lang='lat' dir='ltr'><strong>merito.</strong></span> <span class='ocrx_word' id='word_1_330' title='bbox 2948 1927 3017 1981; x_wconf 88' lang='lat' dir='ltr'><strong>Et</strong></span> <span class='ocrx_word' id='word_1_331' title='bbox 3038 1927 3504 2002; x_wconf 89' lang='lat' dir='ltr'><strong>quotiescunque</strong></span> 
     </span>
    </p>
   </div>
   <div class='ocr_carea' id='block_1_50' title="bbox 1859 2013 3501 2087">
    <p class='ocr_par' dir='ltr' id='par_1_50' title="bbox 1859 2013 3501 2087">
     <span class='ocr_line' id='line_1_50' title="bbox 1859 2013 3501 2087; baseline 0.003 -17"><span class='ocrx_word' id='word_1_332' title='bbox 1859 2017 1947 2071; x_wconf 87' lang='lat' dir='ltr'><strong>lac</strong></span> <span class='ocrx_word' id='word_1_333' title='bbox 1976 2020 2032 2071; x_wconf 92' lang='lat' dir='ltr'><strong>et</strong></span> <span class='ocrx_word' id='word_1_334' title='bbox 2060 2015 2278 2083; x_wconf 90' lang='lat' dir='ltr'><strong>lanam,</strong></span> <span class='ocrx_word' id='word_1_335' title='bbox 2301 2014 2518 2071; x_wconf 90' lang='lat' dir='ltr'><strong>scilicet</strong></span> <span class='ocrx_word' id='word_1_336' title='bbox 2548 2013 2903 2087; x_wconf 88' lang='lat' dir='ltr'><strong>stipendium</strong></span> <span class='ocrx_word' id='word_1_337' title='bbox 2925 2019 2982 2071; x_wconf 86' lang='lat' dir='ltr'><strong>et</strong></span> <span class='ocrx_word' id='word_1_338' title='bbox 2997 2014 3501 2075; x_wconf 89' lang='lat' dir='ltr'><strong>honoriﬁcentiam</strong></span> 
     </span>
    </p>
   </div>
   <div class='ocr_carea' id='block_1_51' title="bbox 1859 2103 3504 2177">
    <p class='ocr_par' dir='ltr' id='par_1_51' title="bbox 1859 2103 3504 2177">
     <span class='ocr_line' id='line_1_51' title="bbox 1859 2103 3504 2177; baseline 0.001 -16"><span class='ocrx_word' id='word_1_339' title='bbox 1859 2107 1931 2161; x_wconf 90' lang='lat' dir='ltr'><strong>ah</strong></span> <span class='ocrx_word' id='word_1_340' title='bbox 1961 2104 2167 2161; x_wconf 90' lang='lat' dir='ltr'><strong>ovibus</strong></span> <span class='ocrx_word' id='word_1_341' title='bbox 2196 2104 2295 2159; x_wconf 93' lang='lat' dir='ltr'><strong>Dei</strong></span> <span class='ocrx_word' id='word_1_342' title='bbox 2325 2103 2634 2177; x_wconf 87' lang='lat' dir='ltr'><strong>exigimus,</strong></span> <span class='ocrx_word' id='word_1_343' title='bbox 2669 2103 2831 2158; x_wconf 89' lang='lat' dir='ltr'><strong>nulla</strong></span> <span class='ocrx_word' id='word_1_344' title='bbox 2859 2103 3053 2159; x_wconf 88' lang='lat' dir='ltr'><strong>meriti</strong></span> <span class='ocrx_word' id='word_1_345' title='bbox 3084 2104 3267 2161; x_wconf 89' lang='lat' dir='ltr'><strong>nostri</strong></span> <span class='ocrx_word' id='word_1_346' title='bbox 3307 2106 3388 2161; x_wconf 92' lang='lat' dir='ltr'><strong>ibi</strong></span> <span class='ocrx_word' id='word_1_347' title='bbox 3436 2107 3504 2163; x_wconf 83' lang='lat' dir='ltr'><strong>ﬁt</strong></span> 
     </span>
    </p>
   </div>
   <div class='ocr_carea' id='block_1_52' title="bbox 1858 2191 3503 2264">
    <p class='ocr_par' dir='ltr' id='par_1_52' title="bbox 1858 2191 3503 2264">
     <span class='ocr_line' id='line_1_52' title="bbox 1858 2191 3503 2264; baseline 0.001 -15"><span class='ocrx_word' id='word_1_348' title='bbox 1858 2193 2352 2260; x_wconf 89' lang='lat' dir='ltr'><strong>commemoratio,</strong></span> <span class='ocrx_word' id='word_1_349' title='bbox 2386 2193 2484 2247; x_wconf 91' lang='lat' dir='ltr'><strong>sed</strong></span> <span class='ocrx_word' id='word_1_350' title='bbox 2518 2191 2707 2248; x_wconf 89' lang='lat' dir='ltr'><strong>ofﬁcio</strong></span> <span class='ocrx_word' id='word_1_351' title='bbox 2741 2197 2936 2247; x_wconf 90' lang='lat' dir='ltr'><strong>nostro</strong></span> <span class='ocrx_word' id='word_1_352' title='bbox 2971 2193 3252 2264; x_wconf 66' lang='lat' dir='ltr'><strong>quaeritur</strong></span> <span class='ocrx_word' id='word_1_353' title='bbox 3304 2195 3503 2251; x_wconf 90' lang='lat' dir='ltr'><strong>debita</strong></span> 
     </span>
    </p>
   </div>
   <div class='ocr_carea' id='block_1_53' title="bbox 1858 2280 3502 2354">
    <p class='ocr_par' dir='ltr' id='par_1_53' title="bbox 1858 2280 3502 2354">
     <span class='ocr_line' id='line_1_53' title="bbox 1858 2280 3502 2354; baseline 0.002 -17"><span class='ocrx_word' id='word_1_354' title='bbox 1858 2281 2338 2353; x_wconf 88' lang='lat' dir='ltr'><strong>recompensatio.</strong></span> <span class='ocrx_word' id='word_1_355' title='bbox 2372 2282 2450 2335; x_wconf 91' lang='lat' dir='ltr'><strong>Ac</strong></span> <span class='ocrx_word' id='word_1_356' title='bbox 2482 2280 2531 2334; x_wconf 90' lang='lat' dir='ltr'><strong>si</strong></span> <span class='ocrx_word' id='word_1_357' title='bbox 2557 2280 2831 2335; x_wconf 82' lang='lat' dir='ltr'><strong>meritum</strong></span> <span class='ocrx_word' id='word_1_358' title='bbox 2863 2281 3017 2335; x_wconf 89' lang='lat' dir='ltr'><strong>Petri</strong></span> <span class='ocrx_word' id='word_1_359' title='bbox 3048 2298 3163 2337; x_wconf 90' lang='lat' dir='ltr'><strong>non</strong></span> <span class='ocrx_word' id='word_1_360' title='bbox 3192 2281 3502 2354; x_wconf 89' lang='lat' dir='ltr'><strong>habentes,</strong></span> 
     </span>
    </p>
   </div>
   <div class='ocr_carea' id='block_1_54' title="bbox 1857 2369 3505 2440">
    <p class='ocr_par' dir='ltr' id='par_1_54' title="bbox 1857 2369 3505 2440">
     <span class='ocr_line' id='line_1_54' title="bbox 1857 2369 3505 2440; baseline 0.002 -15"><span class='ocrx_word' id='word_1_361' title='bbox 1857 2370 2115 2426; x_wconf 88' lang='lat' dir='ltr'><strong>ofﬁcium</strong></span> <span class='ocrx_word' id='word_1_362' title='bbox 2146 2375 2345 2425; x_wconf 90' lang='lat' dir='ltr'><strong>autem</strong></span> <span class='ocrx_word' id='word_1_363' title='bbox 2391 2369 2543 2424; x_wconf 89' lang='lat' dir='ltr'><strong>Petri</strong></span> <span class='ocrx_word' id='word_1_364' title='bbox 2602 2374 3009 2440; x_wconf 85' lang='lat' dir='ltr'><strong>exsequentes,</strong></span> <span class='ocrx_word' id='word_1_365' title='bbox 3065 2371 3255 2426; x_wconf 91' lang='lat' dir='ltr'><strong>ofﬁcio</strong></span> <span class='ocrx_word' id='word_1_366' title='bbox 3305 2376 3505 2429; x_wconf 89' lang='lat' dir='ltr'><strong>nostro</strong></span> 
     </span>
    </p>
   </div>
   <div class='ocr_carea' id='block_1_55' title="bbox 1858 2457 3504 2530">
    <p class='ocr_par' dir='ltr' id='par_1_55' title="bbox 1858 2457 3504 2530">
     <span class='ocr_line' id='line_1_55' title="bbox 1858 2457 3504 2530; baseline 0.002 -16"><span class='ocrx_word' id='word_1_367' title='bbox 1858 2460 2085 2515; x_wconf 90' lang='lat' dir='ltr'><strong>debitos</strong></span> <span class='ocrx_word' id='word_1_368' title='bbox 2141 2457 2507 2530; x_wconf 88' lang='lat' dir='ltr'><strong>reposcimus</strong></span> <span class='ocrx_word' id='word_1_369' title='bbox 2574 2458 2846 2523; x_wconf 90' lang='lat' dir='ltr'><strong>honores,</strong></span> <span class='ocrx_word' id='word_1_370' title='bbox 2904 2458 3181 2530; x_wconf 85' lang='lat' dir='ltr'><strong>Apostolo</strong></span> <span class='ocrx_word' id='word_1_371' title='bbox 3240 2460 3504 2517; x_wconf 88' lang='lat' dir='ltr'><strong>dicente:</strong></span> 
     </span>
    </p>
   </div>
   <div class='ocr_carea' id='block_1_56' title="bbox 1857 2548 3510 2622">
    <p class='ocr_par' dir='ltr' id='par_1_56' title="bbox 1857 2548 3510 2622">
     <span class='ocr_line' id='line_1_56' title="bbox 1857 2548 3510 2622; baseline 0.003 -19"><span class='ocrx_word' id='word_1_372' title='bbox 1857 2549 2114 2617; x_wconf 86' lang='lat' dir='ltr'><strong>Quandiu</strong></span> <span class='ocrx_word' id='word_1_373' title='bbox 2133 2549 2386 2603; x_wconf 78' lang='lat' dir='ltr'><strong>minister</strong></span> <span class='ocrx_word' id='word_1_374' title='bbox 2400 2563 2515 2614; x_wconf 88' lang='lat' dir='ltr'><strong>ero,</strong></span> <span class='ocrx_word' id='word_1_375' title='bbox 2540 2564 2595 2601; x_wconf 90' lang='lat' dir='ltr'><strong>m</strong></span> <span class='ocrx_word' id='word_1_376' title='bbox 2606 2548 2917 2602; x_wconf 71' lang='lat' dir='ltr'><strong>‘nisterium</strong></span> <span class='ocrx_word' id='word_1_377' title='bbox 2930 2564 3113 2603; x_wconf 89' lang='lat' dir='ltr'><strong>meum</strong></span> <span class='ocrx_word' id='word_1_378' title='bbox 3133 2548 3510 2622; x_wconf 79' lang='lat' dir='ltr'><strong>honoriﬁcabo</strong></span> 
     </span>
    </p>
   </div>
   <div class='ocr_carea' id='block_1_57' title="bbox 1855 2636 3505 2709">
    <p class='ocr_par' dir='ltr' id='par_1_57' title="bbox 1855 2636 3505 2709">
     <span class='ocr_line' id='line_1_57' title="bbox 1855 2636 3505 2709; baseline 0.002 -16"><span class='ocrx_word' id='word_1_379' title='bbox 1855 2640 2028 2709; x_wconf 80' lang='lat' dir='ltr'><strong>(Rom.</strong></span> <span class='ocrx_word' id='word_1_380' title='bbox 2065 2640 2146 2705; x_wconf 82' lang='grc' dir='ltr'>ιι).</span> <span class='ocrx_word' id='word_1_381' title='bbox 2173 2638 2242 2692; x_wconf 90' lang='lat' dir='ltr'><strong>Et</strong></span> <span class='ocrx_word' id='word_1_382' title='bbox 2270 2652 2637 2708; x_wconf 79' lang='lat' dir='ltr'><strong>praemonens</strong></span> <span class='ocrx_word' id='word_1_383' title='bbox 2687 2652 2823 2691; x_wconf 84' lang='lat' dir='ltr'><strong>oves</strong></span> <span class='ocrx_word' id='word_1_384' title='bbox 2871 2636 3084 2692; x_wconf 91' lang='lat' dir='ltr'><strong>Christi</strong></span> <span class='ocrx_word' id='word_1_385' title='bbox 3145 2639 3217 2693; x_wconf 92' lang='lat' dir='ltr'><strong>ad</strong></span> <span class='ocrx_word' id='word_1_386' title='bbox 3262 2639 3505 2696; x_wconf 87' lang='lat' dir='ltr'><strong>&#39;solven-</strong></span> 
     </span>
    </p>
   </div>
   <div class='ocr_carea' id='block_1_58' title="bbox 1853 2724 3501 2798">
    <p class='ocr_par' dir='ltr' id='par_1_58' title="bbox 1853 2724 3501 2798">
     <span class='ocr_line' id='line_1_58' title="bbox 1853 2724 3501 2798; baseline 0.002 -17"><span class='ocrx_word' id='word_1_387' title='bbox 1853 2726 1995 2781; x_wconf 91' lang='lat' dir='ltr'><strong>dum</strong></span> <span class='ocrx_word' id='word_1_388' title='bbox 2028 2724 2276 2798; x_wconf 85' lang='lat' dir='ltr'><strong>singulis</strong></span> <span class='ocrx_word' id='word_1_389' title='bbox 2307 2724 2521 2791; x_wconf 87' lang='lat' dir='ltr'><strong>debita,</strong></span> <span class='ocrx_word' id='word_1_390' title='bbox 2556 2725 2672 2779; x_wconf 88' lang='lat' dir='ltr'><strong>ait:</strong></span> <span class='ocrx_word' id='word_1_391' title='bbox 2716 2724 2937 2781; x_wconf 83' lang='lat' dir='ltr'><strong>Reddite</strong></span> <span class='ocrx_word' id='word_1_392' title='bbox 2996 2727 3253 2782; x_wconf 87' lang='lat' dir='ltr'><strong>omnibus</strong></span> <span class='ocrx_word' id='word_1_393' title='bbox 3303 2727 3501 2797; x_wconf 84' lang='lat' dir='ltr'><strong>debila,</strong></span> 
     </span>
    </p>
   </div>
   <div class='ocr_carea' id='block_1_59' title="bbox 1851 2813 3499 2886">
    <p class='ocr_par' dir='ltr' id='par_1_59' title="bbox 1851 2813 3499 2886">
     <span class='ocr_line' id='line_1_59' title="bbox 1851 2813 3499 2886; baseline 0.002 -17"><span class='ocrx_word' id='word_1_394' title='bbox 1851 2816 1942 2869; x_wconf 90' lang='lat' dir='ltr'><strong>cui</strong></span> <span class='ocrx_word' id='word_1_395' title='bbox 1970 2814 2247 2881; x_wconf 85' lang='lat' dir='ltr'><strong>honorem,</strong></span> <span class='ocrx_word' id='word_1_396' title='bbox 2284 2813 2539 2869; x_wconf 81' lang='lat' dir='ltr'><strong>honorem</strong></span> <span class='ocrx_word' id='word_1_397' title='bbox 2571 2814 2742 2883; x_wconf 79' lang='lat' dir='ltr'><strong>(Rom.</strong></span> <span class='ocrx_word' id='word_1_398' title='bbox 2778 2814 2924 2883; x_wconf 86' lang='lat' dir='ltr'><strong>vm).</strong></span> <span class='ocrx_word' id='word_1_399' title='bbox 2946 2814 3072 2869; x_wconf 92' lang='lat' dir='ltr'><strong>Non</strong></span> <span class='ocrx_word' id='word_1_400' title='bbox 3110 2814 3247 2886; x_wconf 89' lang='lat' dir='ltr'><strong>quia</strong></span> <span class='ocrx_word' id='word_1_401' title='bbox 3278 2815 3499 2873; x_wconf 89' lang='lat' dir='ltr'><strong>bonum</strong></span> 
     </span>
    </p>
   </div>
   <div class='ocr_carea' id='block_1_60' title="bbox 1853 2900 3500 2975">
    <p class='ocr_par' dir='ltr' id='par_1_60' title="bbox 1853 2900 3500 2975">
     <span class='ocr_line' id='line_1_60' title="bbox 1853 2900 3500 2975; baseline 0.002 -16"><span class='ocrx_word' id='word_1_402' title='bbox 1853 2904 1931 2959; x_wconf 91' lang='lat' dir='ltr'><strong>sit</strong></span> <span class='ocrx_word' id='word_1_403' title='bbox 1942 2903 2054 2959; x_wconf 90' lang='lat' dir='ltr'><strong>acci</strong></span> <span class='ocrx_word' id='word_1_404' title='bbox 2066 2902 2631 2975; x_wconf 89' lang='lat' dir='ltr'><strong>pientibus,sedquia</strong></span> <span class='ocrx_word' id='word_1_405' title='bbox 2643 2900 2865 2957; x_wconf 89' lang='lat' dir='ltr'><strong>malum</strong></span> <span class='ocrx_word' id='word_1_406' title='bbox 2882 2902 2959 2959; x_wconf 90' lang='lat' dir='ltr'><strong>sit</strong></span> <span class='ocrx_word' id='word_1_407' title='bbox 2969 2919 3084 2959; x_wconf 92' lang='lat' dir='ltr'><strong>non</strong></span> <span class='ocrx_word' id='word_1_408' title='bbox 3098 2904 3500 2963; x_wconf 87' lang='lat' dir='ltr'><strong>reddentibus.</strong></span> 
     </span>
    </p>
   </div>
   <div class='ocr_carea' id='block_1_61' title="bbox 1854 2991 3504 3067">
    <p class='ocr_par' dir='ltr' id='par_1_61' title="bbox 1854 2991 3504 3067">
     <span class='ocr_line' id='line_1_61' title="bbox 1854 2991 3504 3067; baseline 0.001 -19"><span class='ocrx_word' id='word_1_409' title='bbox 1854 2993 1948 3048; x_wconf 93' lang='lat' dir='ltr'><strong>Sic</strong></span> <span class='ocrx_word' id='word_1_410' title='bbox 1960 3009 2094 3064; x_wconf 88' lang='lat' dir='ltr'><strong>ergo</strong></span> <span class='ocrx_word' id='word_1_411' title='bbox 2107 2996 2161 3047; x_wconf 90' lang='lat' dir='ltr'><strong>et</strong></span> <span class='ocrx_word' id='word_1_412' title='bbox 2174 2991 2550 3047; x_wconf 87' lang='lat' dir='ltr'><strong>beatissimus</strong></span> <span class='ocrx_word' id='word_1_413' title='bbox 2566 2991 2957 3064; x_wconf 83' lang='lat' dir='ltr'><strong>praedecessor</strong></span> <span class='ocrx_word' id='word_1_414' title='bbox 2976 2995 3173 3048; x_wconf 88' lang='lat' dir='ltr'><strong>noster</strong></span> <span class='ocrx_word' id='word_1_415' title='bbox 3190 2993 3504 3067; x_wconf 85' lang='lat' dir='ltr'><strong>Gregorius</strong></span> 
     </span>
    </p>
   </div>
   <div class='ocr_carea' id='block_1_62' title="bbox 1854 3080 3507 3156">
    <p class='ocr_par' dir='ltr' id='par_1_62' title="bbox 1854 3080 3507 3156">
     <span class='ocr_line' id='line_1_62' title="bbox 1854 3080 3507 3156; baseline 0.002 -19"><span class='ocrx_word' id='word_1_416' title='bbox 1854 3081 1994 3137; x_wconf 88' lang='lat' dir='ltr'><strong>dicit</strong></span> <span class='ocrx_word' id='word_1_417' title='bbox 2018 3098 2029 3137; x_wconf 90' lang='lat'><strong>:</strong></span> <span class='ocrx_word' id='word_1_418' title='bbox 2054 3083 2235 3137; x_wconf 91' lang='lat' dir='ltr'><strong>Nemo</strong></span> <span class='ocrx_word' id='word_1_419' title='bbox 2257 3098 2363 3136; x_wconf 91' lang='lat' dir='ltr'><strong>nos</strong></span> <span class='ocrx_word' id='word_1_420' title='bbox 2386 3084 2623 3154; x_wconf 89' lang='lat' dir='ltr'><strong>propter</strong></span> <span class='ocrx_word' id='word_1_421' title='bbox 2639 3097 2746 3136; x_wconf 90' lang='lat' dir='ltr'><strong>nos</strong></span> <span class='ocrx_word' id='word_1_422' title='bbox 2768 3080 2825 3135; x_wconf 89' lang='lat' dir='ltr'><strong>in</strong></span> <span class='ocrx_word' id='word_1_423' title='bbox 2851 3080 2975 3136; x_wconf 92' lang='lat' dir='ltr'><strong>loco</strong></span> <span class='ocrx_word' id='word_1_424' title='bbox 3016 3082 3167 3138; x_wconf 88' lang='lat' dir='ltr'><strong>Petri</strong></span> <span class='ocrx_word' id='word_1_425' title='bbox 3202 3082 3507 3156; x_wconf 86' lang='lat' dir='ltr'><strong>despiciat,</strong></span> 
     </span>
    </p>
   </div>
   <div class='ocr_carea' id='block_1_63' title="bbox 1855 3170 3508 3244">
    <p class='ocr_par' dir='ltr' id='par_1_63' title="bbox 1855 3170 3508 3244">
     <span class='ocr_line' id='line_1_63' title="bbox 1855 3170 3508 3244; baseline 0.004 -19"><span class='ocrx_word' id='word_1_426' title='bbox 1855 3170 1996 3242; x_wconf 91' lang='lat' dir='ltr'><strong>quia</strong></span> <span class='ocrx_word' id='word_1_427' title='bbox 2024 3186 2093 3226; x_wconf 84' lang='lat' dir='ltr'><strong>ex</strong></span> <span class='ocrx_word' id='word_1_428' title='bbox 2123 3170 2399 3226; x_wconf 88' lang='lat' dir='ltr'><strong>cathedra</strong></span> <span class='ocrx_word' id='word_1_429' title='bbox 2427 3170 2576 3241; x_wconf 85' lang='lat' dir='ltr'><strong>ejus,</strong></span> <span class='ocrx_word' id='word_1_430' title='bbox 2610 3170 2729 3236; x_wconf 87' lang='lat' dir='ltr'><strong>cui,</strong></span> <span class='ocrx_word' id='word_1_431' title='bbox 2769 3174 3017 3227; x_wconf 90' lang='lat' dir='ltr'><strong>.auctore</strong></span> <span class='ocrx_word' id='word_1_432' title='bbox 3068 3171 3205 3241; x_wconf 88' lang='lat' dir='ltr'><strong>Deo,</strong></span> <span class='ocrx_word' id='word_1_433' title='bbox 3266 3174 3508 3244; x_wconf 88' lang='lat' dir='ltr'><strong>quales-</strong></span> 
     </span>
    </p>
   </div>
   <div class='ocr_carea' id='block_1_64' title="bbox 1859 3258 3502 3332">
    <p class='ocr_par' dir='ltr' id='par_1_64' title="bbox 1859 3258 3502 3332">
     <span class='ocr_line' id='line_1_64' title="bbox 1859 3258 3502 3332; baseline 0.001 -15"><span class='ocrx_word' id='word_1_434' title='bbox 1859 3277 2092 3332; x_wconf 89' lang='lat' dir='ltr'><strong>cunque</strong></span> <span class='ocrx_word' id='word_1_435' title='bbox 2121 3259 2526 3332; x_wconf 64' lang='lat' dir='ltr'><strong>prazsidemus,</strong></span> <span class='ocrx_word' id='word_1_436' title='bbox 2552 3258 2746 3315; x_wconf 89' lang='lat' dir='ltr'><strong>debita</strong></span> <span class='ocrx_word' id='word_1_437' title='bbox 2775 3259 2887 3315; x_wconf 90' lang='lat' dir='ltr'><strong>sibi</strong></span> <span class='ocrx_word' id='word_1_438' title='bbox 2908 3260 3047 3330; x_wconf 78' lang='lat' dir='ltr'><strong>jura</strong></span> <span class='ocrx_word' id='word_1_439' title='bbox 3079 3264 3344 3317; x_wconf 88' lang='lat' dir='ltr'><strong>nostrum</strong></span> <span class='ocrx_word' id='word_1_440' title='bbox 3376 3263 3502 3319; x_wconf 89' lang='lat' dir='ltr'><strong>ofﬁ-</strong></span> 
     </span>
    </p>
   </div>
   <div class='ocr_carea' id='block_1_65' title="bbox 101 3328 3500 3423">
    <p class='ocr_par' dir='ltr' id='par_1_65' title="bbox 101 3328 3500 3423">
     <span class='ocr_line' id='line_1_65' title="bbox 101 3328 3500 3423; baseline 0.001 -19"><span class='ocrx_word' id='word_1_441' title='bbox 101 3347 284 3415; x_wconf 85' lang='lat' dir='ltr'><strong>Pauli,</strong></span> <span class='ocrx_word' id='word_1_442' title='bbox 309 3328 882 3404; x_wconf 36' lang='lat' dir='ltr'><strong>clarissimo&#39;calamo</strong></span> <span class='ocrx_word' id='word_1_443' title='bbox 904 3348 1320 3421; x_wconf 86' lang='lat' dir='ltr'><strong>subscriptam,</strong></span> <span class='ocrx_word' id='word_1_444' title='bbox 1338 3351 1408 3405; x_wconf 91' lang='lat' dir='ltr'><strong>ab</strong></span> <span class='ocrx_word' id='word_1_445' title='bbox 1431 3328 1751 3422; x_wconf 74' lang='lat' dir='ltr'><strong>apostolica</strong></span> <span class='ocrx_word' id='word_1_446' title='bbox 1778 3328 1821 3395; x_wconf 78' lang='lat' dir='ltr'>C</span> <span class='ocrx_word' id='word_1_447' title='bbox 1861 3328 2018 3406; x_wconf 80' lang='lat' dir='ltr'><strong>cium</strong></span> <span class='ocrx_word' id='word_1_448' title='bbox 2052 3328 2346 3405; x_wconf 77' lang='lat' dir='ltr'><strong>reclamat.</strong></span> <span class='ocrx_word' id='word_1_449' title='bbox 2372 3348 2725 3420; x_wconf 84' lang='lat' dir='ltr'><strong>Frequenter</strong></span> <span class='ocrx_word' id='word_1_450' title='bbox 2743 3328 3071 3405; x_wconf 43' lang='lat' dir='ltr'><strong>enim—solet</strong></span> <span class='ocrx_word' id='word_1_451' title='bbox 3099 3350 3325 3406; x_wconf 89' lang='lat' dir='ltr'><strong>evenire</strong></span> <span class='ocrx_word' id='word_1_452' title='bbox 3346 3352 3500 3423; x_wconf 90' lang='lat' dir='ltr'><strong>quod</strong></span> 
     </span>
    </p>
   </div>
   <div class='ocr_carea' id='block_1_66' title="bbox 101 3434 1747 3509">
    <p class='ocr_par' dir='ltr' id='par_1_66' title="bbox 101 3434 1747 3509">
     <span class='ocr_line' id='line_1_66' title="bbox 101 3434 1747 3509; baseline 0.001 -17"><span class='ocrx_word' id='word_1_453' title='bbox 101 3437 236 3492; x_wconf 87' lang='lat' dir='ltr'><strong>sede</strong></span> <span class='ocrx_word' id='word_1_454' title='bbox 265 3434 545 3491; x_wconf 90' lang='lat' dir='ltr'><strong>omnibus</strong></span> <span class='ocrx_word' id='word_1_455' title='bbox 572 3435 754 3492; x_wconf 89' lang='lat' dir='ltr'><strong>libere</strong></span> <span class='ocrx_word' id='word_1_456' title='bbox 784 3436 1110 3492; x_wconf 88' lang='lat' dir='ltr'><strong>clamamus</strong></span> <span class='ocrx_word' id='word_1_457' title='bbox 1141 3439 1296 3509; x_wconf 91' lang='lat' dir='ltr'><strong>quod</strong></span> <span class='ocrx_word' id='word_1_458' title='bbox 1336 3438 1555 3494; x_wconf 88' lang='lat' dir='ltr'><strong>Galatis</strong></span> <span class='ocrx_word' id='word_1_459' title='bbox 1592 3438 1747 3494; x_wconf 91' lang='lat' dir='ltr'><strong>idem</strong></span> 
     </span>
    </p>
   </div>
   <div class='ocr_carea' id='block_1_67' title="bbox 102 3525 1749 3596">
    <p class='ocr_par' dir='ltr' id='par_1_67' title="bbox 102 3525 1749 3596">
     <span class='ocr_line' id='line_1_67' title="bbox 102 3525 1749 3596; baseline 0.002 -17"><span class='ocrx_word' id='word_1_460' title='bbox 102 3525 355 3582; x_wconf 85' lang='lat' dir='ltr'><strong>Paulus:</strong></span> <span class='ocrx_word' id='word_1_461' title='bbox 392 3527 535 3581; x_wconf 80' lang='lat' dir='ltr'><strong>Licet</strong></span> <span class='ocrx_word' id='word_1_462' title='bbox 563 3542 678 3593; x_wconf 88' lang='lat' dir='ltr'><strong>nos,</strong></span> <span class='ocrx_word' id='word_1_463' title='bbox 711 3530 807 3580; x_wconf 91' lang='lat' dir='ltr'><strong>aut</strong></span> <span class='ocrx_word' id='word_1_464' title='bbox 860 3527 1090 3594; x_wconf 77' lang='lat' dir='ltr'><strong>angelus</strong></span> <span class='ocrx_word' id='word_1_465' title='bbox 1119 3526 1186 3581; x_wconf 88' lang='lat' dir='ltr'><strong>de</strong></span> <span class='ocrx_word' id='word_1_466' title='bbox 1237 3529 1364 3582; x_wconf 59' lang='lat' dir='ltr'><strong>caelo</strong></span> <span class='ocrx_word' id='word_1_467' title='bbox 1413 3529 1749 3596; x_wconf 65' lang='lat' dir='ltr'><strong>evangelz&#39;zet</strong></span> 
     </span>
    </p>
   </div>
   <div class='ocr_carea' id='block_1_68' title="bbox 106 3614 1744 3687">
    <p class='ocr_par' dir='ltr' id='par_1_68' title="bbox 106 3614 1744 3687">
     <span class='ocr_line' id='line_1_68' title="bbox 106 3614 1744 3687; baseline 0.001 -18"><span class='ocrx_word' id='word_1_468' title='bbox 106 3615 276 3684; x_wconf 88' lang='lat' dir='ltr'><strong>vobis,</strong></span> <span class='ocrx_word' id='word_1_469' title='bbox 333 3618 707 3686; x_wconf 60' lang='lat' dir='ltr'><strong>praeterquam</strong></span> <span class='ocrx_word' id='word_1_470' title='bbox 760 3614 899 3686; x_wconf 86' lang='lat' dir='ltr'><strong>quod</strong></span> <span class='ocrx_word' id='word_1_471' title='bbox 974 3616 1406 3687; x_wconf 67' lang='lat' dir='ltr'><strong>evangelixatum</strong></span> <span class='ocrx_word' id='word_1_472' title='bbox 1450 3625 1526 3671; x_wconf 88' lang='lat' dir='ltr'><strong>est</strong></span> <span class='ocrx_word' id='word_1_473' title='bbox 1579 3617 1744 3686; x_wconf 90' lang='lat' dir='ltr'><strong>vobis,</strong></span> 
     </span>
    </p>
   </div>
   <div class='ocr_carea' id='block_1_69' title="bbox 102 3703 1744 3774">
    <p class='ocr_par' dir='ltr' id='par_1_69' title="bbox 102 3703 1744 3774">
     <span class='ocr_line' id='line_1_69' title="bbox 102 3703 1744 3774; baseline 0.002 -16"><span class='ocrx_word' id='word_1_474' title='bbox 102 3704 400 3760; x_wconf 87' lang='lat' dir='ltr'><strong>anathema</strong></span> <span class='ocrx_word' id='word_1_475' title='bbox 425 3705 517 3758; x_wconf 90' lang='lat' dir='ltr'><strong>sit.</strong></span> <span class='ocrx_word' id='word_1_476' title='bbox 552 3703 702 3758; x_wconf 87' lang='lat' dir='ltr'><strong>Sicut</strong></span> <span class='ocrx_word' id='word_1_477' title='bbox 728 3703 993 3774; x_wconf 65' lang='lat' dir='ltr'><strong>praadixi,</strong></span> <span class='ocrx_word' id='word_1_478' title='bbox 1023 3709 1075 3760; x_wconf 85' lang='lat' dir='ltr'><strong>et</strong></span> <span class='ocrx_word' id='word_1_479' title='bbox 1128 3721 1275 3760; x_wconf 86' lang='lat' dir='ltr'><strong>nunc</strong></span> <span class='ocrx_word' id='word_1_480' title='bbox 1328 3707 1529 3761; x_wconf 79' lang='lat' dir='ltr'><strong>iterum</strong></span> <span class='ocrx_word' id='word_1_481' title='bbox 1585 3706 1744 3762; x_wconf 86' lang='lat' dir='ltr'><strong>dico:</strong></span> 
     </span>
    </p>
   </div>
   <div class='ocr_carea' id='block_1_70' title="bbox 104 3791 1745 3867">
    <p class='ocr_par' dir='ltr' id='par_1_70' title="bbox 104 3791 1745 3867">
     <span class='ocr_line' id='line_1_70' title="bbox 104 3791 1745 3867; baseline 0.002 -20"><span class='ocrx_word' id='word_1_482' title='bbox 104 3791 164 3847; x_wconf 88' lang='lat' dir='ltr'><strong>Si</strong></span> <span class='ocrx_word' id='word_1_483' title='bbox 192 3794 313 3865; x_wconf 88' lang='lat' dir='ltr'><strong>quis</strong></span> <span class='ocrx_word' id='word_1_484' title='bbox 368 3794 834 3863; x_wconf 66' lang='lat' dir='ltr'><strong>evangeliaaverit</strong></span> <span class='ocrx_word' id='word_1_485' title='bbox 880 3796 1083 3864; x_wconf 73' lang='lat' dir='ltr'><strong>praeter</strong></span> <span class='ocrx_word' id='word_1_486' title='bbox 1135 3793 1192 3848; x_wconf 90' lang='lat' dir='ltr'><strong>id</strong></span> <span class='ocrx_word' id='word_1_487' title='bbox 1246 3794 1388 3865; x_wconf 89' lang='lat' dir='ltr'><strong>quod</strong></span> <span class='ocrx_word' id='word_1_488' title='bbox 1441 3797 1745 3867; x_wconf 85' lang='lat' dir='ltr'><strong>accepistis,</strong></span> 
     </span>
    </p>
   </div>
   <div class='ocr_carea' id='block_1_71' title="bbox 101 3880 1745 3953">
    <p class='ocr_par' dir='ltr' id='par_1_71' title="bbox 101 3880 1745 3953">
     <span class='ocr_line' id='line_1_71' title="bbox 101 3880 1745 3953; baseline 0.001 -17"><span class='ocrx_word' id='word_1_489' title='bbox 101 3882 399 3937; x_wconf 83' lang='lat' dir='ltr'><strong>anathema</strong></span> <span class='ocrx_word' id='word_1_490' title='bbox 425 3882 499 3937; x_wconf 85' lang='lat' dir='ltr'><strong>sit</strong></span> <span class='ocrx_word' id='word_1_491' title='bbox 528 3880 675 3952; x_wconf 85' lang='lat' dir='ltr'><strong>(Gal.</strong></span> <span class='ocrx_word' id='word_1_492' title='bbox 708 3882 770 3953; x_wconf 85' lang='grc' dir='ltr'>ι).</span> <span class='ocrx_word' id='word_1_493' title='bbox 803 3882 917 3937; x_wconf 92' lang='lat' dir='ltr'><strong>Nec</strong></span> <span class='ocrx_word' id='word_1_494' title='bbox 948 3882 1079 3937; x_wconf 91' lang='lat' dir='ltr'><strong>ideo</strong></span> <span class='ocrx_word' id='word_1_495' title='bbox 1118 3881 1445 3949; x_wconf 91' lang='lat' dir='ltr'><strong>silebimus,</strong></span> <span class='ocrx_word' id='word_1_496' title='bbox 1495 3883 1545 3937; x_wconf 91' lang='lat' dir='ltr'><strong>si</strong></span> <span class='ocrx_word' id='word_1_497' title='bbox 1603 3884 1745 3938; x_wconf 88' lang='lat' dir='ltr'><strong>dici-</strong></span> 
     </span>
    </p>
   </div>
   <div class='ocr_carea' id='block_1_72' title="bbox 103 3969 1746 4043">
    <p class='ocr_par' dir='ltr' id='par_1_72' title="bbox 103 3969 1746 4043">
     <span class='ocr_line' id='line_1_72' title="bbox 103 3969 1746 4043; baseline 0.002 -19"><span class='ocrx_word' id='word_1_498' title='bbox 103 3985 236 4025; x_wconf 91' lang='lat' dir='ltr'><strong>mur</strong></span> <span class='ocrx_word' id='word_1_499' title='bbox 266 3985 384 4025; x_wconf 92' lang='lat' dir='ltr'><strong>non</strong></span> <span class='ocrx_word' id='word_1_500' title='bbox 415 3984 543 4026; x_wconf 91' lang='lat' dir='ltr'><strong>esse</strong></span> <span class='ocrx_word' id='word_1_501' title='bbox 573 3969 777 4041; x_wconf 88' lang='lat' dir='ltr'><strong>quales</strong></span> <span class='ocrx_word' id='word_1_502' title='bbox 807 3971 1107 4038; x_wconf 89' lang='lat' dir='ltr'><strong>debemus,</strong></span> <span class='ocrx_word' id='word_1_503' title='bbox 1141 3987 1244 4027; x_wconf 91' lang='lat' dir='ltr'><strong>nec</strong></span> <span class='ocrx_word' id='word_1_504' title='bbox 1267 3970 1456 4043; x_wconf 91' lang='lat' dir='ltr'><strong>qualis</strong></span> <span class='ocrx_word' id='word_1_505' title='bbox 1502 3975 1591 4028; x_wconf 91' lang='lat' dir='ltr'><strong>est</strong></span> <span class='ocrx_word' id='word_1_506' title='bbox 1642 3977 1746 4028; x_wconf 88' lang='lat' dir='ltr'><strong>Pe-</strong></span> 
     </span>
    </p>
   </div>
   <div class='ocr_carea' id='block_1_73' title="bbox 100 4058 1749 4132">
    <p class='ocr_par' dir='ltr' id='par_1_73' title="bbox 100 4058 1749 4132">
     <span class='ocr_line' id='line_1_73' title="bbox 100 4058 1749 4132; baseline 0.002 -19"><span class='ocrx_word' id='word_1_507' title='bbox 100 4061 247 4116; x_wconf 88' lang='lat' dir='ltr'><strong>trus.</strong></span> <span class='ocrx_word' id='word_1_508' title='bbox 280 4059 446 4125; x_wconf 91' lang='lat' dir='ltr'><strong>Quod</strong></span> <span class='ocrx_word' id='word_1_509' title='bbox 477 4058 678 4131; x_wconf 90' lang='lat' dir='ltr'><strong>utique</strong></span> <span class='ocrx_word' id='word_1_510' title='bbox 708 4059 1001 4132; x_wconf 89' lang='lat' dir='ltr'><strong>agendum</strong></span> <span class='ocrx_word' id='word_1_511' title='bbox 1026 4064 1199 4127; x_wconf 88' lang='lat' dir='ltr'><strong>esset,</strong></span> <span class='ocrx_word' id='word_1_512' title='bbox 1220 4060 1269 4116; x_wconf 92' lang='lat' dir='ltr'><strong>si</strong></span> <span class='ocrx_word' id='word_1_513' title='bbox 1299 4060 1576 4132; x_wconf 90' lang='lat' dir='ltr'><strong>cuiquam</strong></span> <span class='ocrx_word' id='word_1_514' title='bbox 1598 4078 1749 4117; x_wconf 89' lang='lat' dir='ltr'><strong>com-</strong></span> 
     </span>
    </p>
   </div>
   <div class='ocr_carea' id='block_1_74' title="bbox 101 4147 1747 4222">
    <p class='ocr_par' dir='ltr' id='par_1_74' title="bbox 101 4147 1747 4222">
     <span class='ocr_line' id='line_1_74' title="bbox 101 4147 1747 4222; baseline 0.002 -20"><span class='ocrx_word' id='word_1_515' title='bbox 101 4149 517 4205; x_wconf 89' lang='lat' dir='ltr'><strong>mendaremus</strong></span> <span class='ocrx_word' id='word_1_516' title='bbox 533 4147 945 4221; x_wconf 89' lang='lat' dir='ltr'><strong>nosmetipsos.</strong></span> <span class='ocrx_word' id='word_1_517' title='bbox 979 4150 1120 4217; x_wconf 85' lang='lat' dir='ltr'><strong>Quia</strong></span> <span class='ocrx_word' id='word_1_518' title='bbox 1147 4165 1291 4214; x_wconf 86' lang='lat' dir='ltr'><strong>vero,</strong></span> <span class='ocrx_word' id='word_1_519' title='bbox 1324 4149 1477 4205; x_wconf 90' lang='lat' dir='ltr'><strong>sicut</strong></span> <span class='ocrx_word' id='word_1_520' title='bbox 1497 4150 1578 4205; x_wconf 90' lang='lat' dir='ltr'><strong>ait</strong></span> <span class='ocrx_word' id='word_1_521' title='bbox 1597 4151 1747 4222; x_wconf 87' lang='lat' dir='ltr'><strong>Apo-</strong></span> 
     </span>
    </p>
   </div>
   <div class='ocr_carea' id='block_1_75' title="bbox 99 4236 1749 4309">
    <p class='ocr_par' dir='ltr' id='par_1_75' title="bbox 99 4236 1749 4309">
     <span class='ocr_line' id='line_1_75' title="bbox 99 4236 1749 4309; baseline 0.003 -19"><span class='ocrx_word' id='word_1_522' title='bbox 99 4236 305 4306; x_wconf 88' lang='lat' dir='ltr'><strong>stolus,</strong></span> <span class='ocrx_word' id='word_1_523' title='bbox 336 4252 453 4293; x_wconf 82' lang='lat' dir='ltr'><strong>non</strong></span> <span class='ocrx_word' id='word_1_524' title='bbox 492 4236 855 4309; x_wconf 74' lang='lat' dir='ltr'><strong>praedicamus</strong></span> <span class='ocrx_word' id='word_1_525' title='bbox 890 4239 1263 4309; x_wconf 79' lang='lat' dir='ltr'><strong>nosmetipsos,</strong></span> <span class='ocrx_word' id='word_1_526' title='bbox 1311 4238 1404 4294; x_wconf 89' lang='lat' dir='ltr'><strong>sed</strong></span> <span class='ocrx_word' id='word_1_527' title='bbox 1450 4239 1749 4295; x_wconf 90' lang='lat' dir='ltr'><strong>Dominum</strong></span> 
     </span>
    </p>
   </div>
   <div class='ocr_carea' id='block_1_76' title="bbox 94 4326 1747 4398">
    <p class='ocr_par' dir='ltr' id='par_1_76' title="bbox 94 4326 1747 4398">
     <span class='ocr_line' id='line_1_76' title="bbox 94 4326 1747 4398; baseline 0.002 -19"><span class='ocrx_word' id='word_1_528' title='bbox 94 4326 276 4381; x_wconf 79' lang='lat' dir='ltr'><strong>Iesum</strong></span> <span class='ocrx_word' id='word_1_529' title='bbox 328 4342 429 4382; x_wconf 81' lang='lat' dir='ltr'><strong>nos</strong></span> <span class='ocrx_word' id='word_1_530' title='bbox 476 4330 658 4381; x_wconf 85' lang='lat' dir='ltr'><strong>autem</strong></span> <span class='ocrx_word' id='word_1_531' title='bbox 707 4342 886 4382; x_wconf 87' lang='lat' dir='ltr'><strong>servos</strong></span> <span class='ocrx_word' id='word_1_532' title='bbox 930 4342 1211 4382; x_wconf 88' lang='lat' dir='ltr'><strong>servorum</strong></span> <span class='ocrx_word' id='word_1_533' title='bbox 1263 4327 1384 4398; x_wconf 83' lang='lat' dir='ltr'><strong>ejus</strong></span> <span class='ocrx_word' id='word_1_534' title='bbox 1429 4343 1528 4398; x_wconf 86' lang='lat' dir='ltr'><strong>per</strong></span> <span class='ocrx_word' id='word_1_535' title='bbox 1553 4331 1747 4385; x_wconf 81' lang='lat' dir='ltr'><strong>Jesum</strong></span> 
     </span>
    </p>
   </div>
   <div class='ocr_carea' id='block_1_77' title="bbox 95 4412 1744 4487">
    <p class='ocr_par' dir='ltr' id='par_1_77' title="bbox 95 4412 1744 4487">
     <span class='ocr_line' id='line_1_77' title="bbox 95 4412 1744 4487; baseline 0.003 -20"><span class='ocrx_word' id='word_1_536' title='bbox 95 4413 166 4482; x_wconf 86' lang='lat' dir='ltr'><strong>(II</strong></span> <span class='ocrx_word' id='word_1_537' title='bbox 194 4412 316 4470; x_wconf 85' lang='lat' dir='ltr'><strong>Cor.</strong></span> <span class='ocrx_word' id='word_1_538' title='bbox 353 4415 431 4485; x_wconf 85' lang='grc' dir='ltr'>ιν)</span> <span class='ocrx_word' id='word_1_539' title='bbox 456 4432 469 4482; x_wconf 89' lang='grc'>;</span> <span class='ocrx_word' id='word_1_540' title='bbox 499 4414 656 4469; x_wconf 84' lang='lat' dir='ltr'><strong>nobis</strong></span> <span class='ocrx_word' id='word_1_541' title='bbox 681 4430 781 4486; x_wconf 83' lang='lat' dir='ltr'><strong>pro</strong></span> <span class='ocrx_word' id='word_1_542' title='bbox 807 4416 1038 4470; x_wconf 89' lang='lat' dir='ltr'><strong>minimo</strong></span> <span class='ocrx_word' id='word_1_543' title='bbox 1069 4418 1167 4482; x_wconf 86' lang='lat' dir='ltr'><strong>est,</strong></span> <span class='ocrx_word' id='word_1_544' title='bbox 1197 4418 1258 4470; x_wconf 86' lang='lat' dir='ltr'><strong>ut</strong></span> <span class='ocrx_word' id='word_1_545' title='bbox 1296 4432 1331 4469; x_wconf 87' lang='lat' dir='ltr'><strong>a</strong></span> <span class='ocrx_word' id='word_1_546' title='bbox 1389 4417 1541 4471; x_wconf 83' lang='lat' dir='ltr'><strong>vobis</strong></span> <span class='ocrx_word' id='word_1_547' title='bbox 1590 4417 1744 4487; x_wconf 87' lang='lat' dir='ltr'><strong>judi-</strong></span> 
     </span>
    </p>
   </div>
   <div class='ocr_carea' id='block_1_78' title="bbox 92 4502 1741 4575">
    <p class='ocr_par' dir='ltr' id='par_1_78' title="bbox 92 4502 1741 4575">
     <span class='ocr_line' id='line_1_78' title="bbox 92 4502 1741 4575; baseline 0.002 -18"><span class='ocrx_word' id='word_1_548' title='bbox 92 4517 296 4571; x_wconf 84' lang='lat' dir='ltr'><strong>cemur,</strong></span> <span class='ocrx_word' id='word_1_549' title='bbox 328 4507 427 4558; x_wconf 85' lang='lat' dir='ltr'><strong>aut</strong></span> <span class='ocrx_word' id='word_1_550' title='bbox 450 4504 519 4559; x_wconf 91' lang='lat' dir='ltr'><strong>ab</strong></span> <span class='ocrx_word' id='word_1_551' title='bbox 540 4504 778 4559; x_wconf 86' lang='lat' dir='ltr'><strong>humano</strong></span> <span class='ocrx_word' id='word_1_552' title='bbox 799 4502 908 4571; x_wconf 88' lang='lat' dir='ltr'><strong>die,</strong></span> <span class='ocrx_word' id='word_1_553' title='bbox 940 4505 1209 4575; x_wconf 86' lang='lat' dir='ltr'><strong>quoniam</strong></span> <span class='ocrx_word' id='word_1_554' title='bbox 1238 4506 1334 4574; x_wconf 87' lang='lat' dir='ltr'><strong>qui</strong></span> <span class='ocrx_word' id='word_1_555' title='bbox 1386 4504 1593 4569; x_wconf 81' lang='lat' dir='ltr'><strong>iudicat</strong></span> <span class='ocrx_word' id='word_1_556' title='bbox 1622 4521 1741 4573; x_wconf 88' lang='lat' dir='ltr'><strong>nos,</strong></span> 
     </span>
    </p>
   </div>
   <div class='ocr_carea' id='block_1_79' title="bbox 91 4589 1743 4665">
    <p class='ocr_par' dir='ltr' id='par_1_79' title="bbox 91 4589 1743 4665">
     <span class='ocr_line' id='line_1_79' title="bbox 91 4589 1743 4665; baseline 0.004 -22"><span class='ocrx_word' id='word_1_557' title='bbox 91 4589 356 4646; x_wconf 84' lang='lat' dir='ltr'><strong>Dominus</strong></span> <span class='ocrx_word' id='word_1_558' title='bbox 412 4595 490 4647; x_wconf 89' lang='lat' dir='ltr'><strong>est</strong></span> <span class='ocrx_word' id='word_1_559' title='bbox 542 4593 591 4664; x_wconf 85' lang='grc' dir='ltr'><strong>(Ι</strong></span> <span class='ocrx_word' id='word_1_560' title='bbox 619 4591 739 4648; x_wconf 89' lang='lat' dir='ltr'><strong>Cor.</strong></span> <span class='ocrx_word' id='word_1_561' title='bbox 766 4592 863 4663; x_wconf 81' lang='grc' dir='ltr'>ιν).</span> <span class='ocrx_word' id='word_1_562' title='bbox 922 4593 1102 4664; x_wconf 83' lang='lat' dir='ltr'><strong>Neque</strong></span> <span class='ocrx_word' id='word_1_563' title='bbox 1154 4594 1305 4648; x_wconf 87' lang='lat' dir='ltr'><strong>enim</strong></span> <span class='ocrx_word' id='word_1_564' title='bbox 1359 4596 1455 4665; x_wconf 86' lang='lat' dir='ltr'><strong>qui</strong></span> <span class='ocrx_word' id='word_1_565' title='bbox 1502 4595 1743 4664; x_wconf 87' lang='lat' dir='ltr'><strong>seipsum</strong></span> 
     </span>
    </p>
   </div>
   <div class='ocr_carea' id='block_1_80' title="bbox 1860 3435 3499 3511">
    <p class='ocr_par' dir='ltr' id='par_1_80' title="bbox 1860 3435 3499 3511">
     <span class='ocr_line' id='line_1_80' title="bbox 1860 3435 3499 3511; baseline 0 -17"><span class='ocrx_word' id='word_1_566' title='bbox 1860 3438 2134 3505; x_wconf 91' lang='lat' dir='ltr'><strong>dicimus,</strong></span> <span class='ocrx_word' id='word_1_567' title='bbox 2165 3442 2233 3492; x_wconf 88' lang='lat' dir='ltr'><strong>ut</strong></span> <span class='ocrx_word' id='word_1_568' title='bbox 2263 3453 2511 3509; x_wconf 91' lang='lat' dir='ltr'><strong>persona</strong></span> <span class='ocrx_word' id='word_1_569' title='bbox 2542 3436 2600 3490; x_wconf 92' lang='lat' dir='ltr'><strong>in</strong></span> <span class='ocrx_word' id='word_1_570' title='bbox 2632 3435 2741 3490; x_wconf 92' lang='lat' dir='ltr'><strong>hoc</strong></span> <span class='ocrx_word' id='word_1_571' title='bbox 2770 3436 2989 3490; x_wconf 89' lang='lat' dir='ltr'><strong>mundo</strong></span> <span class='ocrx_word' id='word_1_572' title='bbox 3031 3441 3237 3507; x_wconf 87' lang='lat' dir='ltr'><strong>potens</strong></span> <span class='ocrx_word' id='word_1_573' title='bbox 3293 3438 3499 3511; x_wconf 87' lang='lat' dir='ltr'><strong>despe-</strong></span> 
     </span>
    </p>
   </div>
   <div class='ocr_carea' id='block_1_81' title="bbox 1858 3524 3498 3596">
    <p class='ocr_par' dir='ltr' id='par_1_81' title="bbox 1858 3524 3498 3596">
     <span class='ocr_line' id='line_1_81' title="bbox 1858 3524 3498 3596; baseline 0.001 -14"><span class='ocrx_word' id='word_1_574' title='bbox 1858 3532 2015 3582; x_wconf 90' lang='lat' dir='ltr'><strong>ctum</strong></span> <span class='ocrx_word' id='word_1_575' title='bbox 2049 3542 2280 3581; x_wconf 90' lang='lat' dir='ltr'><strong>servum</strong></span> <span class='ocrx_word' id='word_1_576' title='bbox 2313 3524 2542 3579; x_wconf 86' lang='lat' dir='ltr'><strong>habeat.</strong></span> <span class='ocrx_word' id='word_1_577' title='bbox 2577 3524 2839 3595; x_wconf 88' lang='lat' dir='ltr'><strong>Cumque</strong></span> <span class='ocrx_word' id='word_1_578' title='bbox 2884 3540 2985 3596; x_wconf 90' lang='lat' dir='ltr'><strong>per</strong></span> <span class='ocrx_word' id='word_1_579' title='bbox 3038 3541 3172 3580; x_wconf 91' lang='lat' dir='ltr'><strong>eum</strong></span> <span class='ocrx_word' id='word_1_580' title='bbox 3232 3527 3358 3583; x_wconf 88' lang='lat' dir='ltr'><strong>suis</strong></span> <span class='ocrx_word' id='word_1_581' title='bbox 3408 3529 3498 3585; x_wconf 92' lang='lat' dir='ltr'><strong>vel</strong></span> 
     </span>
    </p>
   </div>
   <div class='ocr_carea' id='block_1_82' title="bbox 1856 3610 3503 3688">
    <p class='ocr_par' dir='ltr' id='par_1_82' title="bbox 1856 3610 3503 3688">
     <span class='ocr_line' id='line_1_82' title="bbox 1856 3610 3503 3688; baseline 0.001 -16"><span class='ocrx_word' id='word_1_582' title='bbox 1856 3614 2144 3673; x_wconf 85' lang='lat' dir='ltr'><strong>extraneis</strong></span> <span class='ocrx_word' id='word_1_583' title='bbox 2175 3613 2372 3685; x_wconf 90' lang='lat' dir='ltr'><strong>aliqua</strong></span> <span class='ocrx_word' id='word_1_584' title='bbox 2400 3614 2659 3683; x_wconf 87' lang='lat' dir='ltr'><strong>mandat,</strong></span> <span class='ocrx_word' id='word_1_585' title='bbox 2694 3629 2809 3668; x_wconf 92' lang='lat' dir='ltr'><strong>non</strong></span> <span class='ocrx_word' id='word_1_586' title='bbox 2860 3610 3196 3685; x_wconf 89' lang='lat' dir='ltr'><strong>despicitur,</strong></span> <span class='ocrx_word' id='word_1_587' title='bbox 3252 3632 3503 3688; x_wconf 89' lang='lat' dir='ltr'><strong>persona</strong></span> 
     </span>
    </p>
   </div>
   <div class='ocr_carea' id='block_1_83' title="bbox 1858 3701 3505 3775">
    <p class='ocr_par' dir='ltr' id='par_1_83' title="bbox 1858 3701 3505 3775">
     <span class='ocr_line' id='line_1_83' title="bbox 1858 3701 3505 3775; baseline 0.001 -14"><span class='ocrx_word' id='word_1_588' title='bbox 1858 3705 2024 3761; x_wconf 90' lang='lat' dir='ltr'><strong>missi</strong></span> <span class='ocrx_word' id='word_1_589' title='bbox 2082 3704 2252 3771; x_wconf 90' lang='lat' dir='ltr'><strong>servi,</strong></span> <span class='ocrx_word' id='word_1_590' title='bbox 2311 3701 2448 3775; x_wconf 91' lang='lat' dir='ltr'><strong>quia</strong></span> <span class='ocrx_word' id='word_1_591' title='bbox 2502 3702 2563 3757; x_wconf 94' lang='lat' dir='ltr'><strong>in</strong></span> <span class='ocrx_word' id='word_1_592' title='bbox 2606 3702 2779 3757; x_wconf 89' lang='lat' dir='ltr'><strong>corde</strong></span> <span class='ocrx_word' id='word_1_593' title='bbox 2853 3706 3117 3759; x_wconf 89' lang='lat' dir='ltr'><strong>servatur</strong></span> <span class='ocrx_word' id='word_1_594' title='bbox 3182 3706 3505 3763; x_wconf 88' lang='lat' dir='ltr'><strong>reverentia</strong></span> 
     </span>
    </p>
   </div>
   <div class='ocr_carea' id='block_1_84' title="bbox 1857 3788 3503 3861">
    <p class='ocr_par' dir='ltr' id='par_1_84' title="bbox 1857 3788 3503 3861">
     <span class='ocr_line' id='line_1_84' title="bbox 1857 3788 3503 3861; baseline 0.002 -14"><span class='ocrx_word' id='word_1_595' title='bbox 1857 3790 2144 3847; x_wconf 90' lang='lat' dir='ltr'><strong>mittentis</strong></span> <span class='ocrx_word' id='word_1_596' title='bbox 2174 3788 2415 3845; x_wconf 85' lang='lat' dir='ltr'><strong>domini.</strong></span> <span class='ocrx_word' id='word_1_597' title='bbox 2459 3790 2680 3861; x_wconf 84' lang='lat' dir='ltr'><strong>Ergone</strong></span> <span class='ocrx_word' id='word_1_598' title='bbox 2737 3788 2944 3845; x_wconf 87' lang='lat' dir='ltr'><strong>saltem</strong></span> <span class='ocrx_word' id='word_1_599' title='bbox 3006 3792 3161 3861; x_wconf 92' lang='lat' dir='ltr'><strong>quod</strong></span> <span class='ocrx_word' id='word_1_600' title='bbox 3218 3793 3503 3851; x_wconf 89' lang='lat' dir='ltr'><strong>Dominus</strong></span> 
     </span>
    </p>
   </div>
   <div class='ocr_carea' id='block_1_85' title="bbox 1856 3878 3501 3939">
    <p class='ocr_par' dir='ltr' id='par_1_85' title="bbox 1856 3878 3501 3939">
     <span class='ocr_line' id='line_1_85' title="bbox 1856 3878 3501 3939; baseline 0.002 -3"><span class='ocrx_word' id='word_1_601' title='bbox 1856 3879 2146 3936; x_wconf 91' lang='lat' dir='ltr'><strong>concessit</strong></span> <span class='ocrx_word' id='word_1_602' title='bbox 2175 3878 2484 3934; x_wconf 83' lang='lat' dir='ltr'><strong>Pharisaeis</strong></span> <span class='ocrx_word' id='word_1_603' title='bbox 2515 3883 2572 3934; x_wconf 91' lang='lat' dir='ltr'><strong>et</strong></span> <span class='ocrx_word' id='word_1_604' title='bbox 2618 3878 2835 3934; x_wconf 89' lang='lat' dir='ltr'><strong>Scribis</strong></span> <span class='ocrx_word' id='word_1_605' title='bbox 2896 3879 3233 3937; x_wconf 90' lang='lat' dir='ltr'><strong>sedentibus</strong></span> <span class='ocrx_word' id='word_1_606' title='bbox 3290 3881 3349 3937; x_wconf 91' lang='lat' dir='ltr'><strong>in</strong></span> <span class='ocrx_word' id='word_1_607' title='bbox 3400 3899 3501 3939; x_wconf 86' lang='lat' dir='ltr'><strong>ca-</strong></span> 
     </span>
    </p>
   </div>
   <div class='ocr_carea' id='block_1_86' title="bbox 1856 3967 3494 4040">
    <p class='ocr_par' dir='ltr' id='par_1_86' title="bbox 1856 3967 3494 4040">
     <span class='ocr_line' id='line_1_86' title="bbox 1856 3967 3494 4040; baseline 0.001 -15"><span class='ocrx_word' id='word_1_608' title='bbox 1856 3969 2063 4025; x_wconf 91' lang='lat' dir='ltr'><strong>thedra</strong></span> <span class='ocrx_word' id='word_1_609' title='bbox 2134 3967 2372 4040; x_wconf 89' lang='lat' dir='ltr'><strong>Moysis,</strong></span> <span class='ocrx_word' id='word_1_610' title='bbox 2455 3983 2656 4022; x_wconf 88' lang='lat' dir='ltr'><strong>servus</strong></span> <span class='ocrx_word' id='word_1_611' title='bbox 2713 3967 3023 4039; x_wconf 89' lang='lat' dir='ltr'><strong>denegabit</strong></span> <span class='ocrx_word' id='word_1_612' title='bbox 3077 3968 3494 4040; x_wconf 75' lang='lat' dir='ltr'><strong>qualibuscum-</strong></span> 
     </span>
    </p>
   </div>
   <div class='ocr_carea' id='block_1_87' title="bbox 1857 4054 3497 4130">
    <p class='ocr_par' dir='ltr' id='par_1_87' title="bbox 1857 4054 3497 4130">
     <span class='ocr_line' id='line_1_87' title="bbox 1857 4054 3497 4130; baseline 0.002 -17"><span class='ocrx_word' id='word_1_613' title='bbox 1857 4074 1969 4130; x_wconf 90' lang='lat' dir='ltr'><strong>que</strong></span> <span class='ocrx_word' id='word_1_614' title='bbox 1999 4057 2292 4112; x_wconf 88' lang='lat' dir='ltr'><strong>conservis</strong></span> <span class='ocrx_word' id='word_1_615' title='bbox 2321 4054 2447 4111; x_wconf 88' lang='lat' dir='ltr'><strong>suis</strong></span> <span class='ocrx_word' id='word_1_616' title='bbox 2478 4055 2537 4110; x_wconf 91' lang='lat' dir='ltr'><strong>in</strong></span> <span class='ocrx_word' id='word_1_617' title='bbox 2569 4055 2845 4111; x_wconf 89' lang='lat' dir='ltr'><strong>cathedra</strong></span> <span class='ocrx_word' id='word_1_618' title='bbox 2875 4057 3025 4112; x_wconf 89' lang='lat' dir='ltr'><strong>Petri</strong></span> <span class='ocrx_word' id='word_1_619' title='bbox 3051 4057 3079 4111; x_wconf 84' lang='lat' dir='ltr'><strong>‘I</strong></span> <span class='ocrx_word' id='word_1_620' title='bbox 3106 4059 3286 4130; x_wconf 85' lang='lat' dir='ltr'><strong>Super</strong></span> <span class='ocrx_word' id='word_1_621' title='bbox 3316 4062 3497 4117; x_wconf 85' lang='lat' dir='ltr'><strong>cathe-</strong></span> 
     </span>
    </p>
   </div>
   <div class='ocr_carea' id='block_1_88' title="bbox 1855 4144 3499 4217">
    <p class='ocr_par' dir='ltr' id='par_1_88' title="bbox 1855 4144 3499 4217">
     <span class='ocr_line' id='line_1_88' title="bbox 1855 4144 3499 4217; baseline 0.004 -16"><span class='ocrx_word' id='word_1_622' title='bbox 1855 4147 2031 4211; x_wconf 88' lang='lat' dir='ltr'><strong>dram,</strong></span> <span class='ocrx_word' id='word_1_623' title='bbox 2058 4145 2270 4217; x_wconf 87' lang='lat' dir='ltr'><strong>inquit,</strong></span> <span class='ocrx_word' id='word_1_624' title='bbox 2303 4146 2498 4217; x_wconf 81' lang='lat' dir='ltr'><strong>Moysis</strong></span> <span class='ocrx_word' id='word_1_625' title='bbox 2525 4144 2784 4200; x_wconf 85' lang='lat' dir='ltr'><strong>sederunt</strong></span> <span class='ocrx_word' id='word_1_626' title='bbox 2831 4144 3036 4202; x_wconf 74' lang='lat' dir='ltr'><strong>Scriba:</strong></span> <span class='ocrx_word' id='word_1_627' title='bbox 3090 4152 3143 4203; x_wconf 89' lang='lat' dir='ltr'><strong>et</strong></span> <span class='ocrx_word' id='word_1_628' title='bbox 3202 4148 3499 4207; x_wconf 68' lang='lat' dir='ltr'><strong>Plurimi.</strong></span> 
     </span>
    </p>
   </div>
   <div class='ocr_carea' id='block_1_89' title="bbox 1857 4234 3501 4311">
    <p class='ocr_par' dir='ltr' id='par_1_89' title="bbox 1857 4234 3501 4311">
     <span class='ocr_line' id='line_1_89' title="bbox 1857 4234 3501 4311; baseline 0.002 -19"><span class='ocrx_word' id='word_1_629' title='bbox 1857 4237 2052 4292; x_wconf 87' lang='lat' dir='ltr'><strong>Omnia</strong></span> <span class='ocrx_word' id='word_1_630' title='bbox 2081 4250 2205 4305; x_wconf 86' lang='lat' dir='ltr'><strong>ergo</strong></span> <span class='ocrx_word' id='word_1_631' title='bbox 2234 4249 2570 4305; x_wconf 72' lang='lat' dir='ltr'><strong>quaecunque</strong></span> <span class='ocrx_word' id='word_1_632' title='bbox 2595 4234 2842 4289; x_wconf 77' lang='lat' dir='ltr'><strong>dixerint</strong></span> <span class='ocrx_word' id='word_1_633' title='bbox 2871 4235 3025 4291; x_wconf 85' lang='lat' dir='ltr'><strong>vobis</strong></span> <span class='ocrx_word' id='word_1_634' title='bbox 3054 4242 3267 4293; x_wconf 84' lang='lat' dir='ltr'><strong>servate</strong></span> <span class='ocrx_word' id='word_1_635' title='bbox 3308 4242 3361 4294; x_wconf 88' lang='lat' dir='ltr'><strong>et</strong></span> <span class='ocrx_word' id='word_1_636' title='bbox 3413 4242 3501 4311; x_wconf 83' lang='lat' dir='ltr'><strong>fa-</strong></span> 
     </span>
    </p>
   </div>
   <div class='ocr_carea' id='block_1_90' title="bbox 1853 4322 3497 4396">
    <p class='ocr_par' dir='ltr' id='par_1_90' title="bbox 1853 4322 3497 4396">
     <span class='ocr_line' id='line_1_90' title="bbox 1853 4322 3497 4396; baseline 0.002 -16"><span class='ocrx_word' id='word_1_637' title='bbox 1853 4328 1955 4381; x_wconf 87' lang='lat' dir='ltr'><strong>cite</strong></span> <span class='ocrx_word' id='word_1_638' title='bbox 1986 4324 2191 4396; x_wconf 80' lang='lat' dir='ltr'><strong>(Matth.</strong></span> <span class='ocrx_word' id='word_1_639' title='bbox 2224 4324 2408 4394; x_wconf 84' lang='lat' dir='ltr'><strong>xxm).</strong></span> <span class='ocrx_word' id='word_1_640' title='bbox 2440 4325 2525 4379; x_wconf 89' lang='lat' dir='ltr'><strong>Ita</strong></span> <span class='ocrx_word' id='word_1_641' title='bbox 2557 4324 2713 4395; x_wconf 86' lang='lat' dir='ltr'><strong>quod</strong></span> <span class='ocrx_word' id='word_1_642' title='bbox 2746 4322 2896 4379; x_wconf 89' lang='lat' dir='ltr'><strong>male</strong></span> <span class='ocrx_word' id='word_1_643' title='bbox 2926 4325 3199 4394; x_wconf 90' lang='lat' dir='ltr'><strong>vivimus,</strong></span> <span class='ocrx_word' id='word_1_644' title='bbox 3230 4332 3497 4385; x_wconf 89' lang='lat' dir='ltr'><strong>nostrum</strong></span> 
     </span>
    </p>
   </div>
   <div class='ocr_carea' id='block_1_91' title="bbox 1854 4411 3500 4487">
    <p class='ocr_par' dir='ltr' id='par_1_91' title="bbox 1854 4411 3500 4487">
     <span class='ocr_line' id='line_1_91' title="bbox 1854 4411 3500 4487; baseline 0.001 -17"><span class='ocrx_word' id='word_1_645' title='bbox 1854 4419 1977 4470; x_wconf 89' lang='lat' dir='ltr'><strong>est:</strong></span> <span class='ocrx_word' id='word_1_646' title='bbox 2011 4414 2164 4485; x_wconf 94' lang='lat' dir='ltr'><strong>quod</strong></span> <span class='ocrx_word' id='word_1_647' title='bbox 2193 4428 2326 4469; x_wconf 90' lang='lat' dir='ltr'><strong>vero</strong></span> <span class='ocrx_word' id='word_1_648' title='bbox 2357 4412 2510 4468; x_wconf 84' lang='lat' dir='ltr'><strong>bona</strong></span> <span class='ocrx_word' id='word_1_649' title='bbox 2540 4411 2814 4479; x_wconf 91' lang='lat' dir='ltr'><strong>dicimus,</strong></span> <span class='ocrx_word' id='word_1_650' title='bbox 2848 4413 3158 4481; x_wconf 67' lang='lat' dir='ltr'><strong>cathedrae,</strong></span> <span class='ocrx_word' id='word_1_651' title='bbox 3189 4417 3359 4487; x_wconf 90' lang='lat' dir='ltr'><strong>cujus</strong></span> <span class='ocrx_word' id='word_1_652' title='bbox 3399 4433 3500 4473; x_wconf 85' lang='lat' dir='ltr'><strong>oc-</strong></span> 
     </span>
    </p>
   </div>
   <div class='ocr_carea' id='block_1_92' title="bbox 1853 4501 3499 4574">
    <p class='ocr_par' dir='ltr' id='par_1_92' title="bbox 1853 4501 3499 4574">
     <span class='ocr_line' id='line_1_92' title="bbox 1853 4501 3499 4574; baseline 0.002 -16"><span class='ocrx_word' id='word_1_653' title='bbox 1853 4502 2085 4559; x_wconf 90' lang='lat' dir='ltr'><strong>casione</strong></span> <span class='ocrx_word' id='word_1_654' title='bbox 2114 4516 2351 4557; x_wconf 90' lang='lat' dir='ltr'><strong>necesse</strong></span> <span class='ocrx_word' id='word_1_655' title='bbox 2384 4501 2671 4557; x_wconf 90' lang='lat' dir='ltr'><strong>habemus</strong></span> <span class='ocrx_word' id='word_1_656' title='bbox 2728 4506 2884 4557; x_wconf 89' lang='lat' dir='ltr'><strong>recta</strong></span> <span class='ocrx_word' id='word_1_657' title='bbox 2941 4502 3271 4574; x_wconf 85' lang='lat' dir='ltr'><strong>praedicare.</strong></span> <span class='ocrx_word' id='word_1_658' title='bbox 3336 4504 3499 4561; x_wconf 91' lang='lat' dir='ltr'><strong>Unde</strong></span> 
     </span>
    </p>
   </div>
   <div class='ocr_carea' id='block_1_93' title="bbox 1852 4589 3496 4662">
    <p class='ocr_par' dir='ltr' id='par_1_93' title="bbox 1852 4589 3496 4662">
     <span class='ocr_line' id='line_1_93' title="bbox 1852 4589 3496 4662; baseline 0.001 -15"><span class='ocrx_word' id='word_1_659' title='bbox 1852 4592 1993 4648; x_wconf 91' lang='lat' dir='ltr'><strong>dicit</strong></span> <span class='ocrx_word' id='word_1_660' title='bbox 2020 4590 2117 4646; x_wconf 88' lang='lat' dir='ltr'><strong>ille</strong></span> <span class='ocrx_word' id='word_1_661' title='bbox 2138 4589 2659 4646; x_wconf 89' lang='lat' dir='ltr'><strong>exercitatissimus</strong></span> <span class='ocrx_word' id='word_1_662' title='bbox 2694 4589 2943 4646; x_wconf 88' lang='lat' dir='ltr'><strong>Paulus:</strong></span> <span class='ocrx_word' id='word_1_663' title='bbox 2977 4593 3115 4646; x_wconf 85' lang='lat' dir='ltr'><strong>Dum</strong></span> <span class='ocrx_word' id='word_1_664' title='bbox 3143 4593 3496 4662; x_wconf 87' lang='lat' dir='ltr'><strong>omnimodis,</strong></span> 
     </span>
    </p>
   </div>
   <div class='ocr_carea' id='block_1_94' title="bbox 88 4679 3498 4762">
    <p class='ocr_par' dir='ltr' id='par_1_94' title="bbox 88 4679 3498 4762">
     <span class='ocr_line' id='line_1_94' title="bbox 88 4679 3498 4762; baseline 0.002 -31"><span class='ocrx_word' id='word_1_665' title='bbox 88 4679 449 4748; x_wconf 83' lang='lat' dir='ltr'><strong>commendat,</strong></span> <span class='ocrx_word' id='word_1_666' title='bbox 482 4680 582 4735; x_wconf 83' lang='lat' dir='ltr'><strong>ille</strong></span> <span class='ocrx_word' id='word_1_667' title='bbox 603 4680 863 4751; x_wconf 87' lang='lat' dir='ltr'><strong>probatus</strong></span> <span class='ocrx_word' id='word_1_668' title='bbox 882 4688 980 4747; x_wconf 88' lang='lat' dir='ltr'><strong>est,</strong></span> <span class='ocrx_word' id='word_1_669' title='bbox 1038 4680 1129 4734; x_wconf 88' lang='lat' dir='ltr'><strong>sed</strong></span> <span class='ocrx_word' id='word_1_670' title='bbox 1186 4695 1345 4750; x_wconf 91' lang='lat' dir='ltr'><strong>quem</strong></span> <span class='ocrx_word' id='word_1_671' title='bbox 1394 4681 1535 4736; x_wconf 86' lang='lat' dir='ltr'><strong>Deus</strong></span> <span class='ocrx_word' id='word_1_672' title='bbox 1590 4697 1737 4736; x_wconf 90' lang='lat' dir='ltr'><strong>com-</strong></span> <span class='ocrx_word' id='word_1_673' title='bbox 1768 4698 1814 4762; x_wconf 84' lang='lat' dir='ltr'><strong>D</strong></span> <span class='ocrx_word' id='word_1_674' title='bbox 1842 4684 1959 4737; x_wconf 87' lang='lat' dir='ltr'><strong>sive</strong></span> <span class='ocrx_word' id='word_1_675' title='bbox 1982 4681 2283 4748; x_wconf 77' lang='lat' dir='ltr'><strong>occasione,</strong></span> <span class='ocrx_word' id='word_1_676' title='bbox 2316 4681 2429 4734; x_wconf 89' lang='lat' dir='ltr'><strong>sive</strong></span> <span class='ocrx_word' id='word_1_677' title='bbox 2458 4679 2668 4734; x_wconf 87' lang='lat' dir='ltr'><strong>invidia</strong></span> <span class='ocrx_word' id='word_1_678' title='bbox 2710 4680 2955 4735; x_wconf 82' lang='lat' dir='ltr'><strong>Christus</strong></span> <span class='ocrx_word' id='word_1_679' title='bbox 2999 4683 3384 4749; x_wconf 87' lang='lat' dir='ltr'><strong>annuntietur,</strong></span> <span class='ocrx_word' id='word_1_680' title='bbox 3445 4691 3498 4739; x_wconf 90' lang='lat' dir='ltr'><strong>et</strong></span> 
     </span>
    </p>
   </div>
   <div class='ocr_carea' id='block_1_95' title="bbox 84 4767 1735 4841">
    <p class='ocr_par' dir='ltr' id='par_1_95' title="bbox 84 4767 1735 4841">
     <span class='ocr_line' id='line_1_95' title="bbox 84 4767 1735 4841; baseline 0.002 -20"><span class='ocrx_word' id='word_1_681' title='bbox 84 4767 305 4824; x_wconf 86' lang='lat' dir='ltr'><strong>mendat</strong></span> <span class='ocrx_word' id='word_1_682' title='bbox 334 4768 415 4840; x_wconf 87' lang='lat' dir='ltr'><strong>(II</strong></span> <span class='ocrx_word' id='word_1_683' title='bbox 442 4768 563 4825; x_wconf 84' lang='lat' dir='ltr'><strong>Cor.</strong></span> <span class='ocrx_word' id='word_1_684' title='bbox 595 4772 672 4837; x_wconf 71' lang='grc' dir='ltr'><strong>χ).</strong></span> <span class='ocrx_word' id='word_1_685' title='bbox 703 4768 770 4823; x_wconf 88' lang='lat' dir='ltr'><strong>Et</strong></span> <span class='ocrx_word' id='word_1_686' title='bbox 798 4767 1130 4841; x_wconf 90' lang='lat' dir='ltr'><strong>repellendo</strong></span> <span class='ocrx_word' id='word_1_687' title='bbox 1160 4768 1539 4824; x_wconf 88' lang='lat' dir='ltr'><strong>temerarium</strong></span> <span class='ocrx_word' id='word_1_688' title='bbox 1570 4769 1735 4840; x_wconf 91' lang='lat' dir='ltr'><strong>judi-</strong></span> 
     </span>
    </p>
   </div>
   <div class='ocr_carea' id='block_1_96' title="bbox 89 4853 1738 4930">
    <p class='ocr_par' dir='ltr' id='par_1_96' title="bbox 89 4853 1738 4930">
     <span class='ocr_line' id='line_1_96' title="bbox 89 4853 1738 4930; baseline 0.003 -21"><span class='ocrx_word' id='word_1_689' title='bbox 89 4853 267 4924; x_wconf 89' lang='lat' dir='ltr'><strong>cium,</strong></span> <span class='ocrx_word' id='word_1_690' title='bbox 301 4856 446 4912; x_wconf 89' lang='lat' dir='ltr'><strong>dicit</strong></span> <span class='ocrx_word' id='word_1_691' title='bbox 474 4856 653 4914; x_wconf 84' lang='lat' dir='ltr'><strong>alibi:</strong></span> <span class='ocrx_word' id='word_1_692' title='bbox 688 4858 760 4913; x_wconf 89' lang='lat' dir='ltr'><strong>Tu</strong></span> <span class='ocrx_word' id='word_1_693' title='bbox 794 4859 917 4930; x_wconf 85' lang='lat' dir='ltr'><strong>quis</strong></span> <span class='ocrx_word' id='word_1_694' title='bbox 944 4874 1018 4923; x_wconf 93' lang='lat' dir='ltr'><strong>es,</strong></span> <span class='ocrx_word' id='word_1_695' title='bbox 1080 4859 1179 4929; x_wconf 88' lang='lat' dir='ltr'><strong>qui</strong></span> <span class='ocrx_word' id='word_1_696' title='bbox 1216 4859 1437 4929; x_wconf 85' lang='lat' dir='ltr'><strong>judicas</strong></span> <span class='ocrx_word' id='word_1_697' title='bbox 1488 4860 1738 4914; x_wconf 85' lang='lat' dir='ltr'><strong>alienum</strong></span> 
     </span>
    </p>
   </div>
   <div class='ocr_carea' id='block_1_97' title="bbox 84 4945 1738 5018">
    <p class='ocr_par' dir='ltr' id='par_1_97' title="bbox 84 4945 1738 5018">
     <span class='ocr_line' id='line_1_97' title="bbox 84 4945 1738 5018; baseline 0.003 -20"><span class='ocrx_word' id='word_1_698' title='bbox 84 4948 341 5001; x_wconf 77' lang='lat' dir='ltr'><strong>servum?</strong></span> <span class='ocrx_word' id='word_1_699' title='bbox 369 4945 479 5001; x_wconf 88' lang='lat' dir='ltr'><strong>Suo</strong></span> <span class='ocrx_word' id='word_1_700' title='bbox 510 4948 728 5003; x_wconf 88' lang='lat' dir='ltr'><strong>domino</strong></span> <span class='ocrx_word' id='word_1_701' title='bbox 746 4949 851 5003; x_wconf 90' lang='lat' dir='ltr'><strong>stat</strong></span> <span class='ocrx_word' id='word_1_702' title='bbox 876 4954 972 5002; x_wconf 89' lang='lat' dir='ltr'><strong>aut</strong></span> <span class='ocrx_word' id='word_1_703' title='bbox 999 4947 1143 5002; x_wconf 86' lang='lat' dir='ltr'><strong>cadit</strong></span> <span class='ocrx_word' id='word_1_704' title='bbox 1168 4964 1180 5014; x_wconf 94' lang='lat'><strong>;</strong></span> <span class='ocrx_word' id='word_1_705' title='bbox 1209 4951 1402 5018; x_wconf 76' lang='lat' dir='ltr'><strong>potens</strong></span> <span class='ocrx_word' id='word_1_706' title='bbox 1459 4951 1540 5003; x_wconf 86' lang='lat' dir='ltr'><strong>est</strong></span> <span class='ocrx_word' id='word_1_707' title='bbox 1586 4948 1738 5004; x_wconf 89' lang='lat' dir='ltr'><strong>enim</strong></span> 
     </span>
    </p>
   </div>
   <div class='ocr_carea' id='block_1_98' title="bbox 85 5033 1051 5108">
    <p class='ocr_par' dir='ltr' id='par_1_98' title="bbox 85 5033 1051 5108">
     <span class='ocr_line' id='line_1_98' title="bbox 85 5033 1051 5108; baseline 0.003 -21"><span class='ocrx_word' id='word_1_708' title='bbox 85 5033 221 5090; x_wconf 84' lang='lat' dir='ltr'><strong>Deus</strong></span> <span class='ocrx_word' id='word_1_709' title='bbox 252 5035 429 5091; x_wconf 80' lang='lat' dir='ltr'><strong>illum</strong></span> <span class='ocrx_word' id='word_1_710' title='bbox 448 5043 685 5093; x_wconf 88' lang='lat' dir='ltr'><strong>statuere</strong></span> <span class='ocrx_word' id='word_1_711' title='bbox 714 5036 887 5108; x_wconf 85' lang='lat' dir='ltr'><strong>(Rom.</strong></span> <span class='ocrx_word' id='word_1_712' title='bbox 914 5036 1051 5108; x_wconf 78' lang='lat' dir='ltr'><strong>XIV).</strong></span> 
     </span>
    </p>
   </div>
   <div class='ocr_carea' id='block_1_99' title="bbox 156 5121 1736 5197">
    <p class='ocr_par' dir='ltr' id='par_1_99' title="bbox 156 5121 1736 5197">
     <span class='ocr_line' id='line_1_99' title="bbox 156 5121 1736 5197; baseline 0.003 -19"><span class='ocrx_word' id='word_1_713' title='bbox 156 5121 405 5181; x_wconf 83' lang='lat' dir='ltr'><strong>XXXIV.</strong></span> <span class='ocrx_word' id='word_1_714' title='bbox 464 5125 683 5197; x_wconf 91' lang='lat' dir='ltr'><strong>Nempe</strong></span> <span class='ocrx_word' id='word_1_715' title='bbox 739 5129 796 5181; x_wconf 93' lang='lat' dir='ltr'><strong>et</strong></span> <span class='ocrx_word' id='word_1_716' title='bbox 844 5142 967 5192; x_wconf 90' lang='lat' dir='ltr'><strong>vos,</strong></span> <span class='ocrx_word' id='word_1_717' title='bbox 1034 5123 1169 5180; x_wconf 90' lang='lat' dir='ltr'><strong>licet</strong></span> <span class='ocrx_word' id='word_1_718' title='bbox 1229 5124 1736 5197; x_wconf 89' lang='lat' dir='ltr'><strong>quamplurimum</strong></span> 
     </span>
    </p>
   </div>
   <div class='ocr_carea' id='block_1_100' title="bbox 85 5213 1737 5285">
    <p class='ocr_par' dir='ltr' id='par_1_100' title="bbox 85 5213 1737 5285">
     <span class='ocr_line' id='line_1_100' title="bbox 85 5213 1737 5285; baseline 0.004 -20"><span class='ocrx_word' id='word_1_719' title='bbox 85 5213 385 5279; x_wconf 72' lang='lat' dir='ltr'><strong>tumentis,</strong></span> <span class='ocrx_word' id='word_1_720' title='bbox 419 5215 689 5285; x_wconf 90' lang='lat' dir='ltr'><strong>quamvis</strong></span> <span class='ocrx_word' id='word_1_721' title='bbox 719 5214 791 5270; x_wconf 90' lang='lat' dir='ltr'><strong>de</strong></span> <span class='ocrx_word' id='word_1_722' title='bbox 820 5214 984 5270; x_wconf 91' lang='lat' dir='ltr'><strong>vobis</strong></span> <span class='ocrx_word' id='word_1_723' title='bbox 1016 5213 1169 5269; x_wconf 91' lang='lat' dir='ltr'><strong>ultra</strong></span> <span class='ocrx_word' id='word_1_724' title='bbox 1198 5214 1437 5269; x_wconf 91' lang='lat' dir='ltr'><strong>modum</strong></span> <span class='ocrx_word' id='word_1_725' title='bbox 1471 5213 1591 5270; x_wconf 89' lang='lat' dir='ltr'><strong>alta</strong></span> <span class='ocrx_word' id='word_1_726' title='bbox 1611 5232 1737 5271; x_wconf 88' lang='lat' dir='ltr'><strong>sen-</strong></span> 
     </span>
    </p>
   </div>
   <div class='ocr_carea' id='block_1_101' title="bbox 84 5297 1731 5374">
    <p class='ocr_par' dir='ltr' id='par_1_101' title="bbox 84 5297 1731 5374">
     <span class='ocr_line' id='line_1_101' title="bbox 84 5297 1731 5374; baseline 0.003 -20"><span class='ocrx_word' id='word_1_727' title='bbox 84 5297 260 5369; x_wconf 91' lang='lat' dir='ltr'><strong>tiatis,</strong></span> <span class='ocrx_word' id='word_1_728' title='bbox 295 5318 417 5357; x_wconf 92' lang='lat' dir='ltr'><strong>non</strong></span> <span class='ocrx_word' id='word_1_729' title='bbox 450 5302 744 5359; x_wconf 89' lang='lat' dir='ltr'><strong>credimus</strong></span> <span class='ocrx_word' id='word_1_730' title='bbox 771 5307 987 5371; x_wconf 90' lang='lat' dir='ltr'><strong>tamen,</strong></span> <span class='ocrx_word' id='word_1_731' title='bbox 1022 5304 1178 5374; x_wconf 93' lang='lat' dir='ltr'><strong>quod</strong></span> <span class='ocrx_word' id='word_1_732' title='bbox 1208 5303 1396 5359; x_wconf 89' lang='lat' dir='ltr'><strong>dicere</strong></span> <span class='ocrx_word' id='word_1_733' title='bbox 1446 5303 1731 5374; x_wconf 89' lang='lat' dir='ltr'><strong>audeatis,</strong></span> 
     </span>
    </p>
   </div>
   <div class='ocr_carea' id='block_1_102' title="bbox 84 5390 1734 5464">
    <p class='ocr_par' dir='ltr' id='par_1_102' title="bbox 84 5390 1734 5464">
     <span class='ocr_line' id='line_1_102' title="bbox 84 5390 1734 5464; baseline 0.004 -21"><span class='ocrx_word' id='word_1_734' title='bbox 84 5404 182 5445; x_wconf 86' lang='lat' dir='ltr'><strong>vos</strong></span> <span class='ocrx_word' id='word_1_735' title='bbox 210 5405 345 5447; x_wconf 84' lang='lat' dir='ltr'><strong>esse</strong></span> <span class='ocrx_word' id='word_1_736' title='bbox 361 5390 568 5462; x_wconf 83' lang='lat' dir='ltr'><strong>quales</strong></span> <span class='ocrx_word' id='word_1_737' title='bbox 585 5392 829 5458; x_wconf 90' lang='lat' dir='ltr'><strong>debetis,</strong></span> <span class='ocrx_word' id='word_1_738' title='bbox 850 5395 951 5447; x_wconf 91' lang='lat' dir='ltr'><strong>aut</strong></span> <span class='ocrx_word' id='word_1_739' title='bbox 977 5390 1170 5464; x_wconf 87' lang='lat' dir='ltr'><strong>qualis</strong></span> <span class='ocrx_word' id='word_1_740' title='bbox 1191 5391 1534 5460; x_wconf 87' lang='lat' dir='ltr'><strong>Alexander,</strong></span> <span class='ocrx_word' id='word_1_741' title='bbox 1555 5392 1734 5449; x_wconf 87' lang='lat' dir='ltr'><strong>Joan-</strong></span> 
     </span>
    </p>
   </div>
   <div class='ocr_carea' id='block_1_103' title="bbox 82 5478 1737 5551">
    <p class='ocr_par' dir='ltr' id='par_1_103' title="bbox 82 5478 1737 5551">
     <span class='ocr_line' id='line_1_103' title="bbox 82 5478 1737 5551; baseline 0.003 -20"><span class='ocrx_word' id='word_1_742' title='bbox 82 5492 183 5533; x_wconf 87' lang='lat' dir='ltr'><strong>nes</strong></span> <span class='ocrx_word' id='word_1_743' title='bbox 211 5478 695 5551; x_wconf 82' lang='lat' dir='ltr'><strong>Chrysostomus,</strong></span> <span class='ocrx_word' id='word_1_744' title='bbox 717 5480 805 5536; x_wconf 91' lang='lat' dir='ltr'><strong>vel</strong></span> <span class='ocrx_word' id='word_1_745' title='bbox 864 5479 1172 5536; x_wconf 88' lang='lat' dir='ltr'><strong>Flavianus</strong></span> <span class='ocrx_word' id='word_1_746' title='bbox 1232 5480 1360 5548; x_wconf 91' lang='lat' dir='ltr'><strong>fuit,</strong></span> <span class='ocrx_word' id='word_1_747' title='bbox 1421 5480 1572 5536; x_wconf 90' lang='lat' dir='ltr'><strong>sicut</strong></span> <span class='ocrx_word' id='word_1_748' title='bbox 1630 5497 1737 5537; x_wconf 88' lang='lat' dir='ltr'><strong>nec</strong></span> 
     </span>
    </p>
   </div>
   <div class='ocr_carea' id='block_1_104' title="bbox 80 5567 1732 5640">
    <p class='ocr_par' dir='ltr' id='par_1_104' title="bbox 80 5567 1732 5640">
     <span class='ocr_line' id='line_1_104' title="bbox 80 5567 1732 5640; baseline 0.003 -19"><span class='ocrx_word' id='word_1_749' title='bbox 80 5567 484 5624; x_wconf 86' lang='lat' dir='ltr'><strong>Antiochenus</strong></span> <span class='ocrx_word' id='word_1_750' title='bbox 510 5584 572 5625; x_wconf 88' lang='lat' dir='ltr'><strong>se</strong></span> <span class='ocrx_word' id='word_1_751' title='bbox 600 5568 802 5636; x_wconf 87' lang='lat' dir='ltr'><strong>talem,</strong></span> <span class='ocrx_word' id='word_1_752' title='bbox 832 5568 1023 5640; x_wconf 90' lang='lat' dir='ltr'><strong>qualis</strong></span> <span class='ocrx_word' id='word_1_753' title='bbox 1054 5567 1274 5625; x_wconf 85' lang='lat' dir='ltr'><strong>exstitit</strong></span> <span class='ocrx_word' id='word_1_754' title='bbox 1322 5568 1447 5640; x_wconf 91' lang='lat' dir='ltr'><strong>ipse</strong></span> <span class='ocrx_word' id='word_1_755' title='bbox 1508 5569 1732 5639; x_wconf 89' lang='lat' dir='ltr'><strong>Petrus,</strong></span> 
     </span>
    </p>
   </div>
   <div class='ocr_carea' id='block_1_105' title="bbox 80 5656 1733 5731">
    <p class='ocr_par' dir='ltr' id='par_1_105' title="bbox 80 5656 1733 5731">
     <span class='ocr_line' id='line_1_105' title="bbox 80 5656 1733 5731; baseline 0.002 -21"><span class='ocrx_word' id='word_1_756' title='bbox 80 5670 182 5712; x_wconf 91' lang='lat' dir='ltr'><strong>nec</strong></span> <span class='ocrx_word' id='word_1_757' title='bbox 209 5656 647 5715; x_wconf 78' lang='lat' dir='ltr'><strong>Alexandrinus</strong></span> <span class='ocrx_word' id='word_1_758' title='bbox 680 5674 880 5731; x_wconf 90' lang='lat' dir='ltr'><strong>parem</strong></span> <span class='ocrx_word' id='word_1_759' title='bbox 914 5674 976 5714; x_wconf 89' lang='lat' dir='ltr'><strong>se</strong></span> <span class='ocrx_word' id='word_1_760' title='bbox 1020 5658 1212 5714; x_wconf 89' lang='lat' dir='ltr'><strong>Marco</strong></span> <span class='ocrx_word' id='word_1_761' title='bbox 1270 5657 1357 5712; x_wconf 89' lang='lat' dir='ltr'><strong>vel</strong></span> <span class='ocrx_word' id='word_1_762' title='bbox 1415 5658 1733 5715; x_wconf 86' lang='lat' dir='ltr'><strong>Athanasio</strong></span> 
     </span>
    </p>
   </div>
   <div class='ocr_carea' id='block_1_106' title="bbox 78 5746 1734 5821">
    <p class='ocr_par' dir='ltr' id='par_1_106' title="bbox 78 5746 1734 5821">
     <span class='ocr_line' id='line_1_106' title="bbox 78 5746 1734 5821; baseline -0.001 -14"><span class='ocrx_word' id='word_1_763' title='bbox 78 5746 459 5815; x_wconf 77' lang='lat' dir='ltr'><strong>proﬁteri&#39;est</strong></span> <span class='ocrx_word' id='word_1_764' title='bbox 487 5763 688 5818; x_wconf 83' lang='lat' dir='ltr'><strong>ausus,</strong></span> <span class='ocrx_word' id='word_1_765' title='bbox 722 5747 861 5821; x_wconf 84' lang='lat' dir='ltr'><strong>quia</strong></span> <span class='ocrx_word' id='word_1_766' title='bbox 880 5748 1005 5808; x_wconf 87' lang='lat' dir='ltr'><strong>sine</strong></span> <span class='ocrx_word' id='word_1_767' title='bbox 1052 5746 1461 5809; x_wconf 83' lang='lat' dir='ltr'><strong>retractatione</strong></span> <span class='ocrx_word' id='word_1_768' title='bbox 1520 5765 1554 5807; x_wconf 88' lang='lat' dir='ltr'><strong>a</strong></span> <span class='ocrx_word' id='word_1_769' title='bbox 1612 5747 1734 5806; x_wconf 72' lang='lat' dir='ltr'><strong>Suis</strong></span> 
     </span>
    </p>
   </div>
   <div class='ocr_carea' id='block_1_107' title="bbox 1846 4768 3497 4842">
    <p class='ocr_par' dir='ltr' id='par_1_107' title="bbox 1846 4768 3497 4842">
     <span class='ocr_line' id='line_1_107' title="bbox 1846 4768 3497 4842; baseline 0.001 -16"><span class='ocrx_word' id='word_1_770' title='bbox 1846 4772 1905 4826; x_wconf 86' lang='lat' dir='ltr'><strong>in</strong></span> <span class='ocrx_word' id='word_1_771' title='bbox 1965 4769 2062 4825; x_wconf 89' lang='lat' dir='ltr'><strong>hoc</strong></span> <span class='ocrx_word' id='word_1_772' title='bbox 2117 4768 2347 4839; x_wconf 87' lang='lat' dir='ltr'><strong>gaudeo,</strong></span> <span class='ocrx_word' id='word_1_773' title='bbox 2403 4772 2493 4822; x_wconf 87' lang='lat' dir='ltr'><strong>sed</strong></span> <span class='ocrx_word' id='word_1_774' title='bbox 2547 4773 2598 4824; x_wconf 88' lang='lat' dir='ltr'><strong>et</strong></span> <span class='ocrx_word' id='word_1_775' title='bbox 2655 4769 2896 4837; x_wconf 84' lang='lat' dir='ltr'><strong>gaudebo</strong></span> <span class='ocrx_word' id='word_1_776' title='bbox 2945 4769 3173 4841; x_wconf 82' lang='lat' dir='ltr'><strong>(Philip.</strong></span> <span class='ocrx_word' id='word_1_777' title='bbox 3238 4771 3321 4842; x_wconf 83' lang='grc' dir='ltr'>ιι).</span> <span class='ocrx_word' id='word_1_778' title='bbox 3355 4772 3497 4829; x_wconf 86' lang='lat' dir='ltr'><strong>Ecce</strong></span> 
     </span>
    </p>
   </div>
   <div class='ocr_carea' id='block_1_108' title="bbox 1844 4856 3498 4934">
    <p class='ocr_par' dir='ltr' id='par_1_108' title="bbox 1844 4856 3498 4934">
     <span class='ocr_line' id='line_1_108' title="bbox 1844 4856 3498 4934; baseline 0.002 -20"><span class='ocrx_word' id='word_1_779' title='bbox 1844 4856 2156 4931; x_wconf 90' lang='lat' dir='ltr'><strong>Apostolus</strong></span> <span class='ocrx_word' id='word_1_780' title='bbox 2186 4857 2270 4912; x_wconf 90' lang='lat' dir='ltr'><strong>sic</strong></span> <span class='ocrx_word' id='word_1_781' title='bbox 2298 4856 2660 4912; x_wconf 86' lang='lat' dir='ltr'><strong>necessarios</strong></span> <span class='ocrx_word' id='word_1_782' title='bbox 2691 4857 2848 4912; x_wconf 90' lang='lat' dir='ltr'><strong>ducit</strong></span> <span class='ocrx_word' id='word_1_783' title='bbox 2878 4856 3239 4930; x_wconf 90' lang='lat' dir='ltr'><strong>hujusmodi,</strong></span> <span class='ocrx_word' id='word_1_784' title='bbox 3263 4863 3329 4915; x_wconf 92' lang='lat' dir='ltr'><strong>ut</strong></span> <span class='ocrx_word' id='word_1_785' title='bbox 3353 4877 3498 4934; x_wconf 89' lang='lat' dir='ltr'><strong>gau-</strong></span> 
     </span>
    </p>
   </div>
   <div class='ocr_carea' id='block_1_109' title="bbox 1844 4945 3501 5021">
    <p class='ocr_par' dir='ltr' id='par_1_109' title="bbox 1844 4945 3501 5021">
     <span class='ocr_line' id='line_1_109' title="bbox 1844 4945 3501 5021; baseline 0.002 -18"><span class='ocrx_word' id='word_1_786' title='bbox 1844 4948 1979 5003; x_wconf 88' lang='lat' dir='ltr'><strong>deat</strong></span> <span class='ocrx_word' id='word_1_787' title='bbox 2011 4962 2188 5018; x_wconf 90' lang='lat' dir='ltr'><strong>super</strong></span> <span class='ocrx_word' id='word_1_788' title='bbox 2216 4945 2299 5000; x_wconf 92' lang='lat' dir='ltr'><strong>eis</strong></span> <span class='ocrx_word' id='word_1_789' title='bbox 2324 4962 2336 5011; x_wconf 91' lang='lat'>;</span> <span class='ocrx_word' id='word_1_790' title='bbox 2373 4948 2428 5000; x_wconf 92' lang='lat' dir='ltr'><strong>et</strong></span> <span class='ocrx_word' id='word_1_791' title='bbox 2456 4962 2559 5000; x_wconf 90' lang='lat' dir='ltr'><strong>vos</strong></span> <span class='ocrx_word' id='word_1_792' title='bbox 2590 4945 2687 5017; x_wconf 92' lang='lat' dir='ltr'><strong>qui</strong></span> <span class='ocrx_word' id='word_1_793' title='bbox 2717 4946 2883 5012; x_wconf 88' lang='lat' dir='ltr'><strong>estis,</strong></span> <span class='ocrx_word' id='word_1_794' title='bbox 2916 4947 3016 5018; x_wconf 92' lang='lat' dir='ltr'><strong>qui</strong></span> <span class='ocrx_word' id='word_1_795' title='bbox 3078 4947 3501 5021; x_wconf 85' lang='lat' dir='ltr'><strong>negligentiam</strong></span> 
     </span>
    </p>
   </div>
   <div class='ocr_carea' id='block_1_110' title="bbox 1844 5033 3498 5111">
    <p class='ocr_par' dir='ltr' id='par_1_110' title="bbox 1844 5033 3498 5111">
     <span class='ocr_line' id='line_1_110' title="bbox 1844 5033 3498 5111; baseline 0.002 -20"><span class='ocrx_word' id='word_1_796' title='bbox 1844 5052 2044 5091; x_wconf 90' lang='lat' dir='ltr'><strong>eorum</strong></span> <span class='ocrx_word' id='word_1_797' title='bbox 2077 5035 2148 5089; x_wconf 90' lang='lat' dir='ltr'><strong>ad</strong></span> <span class='ocrx_word' id='word_1_798' title='bbox 2181 5033 2462 5106; x_wconf 89' lang='lat' dir='ltr'><strong>injuriam</strong></span> <span class='ocrx_word' id='word_1_799' title='bbox 2484 5033 2814 5106; x_wconf 65' lang='lat' dir='ltr'><strong>apostolicae</strong></span> <span class='ocrx_word' id='word_1_800' title='bbox 2848 5034 3140 5091; x_wconf 76' lang='lat' dir='ltr'><strong>cathedrae</strong></span> <span class='ocrx_word' id='word_1_801' title='bbox 3197 5042 3498 5111; x_wconf 90' lang='lat' dir='ltr'><strong>retorque-</strong></span> 
     </span>
    </p>
   </div>
   <div class='ocr_carea' id='block_1_111' title="bbox 1844 5122 3502 5194">
    <p class='ocr_par' dir='ltr' id='par_1_111' title="bbox 1844 5122 3502 5194">
     <span class='ocr_line' id='line_1_111' title="bbox 1844 5122 3502 5194; baseline 0.004 -15"><span class='ocrx_word' id='word_1_802' title='bbox 1844 5124 1957 5180; x_wconf 78' lang='lat' dir='ltr'><strong>tis‘?</strong></span> <span class='ocrx_word' id='word_1_803' title='bbox 1978 5124 2094 5179; x_wconf 91' lang='lat' dir='ltr'><strong>Nos</strong></span> <span class='ocrx_word' id='word_1_804' title='bbox 2120 5123 2276 5178; x_wconf 90' lang='lat' dir='ltr'><strong>enim</strong></span> <span class='ocrx_word' id='word_1_805' title='bbox 2301 5122 2443 5194; x_wconf 92' lang='lat' dir='ltr'><strong>quid</strong></span> <span class='ocrx_word' id='word_1_806' title='bbox 2468 5123 2714 5179; x_wconf 82' lang='lat' dir='ltr'><strong>sumus?</strong></span> <span class='ocrx_word' id='word_1_807' title='bbox 2734 5124 2849 5179; x_wconf 90' lang='lat' dir='ltr'><strong>Nec</strong></span> <span class='ocrx_word' id='word_1_808' title='bbox 2865 5127 3070 5180; x_wconf 85' lang='lat' dir='ltr'><strong>contra</strong></span> <span class='ocrx_word' id='word_1_809' title='bbox 3090 5141 3199 5183; x_wconf 92' lang='lat' dir='ltr'><strong>nos</strong></span> <span class='ocrx_word' id='word_1_810' title='bbox 3228 5132 3319 5183; x_wconf 89' lang='lat' dir='ltr'><strong>est</strong></span> <span class='ocrx_word' id='word_1_811' title='bbox 3342 5145 3502 5185; x_wconf 86' lang='lat' dir='ltr'><strong>mur-</strong></span> 
     </span>
    </p>
   </div>
   <div class='ocr_carea' id='block_1_112' title="bbox 1849 5212 3497 5287">
    <p class='ocr_par' dir='ltr' id='par_1_112' title="bbox 1849 5212 3497 5287">
     <span class='ocr_line' id='line_1_112' title="bbox 1849 5212 3497 5287; baseline 0.003 -19"><span class='ocrx_word' id='word_1_812' title='bbox 1849 5230 1979 5268; x_wconf 91' lang='lat' dir='ltr'><strong>mur</strong></span> <span class='ocrx_word' id='word_1_813' title='bbox 2008 5215 2290 5279; x_wconf 89' lang='lat' dir='ltr'><strong>vestrum,</strong></span> <span class='ocrx_word' id='word_1_814' title='bbox 2326 5212 2425 5267; x_wconf 86' lang='lat' dir='ltr'><strong>sed</strong></span> <span class='ocrx_word' id='word_1_815' title='bbox 2457 5218 2663 5267; x_wconf 89' lang='lat' dir='ltr'><strong>contra</strong></span> <span class='ocrx_word' id='word_1_816' title='bbox 2690 5213 3029 5281; x_wconf 89' lang='lat' dir='ltr'><strong>Dominum,</strong></span> <span class='ocrx_word' id='word_1_817' title='bbox 3062 5215 3235 5287; x_wconf 90' lang='lat' dir='ltr'><strong>cujus</strong></span> <span class='ocrx_word' id='word_1_818' title='bbox 3265 5217 3497 5272; x_wconf 88' lang='lat' dir='ltr'><strong>ordina-</strong></span> 
     </span>
    </p>
   </div>
   <div class='ocr_carea' id='block_1_113' title="bbox 1849 5300 3493 5375">
    <p class='ocr_par' dir='ltr' id='par_1_113' title="bbox 1849 5300 3493 5375">
     <span class='ocr_line' id='line_1_113' title="bbox 1849 5300 3493 5375; baseline 0.002 -18"><span class='ocrx_word' id='word_1_819' title='bbox 1849 5302 1994 5357; x_wconf 88' lang='lat' dir='ltr'><strong>tioni</strong></span> <span class='ocrx_word' id='word_1_820' title='bbox 2050 5300 2395 5370; x_wconf 87' lang='lat' dir='ltr'><strong>resistendo,</strong></span> <span class='ocrx_word' id='word_1_821' title='bbox 2454 5300 2895 5358; x_wconf 88' lang='lat' dir='ltr'><strong>damnationem</strong></span> <span class='ocrx_word' id='word_1_822' title='bbox 2947 5303 3110 5359; x_wconf 89' lang='lat' dir='ltr'><strong>vobis</strong></span> <span class='ocrx_word' id='word_1_823' title='bbox 3169 5304 3493 5375; x_wconf 88' lang='lat' dir='ltr'><strong>acquiritis,</strong></span> 
     </span>
    </p>
   </div>
   <div class='ocr_carea' id='block_1_114' title="bbox 1848 5390 3492 5463">
    <p class='ocr_par' dir='ltr' id='par_1_114' title="bbox 1848 5390 3492 5463">
     <span class='ocr_line' id='line_1_114' title="bbox 1848 5390 3492 5463; baseline 0 -16"><span class='ocrx_word' id='word_1_824' title='bbox 1848 5408 1983 5447; x_wconf 89' lang='lat' dir='ltr'><strong>cum</strong></span> <span class='ocrx_word' id='word_1_825' title='bbox 2010 5394 2210 5445; x_wconf 88' lang='lat' dir='ltr'><strong>nostra</strong></span> <span class='ocrx_word' id='word_1_826' title='bbox 2242 5393 2521 5463; x_wconf 89' lang='lat' dir='ltr'><strong>potestas,</strong></span> <span class='ocrx_word' id='word_1_827' title='bbox 2554 5390 2709 5446; x_wconf 91' lang='lat' dir='ltr'><strong>sicut</strong></span> <span class='ocrx_word' id='word_1_828' title='bbox 2733 5394 2790 5447; x_wconf 91' lang='lat' dir='ltr'><strong>et</strong></span> <span class='ocrx_word' id='word_1_829' title='bbox 2820 5392 3032 5460; x_wconf 90' lang='lat' dir='ltr'><strong>omnis,</strong></span> <span class='ocrx_word' id='word_1_830' title='bbox 3073 5409 3106 5445; x_wconf 86' lang='lat' dir='ltr'><strong>a</strong></span> <span class='ocrx_word' id='word_1_831' title='bbox 3163 5392 3322 5447; x_wconf 89' lang='lat' dir='ltr'><strong>nullo</strong></span> <span class='ocrx_word' id='word_1_832' title='bbox 3379 5392 3492 5447; x_wconf 88' lang='lat' dir='ltr'><strong>alio</strong></span> 
     </span>
    </p>
   </div>
   <div class='ocr_carea' id='block_1_115' title="bbox 1848 5478 3494 5552">
    <p class='ocr_par' dir='ltr' id='par_1_115' title="bbox 1848 5478 3494 5552">
     <span class='ocr_line' id='line_1_115' title="bbox 1848 5478 3494 5552; baseline 0 -17"><span class='ocrx_word' id='word_1_833' title='bbox 1848 5480 1963 5535; x_wconf 89' lang='lat' dir='ltr'><strong>nisi</strong></span> <span class='ocrx_word' id='word_1_834' title='bbox 1998 5480 2069 5534; x_wconf 90' lang='lat' dir='ltr'><strong>ab</strong></span> <span class='ocrx_word' id='word_1_835' title='bbox 2102 5479 2229 5550; x_wconf 88' lang='lat' dir='ltr'><strong>ipso</strong></span> <span class='ocrx_word' id='word_1_836' title='bbox 2264 5479 2359 5534; x_wconf 88' lang='lat' dir='ltr'><strong>sit.</strong></span> <span class='ocrx_word' id='word_1_837' title='bbox 2386 5479 2699 5535; x_wconf 87' lang='lat' dir='ltr'><strong>Sciendum</strong></span> <span class='ocrx_word' id='word_1_838' title='bbox 2730 5484 2821 5535; x_wconf 91' lang='lat' dir='ltr'><strong>est</strong></span> <span class='ocrx_word' id='word_1_839' title='bbox 2876 5481 3014 5552; x_wconf 89' lang='lat' dir='ltr'><strong>quia</strong></span> <span class='ocrx_word' id='word_1_840' title='bbox 3067 5478 3212 5534; x_wconf 87' lang='lat' dir='ltr'><strong>falsa</strong></span> <span class='ocrx_word' id='word_1_841' title='bbox 3259 5480 3494 5550; x_wconf 88' lang='lat' dir='ltr'><strong>justitia</strong></span> 
     </span>
    </p>
   </div>
   <div class='ocr_carea' id='block_1_116' title="bbox 1846 5566 3484 5639">
    <p class='ocr_par' dir='ltr' id='par_1_116' title="bbox 1846 5566 3484 5639">
     <span class='ocr_line' id='line_1_116' title="bbox 1846 5566 3484 5639; baseline 0.001 -16"><span class='ocrx_word' id='word_1_842' title='bbox 1846 5566 2343 5639; x_wconf 89' lang='lat' dir='ltr'><strong>dedignationem,</strong></span> <span class='ocrx_word' id='word_1_843' title='bbox 2378 5584 2514 5622; x_wconf 90' lang='lat' dir='ltr'><strong>vera</strong></span> <span class='ocrx_word' id='word_1_844' title='bbox 2543 5572 2737 5623; x_wconf 89' lang='lat' dir='ltr'><strong>autem</strong></span> <span class='ocrx_word' id='word_1_845' title='bbox 2770 5566 3234 5639; x_wconf 87' lang='lat' dir='ltr'><strong>compassionem</strong></span> <span class='ocrx_word' id='word_1_846' title='bbox 3281 5566 3484 5626; x_wconf 87' lang='lat' dir='ltr'><strong>habet.</strong></span> 
     </span>
    </p>
   </div>
   <div class='ocr_carea' id='block_1_117' title="bbox 1843 5655 3488 5729">
    <p class='ocr_par' dir='ltr' id='par_1_117' title="bbox 1843 5655 3488 5729">
     <span class='ocr_line' id='line_1_117' title="bbox 1843 5655 3488 5729; baseline 0.001 -16"><span class='ocrx_word' id='word_1_847' title='bbox 1843 5660 1968 5725; x_wconf 88' lang='lat' dir='ltr'><strong>Qua</strong></span> <span class='ocrx_word' id='word_1_848' title='bbox 1987 5656 2190 5728; x_wconf 91' lang='lat' dir='ltr'><strong>utique</strong></span> <span class='ocrx_word' id='word_1_849' title='bbox 2203 5656 2537 5728; x_wconf 88' lang='lat' dir='ltr'><strong>privamini,</strong></span> <span class='ocrx_word' id='word_1_850' title='bbox 2552 5655 2908 5721; x_wconf 86' lang='lat' dir='ltr'><strong>insultando,</strong></span> <span class='ocrx_word' id='word_1_851' title='bbox 2924 5670 3034 5710; x_wconf 91' lang='lat' dir='ltr'><strong>non</strong></span> <span class='ocrx_word' id='word_1_852' title='bbox 3055 5655 3488 5729; x_wconf 89' lang='lat' dir='ltr'><strong>compatiendo;</strong></span> 
     </span>
    </p>
   </div>
   <div class='ocr_carea' id='block_1_118' title="bbox 1847 5742 3491 5833">
    <p class='ocr_par' dir='ltr' id='par_1_118' title="bbox 1847 5742 3491 5833">
     <span class='ocr_line' id='line_1_118' title="bbox 1847 5742 3491 5833; baseline 0.001 -29"><span class='ocrx_word' id='word_1_853' title='bbox 1847 5745 2049 5804; x_wconf 82' lang='lat' dir='ltr'><strong>alienae</strong></span> <span class='ocrx_word' id='word_1_854' title='bbox 2110 5743 2454 5804; x_wconf 86' lang='lat' dir='ltr'><strong>calamitati.</strong></span> <span class='ocrx_word' id='word_1_855' title='bbox 2512 5745 2581 5803; x_wconf 87' lang='lat' dir='ltr'><strong>Et</strong></span> <span class='ocrx_word' id='word_1_856' title='bbox 2652 5745 2797 5803; x_wconf 87' lang='lat' dir='ltr'><strong>forte</strong></span> <span class='ocrx_word' id='word_1_857' title='bbox 2868 5742 3186 5817; x_wconf 87' lang='lat' dir='ltr'><strong>approbare</strong></span> <span class='ocrx_word' id='word_1_858' title='bbox 3237 5744 3491 5833; x_wconf 51' lang='lat' dir='ltr'><strong>nequiti‘ﬁ</strong></span> 
     </span>
    </p>
   </div>
  </div>
