3916 6350
402 418 525 489 Ἰϐτ
1466 424 1534 489 8.
1577 423 1857 491 ῙιΕΟΝῙΒ
1895 424 1948 490 Il

2297 424 2721 493 DPUSOUL‘A:
3733 420 3843 491 m

398 570 555 645 quod
613 568 861 642 objicere
916 564 1005 625 vel
1063 559 1401 624 calumniari
1458 562 1852 638 prtssumitis:
1912 562 2031 619 imo
2058 562 2115 629 Α
2145 566 2203 618 et
2226 561 2419 618 oﬂicia
2447 578 2556 619 sua
2585 570 2707 619 ncn
2730 555 2849 620 sibi
2870 560 3264 633 tantnmysed
3321 558 3545 637 magis
3598 563 3835 619 mutua

395 663 624 717 constat
652 676 753 715 vos
782 659 1159 729 comprobare
1188 671 1303 710 non
1335 670 1523 726 posse.
1557 654 1668 709 Sed
1698 656 1840 709 esto.
1890 656 2035 708 Ecce
2141 651 2400 718 utilitati,
2430 650 2724 709 exhibent.
2770 651 2947 709 Unde
2990 656 3231 710 secutus
3257 652 3421 709 idem
3451 651 3831 726 Apostolus,

391 752 453 807 in
481 751 612 806 caelo
629 748 806 821 judex
833 754 1031 812 noster,
1064 753 1115 800 et
1149 745 1392 801 conscius
1446 750 1630 797 noster
1681 744 1742 797 in
1802 744 2034 799 excelsis
2141 740 2260 796 ait:
2318 739 2379 796 Si
2431 742 2774 813 gloriﬁcatur
2831 748 3011 798 unum
3063 743 3394 811 Membrum,
3456 742 3836 813 congaudent

395 840 514 911 (Job
544 838 679 905 xvx).
2139 831 2326 886 omnia
2352 830 2599 887 membra
2634 830 2685 903 (1
2711 830 2832 887 Car.
2889 834 3035 900 xw).
3096 833 3164 887 Et
3217 836 3459 904 quantm
3524 830 3831 903 insipien-

464 927 699 983 XXXVI.
734 926 1015 980 Cmterum
1048 922 1117 976 de
1147 919 1381 976 homine
1406 921 1638 986 sentite,
1672 937 1705 976 o
1739 919 2028 988 homines,
2138 919 2230 974 tim
2261 923 2351 974 est
2379 918 2533 975 nolle
2565 935 2673 975 nos
2704 919 2923 976 imitari
2958 920 3114 992 quod
3147 932 3379 987 sumus,
3415 924 3477 975 et
3511 920 3707 992 quod
3762 922 3829 978 ad

394 1018 548 1090 quod
578 1013 998 1080 vultis;unum
1058 1015 1251 1064 tamen
1310 1008 1667 1063 conscientia
1723 1009 2033 1080 respondet
2086 1007 2537 1080 .transitoriam
2600 1007 2778 1064 vitam
2849 1007 3193 1081 aliquandiu
3273 1008 3685 1065 retinendam
3739 1024 3826 1065 ac-

391 1103 581 1168 nobis,
617 1102 755 1173 quia
782 1099 1046 1155 omnium
1084 1097 1468 1153 Ecclesiarum
1519 1096 1618 1151 Dei
1678 1096 1925 1152 salutem
1975 1101 2032 1153 et
2138 1096 2421 1168 cepimus,
2453 1108 2573 1152 non‘
2598 1097 2989 1166 considerare,
3019 1101 3085 1153 ut
3112 1096 3179 1153 in
3204 1101 3580 1171 perpetuum
3617 1098 3823 1155 subsi-

390 1191 796 1248 exaltationem
830 1202 1201 1258 summopere
1233 1185 1658 1241 desideramus.
1681 1185 1790 1239 Sed
1822 1188 1885 1240 ut
1907 1186 2031 1256 qui-
2138 1188 2384 1241 stamus.

388 1297 618 1352 cunque
650 1278 947 1351 quodlibet
978 1294 1045 1333 ex
1079 1275 1353 1347 superbia
1386 1274 1643 1344 arripiat,
1677 1279 1733 1329 et
1758 1273 1870 1329 sibi
1901 1291 2032 1329 con-
2207 1273 2490 1331 XXXVIII.
2525 1275 2673 1340 Quia
2697 1288 2830 1331 vero
2864 1279 3003 1331 ante
3025 1276 3227 1331 omnia
3255 1275 3559 1348 pestilens
3612 1280 3829 1331 .mater

385 1373 476 1424 tra
505 1373 767 1423 nostram
799 1363 1179 1436 apostolicam
1215 1363 1412 1417 sedem
1462 1366 1638 1433 atque
1692 1362 1847 1433 leges
1902 1364 2029 1433 ejus
2137 1362 2430 1434 superbia,
2454 1365 2701 1436 ejusque
2729 1363 3566 1431 creduliss‘imaefiliajnvidia
3583 1364 3826 1422 scilicet

386 1460 647 1526 usurpet,
671 1455 780 1509 hoc
811 1470 917 1508 nos
940 1452 1183 1507 tolerare
1209 1468 1323 1506 non
1348 1467 1682 1522 possumus,
1707 1451 1846 1522 quia
1875 1450 2030 1523 quis-
2137 1462 2203 1506 ac
2233 1451 2427 1509 inanis
2480 1452 2667 1524 gloria
2720 1452 2943 1525 passim
3002 1454 3301 1509 obstinata
3358 1454 3532 1510 rabie
3592 1470 3824 1526 corpus

386 1544 518 1615 quis
549 1544 817 1597 Romanae
848 1539 1111 1595 Ecclesiae
1152 1539 1553 1594 auctoritatem
1584 1538 1673 1593 vel
1730 1537 2030 1611 privilegia
2136 1539 2347 1596 Christi
2381 1540 2704 1597 moliuntur
2733 1542 3054 1598 evis’cera’re
3082 1546 3140 1597 et
3169 1541 3514 1610 dilacerare,
3536 1548 3667 1599 non
3690 1542 3822 1614 efﬁ-

385 1646 777 1687 evacuareseu
804 1628 1152 1684 imminuere
1172 1626 1517 1695 nititur,non
1540 1626 1633 1681 hic
1653 1626 2030 1682 uniusEccle-
2132 1631 2353 1685 ciamur
2382 1632 2568 1686 inanis
2605 1631 2804 1701 glorise
2856 1630 3061 1702 cupidi,
3122 1633 3361 1687 invicem
3404 1634 3818 1703 provocantes,

384 1719 614 1786 siae,sed
639 1719 816 1774 totius
837 1716 1291 1773 Christianitatis
1312 1716 1747 1771 subversionem
1771 1720 1828 1771 et
1849 1716 2026 1771 inter-
2134 1720 2367 1774 invicem
2394 1719 2697 1776 invidentes
2722 1719 2861 1791 (Gal.
2885 1720 2963 1791 v),
2996 1730 3089 1788 ne,
3139 1721 3297 1792 quod
3330 1724 3570 1777 avertat
3622 1722 3819 1789 Deus,

380 1806 529 1863 itum
545 1804 1277 1876 machinatur.Cujusenim
1292 1803 2029 1876 compassionevelsusten-
2135 1806 2433 1880 contingat
2464 1807 2633 1864 nchi’
2662 1806 2887 1863 dictum
2916 1806 3179 1880 Apostoli
3205 1824 3220 1862 :
3252 1809 3407 1878 Quod
3447 1811 3500 1865 si
3560 1812 3821 1867 invicem

378 1897 598 1953 latione
618 1894 861 1950 ulterius
888 1893 1257 1966 respirabunt
1288 1892 1464 1947 ﬁlima
1487 1891 1689 1964 quovis
1711 1909 2023 1965 oppressae,
2054 1927 2113 1991 B.
2134 1896 2412 1963 mordetis,
2484 1896 2659 1953 videte
2728 1903 2799 1952 ne
2888 1898 2956 1952 ab
3043 1898 3284 1953 invicem
3375 1900 3819 1956 consumamini

380 1987 553 2044 unica
583 1984 681 2041 illa
710 1983 989 2039 sufi‘ocata
1006 1983 1230 2038 matre?
1252 1981 1430 2053 Cujus
1458 1981 1751 2053 refugium
1773 1981 2024 2054 appella-
2054 1981 2100 1991 “’
2133 1984 2319 2055 (ιὸἱά.)
2351 1985 2420 2040 Et
2470 1983 2614 2040 illud
2668 1985 2908 2041 Jacobi:
2969 1985 3121 2054 Quod
3176 1988 3231 2042 si
3287 1987 3475 2044 zelum
3529 1992 3817 2046 amarum

376 2076 569 2134 bunt?
600 2074 683 2130 Ad
718 2089 891 2146 quam
927 2070 1268 2144 coniugium
1299 2070 1644 2126 habebunt?
1695 2071 1828 2142 Ipsa
1866 2070 2021 2126 enim
2131 2072 2360 2141 habetis,
2434 2077 2485 2128 et
2552 2075 2921 2131 contentiones
3014 2078 3149 2129 sunt
3223 2076 3297 2130 in
3366 2077 3538 2146 vobis,
3620 2080 3817 2135 nblite

376 2163 782 2234 Athanasium,
814 2161 943 2234 ipsa
972 2177 1176 2217 omnes
1207 2159 1527 2215 catholicos
1559 2159 1835 2231 suscepit,
1863 2159 2017 2227 fovit,
2127 2163 2378 2233 gloriari,
2411 2166 2461 2219 et
2488 2162 2775 2219 mendaces
2816 2178 2931 2219 esse
2978 2162 3244 2219 adversus
3286 2166 3598 2221 ceritatem.
3669 2168 3817 2223 Non

378 2254 659 2318 defendit,
689 2256 746 2308 et
775 2250 1013 2306 sedibus
1042 2248 1291 2321 propriis
1324 2247 1525 2319 pulsos
1557 2247 1829 2303 restituit.
2129 2258 2206 2306 est
2238 2253 2341 2307 ista
2367 2253 2639 2323 sapientia
2663 2251 2946 2308 desursum
2976 2251 3326 2322 descendens,
3382 2253 3476 2309 sed
3526 2262 3814 2323 terrena,

448 2341 718 2397 XXXVII.
755 2340 885 2395 Ideo
918 2338 1203 2408 cupiendo
1230 2352 1435 2391 omnes
1457 2336 1515 2390 in
1538 2336 1860 2392 visceribus
1881 2336 2019 2392 Jesu
2127 2341 2409 2408 animalis,
2441 2339 2732 2396 diabclica.
2779 2340 2915 2409 Quae
2969 2344 3157 2397 autem
3206 2342 3494 2398 desursum
3550 2344 3645 2398 es't
3709 2360 3811 2401 sa-

379 2430 592 2488 Christi
626 2428 952 2492 nobiscum,
980 2443 1079 2481 vos
1109 2425 1495 2480 admonemus
1528 2439 1598 2478 ne
1646 2424 1856 2479 falsum
1917 2443 2017 2481 no-
2123 2430 2351 2500 pientia,
2382 2430 2561 2501 primo
2589 2428 2810 2501 quidem
2859 2428 3067 2501 pudiea
3121 2434 3223 2497 est,
3274 2430 3473 2487 deinde

381 2536 512 2577 men
535 2514 1063 2587 scientia,justitia2
1085 2512 1172 2569 vel
1188 2512 1381 2585 gloriae
1400 2512 1728 2584 quaerendo,
1748 2529 1901 2569 unus
1923 2513 2019 2569 ad-
2125 2518 2394 2585 modesta,
2426 2517 2736 2587 suadibilis,
2764 2522 2969 2573 amans
2986 2519 3208 2586 bonum,
3238 2521 3363 2576 sine
3417 2522 3811 2578 simulatione

375 2624 582 2666 versus
610 2606 855 2663 alterum
875 2603 1128 2667 infletur,
1163 2619 1233 2657 ne
1259 2602 1406 2657 cinis
1437 2606 1494 2656 et
1525 2607 1678 2657 terra
1699 2601 2018 2674 periculose
2126 2607 2259 2677 (Jac.
2292 2607 2397 2678 ιιι).
2430 2605 2546 2662 Has
2574 2606 2771 2678 itaque
2801 2607 2951 2662 duas
2979 2611 3041 2663 et
3062 2606 3236 2664 valde
3275 2608 3393 2665 sibi
3451 2612 3806 2669 contrarias

376 2696 771 2769 superbiat,ne
785 2690 1193 2749 abominabilis
1206 2689 2017 2762 etmiserhomo,bibensqua-
2125 2694 2442 2767 sapientiae
2471 2693 2631 2767 vigili
2655 2697 2851 2752 mente
2877 2694 3216 2765 discernite,
3245 2698 3306 2753 et
3333 2696 3387 2754 si
3414 2698 3635 2755 Petrus
3668 2701 3804 2756 sin-

375 2786 425 2843 si
455 2800 640 2857 aquas
671 2782 1039 2854 iniquitatem
1064 2780 1177 2851 (Job
1209 2780 1323 2851 xv),
1368 2780 1662 2851 sequendo
1709 2780 2013 2848 exteriora,
2123 2782 2404 2855 gularitcr
2431 2783 2620 2856 ﬁgura
2897 2783 3107 2857 capitis
3135 2786 3348 2854 nostri,
3399 2786 3807 2861 vicariusque

374 2874 434 2930 in
457 2873 575 2930 vita
592 2887 701 2928 sua
719 2869 985 2942 projiciat
1003 2868 1209 2923 intima
1226 2868 1561 2923 sua.Simus
1578 2884 1762 2923 unum
1780 2882 2011 2940 corpus.
2122 2872 2271 2943 ejus,
2301 2888 2367 2928 ac
2396 2871 2488 2928 sui
2518 2873 3039 2943 succ‘es'soresjam
3068 2872 3137 2928 in
3160 2874 3339 2931 terris
3365 2875 3637 2933 retinent
3657 2893 3800 2950 spe-

374 2965 432 3018 et
452 2977 607 3016 unus
636 2958 898 3030 spiritus,
932 2957 1085 3013 sicut
1111 2956 1299 3011 vocati
1356 2973 1565 3012 sumus
1621 2956 1679 3010 in
1738 2974 1857 3012 una
1911 2972 2013 3029 spe
2121 2959 2328 3016 cialem
2349 2960 2692 3032 dignitatem
2722 2960 2937 3017 terreni
2960 2960 3335 3035 cmlestisque
3367 2964 3567 3037 regni,
3603 2966 3802 3023 nolite

372 3047 692 3105 vocationis
726 3045 1307 3116 nostraa(Ephes.1v).
1342 3046 1472 3116 Ipsa
1500 3045 1757 3117 corporis
1778 3060 2009 3116 compo-
2120 3048 2374 3105 invidere
2430 3048 2518 3105 vel
2574 3049 2878 3121 detrahere
2935 3052 3215 3107 Romanis
3259 3052 3541 3110 Ecclesié
3608 3054 3802 3128 a'pi'ci,

375 3138 511 3194 sitio
541 3141 598 3192 et
627 3135 1026 3191 membrorum
1058 3149 1163 3188 nos
1187 3133 1392 3189 doceat
1421 3132 1672 3205 qualiter
1700 3138 1756 3188 et
1806 3133 2010 3205 quanti
2119 3147 2307 3209 quem
2326 3150 2430 3209 per
2455 3136 2794 3194 charitatem
2824 3141 3025 3195 totum‘
3043 3138 3261 3196 valetis
3280 3140 3561 3214 adipisci,
3609 3143 3685 3200 et?
3737 3144 3801 3200 in

375 3226 645 3283 habenda
673 3224 752 3279 sit
771 3221 1037 3279 Ecclesiae
1059 3221 1273 3277 unitas.
1306 3224 1435 3293 Ipsa
1454 3221 1667 3277 etenim
1691 3238 1902 3294 corpus
1922 3226 2010 3278 est
2044 3291 2080 3304 κ
2118 3224 2288 3281 nobis
2309 3234 2551 3298 regnare
2565 3229 2623 3282 et
2644 3225 2892 3299 ip'si.8in
2912 3225 3079 3296 aliens,
3105 3227 3361 3285 audietis
3377 3231 3545 3301 quod
3564 3231 3799 3304 supra:

371 3314 606 3382 Christi,
642 3317 707 3368 ut
737 3310 1051 3383 Apostolus
1070 3309 1244 3365 dicit:
1286 3291 1377 3366 Vos
1406 3311 1534 3365 estis
1562 3326 1753 3381 corpus
1782 3291 2005 3377 Christi,
2038 3291 2082 3358 Ο
2116 3314 2241 3369 Jam‘
2263 3291 2501 3369 stltuvrati
2526 3291 2818 3386 estisijam
2841 3291 3201 3387 (licitumst?
3219 3318 3349 3373 estis
3368 3291 3414 3371 ε’
3439 3318 3575 3375 εἰπέ
3627 3291 3811 3378 tinos-

369 3414 419 3461 et
447 3403 687 3460 membra
712 3401 778 3457 de
806 3399 1044 3455 membro
1074 3399 1121 3469 (I
1149 3399 1269 3454 Cor.
1304 3398 1426 3469 xu).
1462 3400 1525 3452 Et
1582 3400 1725 3453 sicut
1782 3400 1843 3453 in
1897 3414 2007 3455 uno
2113 3404 2388 3471 regnatas;
2419 3410 2580 3474 atque
2607 3403 2824 3460 utinam
2840 3405 3236 3475 regnarelis'ut
3261 3408 3442 3463 et'nas
3492 3408 3802 3467 vobiscum

369 3509 590 3565 corpore
615 3491 792 3546 multa
824 3489 1065 3544 membra
1093 3488 1380 3555 habentur,
1408 3488 1595 3542 omnia
1623 3494 1805 3542 autem
1836 3503 2004 3544 mem-
2111 3504 2462 3563 regum-emus
2493 3491 2542 3563 (I
2561 3494 2688 3549 σον.
2722 3493 2823 3563 1v).
2926 3528 2930 3532 Α

374 3585 477 3639 bra
491 3596 600 3637 non
618 3580 865 3636 eumdem
889 3580 1073 3631 actum
1094 3576 1315 3639 habent,
1341 3577 1416 3630 ita
1436 3575 1603 3630 multi
1622 3591 1794 3630 unum
1812 3592 2005 3647 corpus
2030 3620 2035 3625 .
2184 3579 2424 3636 ΧΧΧΙΧ.
2457 3581 2609 3637 Ecoe‘
2632 3588 2743 3637 nos
2767 3584 3024 3637 vestram
3053 3581 3307 3654 gloriam
3336 3583 3629 3643 ducimus
3682 3588 3798 3644 no-

367 3685 555 3726 sumus
586 3671 647 3731 in
677 3666 903 3729 Christo,
926 3665 1133 3735 singuli
1153 3672 1336 3720 autem
1356 3665 1498 3718 alter
1515 3665 1745 3719 alterius
1764 3666 2009 3721 membra
2115 3671 2296 3725 stram
2321 3686 2335 3724 :
2356 3685 2463 3723 cur
2477 3678 2578 3725 vos
2594 3668 2897 3726 annulla’re
2923 3669 3181 3727 nitimini
3214 3671 3386 3728 nobis
3403 3672 3720 3733 divinitus
3736 3682 3806 3734 ut

370 3760 541 3832 (Rom.
573 3756 699 3827 χιι).
726 3757 790 3811 Et
818 3757 867 3809 si
894 3754 1025 3809 dicit
1057 3752 1297 3820 auditus,
1330 3752 1413 3807 vel
1442 3769 1656 3807 manus.
1716 3754 1835 3810 Non
1887 3766 2008 3809 sum
2114 3756 2459 3813 humanitus
2487 3757 2880 3813 concessam?
2908 3758 3113 3814 Nonne
3141 3759 3325 3816 decus
3365 3759 3459 3816 vel
3517 3763 3823 3823 dedecui-

368 3848 576 3912 ccutus,
604 3861 713 3901 non
743 3860 865 3898 sum
896 3842 961 3897 de
988 3857 1248 3914 corpore:
1306 3841 1423 3896 ideo
1478 3856 1590 3896 non
1640 3848 1719 3897 est
1774 3841 1840 3897 de
1889 3858 2007 3896 cor-
2114 3846 2207 3903 sui
2237 3844 2444 3917 capitis
2474 3854 2693 3902 manus
2717 3852 2954 3918 seust
2977 3847 3518 3906 suifm‘noh-ducit?
3540 3852 3810 3911 Necdu-

367 3935 538 4008 pore?
567 3934 626 3989 Si
656 3938 828 3988 totum
854 3946 1043 4002 corpus
1072 3930 1282 3992 oculus,
1335 3929 1434 3985 ubi
1488 3929 1751 3985 auditus?
1806 3930 1856 4001 (I
1884 3929 2004 3986 Cor.
2113 3933 2213 4001 let,
2244 3933 2345 3991 sed
2376 3932 2579 4006 potius
2598 3933 2815 4007 gaudet
2843 3951 2969 3991 uno
2993 3940 3209 4003 sensu,
3227 3936 3291 3992 id
3317 3942 3429 4006 est,
3464 3939 3603 3998 solo
3624 3946 3809 4001 tactu

368 4024 493 4096 xu),
526 4026 583 4078 et
612 4019 820 4092 reliqui
852 4035 1083 4077 sensus.
1115 4019 1279 4073 Nunc
1301 4021 1494 4074 autem
1516 4017 1806 4090 disposuit
1830 4019 2006 4089 Deus,
2115 4022 2398 4078 donatum
2427 4022 3263 4095 corpus,superpcsitum~sibi
3295 4028 3821 4098 caputcmnibus

372 4112 524 4168 sicut
552 4108 753 4176 voluit,
787 4106 1047 4180 corporis
1078 4106 1342 4161 membra
1366 4124 1379 4174 ;
1404 4105 1637 4178 singula
1661 4106 1852 4163 ofﬁcio
1901 4124 2008 4163 suo
2114 4109 2330 4182 pollere
2359 4110 2650 4180 sensibus,
2676 4110 2942 4182 quia'ecs
2971 4112 3245 4169 militare
3263 4114 3443 4184 facit;
3468 4121 3532 4173 et
3567 4118 3810 4194 invigi-

370 4203 524 4273 apta.
558 4196 887 4254 Membrum
916 4211 1046 4251 vero
1079 4210 1184 4250 suo
1223 4194 1412 4250 officio
1472 4211 1587 4249 non
1645 4198 2004 4263 contentum,
2112 4197 2234 4255 lare
2259 4198 2521 4271 ocrporis
2546 4198 2795 4270 subjecti
2822 4199 3224 4270 utilitatibus;
3260 4205 3537 4276 et‘caput
3567 4207 3647 4264 de
3670 4206 3815 4266 om-

370 4288 469 4346 sed
501 4286 742 4358 cupiens
772 4283 1077 4356 praaripere
1116 4281 1393 4351 alienum,
1418 4283 1727 4340 conturbat
1749 4284 2013 4356 corporis
2115 4286 3812 4369 nibusjudicanssensibusvnnllcsenwjudicaturmtpote

368 4377 633 4435 ordinem
644 4378 835 4430 totum
854 4390 867 4441 ;
883 4372 1038 4428 velut
1052 4371 1101 4429 si
1118 4371 1278 4427 visus
1298 4386 1487 4441 voces,
1503 4371 1738 4427 auditus
1760 4371 2003 4442 colores,
2115 4375 2428 4448 soliuSsui'j
2438 4375 2626 4432 udicio
2640 4374 3237 4435 sufﬁcienti'ssimum':
3249 4382 3435 4453 atque
3450 4384 3721 4455 Apostul
3733 4388 3809 4443 us

366 4471 579 4541 gustus
606 4464 835 4530 odores,
866 4461 1114 4518 olfactus
1145 4477 1382 4533 asperas
1412 4476 1504 4516 res
1531 4462 1635 4516 aut
1680 4459 1859 4528 lenes,
1920 4467 2007 4518 ta-
2114 4463 2287 4520 dicit:
2315 4466 2641 4536 Spiritualis
2657 4464 2876 4537 judicat
2898 4467 3110 4534 omnia,
3143 4470 3267 4539 ipse
3288 4469 3480 4525 mitem
3499 4478 3815 4533 anetum

368 4561 503 4613 ctus
533 4556 783 4610 tentaret
834 4551 1162 4607 discernere
1220 4565 1478 4621 sapores,
1540 4564 1735 4604 nonne
1790 4550 2007 4606 frustra
2104 4552 2471 4626 judicalurU
2496 4552 2617 4610 Cor.
2645 4553 3147 4626 QHmet'supra
3176 4556 3339 4613 dicta}
3373 4558 3448 4614 de
3507 4562 3807 4635 carparis

368 4660 571 4702 omnes
592 4644 924 4716 paterentur
943 4639 970 4694 ‘2
1002 4638 1097 4694 Sic
1125 4636 1491 4710 singulorum
1531 4641 1873 4694 ornamenta
1903 4655 2005 4695 seu
2024 4654 2083 4723 ’Β
2114 4641 2297 4698 nostri
2329 4640 2641 4721 harmonia
2662 4642 2719 4699 si
2762 4646 2878 4699 non
2926 4642 3163 4701 sentitis
3204 4645 3281 4701 in'
3314 4646 3510 4717 vehis;
3542 4649 3632 4707 ius
3657 4664 3805 4710 σοι-

366 4734 712 4790 indumenta
734 4726 2002 4796 nonsuntomnibusmembrisaccommoda,
2113 4737 2251 4803 por‘e
2298 4738 2414 4786 non
2471 4730 2645 4798 estis;
2693 4742 2799 4786 nec
2851 4729 2925 4786 in
2969 4733 3212 4804 corpore
3269 4734 3503 4805 vivitis;
3552 4738 3705 4797 e‘tsi‘
3734 4743 3803 4799 in

368 4835 792 4892 nec-congrua;
827 4818 927 4875 sed
959 4816 1421 4888 unumquodque
1459 4814 1701 4887 requirit
1759 4828 1886 4885 sua,
1947 4821 2006 4874 et
2111 4828 2352 4891 corpore
2406 4817 2659 4886 Christi,
2700 4818 2855 4891 quod
2927 4822 3035 4874 est"
3076 4819 3358 4890 Ecclesia;
3419 4830 3555 4881 non~
3612 4831 3802 4900 estis,

370 4909 570 4980 abjicit
597 4906 804 4963 aliena.
824 4907 1043 4979 Nempe
1073 4905 1287 4961 refutat
1315 4921 1415 4976 pes
1446 4920 1741 4973 coronam,
1775 4904 2003 4979 galeam
2108 4923 2216 4963 nec
2235 4907 2309 4964 de
2334 4920 2403 4964 ec
2419 4905 3137 4979 vivitis,'jam'-videteubi
3163 4912 3223 4964 et
3255 4910 3403 4982 quid
3437 4910 3607 4971 sitis:
3666 4920 3803 4975 Ab.

369 5002 427 5053 et
456 4994 695 5069 pileum,
727 4998 1017 5067 caputque
1047 4992 1309 5049 sandalia
1336 4993 1423 5049 vel
1456 4992 1697 5066 pedules
1726 4994 1799 5050 ad
1827 5011 2003 5052 suum
2111 4994 2281 5052 scissi
2310 4995 2472 5063 estis,
2497 4994 2854 5067 putrescitis,
2876 4993 3115 5052 etvelut
3130 4996 3697 5073 palmes‘p‘rtsuisu's
3723 5009 3807 5065 de

370 5102 485 5141 non
508 5081 1072 5156 applicatusum.Sic
1090 5099 1370 5138 manuum
1392 5083 1647 5156 dignitas
1672 5086 1729 5138 et
1751 5082 2006 5141 maxime.
2109 5084 2224 5141 vite
2251 5084 2415 5143 foras
2436 5084 2604 5141 missi
2635 5083 2800 5153 estis,
2832 5087 2890 5141 et
2917 5084 3202 5152 arescitis,
3228 5091 3297 5143 ut:
3323 5088 3387 5145 in
3413 5089 3809 5162 ignem'na’it-

369 5172 614 5238 utilitas,
648 5171 915 5244 quamvis
937 5176 1249 5244 componat
1275 5171 1564 5244 insignem
1593 5171 1826 5243 imperii
1850 5188 2006 5228 coro-
2110 5173 2339 5242 tamini,
2371 5177 2428 5230 et
2455 5172 2715 5230 ardentis
2728 5172 2893 5245 quod
2916 5170 3113 5230 divina
3140 5174 3337 5247 pietas
3353 5175 3534 5252 longe
3602 5181 3823 5244 faciat

367 5279 527 5333 nam,
564 5276 679 5319 non
710 5265 902 5319 tamen
925 5262 1072 5318 hanc
1092 5262 1201 5318 sibi
1233 5262 1471 5333 adaptat
1517 5263 1575 5317 et
1604 5259 1871 5341 imponit,
1903 5263 2003 5317 sed
2112 5279 2147 5319 a
2174 5262 2360 5319 vobis.

367 5353 563 5426 capiti,
591 5354 865 5408 contenta
891 5352 1015 5408 suis
1044 5350 1308 5420 armillis,
1341 5346 1736 5405 dextrocherio
1790 5352 1845 5403 et
1901 5366 2002 5406 an-
2181 5352 2289 5410 XL.
2320 5352 2428 5408 Sed
2458 5350 2737 5424 qaiajam
2752 5356 2914 5410 nunc
2938 5353 3213 5411 videmur
3238 5354 3807 5428 digressi'modnm

368 5440 544 5497 nulis.
576 5441 735 5497 Idem
765 5440 830 5495 ﬁt
857 5443 914 5495 et
942 5440 1001 5494 in
1020 5438 1264 5506 caeteris,
1288 5441 1346 5493 et
1366 5441 1486 5492 tam
1517 5435 1743 5492 discors
1774 5453 2006 5494 concor-
2111 5440 2386 5513 epistolae,
2419 5439 2532 5497 aiio
2562 5440 3140 5515 exordic'ccngruum
3156 5445 3808 5523 censuimusrespim-

370 5528 467 5582 dia
494 5534 581 5615 est
610 5528 667 5582 in
699 5529 783 5584 eis
806 5533 869 5583 ut
888 5544 1089 5584 eorum
1111 5524 1411 5597 quodlibet
1427 5523 1526 5580 alii
1548 5523 1805 5615 ofﬁcium
1827 5543 2001 5615 suum
2109 5529 2247 5585 dere
2271 5532 2485 5585 vestra
2506 5527 3037 5603 calumniantium
3064 5532 3483 5591 confratrihus'
3499 5541 3564 5592 et
3590 5536 3823 5615 cbepi-‘

371 5613 606 5668 omnino
638 5616 913 5686 deputare
943 5618 1208 5679 recuset;
1235 5616 1293 5668 et
1319 5615 1515 5669 tamen
1547 5612 1617 5667 de
1647 5613 1797 5669 bono
1827 5613 2002 5672 unius
2110 5617 2302 5690 scopis
2331 5615 2547 5674 nostris
2566 5616 2802 5690 ‘Apulis;
2826 5619 3110 5693 scriptam
3149 5622 3229 5677 ad'
3280 5612 3803 5697 suggillationem

374 5698 588 5773 pariter
607 5701 914 5770 exsultent,
928 5700 1081 5755 sicut
1096 5700 1165 5755 de
1185 5698 1335 5756 malo
1357 5700 1746 5757 communiter
1764 5699 1996 5773 dolent;
2109 5706 2301 5764 nostri
2323 5704 2609 5781 azymite't
2632 5707 3107 5779 pradicaticneni
3120 5709 3643 5784 vestri'fsrmtl';
3658 5720 3820 5777 seu
