  <div class='ocr_page' id='page_1' title='image "/cluster/home/n/w/nwhite01/storage/ocr_20150623/142-143/uc1.31175018423130/1124.png"; bbox 0 0 3916 6360; ppageno 0'>
   <div class='ocr_carea' id='block_1_1' title="bbox 96 434 221 503">
    <p class='ocr_par' dir='ltr' id='par_1_1' title="bbox 96 434 221 503">
     <span class='ocr_line' id='line_1_1' title="bbox 96 434 221 503; baseline -0.016 0"><span class='ocrx_word' id='word_1_1' title='bbox 96 434 221 503; x_wconf 62' lang='grc' dir='ltr'><strong>Ἷθθ</strong></span> 
     </span>
    </p>
   </div>
   <div class='ocr_carea' id='block_1_2' title="bbox 1074 436 2538 502">
    <p class='ocr_par' dir='ltr' id='par_1_2' title="bbox 1074 436 2538 502">
     <span class='ocr_line' id='line_1_2' title="bbox 1074 436 2538 502; baseline 0.001 -3"><span class='ocrx_word' id='word_1_2' title='bbox 1074 436 1480 502; x_wconf 71' lang='lat' dir='ltr'><strong>EPISTOLIE</strong></span> <span class='ocrx_word' id='word_1_3' title='bbox 1520 439 1622 501; x_wconf 86' lang='lat' dir='ltr'><strong>ET</strong></span> <span class='ocrx_word' id='word_1_4' title='bbox 1665 436 2027 501; x_wconf 80' lang='lat' dir='ltr'><strong>DECRETA</strong></span> <span class='ocrx_word' id='word_1_5' title='bbox 2076 436 2538 502; x_wconf 79' lang='lat' dir='ltr'><strong>PONTIFICIA.</strong></span> 
     </span>
    </p>
   </div>
   <div class='ocr_carea' id='block_1_3' title="bbox 3377 432 3496 505">
    <p class='ocr_par' dir='ltr' id='par_1_3' title="bbox 3377 432 3496 505">
     <span class='ocr_line' id='line_1_3' title="bbox 3377 432 3496 505; baseline -0.017 0"><span class='ocrx_word' id='word_1_6' title='bbox 3377 432 3496 505; x_wconf 67' lang='lat'><strong>7‘10</strong></span> 
     </span>
    </p>
   </div>
   <div class='ocr_carea' id='block_1_4' title="bbox 107 567 3496 646">
    <p class='ocr_par' dir='ltr' id='par_1_4' title="bbox 107 567 3496 646">
     <span class='ocr_line' id='line_1_4' title="bbox 107 567 3496 646; baseline 0.001 -17"><span class='ocrx_word' id='word_1_7' title='bbox 107 570 420 629; x_wconf 78' lang='lat' dir='ltr'><strong>dubitastis</strong></span> <span class='ocrx_word' id='word_1_8' title='bbox 451 567 719 643; x_wconf 82' lang='lat' dir='ltr'><strong>dirigere.</strong></span> <span class='ocrx_word' id='word_1_9' title='bbox 749 570 907 627; x_wconf 81' lang='lat' dir='ltr'><strong>Inter</strong></span> <span class='ocrx_word' id='word_1_10' title='bbox 935 569 1053 627; x_wconf 69' lang='lat' dir='ltr'><strong>hinc</strong></span> <span class='ocrx_word' id='word_1_11' title='bbox 1085 570 1393 645; x_wconf 89' lang='lat' dir='ltr'><strong>dirigimus</strong></span> <span class='ocrx_word' id='word_1_12' title='bbox 1420 572 1629 629; x_wconf 82' lang='lat' dir='ltr'><strong>vestris</strong></span> <span class='ocrx_word' id='word_1_13' title='bbox 1659 589 1746 628; x_wconf 93' lang='lat' dir='ltr'><strong>ca-</strong></span> <span class='ocrx_word' id='word_1_14' title='bbox 1774 573 1829 638; x_wconf 80' lang='grc' dir='ltr'><strong>Α</strong></span> <span class='ocrx_word' id='word_1_15' title='bbox 1858 575 1946 627; x_wconf 90' lang='lat' dir='ltr'><strong>tas</strong></span> <span class='ocrx_word' id='word_1_16' title='bbox 1974 589 2240 640; x_wconf 87' lang='lat' dir='ltr'><strong>suorum,</strong></span> <span class='ocrx_word' id='word_1_17' title='bbox 2274 573 2431 643; x_wconf 92' lang='lat' dir='ltr'><strong>quod</strong></span> <span class='ocrx_word' id='word_1_18' title='bbox 2448 571 2684 631; x_wconf 84' lang='lat' dir='ltr'><strong>tandem</strong></span> <span class='ocrx_word' id='word_1_19' title='bbox 2706 589 2813 646; x_wconf 91' lang='lat' dir='ltr'><strong>per</strong></span> <span class='ocrx_word' id='word_1_20' title='bbox 2839 576 2915 644; x_wconf 87' lang='lat' dir='ltr'><strong>te,</strong></span> <span class='ocrx_word' id='word_1_21' title='bbox 2941 572 3281 631; x_wconf 86' lang='lat' dir='ltr'><strong>charissime</strong></span> <span class='ocrx_word' id='word_1_22' title='bbox 3302 575 3496 644; x_wconf 87' lang='lat' dir='ltr'><strong>frater,</strong></span> 
     </span>
    </p>
   </div>
   <div class='ocr_carea' id='block_1_5' title="bbox 103 658 1745 734">
    <p class='ocr_par' dir='ltr' id='par_1_5' title="bbox 103 658 1745 734">
     <span class='ocr_line' id='line_1_5' title="bbox 103 658 1745 734; baseline -0.001 -16"><span class='ocrx_word' id='word_1_23' title='bbox 103 660 504 718; x_wconf 86' lang='lat' dir='ltr'><strong>villationibus</strong></span> <span class='ocrx_word' id='word_1_24' title='bbox 534 659 889 734; x_wconf 84' lang='lat' dir='ltr'><strong>refragantia</strong></span> <span class='ocrx_word' id='word_1_25' title='bbox 918 658 1338 717; x_wconf 88' lang='lat' dir='ltr'><strong>venerabilium</strong></span> <span class='ocrx_word' id='word_1_26' title='bbox 1362 662 1598 718; x_wconf 81' lang='lat' dir='ltr'><strong>Patrum</strong></span> <span class='ocrx_word' id='word_1_27' title='bbox 1636 677 1745 717; x_wconf 91' lang='lat' dir='ltr'><strong>no-</strong></span> 
     </span>
    </p>
   </div>
   <div class='ocr_carea' id='block_1_6' title="bbox 105 747 1744 822">
    <p class='ocr_par' dir='ltr' id='par_1_6' title="bbox 105 747 1744 822">
     <span class='ocr_line' id='line_1_6' title="bbox 105 747 1744 822; baseline -0.001 -15"><span class='ocrx_word' id='word_1_28' title='bbox 105 755 359 807; x_wconf 88' lang='lat' dir='ltr'><strong>strorum</strong></span> <span class='ocrx_word' id='word_1_29' title='bbox 391 748 589 821; x_wconf 86' lang='lat' dir='ltr'><strong>aliqua</strong></span> <span class='ocrx_word' id='word_1_30' title='bbox 618 765 798 822; x_wconf 81' lang='lat' dir='ltr'><strong>super</strong></span> <span class='ocrx_word' id='word_1_31' title='bbox 825 747 920 805; x_wconf 87' lang='lat' dir='ltr'><strong>his</strong></span> <span class='ocrx_word' id='word_1_32' title='bbox 951 748 1167 821; x_wconf 88' lang='lat' dir='ltr'><strong>scripta</strong></span> <span class='ocrx_word' id='word_1_33' title='bbox 1198 768 1210 818; x_wconf 92' lang='lat'>;</span> <span class='ocrx_word' id='word_1_34' title='bbox 1242 750 1471 819; x_wconf 87' lang='lat' dir='ltr'><strong>deinde,</strong></span> <span class='ocrx_word' id='word_1_35' title='bbox 1506 754 1570 806; x_wconf 93' lang='lat' dir='ltr'><strong>ut</strong></span> <span class='ocrx_word' id='word_1_36' title='bbox 1588 751 1744 806; x_wconf 83' lang='lat' dir='ltr'><strong>Deus</strong></span> 
     </span>
    </p>
   </div>
   <div class='ocr_carea' id='block_1_7' title="bbox 102 836 1747 912">
    <p class='ocr_par' dir='ltr' id='par_1_7' title="bbox 102 836 1747 912">
     <span class='ocr_line' id='line_1_7' title="bbox 102 836 1747 912; baseline 0 -18"><span class='ocrx_word' id='word_1_37' title='bbox 102 838 435 912; x_wconf 81' lang='lat' dir='ltr'><strong>inspirabit,</strong></span> <span class='ocrx_word' id='word_1_38' title='bbox 470 842 671 894; x_wconf 89' lang='lat' dir='ltr'><strong>nostra</strong></span> <span class='ocrx_word' id='word_1_39' title='bbox 698 838 1005 909; x_wconf 86' lang='lat' dir='ltr'><strong>rescripta,</strong></span> <span class='ocrx_word' id='word_1_40' title='bbox 1036 842 1325 909; x_wconf 80' lang='lat' dir='ltr'><strong>quatenus</strong></span> <span class='ocrx_word' id='word_1_41' title='bbox 1347 836 1747 912; x_wconf 88' lang='lat' dir='ltr'><strong>multipliciter</strong></span> 
     </span>
    </p>
   </div>
   <div class='ocr_carea' id='block_1_8' title="bbox 100 925 1745 1004">
    <p class='ocr_par' dir='ltr' id='par_1_8' title="bbox 100 925 1745 1004">
     <span class='ocr_line' id='line_1_8' title="bbox 100 925 1745 1004; baseline -0.001 -19"><span class='ocrx_word' id='word_1_42' title='bbox 100 933 294 985; x_wconf 89' lang='lat' dir='ltr'><strong>vestra</strong></span> <span class='ocrx_word' id='word_1_43' title='bbox 323 927 707 984; x_wconf 88' lang='lat' dir='ltr'><strong>refundantur</strong></span> <span class='ocrx_word' id='word_1_44' title='bbox 735 931 792 983; x_wconf 91' lang='lat' dir='ltr'><strong>et</strong></span> <span class='ocrx_word' id='word_1_45' title='bbox 803 930 954 982; x_wconf 89' lang='lat' dir='ltr'><strong>retro</strong></span> <span class='ocrx_word' id='word_1_46' title='bbox 976 925 1470 1000; x_wconf 81' lang='lat' dir='ltr'><strong>feranturjacula,</strong></span> <span class='ocrx_word' id='word_1_47' title='bbox 1492 932 1550 985; x_wconf 89' lang='lat' dir='ltr'><strong>et</strong></span> <span class='ocrx_word' id='word_1_48' title='bbox 1568 945 1745 1004; x_wconf 86' lang='lat' dir='ltr'><strong>quem</strong></span> 
     </span>
    </p>
   </div>
   <div class='ocr_carea' id='block_1_9' title="bbox 98 1014 1747 1088">
    <p class='ocr_par' dir='ltr' id='par_1_9' title="bbox 98 1014 1747 1088">
     <span class='ocr_line' id='line_1_9' title="bbox 98 1014 1747 1088; baseline 0 -15"><span class='ocrx_word' id='word_1_49' title='bbox 98 1034 219 1073; x_wconf 91' lang='lat' dir='ltr'><strong>non</strong></span> <span class='ocrx_word' id='word_1_50' title='bbox 249 1016 425 1073; x_wconf 79' lang='lat' dir='ltr'><strong>vultis</strong></span> <span class='ocrx_word' id='word_1_51' title='bbox 456 1016 686 1087; x_wconf 88' lang='lat' dir='ltr'><strong>feriant.</strong></span> <span class='ocrx_word' id='word_1_52' title='bbox 720 1014 868 1071; x_wconf 90' lang='lat' dir='ltr'><strong>Nam</strong></span> <span class='ocrx_word' id='word_1_53' title='bbox 899 1014 949 1071; x_wconf 92' lang='lat' dir='ltr'><strong>si</strong></span> <span class='ocrx_word' id='word_1_54' title='bbox 979 1032 1081 1072; x_wconf 90' lang='lat' dir='ltr'><strong>vos</strong></span> <span class='ocrx_word' id='word_1_55' title='bbox 1113 1032 1227 1072; x_wconf 91' lang='lat' dir='ltr'><strong>non</strong></span> <span class='ocrx_word' id='word_1_56' title='bbox 1260 1016 1747 1088; x_wconf 87' lang='lat' dir='ltr'><strong>erubescitis,nec</strong></span> 
     </span>
    </p>
   </div>
   <div class='ocr_carea' id='block_1_10' title="bbox 96 1104 1744 1178">
    <p class='ocr_par' dir='ltr' id='par_1_10' title="bbox 96 1104 1744 1178">
     <span class='ocr_line' id='line_1_10' title="bbox 96 1104 1744 1178; baseline 0 -17"><span class='ocrx_word' id='word_1_57' title='bbox 96 1105 323 1162; x_wconf 84' lang='lat' dir='ltr'><strong>timetis</strong></span> <span class='ocrx_word' id='word_1_58' title='bbox 354 1106 424 1162; x_wconf 89' lang='lat' dir='ltr'><strong>de</strong></span> <span class='ocrx_word' id='word_1_59' title='bbox 456 1104 828 1178; x_wconf 81' lang='lat' dir='ltr'><strong>loquacitate,</strong></span> <span class='ocrx_word' id='word_1_60' title='bbox 860 1120 967 1173; x_wconf 88' lang='lat' dir='ltr'><strong>nos</strong></span> <span class='ocrx_word' id='word_1_61' title='bbox 991 1121 1106 1161; x_wconf 89' lang='lat' dir='ltr'><strong>non</strong></span> <span class='ocrx_word' id='word_1_62' title='bbox 1136 1108 1366 1162; x_wconf 88' lang='lat' dir='ltr'><strong>tantum</strong></span> <span class='ocrx_word' id='word_1_63' title='bbox 1384 1106 1744 1173; x_wconf 88' lang='lat' dir='ltr'><strong>erubescere,</strong></span> 
     </span>
    </p>
   </div>
   <div class='ocr_carea' id='block_1_11' title="bbox 93 1193 1747 1268">
    <p class='ocr_par' dir='ltr' id='par_1_11' title="bbox 93 1193 1747 1268">
     <span class='ocr_line' id='line_1_11' title="bbox 93 1193 1747 1268; baseline -0.001 -16"><span class='ocrx_word' id='word_1_64' title='bbox 93 1201 389 1267; x_wconf 88' lang='lat' dir='ltr'><strong>quantum</strong></span> <span class='ocrx_word' id='word_1_65' title='bbox 419 1194 626 1251; x_wconf 87' lang='lat' dir='ltr'><strong>timere</strong></span> <span class='ocrx_word' id='word_1_66' title='bbox 659 1194 941 1261; x_wconf 85' lang='lat' dir='ltr'><strong>debemus</strong></span> <span class='ocrx_word' id='word_1_67' title='bbox 967 1194 1037 1249; x_wconf 91' lang='lat' dir='ltr'><strong>de</strong></span> <span class='ocrx_word' id='word_1_68' title='bbox 1061 1193 1482 1264; x_wconf 85' lang='lat' dir='ltr'><strong>taciturnitate,</strong></span> <span class='ocrx_word' id='word_1_69' title='bbox 1508 1194 1646 1268; x_wconf 89' lang='lat' dir='ltr'><strong>quia</strong></span> <span class='ocrx_word' id='word_1_70' title='bbox 1675 1195 1747 1251; x_wconf 89' lang='lat' dir='ltr'><strong>de</strong></span> 
     </span>
    </p>
   </div>
   <div class='ocr_carea' id='block_1_12' title="bbox 91 1283 1746 1356">
    <p class='ocr_par' dir='ltr' id='par_1_12' title="bbox 91 1283 1746 1356">
     <span class='ocr_line' id='line_1_12' title="bbox 91 1283 1746 1356; baseline 0 -16"><span class='ocrx_word' id='word_1_71' title='bbox 91 1290 302 1342; x_wconf 87' lang='lat' dir='ltr'><strong>nostra</strong></span> <span class='ocrx_word' id='word_1_72' title='bbox 332 1284 655 1340; x_wconf 87' lang='lat' dir='ltr'><strong>multorum</strong></span> <span class='ocrx_word' id='word_1_73' title='bbox 684 1283 939 1356; x_wconf 86' lang='lat' dir='ltr'><strong>pendent</strong></span> <span class='ocrx_word' id='word_1_74' title='bbox 968 1283 1196 1353; x_wconf 70' lang='lat' dir='ltr'><strong>animae,</strong></span> <span class='ocrx_word' id='word_1_75' title='bbox 1230 1300 1358 1356; x_wconf 71' lang='lat' dir='ltr'><strong>quae</strong></span> <span class='ocrx_word' id='word_1_76' title='bbox 1411 1283 1577 1339; x_wconf 82' lang='lat' dir='ltr'><strong>falsis</strong></span> <span class='ocrx_word' id='word_1_77' title='bbox 1638 1284 1746 1340; x_wconf 86' lang='lat' dir='ltr'><strong>fra-</strong></span> 
     </span>
    </p>
   </div>
   <div class='ocr_carea' id='block_1_13' title="bbox 87 1369 1748 1443">
    <p class='ocr_par' dir='ltr' id='par_1_13' title="bbox 87 1369 1748 1443">
     <span class='ocr_line' id='line_1_13' title="bbox 87 1369 1748 1443; baseline 0.001 -16"><span class='ocrx_word' id='word_1_78' title='bbox 87 1373 288 1429; x_wconf 87' lang='lat' dir='ltr'><strong>tribus</strong></span> <span class='ocrx_word' id='word_1_79' title='bbox 318 1369 819 1429; x_wconf 83' lang='lat' dir='ltr'><strong>calumniantibus</strong></span> <span class='ocrx_word' id='word_1_80' title='bbox 847 1375 904 1428; x_wconf 91' lang='lat' dir='ltr'><strong>et</strong></span> <span class='ocrx_word' id='word_1_81' title='bbox 929 1372 1099 1429; x_wconf 89' lang='lat' dir='ltr'><strong>nobis</strong></span> <span class='ocrx_word' id='word_1_82' title='bbox 1131 1372 1482 1443; x_wconf 87' lang='lat' dir='ltr'><strong>tacentibus,</strong></span> <span class='ocrx_word' id='word_1_83' title='bbox 1528 1372 1748 1429; x_wconf 89' lang='lat' dir='ltr'><strong>habent</strong></span> 
     </span>
    </p>
   </div>
   <div class='ocr_carea' id='block_1_14' title="bbox 90 1461 306 1532">
    <p class='ocr_par' dir='ltr' id='par_1_14' title="bbox 90 1461 306 1532">
     <span class='ocr_line' id='line_1_14' title="bbox 90 1461 306 1532; baseline 0.005 -18"><span class='ocrx_word' id='word_1_84' title='bbox 90 1461 306 1532; x_wconf 90' lang='lat' dir='ltr'><strong>perire.</strong></span> 
     </span>
    </p>
   </div>
   <div class='ocr_carea' id='block_1_15' title="bbox 165 1548 1747 1624">
    <p class='ocr_par' dir='ltr' id='par_1_15' title="bbox 165 1548 1747 1624">
     <span class='ocr_line' id='line_1_15' title="bbox 165 1548 1747 1624; baseline 0.002 -20"><span class='ocrx_word' id='word_1_85' title='bbox 165 1549 304 1605; x_wconf 84' lang='lat' dir='ltr'><strong>XLI.</strong></span> <span class='ocrx_word' id='word_1_86' title='bbox 339 1550 455 1607; x_wconf 88' lang='lat' dir='ltr'><strong>Ista</strong></span> <span class='ocrx_word' id='word_1_87' title='bbox 474 1554 673 1606; x_wconf 86' lang='lat' dir='ltr'><strong>autem</strong></span> <span class='ocrx_word' id='word_1_88' title='bbox 700 1548 868 1619; x_wconf 84' lang='lat' dir='ltr'><strong>vobis</strong></span> <span class='ocrx_word' id='word_1_89' title='bbox 911 1553 1155 1621; x_wconf 89' lang='lat' dir='ltr'><strong>paterna</strong></span> <span class='ocrx_word' id='word_1_90' title='bbox 1202 1550 1437 1623; x_wconf 88' lang='lat' dir='ltr'><strong>pietate,</strong></span> <span class='ocrx_word' id='word_1_91' title='bbox 1498 1567 1564 1607; x_wconf 92' lang='lat' dir='ltr'><strong>ac</strong></span> <span class='ocrx_word' id='word_1_92' title='bbox 1620 1566 1747 1624; x_wconf 86' lang='lat' dir='ltr'><strong>ger-</strong></span> 
     </span>
    </p>
   </div>
   <div class='ocr_carea' id='block_1_16' title="bbox 90 1628 1748 1711">
    <p class='ocr_par' dir='ltr' id='par_1_16' title="bbox 90 1628 1748 1711">
     <span class='ocr_line' id='line_1_16' title="bbox 90 1628 1748 1711; baseline 0.001 -18"><span class='ocrx_word' id='word_1_93' title='bbox 90 1655 279 1695; x_wconf 89' lang='lat' dir='ltr'><strong>mana</strong></span> <span class='ocrx_word' id='word_1_94' title='bbox 307 1638 613 1695; x_wconf 88' lang='lat' dir='ltr'><strong>dilectione</strong></span> <span class='ocrx_word' id='word_1_95' title='bbox 669 1635 903 1693; x_wconf 87' lang='lat' dir='ltr'><strong>interim</strong></span> <span class='ocrx_word' id='word_1_96' title='bbox 952 1628 1353 1709; x_wconf 86' lang='lat' dir='ltr'><strong>rescribimus,</strong></span> <span class='ocrx_word' id='word_1_97' title='bbox 1411 1638 1472 1694; x_wconf 90' lang='lat' dir='ltr'><strong>in</strong></span> <span class='ocrx_word' id='word_1_98' title='bbox 1530 1637 1748 1711; x_wconf 91' lang='lat' dir='ltr'><strong>quibus</strong></span> 
     </span>
    </p>
   </div>
   <div class='ocr_carea' id='block_1_17' title="bbox 89 1726 1749 1795">
    <p class='ocr_par' dir='ltr' id='par_1_17' title="bbox 89 1726 1749 1795">
     <span class='ocr_line' id='line_1_17' title="bbox 89 1726 1749 1795; baseline -0.002 -11"><span class='ocrx_word' id='word_1_99' title='bbox 89 1727 244 1784; x_wconf 87' lang='lat' dir='ltr'><strong>satis</strong></span> <span class='ocrx_word' id='word_1_100' title='bbox 257 1728 582 1785; x_wconf 88' lang='lat' dir='ltr'><strong>declinasse</strong></span> <span class='ocrx_word' id='word_1_101' title='bbox 604 1743 711 1782; x_wconf 90' lang='lat' dir='ltr'><strong>nos</strong></span> <span class='ocrx_word' id='word_1_102' title='bbox 734 1726 1052 1795; x_wconf 86' lang='lat' dir='ltr'><strong>credimus,</strong></span> <span class='ocrx_word' id='word_1_103' title='bbox 1076 1743 1149 1782; x_wconf 91' lang='lat' dir='ltr'><strong>ne</strong></span> <span class='ocrx_word' id='word_1_104' title='bbox 1168 1726 1227 1781; x_wconf 91' lang='lat' dir='ltr'><strong>in</strong></span> <span class='ocrx_word' id='word_1_105' title='bbox 1252 1726 1396 1783; x_wconf 91' lang='lat' dir='ltr'><strong>illud</strong></span> <span class='ocrx_word' id='word_1_106' title='bbox 1419 1726 1749 1783; x_wconf 90' lang='lat' dir='ltr'><strong>Salomonis</strong></span> 
     </span>
    </p>
   </div>
   <div class='ocr_carea' id='block_1_18' title="bbox 89 1814 1751 1887">
    <p class='ocr_par' dir='ltr' id='par_1_18' title="bbox 89 1814 1751 1887">
     <span class='ocr_line' id='line_1_18' title="bbox 89 1814 1751 1887; baseline 0 -16"><span class='ocrx_word' id='word_1_107' title='bbox 89 1817 496 1873; x_wconf 89' lang='lat' dir='ltr'><strong>incideremus</strong></span> <span class='ocrx_word' id='word_1_108' title='bbox 521 1834 533 1872; x_wconf 91' lang='lat'>:</span> <span class='ocrx_word' id='word_1_109' title='bbox 564 1817 690 1872; x_wconf 83' lang='lat' dir='ltr'><strong>Noli</strong></span> <span class='ocrx_word' id='word_1_110' title='bbox 718 1814 1040 1886; x_wconf 86' lang='lat' dir='ltr'><strong>respondere</strong></span> <span class='ocrx_word' id='word_1_111' title='bbox 1066 1816 1229 1871; x_wconf 82' lang='lat' dir='ltr'><strong>stulto</strong></span> <span class='ocrx_word' id='word_1_112' title='bbox 1250 1816 1418 1887; x_wconf 75' lang='lat' dir='ltr'><strong>jnxta</strong></span> <span class='ocrx_word' id='word_1_113' title='bbox 1452 1816 1751 1872; x_wconf 78' lang='lat' dir='ltr'><strong>stultitiam</strong></span> 
     </span>
    </p>
   </div>
   <div class='ocr_carea' id='block_1_19' title="bbox 90 1904 1827 2006">
    <p class='ocr_par' dir='ltr' id='par_1_19' title="bbox 90 1904 1827 2006">
     <span class='ocr_line' id='line_1_19' title="bbox 90 1904 1827 2006; baseline -0.001 -44"><span class='ocrx_word' id='word_1_114' title='bbox 90 1923 283 1973; x_wconf 89' lang='lat' dir='ltr'><strong>suam,</strong></span> <span class='ocrx_word' id='word_1_115' title='bbox 312 1922 380 1960; x_wconf 90' lang='lat' dir='ltr'><strong>ne</strong></span> <span class='ocrx_word' id='word_1_116' title='bbox 409 1906 670 1976; x_wconf 83' lang='lat' dir='ltr'><strong>efﬁciaris</strong></span> <span class='ocrx_word' id='word_1_117' title='bbox 723 1904 815 1959; x_wconf 92' lang='lat' dir='ltr'><strong>illi</strong></span> <span class='ocrx_word' id='word_1_118' title='bbox 853 1904 1069 2004; x_wconf 69' lang='lat' dir='ltr'><strong>similis</strong></span> <span class='ocrx_word' id='word_1_119' title='bbox 1113 1908 1301 2002; x_wconf 43' lang='lat' dir='ltr'><strong>(.Prov.</strong></span> <span class='ocrx_word' id='word_1_120' title='bbox 1333 1907 1509 1974; x_wconf 77' lang='lat' dir='ltr'><strong>xxvr).</strong></span> <span class='ocrx_word' id='word_1_121' title='bbox 1532 1904 1746 1961; x_wconf 85' lang='lat' dir='ltr'><strong>Verum</strong></span> <span class='ocrx_word' id='word_1_122' title='bbox 1780 1942 1827 2006; x_wconf 84' lang='lat' dir='ltr'><strong>B</strong></span> 
     </span>
    </p>
   </div>
   <div class='ocr_carea' id='block_1_20' title="bbox 91 1989 1753 2065">
    <p class='ocr_par' dir='ltr' id='par_1_20' title="bbox 91 1989 1753 2065">
     <span class='ocr_line' id='line_1_20' title="bbox 91 1989 1753 2065; baseline 0 -16"><span class='ocrx_word' id='word_1_123' title='bbox 91 1993 145 2050; x_wconf 90' lang='lat' dir='ltr'><strong>si</strong></span> <span class='ocrx_word' id='word_1_124' title='bbox 179 2010 304 2049; x_wconf 88' lang='lat' dir='ltr'><strong>non</strong></span> <span class='ocrx_word' id='word_1_125' title='bbox 338 1992 721 2065; x_wconf 90' lang='lat' dir='ltr'><strong>resipueritis,</strong></span> <span class='ocrx_word' id='word_1_126' title='bbox 756 1989 1138 2063; x_wconf 80' lang='lat' dir='ltr'><strong>experiamini</strong></span> <span class='ocrx_word' id='word_1_127' title='bbox 1192 1994 1348 2065; x_wconf 90' lang='lat' dir='ltr'><strong>quod</strong></span> <span class='ocrx_word' id='word_1_128' title='bbox 1406 1992 1561 2049; x_wconf 91' lang='lat' dir='ltr'><strong>idem</strong></span> <span class='ocrx_word' id='word_1_129' title='bbox 1619 2009 1753 2049; x_wconf 83' lang='lat' dir='ltr'><strong>mox</strong></span> 
     </span>
    </p>
   </div>
   <div class='ocr_carea' id='block_1_21' title="bbox 88 2080 1748 2153">
    <p class='ocr_par' dir='ltr' id='par_1_21' title="bbox 88 2080 1748 2153">
     <span class='ocr_line' id='line_1_21' title="bbox 88 2080 1748 2153; baseline 0.001 -15"><span class='ocrx_word' id='word_1_130' title='bbox 88 2086 341 2139; x_wconf 88' lang='lat' dir='ltr'><strong>secutus</strong></span> <span class='ocrx_word' id='word_1_131' title='bbox 372 2082 488 2137; x_wconf 88' lang='lat' dir='ltr'><strong>ait:</strong></span> <span class='ocrx_word' id='word_1_132' title='bbox 525 2080 793 2153; x_wconf 82' lang='lat' dir='ltr'><strong>Responde</strong></span> <span class='ocrx_word' id='word_1_133' title='bbox 816 2080 990 2135; x_wconf 86' lang='lat' dir='ltr'><strong>stulto</strong></span> <span class='ocrx_word' id='word_1_134' title='bbox 1014 2080 1184 2151; x_wconf 71' lang='lat' dir='ltr'><strong>juxta</strong></span> <span class='ocrx_word' id='word_1_135' title='bbox 1231 2084 1523 2138; x_wconf 75' lang='lat' dir='ltr'><strong>stultitiam</strong></span> <span class='ocrx_word' id='word_1_136' title='bbox 1569 2099 1748 2149; x_wconf 88' lang='lat' dir='ltr'><strong>suam,</strong></span> 
     </span>
    </p>
   </div>
   <div class='ocr_carea' id='block_1_22' title="bbox 90 2164 1748 2244">
    <p class='ocr_par' dir='ltr' id='par_1_22' title="bbox 90 2164 1748 2244">
     <span class='ocr_line' id='line_1_22' title="bbox 90 2164 1748 2244; baseline 0.001 -18"><span class='ocrx_word' id='word_1_137' title='bbox 90 2188 166 2227; x_wconf 88' lang='lat' dir='ltr'><strong>ne</strong></span> <span class='ocrx_word' id='word_1_138' title='bbox 195 2171 312 2226; x_wconf 83' lang='lat' dir='ltr'><strong>sibi</strong></span> <span class='ocrx_word' id='word_1_139' title='bbox 329 2174 548 2244; x_wconf 75' lang='lat' dir='ltr'><strong>sapiens</strong></span> <span class='ocrx_word' id='word_1_140' title='bbox 567 2187 678 2226; x_wconf 87' lang='lat' dir='ltr'><strong>esse</strong></span> <span class='ocrx_word' id='word_1_141' title='bbox 704 2167 1168 2241; x_wconf 86' lang='lat' dir='ltr'><strong>videatur(lbid.).</strong></span> <span class='ocrx_word' id='word_1_142' title='bbox 1200 2171 1267 2226; x_wconf 90' lang='lat' dir='ltr'><strong>Et</strong></span> <span class='ocrx_word' id='word_1_143' title='bbox 1293 2170 1439 2227; x_wconf 92' lang='lat' dir='ltr'><strong>illud</strong></span> <span class='ocrx_word' id='word_1_144' title='bbox 1468 2164 1748 2243; x_wconf 89' lang='lat' dir='ltr'><strong>Apostoli:</strong></span> 
     </span>
    </p>
   </div>
   <div class='ocr_carea' id='block_1_23' title="bbox 90 2260 1753 2332">
    <p class='ocr_par' dir='ltr' id='par_1_23' title="bbox 90 2260 1753 2332">
     <span class='ocr_line' id='line_1_23' title="bbox 90 2260 1753 2332; baseline 0.001 -16"><span class='ocrx_word' id='word_1_145' title='bbox 90 2262 433 2316; x_wconf 60' lang='lat' dir='ltr'><strong>Hsereticum</strong></span> <span class='ocrx_word' id='word_1_146' title='bbox 465 2260 738 2316; x_wconf 79' lang='lat' dir='ltr'><strong>hominem</strong></span> <span class='ocrx_word' id='word_1_147' title='bbox 768 2264 884 2332; x_wconf 85' lang='lat' dir='ltr'><strong>post</strong></span> <span class='ocrx_word' id='word_1_148' title='bbox 932 2277 1105 2315; x_wconf 89' lang='lat' dir='ltr'><strong>unam</strong></span> <span class='ocrx_word' id='word_1_149' title='bbox 1128 2264 1179 2316; x_wconf 89' lang='lat' dir='ltr'><strong>et</strong></span> <span class='ocrx_word' id='word_1_150' title='bbox 1231 2261 1527 2316; x_wconf 78' lang='lat' dir='ltr'><strong>secundam</strong></span> <span class='ocrx_word' id='word_1_151' title='bbox 1580 2278 1753 2318; x_wconf 86' lang='lat' dir='ltr'><strong>corre-</strong></span> 
     </span>
    </p>
   </div>
   <div class='ocr_carea' id='block_1_24' title="bbox 82 2349 1749 2422">
    <p class='ocr_par' dir='ltr' id='par_1_24' title="bbox 82 2349 1749 2422">
     <span class='ocr_line' id='line_1_24' title="bbox 82 2349 1749 2422; baseline 0 -17"><span class='ocrx_word' id='word_1_152' title='bbox 82 2352 343 2422; x_wconf 84' lang='lat' dir='ltr'><strong>ptionem</strong></span> <span class='ocrx_word' id='word_1_153' title='bbox 371 2350 549 2404; x_wconf 85' lang='lat' dir='ltr'><strong>devita</strong></span> <span class='ocrx_word' id='word_1_154' title='bbox 582 2368 594 2418; x_wconf 90' lang='lat'><strong>;</strong></span> <span class='ocrx_word' id='word_1_155' title='bbox 620 2351 908 2407; x_wconf 84' lang='lat' dir='ltr'><strong>subversas</strong></span> <span class='ocrx_word' id='word_1_156' title='bbox 937 2359 1016 2408; x_wconf 88' lang='lat' dir='ltr'><strong>est</strong></span> <span class='ocrx_word' id='word_1_157' title='bbox 1042 2350 1191 2406; x_wconf 85' lang='lat' dir='ltr'><strong>enim</strong></span> <span class='ocrx_word' id='word_1_158' title='bbox 1220 2351 1320 2421; x_wconf 89' lang='lat' dir='ltr'><strong>qui</strong></span> <span class='ocrx_word' id='word_1_159' title='bbox 1343 2349 1612 2415; x_wconf 81' lang='lat' dir='ltr'><strong>eiusmodi</strong></span> <span class='ocrx_word' id='word_1_160' title='bbox 1651 2354 1749 2420; x_wconf 85' lang='lat' dir='ltr'><strong>est,</strong></span> 
     </span>
    </p>
   </div>
   <div class='ocr_carea' id='block_1_25' title="bbox 87 2439 1749 2512">
    <p class='ocr_par' dir='ltr' id='par_1_25' title="bbox 87 2439 1749 2512">
     <span class='ocr_line' id='line_1_25' title="bbox 87 2439 1749 2512; baseline 0 -18"><span class='ocrx_word' id='word_1_161' title='bbox 87 2444 139 2494; x_wconf 90' lang='lat' dir='ltr'><strong>et</strong></span> <span class='ocrx_word' id='word_1_162' title='bbox 170 2439 475 2511; x_wconf 82' lang='lat' dir='ltr'><strong>delinquit,</strong></span> <span class='ocrx_word' id='word_1_163' title='bbox 502 2440 729 2510; x_wconf 86' lang='lat' dir='ltr'><strong>proprio</strong></span> <span class='ocrx_word' id='word_1_164' title='bbox 778 2440 991 2512; x_wconf 86' lang='lat' dir='ltr'><strong>judicio</strong></span> <span class='ocrx_word' id='word_1_165' title='bbox 1037 2439 1431 2495; x_wconf 82' lang='lat' dir='ltr'><strong>condemnatus</strong></span> <span class='ocrx_word' id='word_1_166' title='bbox 1489 2439 1611 2510; x_wconf 87' lang='lat' dir='ltr'><strong>(Tit.</strong></span> <span class='ocrx_word' id='word_1_167' title='bbox 1640 2440 1749 2509; x_wconf 86' lang='grc' dir='ltr'><strong>ιιι).</strong></span> 
     </span>
    </p>
   </div>
   <div class='ocr_carea' id='block_1_26' title="bbox 85 2527 1753 2600">
    <p class='ocr_par' dir='ltr' id='par_1_26' title="bbox 85 2527 1753 2600">
     <span class='ocr_line' id='line_1_26' title="bbox 85 2527 1753 2600; baseline -0.001 -17"><span class='ocrx_word' id='word_1_168' title='bbox 85 2529 162 2583; x_wconf 87' lang='lat' dir='ltr'><strong>Et</strong></span> <span class='ocrx_word' id='word_1_169' title='bbox 194 2528 457 2583; x_wconf 89' lang='lat' dir='ltr'><strong>cavendo</strong></span> <span class='ocrx_word' id='word_1_170' title='bbox 488 2527 863 2584; x_wconf 89' lang='lat' dir='ltr'><strong>interdictum</strong></span> <span class='ocrx_word' id='word_1_171' title='bbox 892 2528 1102 2585; x_wconf 89' lang='lat' dir='ltr'><strong>veteris</strong></span> <span class='ocrx_word' id='word_1_172' title='bbox 1131 2527 1277 2600; x_wconf 88' lang='lat' dir='ltr'><strong>legis</strong></span> <span class='ocrx_word' id='word_1_173' title='bbox 1308 2527 1753 2600; x_wconf 80' lang='lat' dir='ltr'><strong>typicum,dein-</strong></span> 
     </span>
    </p>
   </div>
   <div class='ocr_carea' id='block_1_27' title="bbox 82 2615 1751 2689">
    <p class='ocr_par' dir='ltr' id='par_1_27' title="bbox 82 2615 1751 2689">
     <span class='ocr_line' id='line_1_27' title="bbox 82 2615 1751 2689; baseline 0.001 -17"><span class='ocrx_word' id='word_1_174' title='bbox 82 2633 235 2688; x_wconf 89' lang='lat' dir='ltr'><strong>ceps</strong></span> <span class='ocrx_word' id='word_1_175' title='bbox 273 2633 391 2672; x_wconf 92' lang='lat' dir='ltr'><strong>non</strong></span> <span class='ocrx_word' id='word_1_176' title='bbox 414 2633 732 2689; x_wconf 89' lang='lat' dir='ltr'><strong>coquemus</strong></span> <span class='ocrx_word' id='word_1_177' title='bbox 753 2618 876 2673; x_wconf 74' lang='lat' dir='ltr'><strong>haad</strong></span> <span class='ocrx_word' id='word_1_178' title='bbox 888 2635 987 2673; x_wconf 91' lang='lat' dir='ltr'><strong>um</strong></span> <span class='ocrx_word' id='word_1_179' title='bbox 1004 2618 1062 2672; x_wconf 91' lang='lat' dir='ltr'><strong>in</strong></span> <span class='ocrx_word' id='word_1_180' title='bbox 1082 2615 1227 2672; x_wconf 88' lang='lat' dir='ltr'><strong>lacte</strong></span> <span class='ocrx_word' id='word_1_181' title='bbox 1248 2616 1454 2672; x_wconf 87' lang='lat' dir='ltr'><strong>matris</strong></span> <span class='ocrx_word' id='word_1_182' title='bbox 1472 2632 1624 2682; x_wconf 67' lang='lat' dir='ltr'><strong>suae;</strong></span> <span class='ocrx_word' id='word_1_183' title='bbox 1650 2617 1751 2673; x_wconf 91' lang='lat' dir='ltr'><strong>sed</strong></span> 
     </span>
    </p>
   </div>
   <div class='ocr_carea' id='block_1_28' title="bbox 81 2702 1755 2778">
    <p class='ocr_par' dir='ltr' id='par_1_28' title="bbox 81 2702 1755 2778">
     <span class='ocr_line' id='line_1_28' title="bbox 81 2702 1755 2778; baseline 0 -18"><span class='ocrx_word' id='word_1_184' title='bbox 81 2704 512 2778; x_wconf 81' lang='lat' dir='ltr'><strong>impetiginem</strong></span> <span class='ocrx_word' id='word_1_185' title='bbox 551 2706 677 2776; x_wconf 89' lang='lat' dir='ltr'><strong>ejus</strong></span> <span class='ocrx_word' id='word_1_186' title='bbox 707 2710 764 2761; x_wconf 88' lang='lat' dir='ltr'><strong>et</strong></span> <span class='ocrx_word' id='word_1_187' title='bbox 811 2706 1065 2762; x_wconf 89' lang='lat' dir='ltr'><strong>scabiem</strong></span> <span class='ocrx_word' id='word_1_188' title='bbox 1094 2702 1439 2761; x_wconf 86' lang='lat' dir='ltr'><strong>fricabimus</strong></span> <span class='ocrx_word' id='word_1_189' title='bbox 1468 2704 1755 2761; x_wconf 87' lang='lat' dir='ltr'><strong>instanter</strong></span> 
     </span>
    </p>
   </div>
   <div class='ocr_carea' id='block_1_29' title="bbox 80 2791 1751 2866">
    <p class='ocr_par' dir='ltr' id='par_1_29' title="bbox 80 2791 1751 2866">
     <span class='ocr_line' id='line_1_29' title="bbox 80 2791 1751 2866; baseline 0.001 -17"><span class='ocrx_word' id='word_1_190' title='bbox 80 2791 363 2863; x_wconf 81' lang='lat' dir='ltr'><strong>mordaci</strong></span> <span class='ocrx_word' id='word_1_191' title='bbox 396 2797 555 2849; x_wconf 89' lang='lat' dir='ltr'><strong>aceto</strong></span> <span class='ocrx_word' id='word_1_192' title='bbox 587 2798 644 2849; x_wconf 86' lang='lat' dir='ltr'><strong>et</strong></span> <span class='ocrx_word' id='word_1_193' title='bbox 673 2794 857 2849; x_wconf 87' lang='lat' dir='ltr'><strong>multo</strong></span> <span class='ocrx_word' id='word_1_194' title='bbox 890 2794 1009 2851; x_wconf 90' lang='lat' dir='ltr'><strong>sale</strong></span> <span class='ocrx_word' id='word_1_195' title='bbox 1042 2811 1055 2862; x_wconf 89' lang='lat'><strong>;</strong></span> <span class='ocrx_word' id='word_1_196' title='bbox 1088 2793 1229 2866; x_wconf 90' lang='lat' dir='ltr'><strong>quia</strong></span> <span class='ocrx_word' id='word_1_197' title='bbox 1262 2809 1396 2848; x_wconf 87' lang='lat' dir='ltr'><strong>cum</strong></span> <span class='ocrx_word' id='word_1_198' title='bbox 1427 2792 1623 2849; x_wconf 91' lang='lat' dir='ltr'><strong>dolore</strong></span> <span class='ocrx_word' id='word_1_199' title='bbox 1649 2794 1751 2850; x_wconf 85' lang='lat' dir='ltr'><strong>ab-</strong></span> 
     </span>
    </p>
   </div>
   <div class='ocr_carea' id='block_1_30' title="bbox 78 2880 1753 2955">
    <p class='ocr_par' dir='ltr' id='par_1_30' title="bbox 78 2880 1753 2955">
     <span class='ocr_line' id='line_1_30' title="bbox 78 2880 1753 2955; baseline -0.001 -16"><span class='ocrx_word' id='word_1_200' title='bbox 78 2882 428 2939; x_wconf 89' lang='lat' dir='ltr'><strong>scindenda</strong></span> <span class='ocrx_word' id='word_1_201' title='bbox 456 2887 597 2938; x_wconf 89' lang='lat' dir='ltr'><strong>sunt</strong></span> <span class='ocrx_word' id='word_1_202' title='bbox 624 2899 750 2955; x_wconf 66' lang='lat' dir='ltr'><strong>qua:</strong></span> <span class='ocrx_word' id='word_1_203' title='bbox 780 2882 897 2939; x_wconf 90' lang='lat' dir='ltr'><strong>leni</strong></span> <span class='ocrx_word' id='word_1_204' title='bbox 949 2899 1130 2938; x_wconf 92' lang='lat' dir='ltr'><strong>manu</strong></span> <span class='ocrx_word' id='word_1_205' title='bbox 1191 2880 1414 2955; x_wconf 89' lang='lat' dir='ltr'><strong>palpari</strong></span> <span class='ocrx_word' id='word_1_206' title='bbox 1444 2887 1501 2938; x_wconf 90' lang='lat' dir='ltr'><strong>et</strong></span> <span class='ocrx_word' id='word_1_207' title='bbox 1558 2883 1753 2947; x_wconf 84' lang='lat' dir='ltr'><strong>sanari</strong></span> 
     </span>
    </p>
   </div>
   <div class='ocr_carea' id='block_1_31' title="bbox 80 2970 1751 3045">
    <p class='ocr_par' dir='ltr' id='par_1_31' title="bbox 80 2970 1751 3045">
     <span class='ocr_line' id='line_1_31' title="bbox 80 2970 1751 3045; baseline -0.001 -18"><span class='ocrx_word' id='word_1_208' title='bbox 80 2989 206 3028; x_wconf 88' lang='lat' dir='ltr'><strong>non</strong></span> <span class='ocrx_word' id='word_1_209' title='bbox 228 2975 508 3045; x_wconf 88' lang='lat' dir='ltr'><strong>possunt,</strong></span> <span class='ocrx_word' id='word_1_210' title='bbox 541 2976 605 3027; x_wconf 91' lang='lat' dir='ltr'><strong>ut</strong></span> <span class='ocrx_word' id='word_1_211' title='bbox 625 2971 913 3028; x_wconf 90' lang='lat' dir='ltr'><strong>Dominus</strong></span> <span class='ocrx_word' id='word_1_212' title='bbox 935 2972 1232 3040; x_wconf 88' lang='lat' dir='ltr'><strong>admonet,</strong></span> <span class='ocrx_word' id='word_1_213' title='bbox 1251 2970 1451 3027; x_wconf 89' lang='lat' dir='ltr'><strong>dicens</strong></span> <span class='ocrx_word' id='word_1_214' title='bbox 1475 2987 1487 3025; x_wconf 94' lang='lat'>:</span> <span class='ocrx_word' id='word_1_215' title='bbox 1530 2971 1591 3026; x_wconf 87' lang='lat' dir='ltr'><strong>Si</strong></span> <span class='ocrx_word' id='word_1_216' title='bbox 1634 2988 1751 3026; x_wconf 89' lang='lat' dir='ltr'><strong>ma-</strong></span> 
     </span>
    </p>
   </div>
   <div class='ocr_carea' id='block_1_32' title="bbox 74 3060 1749 3133">
    <p class='ocr_par' dir='ltr' id='par_1_32' title="bbox 74 3060 1749 3133">
     <span class='ocr_line' id='line_1_32' title="bbox 74 3060 1749 3133; baseline -0.001 -15"><span class='ocrx_word' id='word_1_217' title='bbox 74 3079 188 3117; x_wconf 85' lang='lat' dir='ltr'><strong>nus</strong></span> <span class='ocrx_word' id='word_1_218' title='bbox 206 3064 339 3129; x_wconf 84' lang='lat' dir='ltr'><strong>tua,</strong></span> <span class='ocrx_word' id='word_1_219' title='bbox 368 3061 701 3133; x_wconf 86' lang='lat' dir='ltr'><strong>velpeltuus</strong></span> <span class='ocrx_word' id='word_1_220' title='bbox 729 3061 1160 3129; x_wconf 69' lang='lat' dir='ltr'><strong>scandalizatte,</strong></span> <span class='ocrx_word' id='word_1_221' title='bbox 1212 3060 1471 3116; x_wconf 83' lang='lat' dir='ltr'><strong>abscinde</strong></span> <span class='ocrx_word' id='word_1_222' title='bbox 1525 3076 1650 3116; x_wconf 87' lang='lat' dir='ltr'><strong>eum</strong></span> <span class='ocrx_word' id='word_1_223' title='bbox 1697 3064 1749 3116; x_wconf 88' lang='lat' dir='ltr'><strong>et</strong></span> 
     </span>
    </p>
   </div>
   <div class='ocr_carea' id='block_1_33' title="bbox 65 3149 1756 3223">
    <p class='ocr_par' dir='ltr' id='par_1_33' title="bbox 65 3149 1756 3223">
     <span class='ocr_line' id='line_1_33' title="bbox 65 3149 1756 3223; baseline -0.002 -16"><span class='ocrx_word' id='word_1_224' title='bbox 65 3151 310 3223; x_wconf 82' lang='lat' dir='ltr'><strong>projice</strong></span> <span class='ocrx_word' id='word_1_225' title='bbox 333 3149 429 3205; x_wconf 92' lang='lat' dir='ltr'><strong>abs</strong></span> <span class='ocrx_word' id='word_1_226' title='bbox 448 3152 601 3205; x_wconf 82' lang='lat' dir='ltr'><strong>te.Et</strong></span> <span class='ocrx_word' id='word_1_227' title='bbox 620 3152 670 3205; x_wconf 88' lang='lat' dir='ltr'><strong>si</strong></span> <span class='ocrx_word' id='word_1_228' title='bbox 688 3150 875 3206; x_wconf 86' lang='lat' dir='ltr'><strong>oculus</strong></span> <span class='ocrx_word' id='word_1_229' title='bbox 894 3152 1025 3205; x_wconf 87' lang='lat' dir='ltr'><strong>tuus</strong></span> <span class='ocrx_word' id='word_1_230' title='bbox 1044 3150 1387 3205; x_wconf 71' lang='lat' dir='ltr'><strong>scandalizat</strong></span> <span class='ocrx_word' id='word_1_231' title='bbox 1408 3158 1611 3216; x_wconf 84' lang='lat' dir='ltr'><strong>te,erue</strong></span> <span class='ocrx_word' id='word_1_232' title='bbox 1630 3167 1756 3207; x_wconf 88' lang='lat' dir='ltr'><strong>eum</strong></span> 
     </span>
    </p>
   </div>
   <div class='ocr_carea' id='block_1_34' title="bbox 1852 660 3502 727">
    <p class='ocr_par' dir='ltr' id='par_1_34' title="bbox 1852 660 3502 727">
     <span class='ocr_line' id='line_1_34' title="bbox 1852 660 3502 727; baseline 0.004 -12"><span class='ocrx_word' id='word_1_233' title='bbox 1852 660 2077 716; x_wconf 83' lang='lat' dir='ltr'><strong>videtur</strong></span> <span class='ocrx_word' id='word_1_234' title='bbox 2097 662 2431 717; x_wconf 83' lang='lat' dir='ltr'><strong>reﬁoruisse</strong></span> <span class='ocrx_word' id='word_1_235' title='bbox 2461 667 2673 718; x_wconf 70' lang='lat' dir='ltr'><strong>sanctas</strong></span> <span class='ocrx_word' id='word_1_236' title='bbox 2701 662 3077 719; x_wconf 65' lang='lat' dir='ltr'><strong>Antiochena:</strong></span> <span class='ocrx_word' id='word_1_237' title='bbox 3100 663 3363 722; x_wconf 67' lang='lat' dir='ltr'><strong>Ecclesiae</strong></span> <span class='ocrx_word' id='word_1_238' title='bbox 3385 671 3502 727; x_wconf 84' lang='lat' dir='ltr'><strong>stu-</strong></span> 
     </span>
    </p>
   </div>
   <div class='ocr_carea' id='block_1_35' title="bbox 1854 748 3505 822">
    <p class='ocr_par' dir='ltr' id='par_1_35' title="bbox 1854 748 3505 822">
     <span class='ocr_line' id='line_1_35' title="bbox 1854 748 3505 822; baseline 0.007 -19"><span class='ocrx_word' id='word_1_239' title='bbox 1854 748 2037 817; x_wconf 89' lang='lat' dir='ltr'><strong>dium,</strong></span> <span class='ocrx_word' id='word_1_240' title='bbox 2071 755 2128 804; x_wconf 88' lang='lat' dir='ltr'><strong>et</strong></span> <span class='ocrx_word' id='word_1_241' title='bbox 2158 750 2375 805; x_wconf 89' lang='lat' dir='ltr'><strong>sentire</strong></span> <span class='ocrx_word' id='word_1_242' title='bbox 2406 752 2561 822; x_wconf 92' lang='lat' dir='ltr'><strong>quod</strong></span> <span class='ocrx_word' id='word_1_243' title='bbox 2596 756 2686 806; x_wconf 87' lang='lat' dir='ltr'><strong>est</strong></span> <span class='ocrx_word' id='word_1_244' title='bbox 2716 752 3113 809; x_wconf 89' lang='lat' dir='ltr'><strong>sentiendum.</strong></span> <span class='ocrx_word' id='word_1_245' title='bbox 3147 756 3210 810; x_wconf 87' lang='lat' dir='ltr'><strong>In</strong></span> <span class='ocrx_word' id='word_1_246' title='bbox 3230 756 3328 810; x_wconf 89' lang='lat' dir='ltr'><strong>hoc</strong></span> <span class='ocrx_word' id='word_1_247' title='bbox 3353 756 3505 815; x_wconf 84' lang='lat' dir='ltr'><strong>enim</strong></span> 
     </span>
    </p>
   </div>
   <div class='ocr_carea' id='block_1_36' title="bbox 1852 840 3503 918">
    <p class='ocr_par' dir='ltr' id='par_1_36' title="bbox 1852 840 3503 918">
     <span class='ocr_line' id='line_1_36' title="bbox 1852 840 3503 918; baseline 0.006 -26"><span class='ocrx_word' id='word_1_248' title='bbox 1852 842 2163 906; x_wconf 83' lang='lat' dir='ltr'><strong>cognoscent</strong></span> <span class='ocrx_word' id='word_1_249' title='bbox 2193 854 2396 918; x_wconf 83' lang='lat' dir='ltr'><strong>omnes,</strong></span> <span class='ocrx_word' id='word_1_250' title='bbox 2430 857 2559 911; x_wconf 75' lang='lat' dir='ltr'><strong>quia</strong></span> <span class='ocrx_word' id='word_1_251' title='bbox 2590 840 2799 896; x_wconf 84' lang='lat' dir='ltr'><strong>Christi</strong></span> <span class='ocrx_word' id='word_1_252' title='bbox 2822 859 3013 897; x_wconf 83' lang='lat' dir='ltr'><strong>sumus</strong></span> <span class='ocrx_word' id='word_1_253' title='bbox 3052 844 3320 915; x_wconf 74' lang='lat' dir='ltr'><strong>discipuli</strong></span> <span class='ocrx_word' id='word_1_254' title='bbox 3379 844 3503 917; x_wconf 88' lang='lat' dir='ltr'><strong>(qui</strong></span> 
     </span>
    </p>
   </div>
   <div class='ocr_carea' id='block_1_37' title="bbox 1855 925 3506 1002">
    <p class='ocr_par' dir='ltr' id='par_1_37' title="bbox 1855 925 3506 1002">
     <span class='ocr_line' id='line_1_37' title="bbox 1855 925 3506 1002; baseline 0.006 -23"><span class='ocrx_word' id='word_1_255' title='bbox 1855 925 2110 998; x_wconf 91' lang='lat' dir='ltr'><strong>primum</strong></span> <span class='ocrx_word' id='word_1_256' title='bbox 2143 926 2201 981; x_wconf 91' lang='lat' dir='ltr'><strong>in</strong></span> <span class='ocrx_word' id='word_1_257' title='bbox 2234 926 2363 998; x_wconf 91' lang='lat' dir='ltr'><strong>ipsa</strong></span> <span class='ocrx_word' id='word_1_258' title='bbox 2388 945 2605 1002; x_wconf 88' lang='lat' dir='ltr'><strong>magna</strong></span> <span class='ocrx_word' id='word_1_259' title='bbox 2622 930 2927 987; x_wconf 85' lang='lat' dir='ltr'><strong>Antiochia</strong></span> <span class='ocrx_word' id='word_1_260' title='bbox 2958 933 3242 988; x_wconf 87' lang='lat' dir='ltr'><strong>nominati</strong></span> <span class='ocrx_word' id='word_1_261' title='bbox 3268 934 3506 989; x_wconf 86' lang='lat' dir='ltr'><strong>fuerunt</strong></span> 
     </span>
    </p>
   </div>
   <div class='ocr_carea' id='block_1_38' title="bbox 1856 1014 3508 1091">
    <p class='ocr_par' dir='ltr' id='par_1_38' title="bbox 1856 1014 3508 1091">
     <span class='ocr_line' id='line_1_38' title="bbox 1856 1014 3508 1091; baseline 0.007 -21"><span class='ocrx_word' id='word_1_262' title='bbox 1856 1014 2221 1084; x_wconf 87' lang='lat' dir='ltr'><strong>Christiani),</strong></span> <span class='ocrx_word' id='word_1_263' title='bbox 2280 1018 2330 1071; x_wconf 89' lang='lat' dir='ltr'><strong>si</strong></span> <span class='ocrx_word' id='word_1_264' title='bbox 2358 1016 2704 1073; x_wconf 82' lang='lat' dir='ltr'><strong>dilectionem</strong></span> <span class='ocrx_word' id='word_1_265' title='bbox 2760 1018 3118 1077; x_wconf 80' lang='lat' dir='ltr'><strong>habuerimus</strong></span> <span class='ocrx_word' id='word_1_266' title='bbox 3147 1022 3508 1091; x_wconf 81' lang='lat' dir='ltr'><strong>adinvincem</strong></span> 
     </span>
    </p>
   </div>
   <div class='ocr_carea' id='block_1_39' title="bbox 1855 1104 3503 1183">
    <p class='ocr_par' dir='ltr' id='par_1_39' title="bbox 1855 1104 3503 1183">
     <span class='ocr_line' id='line_1_39' title="bbox 1855 1104 3503 1183; baseline 0.006 -25"><span class='ocrx_word' id='word_1_267' title='bbox 1855 1104 2034 1176; x_wconf 84' lang='lat' dir='ltr'><strong>(Joan.</strong></span> <span class='ocrx_word' id='word_1_268' title='bbox 2067 1105 2191 1176; x_wconf 88' lang='lat' dir='ltr'><strong>x11),</strong></span> <span class='ocrx_word' id='word_1_269' title='bbox 2224 1110 2275 1159; x_wconf 88' lang='lat' dir='ltr'><strong>et</strong></span> <span class='ocrx_word' id='word_1_270' title='bbox 2326 1106 2565 1177; x_wconf 83' lang='lat' dir='ltr'><strong>idipsum</strong></span> <span class='ocrx_word' id='word_1_271' title='bbox 2593 1106 2897 1164; x_wconf 47' lang='lat' dir='ltr'><strong>disserimus</strong></span> <span class='ocrx_word' id='word_1_272' title='bbox 2913 1126 3118 1179; x_wconf 86' lang='lat' dir='ltr'><strong>omnes,</strong></span> <span class='ocrx_word' id='word_1_273' title='bbox 3150 1115 3203 1166; x_wconf 91' lang='lat' dir='ltr'><strong>et</strong></span> <span class='ocrx_word' id='word_1_274' title='bbox 3233 1128 3347 1166; x_wconf 86' lang='lat' dir='ltr'><strong>non</strong></span> <span class='ocrx_word' id='word_1_275' title='bbox 3373 1112 3503 1183; x_wconf 86' lang='lat' dir='ltr'><strong>fue-</strong></span> 
     </span>
    </p>
   </div>
   <div class='ocr_carea' id='block_1_40' title="bbox 1854 1192 3503 1270">
    <p class='ocr_par' dir='ltr' id='par_1_40' title="bbox 1854 1192 3503 1270">
     <span class='ocr_line' id='line_1_40' title="bbox 1854 1192 3503 1270; baseline 0.007 -24"><span class='ocrx_word' id='word_1_276' title='bbox 1854 1214 1872 1247; x_wconf 74' lang='lat'><strong><em>1</em></strong></span> <span class='ocrx_word' id='word_1_277' title='bbox 1890 1195 1972 1247; x_wconf 84' lang='lat' dir='ltr'><strong>int</strong></span> <span class='ocrx_word' id='word_1_278' title='bbox 2000 1194 2057 1247; x_wconf 88' lang='lat' dir='ltr'><strong>in</strong></span> <span class='ocrx_word' id='word_1_279' title='bbox 2073 1192 2227 1248; x_wconf 82' lang='lat' dir='ltr'><strong>nobis</strong></span> <span class='ocrx_word' id='word_1_280' title='bbox 2256 1193 2518 1250; x_wconf 86' lang='lat' dir='ltr'><strong>shismata</strong></span> <span class='ocrx_word' id='word_1_281' title='bbox 2547 1214 2565 1249; x_wconf 91' lang='lat'><em>:</em></span> <span class='ocrx_word' id='word_1_282' title='bbox 2596 1198 2648 1251; x_wconf 86' lang='lat' dir='ltr'><strong>si</strong></span> <span class='ocrx_word' id='word_1_283' title='bbox 2667 1198 2937 1267; x_wconf 79' lang='lat' dir='ltr'><strong>fuerimus</strong></span> <span class='ocrx_word' id='word_1_284' title='bbox 2967 1201 3195 1270; x_wconf 83' lang='lat' dir='ltr'><strong>perfecti</strong></span> <span class='ocrx_word' id='word_1_285' title='bbox 3224 1201 3285 1255; x_wconf 87' lang='lat' dir='ltr'><strong>in</strong></span> <span class='ocrx_word' id='word_1_286' title='bbox 3315 1201 3503 1259; x_wconf 86' lang='lat' dir='ltr'><strong>eodem</strong></span> 
     </span>
    </p>
   </div>
   <div class='ocr_carea' id='block_1_41' title="bbox 1854 1282 3497 1359">
    <p class='ocr_par' dir='ltr' id='par_1_41' title="bbox 1854 1282 3497 1359">
     <span class='ocr_line' id='line_1_41' title="bbox 1854 1282 3497 1359; baseline 0.005 -24"><span class='ocrx_word' id='word_1_287' title='bbox 1854 1295 2034 1347; x_wconf 87' lang='lat' dir='ltr'><strong>sensu,</strong></span> <span class='ocrx_word' id='word_1_288' title='bbox 2068 1285 2119 1335; x_wconf 87' lang='lat' dir='ltr'><strong>et</strong></span> <span class='ocrx_word' id='word_1_289' title='bbox 2175 1283 2234 1334; x_wconf 85' lang='lat' dir='ltr'><strong>in</strong></span> <span class='ocrx_word' id='word_1_290' title='bbox 2273 1282 2457 1337; x_wconf 84' lang='lat' dir='ltr'><strong>eadem</strong></span> <span class='ocrx_word' id='word_1_291' title='bbox 2504 1286 2733 1339; x_wconf 82' lang='lat' dir='ltr'><strong>scientia</strong></span> <span class='ocrx_word' id='word_1_292' title='bbox 2789 1284 2931 1355; x_wconf 86' lang='lat' dir='ltr'><strong>(Cor.</strong></span> <span class='ocrx_word' id='word_1_293' title='bbox 2990 1286 3052 1356; x_wconf 82' lang='lat'><strong>1).</strong></span> <span class='ocrx_word' id='word_1_294' title='bbox 3096 1286 3292 1359; x_wconf 88' lang='lat' dir='ltr'><strong>Neque</strong></span> <span class='ocrx_word' id='word_1_295' title='bbox 3338 1287 3497 1349; x_wconf 85' lang='lat' dir='ltr'><strong>enim</strong></span> 
     </span>
    </p>
   </div>
   <div class='ocr_carea' id='block_1_42' title="bbox 1857 1369 3497 1442">
    <p class='ocr_par' dir='ltr' id='par_1_42' title="bbox 1857 1369 3497 1442">
     <span class='ocr_line' id='line_1_42' title="bbox 1857 1369 3497 1442; baseline 0.006 -17"><span class='ocrx_word' id='word_1_296' title='bbox 1857 1369 2033 1437; x_wconf 83' lang='lat' dir='ltr'><strong>Deus,</strong></span> <span class='ocrx_word' id='word_1_297' title='bbox 2066 1369 2166 1440; x_wconf 92' lang='lat' dir='ltr'><strong>qui</strong></span> <span class='ocrx_word' id='word_1_298' title='bbox 2198 1386 2353 1426; x_wconf 90' lang='lat' dir='ltr'><strong>unus</strong></span> <span class='ocrx_word' id='word_1_299' title='bbox 2384 1375 2492 1437; x_wconf 88' lang='lat' dir='ltr'><strong>est,</strong></span> <span class='ocrx_word' id='word_1_300' title='bbox 2526 1371 2583 1425; x_wconf 92' lang='lat' dir='ltr'><strong>in</strong></span> <span class='ocrx_word' id='word_1_301' title='bbox 2615 1373 2888 1428; x_wconf 79' lang='lat' dir='ltr'><strong>scissuris</strong></span> <span class='ocrx_word' id='word_1_302' title='bbox 2920 1374 3228 1442; x_wconf 86' lang='lat' dir='ltr'><strong>mentium,</strong></span> <span class='ocrx_word' id='word_1_303' title='bbox 3287 1376 3389 1433; x_wconf 88' lang='lat' dir='ltr'><strong>sed</strong></span> <span class='ocrx_word' id='word_1_304' title='bbox 3437 1376 3497 1437; x_wconf 81' lang='lat' dir='ltr'><strong>in</strong></span> 
     </span>
    </p>
   </div>
   <div class='ocr_carea' id='block_1_43' title="bbox 1856 1457 3501 1531">
    <p class='ocr_par' dir='ltr' id='par_1_43' title="bbox 1856 1457 3501 1531">
     <span class='ocr_line' id='line_1_43' title="bbox 1856 1457 3501 1531; baseline 0.007 -17"><span class='ocrx_word' id='word_1_305' title='bbox 1856 1457 1981 1514; x_wconf 86' lang='lat' dir='ltr'><strong>sola</strong></span> <span class='ocrx_word' id='word_1_306' title='bbox 2005 1458 2227 1514; x_wconf 89' lang='lat' dir='ltr'><strong>unitate</strong></span> <span class='ocrx_word' id='word_1_307' title='bbox 2254 1463 2309 1515; x_wconf 89' lang='lat' dir='ltr'><strong>et</strong></span> <span class='ocrx_word' id='word_1_308' title='bbox 2326 1477 2472 1531; x_wconf 91' lang='lat' dir='ltr'><strong>puro</strong></span> <span class='ocrx_word' id='word_1_309' title='bbox 2495 1462 2666 1516; x_wconf 89' lang='lat' dir='ltr'><strong>corde</strong></span> <span class='ocrx_word' id='word_1_310' title='bbox 2688 1462 2933 1527; x_wconf 83' lang='lat' dir='ltr'><strong>habitat,</strong></span> <span class='ocrx_word' id='word_1_311' title='bbox 2952 1467 3007 1517; x_wconf 90' lang='lat' dir='ltr'><strong>et</strong></span> <span class='ocrx_word' id='word_1_312' title='bbox 3055 1463 3316 1521; x_wconf 85' lang='lat' dir='ltr'><strong>habitare</strong></span> <span class='ocrx_word' id='word_1_313' title='bbox 3363 1465 3501 1525; x_wconf 79' lang='lat' dir='ltr'><strong>facit</strong></span> 
     </span>
    </p>
   </div>
   <div class='ocr_carea' id='block_1_44' title="bbox 1857 1546 3500 1627">
    <p class='ocr_par' dir='ltr' id='par_1_44' title="bbox 1857 1546 3500 1627">
     <span class='ocr_line' id='line_1_44' title="bbox 1857 1546 3500 1627; baseline 0.005 -26"><span class='ocrx_word' id='word_1_314' title='bbox 1857 1546 2167 1604; x_wconf 89' lang='lat' dir='ltr'><strong>unanimes</strong></span> <span class='ocrx_word' id='word_1_315' title='bbox 2189 1547 2245 1602; x_wconf 84' lang='lat' dir='ltr'><strong>in</strong></span> <span class='ocrx_word' id='word_1_316' title='bbox 2263 1547 2742 1622; x_wconf 88' lang='lat' dir='ltr'><strong>domo.Alioquin</strong></span> <span class='ocrx_word' id='word_1_317' title='bbox 2765 1551 2975 1607; x_wconf 90' lang='lat' dir='ltr'><strong>domus</strong></span> <span class='ocrx_word' id='word_1_318' title='bbox 2997 1569 3347 1625; x_wconf 82' lang='lat' dir='ltr'><strong>exasperans</strong></span> <span class='ocrx_word' id='word_1_319' title='bbox 3370 1554 3500 1627; x_wconf 85' lang='lat' dir='ltr'><strong>erit,</strong></span> 
     </span>
    </p>
   </div>
   <div class='ocr_carea' id='block_1_45' title="bbox 1858 1635 3506 1715">
    <p class='ocr_par' dir='ltr' id='par_1_45' title="bbox 1858 1635 3506 1715">
     <span class='ocr_line' id='line_1_45' title="bbox 1858 1635 3506 1715; baseline 0.006 -25"><span class='ocrx_word' id='word_1_320' title='bbox 1858 1652 1961 1690; x_wconf 90' lang='lat' dir='ltr'><strong>nec</strong></span> <span class='ocrx_word' id='word_1_321' title='bbox 1975 1636 2101 1707; x_wconf 87' lang='lat' dir='ltr'><strong>jam</strong></span> <span class='ocrx_word' id='word_1_322' title='bbox 2123 1635 2302 1708; x_wconf 88' lang='lat' dir='ltr'><strong>digna</strong></span> <span class='ocrx_word' id='word_1_323' title='bbox 2321 1636 2511 1691; x_wconf 91' lang='lat' dir='ltr'><strong>vocari</strong></span> <span class='ocrx_word' id='word_1_324' title='bbox 2536 1637 2789 1693; x_wconf 87' lang='lat' dir='ltr'><strong>Ecclesia</strong></span> <span class='ocrx_word' id='word_1_325' title='bbox 2806 1639 2927 1707; x_wconf 89' lang='lat' dir='ltr'><strong>Dei,</strong></span> <span class='ocrx_word' id='word_1_326' title='bbox 2946 1641 3047 1696; x_wconf 87' lang='lat' dir='ltr'><strong>sed</strong></span> <span class='ocrx_word' id='word_1_327' title='bbox 3071 1658 3368 1715; x_wconf 84' lang='lat' dir='ltr'><strong>synagoga</strong></span> <span class='ocrx_word' id='word_1_328' title='bbox 3388 1659 3506 1700; x_wconf 88' lang='lat' dir='ltr'><strong>ma-</strong></span> 
     </span>
    </p>
   </div>
   <div class='ocr_carea' id='block_1_46' title="bbox 1860 1723 3507 1797">
    <p class='ocr_par' dir='ltr' id='par_1_46' title="bbox 1860 1723 3507 1797">
     <span class='ocr_line' id='line_1_46' title="bbox 1860 1723 3507 1797; baseline 0.007 -19"><span class='ocrx_word' id='word_1_329' title='bbox 1860 1723 2205 1797; x_wconf 88' lang='lat' dir='ltr'><strong>ligni.Porro</strong></span> <span class='ocrx_word' id='word_1_330' title='bbox 2228 1725 2380 1780; x_wconf 80' lang='lat' dir='ltr'><strong>sicut</strong></span> <span class='ocrx_word' id='word_1_331' title='bbox 2405 1725 2811 1782; x_wconf 80' lang='lat' dir='ltr'><strong>calamitosum</strong></span> <span class='ocrx_word' id='word_1_332' title='bbox 2834 1729 3211 1797; x_wconf 86' lang='lat' dir='ltr'><strong>est,siunitas</strong></span> <span class='ocrx_word' id='word_1_333' title='bbox 3236 1731 3507 1795; x_wconf 87' lang='lat' dir='ltr'><strong>deestbo-</strong></span> 
     </span>
    </p>
   </div>
   <div class='ocr_carea' id='block_1_47' title="bbox 1859 1811 3508 1893">
    <p class='ocr_par' dir='ltr' id='par_1_47' title="bbox 1859 1811 3508 1893">
     <span class='ocr_line' id='line_1_47' title="bbox 1859 1811 3508 1893; baseline 0.009 -27"><span class='ocrx_word' id='word_1_334' title='bbox 1859 1812 1986 1879; x_wconf 92' lang='lat' dir='ltr'><strong>nis;</strong></span> <span class='ocrx_word' id='word_1_335' title='bbox 2013 1811 2096 1868; x_wconf 88' lang='lat' dir='ltr'><strong>ita</strong></span> <span class='ocrx_word' id='word_1_336' title='bbox 2113 1813 2532 1886; x_wconf 90' lang='lat' dir='ltr'><strong>perniciosum,</strong></span> <span class='ocrx_word' id='word_1_337' title='bbox 2564 1815 2612 1870; x_wconf 92' lang='lat' dir='ltr'><strong>si</strong></span> <span class='ocrx_word' id='word_1_338' title='bbox 2645 1816 3016 1873; x_wconf 87' lang='lat' dir='ltr'><strong>adsitmalis.</strong></span> <span class='ocrx_word' id='word_1_339' title='bbox 3070 1819 3233 1883; x_wconf 91' lang='lat' dir='ltr'><strong>Quod</strong></span> <span class='ocrx_word' id='word_1_340' title='bbox 3281 1819 3409 1893; x_wconf 90' lang='lat' dir='ltr'><strong>ipse</strong></span> <span class='ocrx_word' id='word_1_341' title='bbox 3438 1837 3508 1881; x_wconf 83' lang='lat' dir='ltr'><strong>ex</strong></span> 
     </span>
    </p>
   </div>
   <div class='ocr_carea' id='block_1_48' title="bbox 1858 1900 3504 1982">
    <p class='ocr_par' dir='ltr' id='par_1_48' title="bbox 1858 1900 3504 1982">
     <span class='ocr_line' id='line_1_48' title="bbox 1858 1900 3504 1982; baseline 0.008 -26"><span class='ocrx_word' id='word_1_342' title='bbox 1858 1900 2321 1972; x_wconf 84' lang='lat' dir='ltr'><strong>spcculasanctae</strong></span> <span class='ocrx_word' id='word_1_343' title='bbox 2340 1901 2499 1959; x_wconf 89' lang='lat' dir='ltr'><strong>illius</strong></span> <span class='ocrx_word' id='word_1_344' title='bbox 2518 1903 2905 1973; x_wconf 76' lang='lat' dir='ltr'><strong>Eccicsiae,cui</strong></span> <span class='ocrx_word' id='word_1_345' title='bbox 2926 1907 3139 1963; x_wconf 90' lang='lat' dir='ltr'><strong>videris</strong></span> <span class='ocrx_word' id='word_1_346' title='bbox 3161 1908 3504 1982; x_wconf 81' lang='lat' dir='ltr'><strong>designatus</strong></span> 
     </span>
    </p>
   </div>
   <div class='ocr_carea' id='block_1_49' title="bbox 1858 1990 3500 2065">
    <p class='ocr_par' dir='ltr' id='par_1_49' title="bbox 1858 1990 3500 2065">
     <span class='ocr_line' id='line_1_49' title="bbox 1858 1990 3500 2065; baseline 0.009 -22"><span class='ocrx_word' id='word_1_347' title='bbox 1858 1990 2141 2047; x_wconf 90' lang='lat' dir='ltr'><strong>divinitus</strong></span> <span class='ocrx_word' id='word_1_348' title='bbox 2186 1991 2535 2064; x_wconf 88' lang='lat' dir='ltr'><strong>speculator,</strong></span> <span class='ocrx_word' id='word_1_349' title='bbox 2581 1995 2853 2065; x_wconf 89' lang='lat' dir='ltr'><strong>prudenti</strong></span> <span class='ocrx_word' id='word_1_350' title='bbox 2901 1995 3068 2053; x_wconf 92' lang='lat' dir='ltr'><strong>oculo</strong></span> <span class='ocrx_word' id='word_1_351' title='bbox 3120 1997 3500 2059; x_wconf 83' lang='lat' dir='ltr'><strong>considerans</strong></span> 
     </span>
    </p>
   </div>
   <div class='ocr_carea' id='block_1_50' title="bbox 1860 2080 3500 2158">
    <p class='ocr_par' dir='ltr' id='par_1_50' title="bbox 1860 2080 3500 2158">
     <span class='ocr_line' id='line_1_50' title="bbox 1860 2080 3500 2158; baseline 0.007 -24"><span class='ocrx_word' id='word_1_352' title='bbox 1860 2080 2283 2152; x_wconf 90' lang='lat' dir='ltr'><strong>promotionem</strong></span> <span class='ocrx_word' id='word_1_353' title='bbox 2302 2085 2465 2137; x_wconf 89' lang='lat' dir='ltr'><strong>tuam</strong></span> <span class='ocrx_word' id='word_1_354' title='bbox 2491 2083 2560 2138; x_wconf 89' lang='lat' dir='ltr'><strong>ad</strong></span> <span class='ocrx_word' id='word_1_355' title='bbox 2585 2082 2911 2156; x_wconf 87' lang='lat' dir='ltr'><strong>episcopale</strong></span> <span class='ocrx_word' id='word_1_356' title='bbox 2944 2084 3242 2158; x_wconf 86' lang='lat' dir='ltr'><strong>fastigium</strong></span> <span class='ocrx_word' id='word_1_357' title='bbox 3264 2086 3500 2145; x_wconf 83' lang='lat' dir='ltr'><strong>electio-</strong></span> 
     </span>
    </p>
   </div>
   <div class='ocr_carea' id='block_1_51' title="bbox 1862 2167 3501 2249">
    <p class='ocr_par' dir='ltr' id='par_1_51' title="bbox 1862 2167 3501 2249">
     <span class='ocr_line' id='line_1_51' title="bbox 1862 2167 3501 2249; baseline 0.007 -26"><span class='ocrx_word' id='word_1_358' title='bbox 1862 2185 1934 2224; x_wconf 90' lang='lat' dir='ltr'><strong>ne</strong></span> <span class='ocrx_word' id='word_1_359' title='bbox 1959 2167 2093 2225; x_wconf 85' lang='lat' dir='ltr'><strong>cleri</strong></span> <span class='ocrx_word' id='word_1_360' title='bbox 2114 2173 2169 2226; x_wconf 90' lang='lat' dir='ltr'><strong>et</strong></span> <span class='ocrx_word' id='word_1_361' title='bbox 2188 2170 2408 2243; x_wconf 83' lang='lat' dir='ltr'><strong>pOpuli,</strong></span> <span class='ocrx_word' id='word_1_362' title='bbox 2426 2170 2578 2226; x_wconf 89' lang='lat' dir='ltr'><strong>sicut</strong></span> <span class='ocrx_word' id='word_1_363' title='bbox 2599 2174 2832 2241; x_wconf 89' lang='lat' dir='ltr'><strong>asseris,</strong></span> <span class='ocrx_word' id='word_1_364' title='bbox 2864 2175 3098 2245; x_wconf 89' lang='lat' dir='ltr'><strong>factam,</strong></span> <span class='ocrx_word' id='word_1_365' title='bbox 3121 2180 3299 2249; x_wconf 89' lang='lat' dir='ltr'><strong>atque</strong></span> <span class='ocrx_word' id='word_1_366' title='bbox 3320 2177 3501 2235; x_wconf 84' lang='lat' dir='ltr'><strong>ﬁdem</strong></span> 
     </span>
    </p>
   </div>
   <div class='ocr_carea' id='block_1_52' title="bbox 1860 2259 3501 2343">
    <p class='ocr_par' dir='ltr' id='par_1_52' title="bbox 1860 2259 3501 2343">
     <span class='ocr_line' id='line_1_52' title="bbox 1860 2259 3501 2343; baseline 0.007 -31"><span class='ocrx_word' id='word_1_367' title='bbox 1860 2263 2047 2328; x_wconf 85' lang='lat' dir='ltr'><strong>tuam,</strong></span> <span class='ocrx_word' id='word_1_368' title='bbox 2082 2260 2409 2316; x_wconf 89' lang='lat' dir='ltr'><strong>secundum</strong></span> <span class='ocrx_word' id='word_1_369' title='bbox 2424 2259 2676 2333; x_wconf 61' lang='lat' dir='ltr'><strong>antiqua</strong></span> <span class='ocrx_word' id='word_1_370' title='bbox 2699 2263 3138 2320; x_wconf 88' lang='lat' dir='ltr'><strong>consuetudinis</strong></span> <span class='ocrx_word' id='word_1_371' title='bbox 3158 2262 3501 2343; x_wconf 85' lang='lat' dir='ltr'><strong>religiosum</strong></span> 
     </span>
    </p>
   </div>
   <div class='ocr_carea' id='block_1_53' title="bbox 1861 2346 3505 2429">
    <p class='ocr_par' dir='ltr' id='par_1_53' title="bbox 1861 2346 3505 2429">
     <span class='ocr_line' id='line_1_53' title="bbox 1861 2346 3505 2429; baseline 0.003 -27"><span class='ocrx_word' id='word_1_372' title='bbox 1861 2352 1920 2403; x_wconf 92' lang='lat' dir='ltr'><strong>et</strong></span> <span class='ocrx_word' id='word_1_373' title='bbox 1940 2346 2104 2405; x_wconf 86' lang='lat' dir='ltr'><strong>valde</strong></span> <span class='ocrx_word' id='word_1_374' title='bbox 2128 2348 2524 2404; x_wconf 88' lang='lat' dir='ltr'><strong>necessarium</strong></span> <span class='ocrx_word' id='word_1_375' title='bbox 2547 2350 2830 2417; x_wconf 88' lang='lat' dir='ltr'><strong>studium,</strong></span> <span class='ocrx_word' id='word_1_376' title='bbox 2854 2351 3183 2423; x_wconf 71' lang='lat' dir='ltr'><strong>apostolica:</strong></span> <span class='ocrx_word' id='word_1_377' title='bbox 3208 2357 3265 2408; x_wconf 90' lang='lat' dir='ltr'><strong>et</strong></span> <span class='ocrx_word' id='word_1_378' title='bbox 3304 2354 3505 2429; x_wconf 63' lang='lat' dir='ltr'><strong>prima</strong></span> 
     </span>
    </p>
   </div>
   <div class='ocr_carea' id='block_1_54' title="bbox 1863 2435 3507 2513">
    <p class='ocr_par' dir='ltr' id='par_1_54' title="bbox 1863 2435 3507 2513">
     <span class='ocr_line' id='line_1_54' title="bbox 1863 2435 3507 2513; baseline 0.005 -23"><span class='ocrx_word' id='word_1_379' title='bbox 1863 2435 2252 2502; x_wconf 89' lang='lat' dir='ltr'><strong>sedi,cui,Deo</strong></span> <span class='ocrx_word' id='word_1_380' title='bbox 2275 2442 2532 2505; x_wconf 89' lang='lat' dir='ltr'><strong>auctore,</strong></span> <span class='ocrx_word' id='word_1_381' title='bbox 2557 2439 2827 2509; x_wconf 87' lang='lat' dir='ltr'><strong>quamvis</strong></span> <span class='ocrx_word' id='word_1_382' title='bbox 2851 2439 3077 2513; x_wconf 88' lang='lat' dir='ltr'><strong>indigni</strong></span> <span class='ocrx_word' id='word_1_383' title='bbox 3098 2441 3507 2513; x_wconf 72' lang='lat' dir='ltr'><strong>przesidemus,</strong></span> 
     </span>
    </p>
   </div>
   <div class='ocr_carea' id='block_1_55' title="bbox 1864 2526 3511 2601">
    <p class='ocr_par' dir='ltr' id='par_1_55' title="bbox 1864 2526 3511 2601">
     <span class='ocr_line' id='line_1_55' title="bbox 1864 2526 3511 2601; baseline 0.004 -22"><span class='ocrx_word' id='word_1_384' title='bbox 1864 2526 2211 2581; x_wconf 88' lang='lat' dir='ltr'><strong>annuntiare</strong></span> <span class='ocrx_word' id='word_1_385' title='bbox 2234 2531 2289 2580; x_wconf 90' lang='lat' dir='ltr'><strong>et</strong></span> <span class='ocrx_word' id='word_1_386' title='bbox 2308 2541 2593 2597; x_wconf 83' lang='lat' dir='ltr'><strong>exponere</strong></span> <span class='ocrx_word' id='word_1_387' title='bbox 2610 2530 2850 2584; x_wconf 85' lang='lat' dir='ltr'><strong>curasti.</strong></span> <span class='ocrx_word' id='word_1_388' title='bbox 2878 2530 2940 2584; x_wconf 91' lang='lat' dir='ltr'><strong>In</strong></span> <span class='ocrx_word' id='word_1_389' title='bbox 2962 2545 3078 2601; x_wconf 90' lang='lat' dir='ltr'><strong>quo</strong></span> <span class='ocrx_word' id='word_1_390' title='bbox 3101 2530 3251 2586; x_wconf 87' lang='lat' dir='ltr'><strong>facto</strong></span> <span class='ocrx_word' id='word_1_391' title='bbox 3287 2532 3511 2588; x_wconf 90' lang='lat' dir='ltr'><strong>noverit</strong></span> 
     </span>
    </p>
   </div>
   <div class='ocr_carea' id='block_1_56' title="bbox 1862 2613 3507 2692">
    <p class='ocr_par' dir='ltr' id='par_1_56' title="bbox 1862 2613 3507 2692">
     <span class='ocr_line' id='line_1_56' title="bbox 1862 2613 3507 2692; baseline 0.005 -24"><span class='ocrx_word' id='word_1_392' title='bbox 1862 2617 1963 2669; x_wconf 91' lang='lat' dir='ltr'><strong>tua</strong></span> <span class='ocrx_word' id='word_1_393' title='bbox 1984 2613 2215 2670; x_wconf 89' lang='lat' dir='ltr'><strong>dilectio</strong></span> <span class='ocrx_word' id='word_1_394' title='bbox 2242 2631 2348 2670; x_wconf 92' lang='lat' dir='ltr'><strong>nos</strong></span> <span class='ocrx_word' id='word_1_395' title='bbox 2393 2614 2715 2687; x_wconf 88' lang='lat' dir='ltr'><strong>plurimum</strong></span> <span class='ocrx_word' id='word_1_396' title='bbox 2759 2622 3050 2674; x_wconf 89' lang='lat' dir='ltr'><strong>recreatos</strong></span> <span class='ocrx_word' id='word_1_397' title='bbox 3106 2622 3163 2674; x_wconf 89' lang='lat' dir='ltr'><strong>et</strong></span> <span class='ocrx_word' id='word_1_398' title='bbox 3186 2618 3416 2692; x_wconf 88' lang='lat' dir='ltr'><strong>gavisos</strong></span> <span class='ocrx_word' id='word_1_399' title='bbox 3445 2620 3507 2677; x_wconf 91' lang='lat' dir='ltr'><strong>in</strong></span> 
     </span>
    </p>
   </div>
   <div class='ocr_carea' id='block_1_57' title="bbox 1861 2701 3505 2777">
    <p class='ocr_par' dir='ltr' id='par_1_57' title="bbox 1861 2701 3505 2777">
     <span class='ocr_line' id='line_1_57' title="bbox 1861 2701 3505 2777; baseline 0.006 -22"><span class='ocrx_word' id='word_1_400' title='bbox 1861 2701 2106 2756; x_wconf 89' lang='lat' dir='ltr'><strong>Domino</strong></span> <span class='ocrx_word' id='word_1_401' title='bbox 2131 2720 2143 2770; x_wconf 93' lang='lat'>;</span> <span class='ocrx_word' id='word_1_402' title='bbox 2175 2703 2333 2775; x_wconf 87' lang='lat' dir='ltr'><strong>quia,</strong></span> <span class='ocrx_word' id='word_1_403' title='bbox 2358 2704 2513 2775; x_wconf 90' lang='lat' dir='ltr'><strong>quod</strong></span> <span class='ocrx_word' id='word_1_404' title='bbox 2532 2703 2782 2760; x_wconf 88' lang='lat' dir='ltr'><strong>maxime</strong></span> <span class='ocrx_word' id='word_1_405' title='bbox 2810 2707 3134 2777; x_wconf 88' lang='lat' dir='ltr'><strong>oportebat,</strong></span> <span class='ocrx_word' id='word_1_406' title='bbox 3159 2707 3265 2763; x_wconf 89' lang='lat' dir='ltr'><strong>tibi</strong></span> <span class='ocrx_word' id='word_1_407' title='bbox 3296 2712 3353 2763; x_wconf 91' lang='lat' dir='ltr'><strong>et</strong></span> <span class='ocrx_word' id='word_1_408' title='bbox 3396 2708 3505 2765; x_wconf 89' lang='lat' dir='ltr'><strong>Eo-</strong></span> 
     </span>
    </p>
   </div>
   <div class='ocr_carea' id='block_1_58' title="bbox 1861 2788 3503 2865">
    <p class='ocr_par' dir='ltr' id='par_1_58' title="bbox 1861 2788 3503 2865">
     <span class='ocr_line' id='line_1_58' title="bbox 1861 2788 3503 2865; baseline 0.005 -21"><span class='ocrx_word' id='word_1_409' title='bbox 1861 2788 2049 2845; x_wconf 74' lang='lat' dir='ltr'><strong>clesise</strong></span> <span class='ocrx_word' id='word_1_410' title='bbox 2072 2790 2161 2845; x_wconf 90' lang='lat' dir='ltr'><strong>cui</strong></span> <span class='ocrx_word' id='word_1_411' title='bbox 2186 2791 2588 2864; x_wconf 87' lang='lat' dir='ltr'><strong>temporaliter</strong></span> <span class='ocrx_word' id='word_1_412' title='bbox 2602 2793 2880 2865; x_wconf 70' lang='lat' dir='ltr'><strong>praesides</strong></span> <span class='ocrx_word' id='word_1_413' title='bbox 2902 2810 3017 2849; x_wconf 90' lang='lat' dir='ltr'><strong>non</strong></span> <span class='ocrx_word' id='word_1_414' title='bbox 3041 2794 3325 2852; x_wconf 87' lang='lat' dir='ltr'><strong>distulisti</strong></span> <span class='ocrx_word' id='word_1_415' title='bbox 3377 2797 3503 2852; x_wconf 83' lang='lat' dir='ltr'><strong>efﬁ-</strong></span> 
     </span>
    </p>
   </div>
   <div class='ocr_carea' id='block_1_59' title="bbox 1861 2878 3504 2953">
    <p class='ocr_par' dir='ltr' id='par_1_59' title="bbox 1861 2878 3504 2953">
     <span class='ocr_line' id='line_1_59' title="bbox 1861 2878 3504 2953; baseline 0.005 -20"><span class='ocrx_word' id='word_1_416' title='bbox 1861 2894 2009 2933; x_wconf 90' lang='lat' dir='ltr'><strong>cere.</strong></span> <span class='ocrx_word' id='word_1_417' title='bbox 2062 2878 2359 2950; x_wconf 89' lang='lat' dir='ltr'><strong>Siquidem</strong></span> <span class='ocrx_word' id='word_1_418' title='bbox 2391 2880 2464 2936; x_wconf 90' lang='lat' dir='ltr'><strong>ab</strong></span> <span class='ocrx_word' id='word_1_419' title='bbox 2522 2880 2839 2953; x_wconf 89' lang='lat' dir='ltr'><strong>apostolica</strong></span> <span class='ocrx_word' id='word_1_420' title='bbox 2896 2887 2999 2939; x_wconf 88' lang='lat' dir='ltr'><strong>tua</strong></span> <span class='ocrx_word' id='word_1_421' title='bbox 3054 2884 3191 2940; x_wconf 89' lang='lat' dir='ltr'><strong>sede</strong></span> <span class='ocrx_word' id='word_1_422' title='bbox 3241 2888 3504 2942; x_wconf 86' lang='lat' dir='ltr'><strong>nostram</strong></span> 
     </span>
    </p>
   </div>
   <div class='ocr_carea' id='block_1_60' title="bbox 1862 2967 3509 3044">
    <p class='ocr_par' dir='ltr' id='par_1_60' title="bbox 1862 2967 3509 3044">
     <span class='ocr_line' id='line_1_60' title="bbox 1862 2967 3509 3044; baseline 0.007 -22"><span class='ocrx_word' id='word_1_423' title='bbox 1862 2967 2239 3040; x_wconf 87' lang='lat' dir='ltr'><strong>apostolicam</strong></span> <span class='ocrx_word' id='word_1_424' title='bbox 2261 2969 2459 3025; x_wconf 87' lang='lat' dir='ltr'><strong>sedem</strong></span> <span class='ocrx_word' id='word_1_425' title='bbox 2490 2969 2869 3039; x_wconf 89' lang='lat' dir='ltr'><strong>consulendo,</strong></span> <span class='ocrx_word' id='word_1_426' title='bbox 2902 2973 3322 3044; x_wconf 88' lang='lat' dir='ltr'><strong>perpendimus</strong></span> <span class='ocrx_word' id='word_1_427' title='bbox 3344 2979 3509 3033; x_wconf 86' lang='lat' dir='ltr'><strong>tuam</strong></span> 
     </span>
    </p>
   </div>
   <div class='ocr_carea' id='block_1_61' title="bbox 1864 3055 3511 3123">
    <p class='ocr_par' dir='ltr' id='par_1_61' title="bbox 1864 3055 3511 3123">
     <span class='ocr_line' id='line_1_61' title="bbox 1864 3055 3511 3123; baseline 0.006 -12"><span class='ocrx_word' id='word_1_428' title='bbox 1864 3055 2232 3112; x_wconf 86' lang='lat' dir='ltr'><strong>dilectionem</strong></span> <span class='ocrx_word' id='word_1_429' title='bbox 2260 3056 2414 3113; x_wconf 91' lang='lat' dir='ltr'><strong>nolle</strong></span> <span class='ocrx_word' id='word_1_430' title='bbox 2443 3059 2672 3115; x_wconf 88' lang='lat' dir='ltr'><strong>deviare</strong></span> <span class='ocrx_word' id='word_1_431' title='bbox 2708 3076 2742 3114; x_wconf 93' lang='lat' dir='ltr'><strong>a</strong></span> <span class='ocrx_word' id='word_1_432' title='bbox 2770 3060 3074 3117; x_wconf 90' lang='lat' dir='ltr'><strong>Dominico</strong></span> <span class='ocrx_word' id='word_1_433' title='bbox 3129 3066 3188 3119; x_wconf 90' lang='lat' dir='ltr'><strong>et</strong></span> <span class='ocrx_word' id='word_1_434' title='bbox 3243 3063 3511 3123; x_wconf 88' lang='lat' dir='ltr'><strong>omnium</strong></span> 
     </span>
    </p>
   </div>
   <div class='ocr_carea' id='block_1_62' title="bbox 1863 3148 3511 3223">
    <p class='ocr_par' dir='ltr' id='par_1_62' title="bbox 1863 3148 3511 3223">
     <span class='ocr_line' id='line_1_62' title="bbox 1863 3148 3511 3223; baseline 0.005 -23"><span class='ocrx_word' id='word_1_435' title='bbox 1863 3152 2197 3202; x_wconf 87' lang='lat' dir='ltr'><strong>sanctorum</strong></span> <span class='ocrx_word' id='word_1_436' title='bbox 2232 3150 2472 3202; x_wconf 89' lang='lat' dir='ltr'><strong>Patrum</strong></span> <span class='ocrx_word' id='word_1_437' title='bbox 2506 3148 2779 3208; x_wconf 86' lang='lat' dir='ltr'><strong>concordi</strong></span> <span class='ocrx_word' id='word_1_438' title='bbox 2809 3149 3060 3216; x_wconf 89' lang='lat' dir='ltr'><strong>decreto,</strong></span> <span class='ocrx_word' id='word_1_439' title='bbox 3096 3167 3212 3223; x_wconf 89' lang='lat' dir='ltr'><strong>quo</strong></span> <span class='ocrx_word' id='word_1_440' title='bbox 3268 3151 3511 3208; x_wconf 90' lang='lat' dir='ltr'><strong>inviola-</strong></span> 
     </span>
    </p>
   </div>
   <div class='ocr_carea' id='block_1_63' title="bbox 71 3232 3511 3312">
    <p class='ocr_par' dir='ltr' id='par_1_63' title="bbox 71 3232 3511 3312">
     <span class='ocr_line' id='line_1_63' title="bbox 71 3232 3511 3312; baseline 0 -17"><span class='ocrx_word' id='word_1_441' title='bbox 71 3239 309 3312; x_wconf 74' lang='lat' dir='ltr'><strong>(Matth.</strong></span> <span class='ocrx_word' id='word_1_442' title='bbox 334 3242 518 3308; x_wconf 83' lang='lat' dir='ltr'><strong>xvm).</strong></span> <span class='ocrx_word' id='word_1_443' title='bbox 570 3239 680 3296; x_wconf 90' lang='lat' dir='ltr'><strong>Sed</strong></span> <span class='ocrx_word' id='word_1_444' title='bbox 738 3239 1036 3295; x_wconf 89' lang='lat' dir='ltr'><strong>miseratio</strong></span> <span class='ocrx_word' id='word_1_445' title='bbox 1087 3238 1184 3294; x_wconf 88' lang='lat' dir='ltr'><strong>Dei</strong></span> <span class='ocrx_word' id='word_1_446' title='bbox 1240 3239 1573 3311; x_wconf 69' lang='lat' dir='ltr'><strong>praecedens</strong></span> <span class='ocrx_word' id='word_1_447' title='bbox 1631 3238 1752 3294; x_wconf 67' lang='lat' dir='ltr'><strong>haec</strong></span> <span class='ocrx_word' id='word_1_448' title='bbox 1793 3306 1823 3312; x_wconf 76' lang='lat'>_</span> <span class='ocrx_word' id='word_1_449' title='bbox 1862 3232 2056 3289; x_wconf 89' lang='lat' dir='ltr'><strong>biliter</strong></span> <span class='ocrx_word' id='word_1_450' title='bbox 2077 3235 2302 3291; x_wconf 89' lang='lat' dir='ltr'><strong>cunctis</strong></span> <span class='ocrx_word' id='word_1_451' title='bbox 2333 3235 2393 3290; x_wconf 91' lang='lat' dir='ltr'><strong>in</strong></span> <span class='ocrx_word' id='word_1_452' title='bbox 2424 3240 2544 3291; x_wconf 92' lang='lat' dir='ltr'><strong>toto</strong></span> <span class='ocrx_word' id='word_1_453' title='bbox 2573 3236 2711 3292; x_wconf 93' lang='lat' dir='ltr'><strong>orbe</strong></span> <span class='ocrx_word' id='word_1_454' title='bbox 2750 3241 3040 3294; x_wconf 90' lang='lat' dir='ltr'><strong>terrarum</strong></span> <span class='ocrx_word' id='word_1_455' title='bbox 3070 3239 3511 3308; x_wconf 81' lang='lat' dir='ltr'><strong>Ecclesiis,san—</strong></span> 
     </span>
    </p>
   </div>
   <div class='ocr_carea' id='block_1_64' title="bbox 70 3306 1616 3400">
    <p class='ocr_par' dir='ltr' id='par_1_64' title="bbox 70 3306 1610 3400">
     <span class='ocr_line' id='line_1_64' title="bbox 70 3306 1610 3400; baseline -0.001 -15"><span class='ocrx_word' id='word_1_456' title='bbox 70 3306 300 3387; x_wconf 77' lang='lat' dir='ltr'><strong>nostra</strong></span> <span class='ocrx_word' id='word_1_457' title='bbox 333 3306 511 3397; x_wconf 87' lang='lat' dir='ltr'><strong>dicta,</strong></span> <span class='ocrx_word' id='word_1_458' title='bbox 544 3331 742 3400; x_wconf 88' lang='lat' dir='ltr'><strong>parcet</strong></span> <span class='ocrx_word' id='word_1_459' title='bbox 772 3331 829 3383; x_wconf 91' lang='lat' dir='ltr'><strong>et</strong></span> <span class='ocrx_word' id='word_1_460' title='bbox 858 3327 1027 3384; x_wconf 92' lang='lat' dir='ltr'><strong>nobis</strong></span> <span class='ocrx_word' id='word_1_461' title='bbox 1057 3331 1115 3384; x_wconf 92' lang='lat' dir='ltr'><strong>et</strong></span> <span class='ocrx_word' id='word_1_462' title='bbox 1141 3306 1326 3397; x_wconf 69' lang='lat' dir='ltr'><strong>vobis,</strong></span> <span class='ocrx_word' id='word_1_463' title='bbox 1360 3332 1427 3383; x_wconf 91' lang='lat' dir='ltr'><strong>ut</strong></span> <span class='ocrx_word' id='word_1_464' title='bbox 1476 3327 1610 3384; x_wconf 89' lang='lat' dir='ltr'><strong>dein</strong></span> 
     </span>
    </p>
   </div>
   <div class='ocr_carea' id='block_1_65' title="bbox 1958 3306 3504 3400">
    <p class='ocr_par' dir='ltr' id='par_1_65' title="bbox 1987 3306 3504 3399">
     <span class='ocr_line' id='line_1_65' title="bbox 1987 3306 3504 3399; baseline 0.005 -22"><span class='ocrx_word' id='word_1_465' title='bbox 1987 3323 2247 3378; x_wconf 84' lang='lat' dir='ltr'><strong>Romana</strong></span> <span class='ocrx_word' id='word_1_466' title='bbox 2277 3328 2335 3378; x_wconf 89' lang='lat' dir='ltr'><strong>et</strong></span> <span class='ocrx_word' id='word_1_467' title='bbox 2365 3323 2684 3396; x_wconf 90' lang='lat' dir='ltr'><strong>apostolica</strong></span> <span class='ocrx_word' id='word_1_468' title='bbox 2714 3326 2883 3381; x_wconf 87' lang='lat' dir='ltr'><strong>sedes</strong></span> <span class='ocrx_word' id='word_1_469' title='bbox 2913 3331 3086 3399; x_wconf 90' lang='lat' dir='ltr'><strong>caput</strong></span> <span class='ocrx_word' id='word_1_470' title='bbox 3123 3306 3504 3399; x_wconf 76' lang='lat' dir='ltr'><strong>praeponitur,</strong></span> 
     </span>
    </p>
   </div>
   <div class='ocr_carea' id='block_1_66' title="bbox 67 3411 3499 3490">
    <p class='ocr_par' dir='ltr' id='par_1_66' title="bbox 67 3411 3499 3490">
     <span class='ocr_line' id='line_1_66' title="bbox 67 3411 3499 3490; baseline -0.001 -14"><span class='ocrx_word' id='word_1_471' title='bbox 67 3435 198 3485; x_wconf 82' lang='lat' dir='ltr'><strong>non</strong></span> <span class='ocrx_word' id='word_1_472' title='bbox 236 3419 330 3475; x_wconf 89' lang='lat' dir='ltr'><strong>sit</strong></span> <span class='ocrx_word' id='word_1_473' title='bbox 356 3432 595 3473; x_wconf 90' lang='lat' dir='ltr'><strong>necesse</strong></span> <span class='ocrx_word' id='word_1_474' title='bbox 621 3417 774 3473; x_wconf 91' lang='lat' dir='ltr'><strong>circa</strong></span> <span class='ocrx_word' id='word_1_475' title='bbox 803 3417 1156 3490; x_wconf 70' lang='lat' dir='ltr'><strong>quazstiones</strong></span> <span class='ocrx_word' id='word_1_476' title='bbox 1186 3421 1244 3472; x_wconf 91' lang='lat' dir='ltr'><strong>et</strong></span> <span class='ocrx_word' id='word_1_477' title='bbox 1273 3432 1502 3489; x_wconf 89' lang='lat' dir='ltr'><strong>pugnas</strong></span> <span class='ocrx_word' id='word_1_478' title='bbox 1548 3417 1751 3472; x_wconf 84' lang='lat' dir='ltr'><strong>verbo-</strong></span> <span class='ocrx_word' id='word_1_479' title='bbox 1864 3411 1934 3467; x_wconf 89' lang='lat' dir='ltr'><strong>ad</strong></span> <span class='ocrx_word' id='word_1_480' title='bbox 1959 3428 2136 3483; x_wconf 91' lang='lat' dir='ltr'><strong>quam</strong></span> <span class='ocrx_word' id='word_1_481' title='bbox 2160 3413 2411 3483; x_wconf 88' lang='lat' dir='ltr'><strong>majores</strong></span> <span class='ocrx_word' id='word_1_482' title='bbox 2433 3413 3061 3470; x_wconf 81' lang='lat' dir='ltr'><strong>etdifﬁciliorescausae</strong></span> <span class='ocrx_word' id='word_1_483' title='bbox 3084 3416 3353 3472; x_wconf 89' lang='lat' dir='ltr'><strong>omnium</strong></span> <span class='ocrx_word' id='word_1_484' title='bbox 3400 3417 3499 3474; x_wconf 88' lang='lat' dir='ltr'><strong>Ec-</strong></span> 
     </span>
    </p>
   </div>
   <div class='ocr_carea' id='block_1_67' title="bbox 64 3499 3506 3581">
    <p class='ocr_par' dir='ltr' id='par_1_67' title="bbox 64 3499 3506 3581">
     <span class='ocr_line' id='line_1_67' title="bbox 64 3499 3506 3581; baseline -0.001 -17"><span class='ocrx_word' id='word_1_485' title='bbox 64 3526 212 3564; x_wconf 87' lang='lat' dir='ltr'><strong>rum</strong></span> <span class='ocrx_word' id='word_1_486' title='bbox 243 3506 658 3578; x_wconf 87' lang='lat' dir='ltr'><strong>occupari,sed</strong></span> <span class='ocrx_word' id='word_1_487' title='bbox 691 3522 759 3561; x_wconf 83' lang='lat' dir='ltr'><strong>ex</strong></span> <span class='ocrx_word' id='word_1_488' title='bbox 787 3504 997 3567; x_wconf 89' lang='lat' dir='ltr'><strong>divinis</strong></span> <span class='ocrx_word' id='word_1_489' title='bbox 1018 3505 1251 3581; x_wconf 78' lang='lat' dir='ltr'><strong>paginis</strong></span> <span class='ocrx_word' id='word_1_490' title='bbox 1278 3510 1537 3561; x_wconf 88' lang='lat' dir='ltr'><strong>nostram</strong></span> <span class='ocrx_word' id='word_1_491' title='bbox 1561 3504 1619 3560; x_wconf 87' lang='lat' dir='ltr'><strong>in</strong></span> <span class='ocrx_word' id='word_1_492' title='bbox 1643 3505 1751 3561; x_wconf 88' lang='lat' dir='ltr'><strong>hoc</strong></span> <span class='ocrx_word' id='word_1_493' title='bbox 1861 3499 2170 3554; x_wconf 89' lang='lat' dir='ltr'><strong>clesiarum</strong></span> <span class='ocrx_word' id='word_1_494' title='bbox 2188 3500 2529 3555; x_wconf 66' lang='lat' dir='ltr'><strong>deﬁniendis</strong></span> <span class='ocrx_word' id='word_1_495' title='bbox 2559 3501 3000 3558; x_wconf 84' lang='lat' dir='ltr'><strong>referantur.Sic</strong></span> <span class='ocrx_word' id='word_1_496' title='bbox 3016 3504 3213 3559; x_wconf 87' lang='lat' dir='ltr'><strong>omnia</strong></span> <span class='ocrx_word' id='word_1_497' title='bbox 3226 3521 3506 3561; x_wconf 89' lang='lat' dir='ltr'><strong>veneran-</strong></span> 
     </span>
    </p>
   </div>
   <div class='ocr_carea' id='block_1_68' title="bbox 62 3587 3505 3668">
    <p class='ocr_par' dir='ltr' id='par_1_68' title="bbox 62 3587 3505 3668">
     <span class='ocr_line' id='line_1_68' title="bbox 62 3587 3505 3668; baseline -0.001 -14"><span class='ocrx_word' id='word_1_498' title='bbox 62 3597 318 3654; x_wconf 90' lang='lat' dir='ltr'><strong>mundo</strong></span> <span class='ocrx_word' id='word_1_499' title='bbox 354 3595 882 3668; x_wconf 88' lang='lat' dir='ltr'><strong>peregrinationem</strong></span> <span class='ocrx_word' id='word_1_500' title='bbox 920 3593 1169 3653; x_wconf 88' lang='lat' dir='ltr'><strong>invicem</strong></span> <span class='ocrx_word' id='word_1_501' title='bbox 1204 3592 1516 3661; x_wconf 89' lang='lat' dir='ltr'><strong>consolari,</strong></span> <span class='ocrx_word' id='word_1_502' title='bbox 1562 3598 1620 3651; x_wconf 89' lang='lat' dir='ltr'><strong>et</strong></span> <span class='ocrx_word' id='word_1_503' title='bbox 1649 3611 1749 3667; x_wconf 85' lang='lat' dir='ltr'><strong>pa-</strong></span> <span class='ocrx_word' id='word_1_504' title='bbox 1867 3588 1940 3644; x_wconf 91' lang='lat' dir='ltr'><strong>da</strong></span> <span class='ocrx_word' id='word_1_505' title='bbox 1962 3587 2227 3653; x_wconf 90' lang='lat' dir='ltr'><strong>concilia,</strong></span> <span class='ocrx_word' id='word_1_506' title='bbox 2252 3587 2336 3644; x_wconf 91' lang='lat' dir='ltr'><strong>sic</strong></span> <span class='ocrx_word' id='word_1_507' title='bbox 2363 3588 2518 3661; x_wconf 88' lang='lat' dir='ltr'><strong>leges</strong></span> <span class='ocrx_word' id='word_1_508' title='bbox 2540 3588 2809 3645; x_wconf 79' lang='lat' dir='ltr'><strong>humanae</strong></span> <span class='ocrx_word' id='word_1_509' title='bbox 2830 3592 3225 3665; x_wconf 85' lang='lat' dir='ltr'><strong>promulgant,</strong></span> <span class='ocrx_word' id='word_1_510' title='bbox 3265 3594 3350 3650; x_wconf 90' lang='lat' dir='ltr'><strong>sic</strong></span> <span class='ocrx_word' id='word_1_511' title='bbox 3379 3594 3505 3666; x_wconf 88' lang='lat' dir='ltr'><strong>ipse</strong></span> 
     </span>
    </p>
   </div>
   <div class='ocr_carea' id='block_1_69' title="bbox 67 3682 1752 3751">
    <p class='ocr_par' dir='ltr' id='par_1_69' title="bbox 67 3682 1752 3751">
     <span class='ocr_line' id='line_1_69' title="bbox 67 3682 1752 3751; baseline -0.002 -10"><span class='ocrx_word' id='word_1_512' title='bbox 67 3687 254 3743; x_wconf 82' lang='lat' dir='ltr'><strong>citice</strong></span> <span class='ocrx_word' id='word_1_513' title='bbox 277 3684 611 3751; x_wconf 87' lang='lat' dir='ltr'><strong>adhortari,</strong></span> <span class='ocrx_word' id='word_1_514' title='bbox 631 3689 697 3739; x_wconf 89' lang='lat' dir='ltr'><strong>ut</strong></span> <span class='ocrx_word' id='word_1_515' title='bbox 716 3683 1029 3739; x_wconf 87' lang='lat' dir='ltr'><strong>Psalmista</strong></span> <span class='ocrx_word' id='word_1_516' title='bbox 1053 3682 1210 3741; x_wconf 87' lang='lat' dir='ltr'><strong>canit</strong></span> <span class='ocrx_word' id='word_1_517' title='bbox 1233 3700 1246 3739; x_wconf 93' lang='lat'><strong>:</strong></span> <span class='ocrx_word' id='word_1_518' title='bbox 1272 3684 1393 3738; x_wconf 72' lang='lat' dir='ltr'><strong>Pax</strong></span> <span class='ocrx_word' id='word_1_519' title='bbox 1419 3684 1596 3738; x_wconf 84' lang='lat' dir='ltr'><strong>multa</strong></span> <span class='ocrx_word' id='word_1_520' title='bbox 1625 3682 1752 3738; x_wconf 86' lang='lat' dir='ltr'><strong>dili-</strong></span> 
     </span>
    </p>
   </div>
   <div class='ocr_carea' id='block_1_70' title="bbox 62 3771 1750 3848">
    <p class='ocr_par' dir='ltr' id='par_1_70' title="bbox 62 3771 1750 3848">
     <span class='ocr_line' id='line_1_70' title="bbox 62 3771 1750 3848; baseline -0.004 -16"><span class='ocrx_word' id='word_1_521' title='bbox 62 3775 358 3848; x_wconf 78' lang='lat' dir='ltr'><strong>gentibus</strong></span> <span class='ocrx_word' id='word_1_522' title='bbox 387 3773 561 3843; x_wconf 84' lang='lat' dir='ltr'><strong>legem</strong></span> <span class='ocrx_word' id='word_1_523' title='bbox 588 3780 759 3840; x_wconf 88' lang='lat' dir='ltr'><strong>tuam,</strong></span> <span class='ocrx_word' id='word_1_524' title='bbox 793 3773 1038 3836; x_wconf 79' lang='lat' dir='ltr'><strong>Domine,</strong></span> <span class='ocrx_word' id='word_1_525' title='bbox 1088 3780 1139 3827; x_wconf 87' lang='lat' dir='ltr'><strong>et</strong></span> <span class='ocrx_word' id='word_1_526' title='bbox 1168 3787 1277 3827; x_wconf 89' lang='lat' dir='ltr'><strong>non</strong></span> <span class='ocrx_word' id='word_1_527' title='bbox 1322 3774 1401 3827; x_wconf 89' lang='lat' dir='ltr'><strong>est</strong></span> <span class='ocrx_word' id='word_1_528' title='bbox 1430 3771 1546 3826; x_wconf 84' lang='lat' dir='ltr'><strong>illis</strong></span> <span class='ocrx_word' id='word_1_529' title='bbox 1590 3788 1750 3827; x_wconf 87' lang='lat' dir='ltr'><strong>scan-</strong></span> 
     </span>
    </p>
   </div>
   <div class='ocr_carea' id='block_1_71' title="bbox 61 3860 1749 3935">
    <p class='ocr_par' dir='ltr' id='par_1_71' title="bbox 61 3860 1749 3935">
     <span class='ocr_line' id='line_1_71' title="bbox 61 3860 1749 3935; baseline -0.003 -14"><span class='ocrx_word' id='word_1_530' title='bbox 61 3866 283 3921; x_wconf 84' lang='lat' dir='ltr'><strong>dalum</strong></span> <span class='ocrx_word' id='word_1_531' title='bbox 318 3863 493 3935; x_wconf 88' lang='lat' dir='ltr'><strong>(Psal.</strong></span> <span class='ocrx_word' id='word_1_532' title='bbox 528 3863 745 3933; x_wconf 85' lang='lat' dir='ltr'><strong>cxvm).</strong></span> <span class='ocrx_word' id='word_1_533' title='bbox 780 3862 940 3926; x_wconf 92' lang='lat' dir='ltr'><strong>Quod</strong></span> <span class='ocrx_word' id='word_1_534' title='bbox 971 3877 1106 3916; x_wconf 90' lang='lat' dir='ltr'><strong>vero</strong></span> <span class='ocrx_word' id='word_1_535' title='bbox 1135 3860 1392 3918; x_wconf 87' lang='lat' dir='ltr'><strong>charitas</strong></span> <span class='ocrx_word' id='word_1_536' title='bbox 1439 3864 1498 3915; x_wconf 93' lang='lat' dir='ltr'><strong>et</strong></span> <span class='ocrx_word' id='word_1_537' title='bbox 1555 3861 1749 3916; x_wconf 90' lang='lat' dir='ltr'><strong>unitas</strong></span> 
     </span>
    </p>
   </div>
   <div class='ocr_carea' id='block_1_72' title="bbox 65 3948 1746 4025">
    <p class='ocr_par' dir='ltr' id='par_1_72' title="bbox 65 3948 1746 4025">
     <span class='ocr_line' id='line_1_72' title="bbox 65 3948 1746 4025; baseline -0.002 -15"><span class='ocrx_word' id='word_1_538' title='bbox 65 3954 353 4010; x_wconf 85' lang='lat' dir='ltr'><strong>fratrum</strong></span> <span class='ocrx_word' id='word_1_539' title='bbox 384 3952 513 4025; x_wconf 90' lang='lat' dir='ltr'><strong>ipsa</strong></span> <span class='ocrx_word' id='word_1_540' title='bbox 534 3951 611 4007; x_wconf 90' lang='lat' dir='ltr'><strong>sit</strong></span> <span class='ocrx_word' id='word_1_541' title='bbox 640 3950 729 4007; x_wconf 85' lang='lat' dir='ltr'><strong>lex</strong></span> <span class='ocrx_word' id='word_1_542' title='bbox 758 3949 880 4019; x_wconf 89' lang='lat' dir='ltr'><strong>Dei,</strong></span> <span class='ocrx_word' id='word_1_543' title='bbox 913 3949 1167 4011; x_wconf 86' lang='lat' dir='ltr'><strong>ostendit</strong></span> <span class='ocrx_word' id='word_1_544' title='bbox 1202 3948 1347 4004; x_wconf 91' lang='lat' dir='ltr'><strong>illud</strong></span> <span class='ocrx_word' id='word_1_545' title='bbox 1403 3948 1696 4022; x_wconf 88' lang='lat' dir='ltr'><strong>Evangelii</strong></span> <span class='ocrx_word' id='word_1_546' title='bbox 1731 3967 1746 4006; x_wconf 90' lang='lat'><strong>:</strong></span> 
     </span>
    </p>
   </div>
   <div class='ocr_carea' id='block_1_73' title="bbox 58 4038 1746 4113">
    <p class='ocr_par' dir='ltr' id='par_1_73' title="bbox 58 4038 1746 4113">
     <span class='ocr_line' id='line_1_73' title="bbox 58 4038 1746 4113; baseline -0.002 -16"><span class='ocrx_word' id='word_1_547' title='bbox 58 4045 180 4099; x_wconf 83' lang='lat' dir='ltr'><strong>Hoc</strong></span> <span class='ocrx_word' id='word_1_548' title='bbox 208 4045 301 4099; x_wconf 87' lang='lat' dir='ltr'><strong>est</strong></span> <span class='ocrx_word' id='word_1_549' title='bbox 329 4048 673 4113; x_wconf 78' lang='lat' dir='ltr'><strong>praeceptum</strong></span> <span class='ocrx_word' id='word_1_550' title='bbox 697 4056 901 4105; x_wconf 84' lang='lat' dir='ltr'><strong>meum,</strong></span> <span class='ocrx_word' id='word_1_551' title='bbox 933 4042 994 4093; x_wconf 80' lang='lat' dir='ltr'><strong>ut</strong></span> <span class='ocrx_word' id='word_1_552' title='bbox 1016 4038 1266 4107; x_wconf 86' lang='lat' dir='ltr'><strong>diligatis</strong></span> <span class='ocrx_word' id='word_1_553' title='bbox 1297 4038 1531 4094; x_wconf 85' lang='lat' dir='ltr'><strong>invicem</strong></span> <span class='ocrx_word' id='word_1_554' title='bbox 1570 4038 1746 4110; x_wconf 83' lang='lat' dir='ltr'><strong>(.loan.</strong></span> 
     </span>
    </p>
   </div>
   <div class='ocr_carea' id='block_1_74' title="bbox 58 4127 1747 4205">
    <p class='ocr_par' dir='ltr' id='par_1_74' title="bbox 58 4127 1747 4205">
     <span class='ocr_line' id='line_1_74' title="bbox 58 4127 1747 4205; baseline -0.002 -18"><span class='ocrx_word' id='word_1_555' title='bbox 58 4133 226 4205; x_wconf 84' lang='lat' dir='ltr'><strong>xui),</strong></span> <span class='ocrx_word' id='word_1_556' title='bbox 266 4133 468 4197; x_wconf 87' lang='lat' dir='ltr'><strong>Quam</strong></span> <span class='ocrx_word' id='word_1_557' title='bbox 518 4145 626 4185; x_wconf 91' lang='lat' dir='ltr'><strong>nos</strong></span> <span class='ocrx_word' id='word_1_558' title='bbox 683 4128 972 4185; x_wconf 89' lang='lat' dir='ltr'><strong>sinceram</strong></span> <span class='ocrx_word' id='word_1_559' title='bbox 1011 4127 1106 4183; x_wconf 88' lang='lat' dir='ltr'><strong>hic</strong></span> <span class='ocrx_word' id='word_1_560' title='bbox 1159 4143 1518 4197; x_wconf 83' lang='lat' dir='ltr'><strong>conservare,</strong></span> <span class='ocrx_word' id='word_1_561' title='bbox 1577 4132 1634 4183; x_wconf 89' lang='lat' dir='ltr'><strong>et</strong></span> <span class='ocrx_word' id='word_1_562' title='bbox 1688 4127 1747 4183; x_wconf 91' lang='lat' dir='ltr'><strong>in</strong></span> 
     </span>
    </p>
   </div>
   <div class='ocr_carea' id='block_1_75' title="bbox 58 4210 3510 4289">
    <p class='ocr_par' dir='ltr' id='par_1_75' title="bbox 58 4210 3510 4289">
     <span class='ocr_line' id='line_1_75' title="bbox 58 4210 3510 4289; baseline -0 -14"><span class='ocrx_word' id='word_1_563' title='bbox 58 4224 288 4278; x_wconf 85' lang='lat' dir='ltr'><strong>futuro</strong></span> <span class='ocrx_word' id='word_1_564' title='bbox 326 4218 460 4274; x_wconf 85' lang='lat' dir='ltr'><strong>sine</strong></span> <span class='ocrx_word' id='word_1_565' title='bbox 491 4218 605 4274; x_wconf 89' lang='lat' dir='ltr'><strong>ﬁne</strong></span> <span class='ocrx_word' id='word_1_566' title='bbox 631 4217 845 4289; x_wconf 91' lang='lat' dir='ltr'><strong>ipsam,</strong></span> <span class='ocrx_word' id='word_1_567' title='bbox 886 4233 1013 4289; x_wconf 70' lang='lat' dir='ltr'><strong>quae</strong></span> <span class='ocrx_word' id='word_1_568' title='bbox 1043 4216 1199 4273; x_wconf 87' lang='lat' dir='ltr'><strong>Deus</strong></span> <span class='ocrx_word' id='word_1_569' title='bbox 1255 4220 1365 4284; x_wconf 89' lang='lat' dir='ltr'><strong>est,</strong></span> <span class='ocrx_word' id='word_1_570' title='bbox 1399 4216 1745 4289; x_wconf 85' lang='lat' dir='ltr'><strong>perspicere,</strong></span> <span class='ocrx_word' id='word_1_571' title='bbox 1857 4215 1944 4265; x_wconf 89' lang='lat' dir='ltr'><strong>est</strong></span> <span class='ocrx_word' id='word_1_572' title='bbox 1967 4210 2063 4266; x_wconf 90' lang='lat' dir='ltr'><strong>ille</strong></span> <span class='ocrx_word' id='word_1_573' title='bbox 2084 4228 2186 4284; x_wconf 80' lang='lat' dir='ltr'><strong>pro</strong></span> <span class='ocrx_word' id='word_1_574' title='bbox 2208 4229 2346 4284; x_wconf 91' lang='lat' dir='ltr'><strong>quo,</strong></span> <span class='ocrx_word' id='word_1_575' title='bbox 2371 4230 2443 4268; x_wconf 89' lang='lat' dir='ltr'><strong>ne</strong></span> <span class='ocrx_word' id='word_1_576' title='bbox 2466 4213 2737 4269; x_wconf 80' lang='lat' dir='ltr'><strong>deficeret</strong></span> <span class='ocrx_word' id='word_1_577' title='bbox 2768 4216 2895 4285; x_wconf 83' lang='lat' dir='ltr'><strong>ejus</strong></span> <span class='ocrx_word' id='word_1_578' title='bbox 2919 4215 3083 4285; x_wconf 91' lang='lat' dir='ltr'><strong>ﬁdes,</strong></span> <span class='ocrx_word' id='word_1_579' title='bbox 3120 4217 3407 4273; x_wconf 89' lang='lat' dir='ltr'><strong>Dominus</strong></span> <span class='ocrx_word' id='word_1_580' title='bbox 3452 4224 3510 4277; x_wconf 90' lang='lat' dir='ltr'><strong>et</strong></span> 
     </span>
    </p>
   </div>
   <div class='ocr_carea' id='block_1_76' title="bbox 56 4299 3510 4383">
    <p class='ocr_par' dir='ltr' id='par_1_76' title="bbox 56 4299 3510 4383">
     <span class='ocr_line' id='line_1_76' title="bbox 56 4299 3510 4383; baseline 0.001 -22"><span class='ocrx_word' id='word_1_581' title='bbox 56 4313 168 4383; x_wconf 79' lang='lat' dir='ltr'><strong>qui</strong></span> <span class='ocrx_word' id='word_1_582' title='bbox 198 4310 339 4373; x_wconf 77' lang='lat' dir='ltr'><strong>vult</strong></span> <span class='ocrx_word' id='word_1_583' title='bbox 373 4323 559 4365; x_wconf 88' lang='lat' dir='ltr'><strong>omnes</strong></span> <span class='ocrx_word' id='word_1_584' title='bbox 579 4307 828 4367; x_wconf 84' lang='lat' dir='ltr'><strong>homines</strong></span> <span class='ocrx_word' id='word_1_585' title='bbox 855 4308 1036 4363; x_wconf 81' lang='lat' dir='ltr'><strong>salvos</strong></span> <span class='ocrx_word' id='word_1_586' title='bbox 1063 4307 1207 4376; x_wconf 81' lang='lat' dir='ltr'><strong>ﬁeri,</strong></span> <span class='ocrx_word' id='word_1_587' title='bbox 1268 4309 1321 4361; x_wconf 89' lang='lat' dir='ltr'><strong>et</strong></span> <span class='ocrx_word' id='word_1_588' title='bbox 1378 4306 1448 4361; x_wconf 89' lang='lat' dir='ltr'><strong>ad</strong></span> <span class='ocrx_word' id='word_1_589' title='bbox 1503 4308 1747 4376; x_wconf 85' lang='lat' dir='ltr'><strong>agnitio-</strong></span> <span class='ocrx_word' id='word_1_590' title='bbox 1857 4299 2121 4356; x_wconf 89' lang='lat' dir='ltr'><strong>Salvator</strong></span> <span class='ocrx_word' id='word_1_591' title='bbox 2135 4302 2419 4357; x_wconf 86' lang='lat' dir='ltr'><strong>asseritse</strong></span> <span class='ocrx_word' id='word_1_592' title='bbox 2432 4303 3365 4377; x_wconf 85' lang='lat' dir='ltr'><strong>rogasse,dicens:Simon,Simon,</strong></span> <span class='ocrx_word' id='word_1_593' title='bbox 3392 4323 3510 4364; x_wconf 89' lang='lat' dir='ltr'><strong>ecce</strong></span> 
     </span>
    </p>
   </div>
   <div class='ocr_carea' id='block_1_77' title="bbox 52 4388 3506 4471">
    <p class='ocr_par' dir='ltr' id='par_1_77' title="bbox 52 4388 3506 4471">
     <span class='ocr_line' id='line_1_77' title="bbox 52 4388 3506 4471; baseline -0.001 -15"><span class='ocrx_word' id='word_1_594' title='bbox 52 4417 199 4457; x_wconf 85' lang='lat' dir='ltr'><strong>nem</strong></span> <span class='ocrx_word' id='word_1_595' title='bbox 220 4398 495 4456; x_wconf 82' lang='lat' dir='ltr'><strong>veritatis</strong></span> <span class='ocrx_word' id='word_1_596' title='bbox 522 4398 709 4454; x_wconf 86' lang='lat' dir='ltr'><strong>venire</strong></span> <span class='ocrx_word' id='word_1_597' title='bbox 735 4398 778 4467; x_wconf 85' lang='lat' dir='ltr'><strong>(I</strong></span> <span class='ocrx_word' id='word_1_598' title='bbox 810 4397 941 4453; x_wconf 88' lang='lat' dir='ltr'><strong>Tim.</strong></span> <span class='ocrx_word' id='word_1_599' title='bbox 977 4396 1060 4468; x_wconf 87' lang='grc' dir='ltr'><strong>ιι),</strong></span> <span class='ocrx_word' id='word_1_600' title='bbox 1103 4395 1379 4471; x_wconf 82' lang='lat' dir='ltr'><strong>dignetur</strong></span> <span class='ocrx_word' id='word_1_601' title='bbox 1434 4397 1747 4451; x_wconf 78' lang='lat' dir='ltr'><strong>concedere</strong></span> <span class='ocrx_word' id='word_1_602' title='bbox 1854 4388 2087 4445; x_wconf 86' lang='lat' dir='ltr'><strong>Satanas</strong></span> <span class='ocrx_word' id='word_1_603' title='bbox 2101 4392 2362 4461; x_wconf 82' lang='lat' dir='ltr'><strong>expetivit</strong></span> <span class='ocrx_word' id='word_1_604' title='bbox 2382 4407 2491 4457; x_wconf 89' lang='lat' dir='ltr'><strong>vos,</strong></span> <span class='ocrx_word' id='word_1_605' title='bbox 2515 4395 2576 4445; x_wconf 84' lang='lat' dir='ltr'><strong>ut</strong></span> <span class='ocrx_word' id='word_1_606' title='bbox 2619 4392 2889 4448; x_wconf 86' lang='lat' dir='ltr'><strong>cribraret</strong></span> <span class='ocrx_word' id='word_1_607' title='bbox 2906 4396 3049 4449; x_wconf 87' lang='lat' dir='ltr'><strong>sicut</strong></span> <span class='ocrx_word' id='word_1_608' title='bbox 3097 4397 3381 4463; x_wconf 84' lang='lat' dir='ltr'><strong>triticum;</strong></span> <span class='ocrx_word' id='word_1_609' title='bbox 3410 4411 3506 4468; x_wconf 88' lang='lat' dir='ltr'><strong>ego</strong></span> 
     </span>
    </p>
   </div>
   <div class='ocr_carea' id='block_1_78' title="bbox 49 4481 3506 4553">
    <p class='ocr_par' dir='ltr' id='par_1_78' title="bbox 49 4481 3506 4553">
     <span class='ocr_line' id='line_1_78' title="bbox 49 4481 3506 4553; baseline -0.001 -9"><span class='ocrx_word' id='word_1_610' title='bbox 49 4495 290 4546; x_wconf 85' lang='lat' dir='ltr'><strong>Amen.</strong></span> <span class='ocrx_word' id='word_1_611' title='bbox 1854 4481 2038 4534; x_wconf 88' lang='lat' dir='ltr'><strong>autem</strong></span> <span class='ocrx_word' id='word_1_612' title='bbox 2065 4481 2258 4550; x_wconf 86' lang='lat' dir='ltr'><strong>rogavi</strong></span> <span class='ocrx_word' id='word_1_613' title='bbox 2273 4496 2370 4551; x_wconf 87' lang='lat' dir='ltr'><strong>pro</strong></span> <span class='ocrx_word' id='word_1_614' title='bbox 2400 4488 2471 4551; x_wconf 88' lang='lat' dir='ltr'><strong>te,</strong></span> <span class='ocrx_word' id='word_1_615' title='bbox 2493 4488 2554 4535; x_wconf 90' lang='lat' dir='ltr'><strong>ut</strong></span> <span class='ocrx_word' id='word_1_616' title='bbox 2579 4497 2692 4537; x_wconf 86' lang='lat' dir='ltr'><strong>non</strong></span> <span class='ocrx_word' id='word_1_617' title='bbox 2728 4481 2946 4552; x_wconf 83' lang='lat' dir='ltr'><strong>deﬁciat</strong></span> <span class='ocrx_word' id='word_1_618' title='bbox 2999 4483 3131 4553; x_wconf 80' lang='lat' dir='ltr'><strong>ﬁdes</strong></span> <span class='ocrx_word' id='word_1_619' title='bbox 3176 4493 3295 4539; x_wconf 87' lang='lat' dir='ltr'><strong>tua.</strong></span> <span class='ocrx_word' id='word_1_620' title='bbox 3325 4485 3392 4538; x_wconf 83' lang='lat' dir='ltr'><strong>Et</strong></span> <span class='ocrx_word' id='word_1_621' title='bbox 3444 4487 3506 4539; x_wconf 85' lang='lat' dir='ltr'><strong>tu</strong></span> 
     </span>
    </p>
   </div>
   <div class='ocr_carea' id='block_1_79' title="bbox 873 4568 3500 4645">
    <p class='ocr_par' dir='ltr' id='par_1_79' title="bbox 873 4568 3500 4645">
     <span class='ocr_line' id='line_1_79' title="bbox 873 4568 3500 4645; baseline 0.002 -22"><span class='ocrx_word' id='word_1_622' title='bbox 873 4573 960 4630; x_wconf 86' lang='lat' dir='ltr'><strong>CI.</strong></span> <span class='ocrx_word' id='word_1_623' title='bbox 1853 4568 2152 4640; x_wconf 90' lang='lat' dir='ltr'><strong>aliquando</strong></span> <span class='ocrx_word' id='word_1_624' title='bbox 2180 4586 2600 4637; x_wconf 86' lang='lat' dir='ltr'><strong>conversus,con</strong></span> <span class='ocrx_word' id='word_1_625' title='bbox 2612 4571 2768 4637; x_wconf 80' lang='lat' dir='ltr'><strong>ﬁrma</strong></span> <span class='ocrx_word' id='word_1_626' title='bbox 2788 4573 2988 4641; x_wconf 79' lang='lat' dir='ltr'><strong>fratres</strong></span> <span class='ocrx_word' id='word_1_627' title='bbox 3012 4580 3130 4628; x_wconf 88' lang='lat' dir='ltr'><strong>tuos</strong></span> <span class='ocrx_word' id='word_1_628' title='bbox 3153 4572 3309 4634; x_wconf 86' lang='lat' dir='ltr'><strong>(Luc.</strong></span> <span class='ocrx_word' id='word_1_629' title='bbox 3333 4573 3500 4645; x_wconf 75' lang='lat' dir='ltr'><strong>XXII).</strong></span> 
     </span>
    </p>
   </div>
   <div class='ocr_carea' id='block_1_80' title="bbox 44 4656 3502 4741">
    <p class='ocr_par' dir='ltr' id='par_1_80' title="bbox 44 4656 3502 4741">
     <span class='ocr_line' id='line_1_80' title="bbox 44 4656 3502 4741; baseline -0.003 -14"><span class='ocrx_word' id='word_1_630' title='bbox 44 4672 106 4727; x_wconf 92' lang='lat' dir='ltr'><strong>S.</strong></span> <span class='ocrx_word' id='word_1_631' title='bbox 150 4667 387 4727; x_wconf 76' lang='lat' dir='ltr'><strong>Leonis</strong></span> <span class='ocrx_word' id='word_1_632' title='bbox 416 4665 649 4741; x_wconf 57' lang='lat' dir='ltr'><strong>epistola</strong></span> <span class='ocrx_word' id='word_1_633' title='bbox 694 4663 764 4741; x_wconf 84' lang='lat' dir='ltr'><strong>ad</strong></span> <span class='ocrx_word' id='word_1_634' title='bbox 819 4667 1047 4741; x_wconf 62' lang='lat' dir='ltr'><strong>Petrum</strong></span> <span class='ocrx_word' id='word_1_635' title='bbox 1095 4664 1406 4741; x_wconf 69' lang='lat' dir='ltr'><strong>episcopum</strong></span> <span class='ocrx_word' id='word_1_636' title='bbox 1452 4662 1744 4741; x_wconf 76' lang='lat' dir='ltr'><strong>Antioche-</strong></span> <span class='ocrx_word' id='word_1_637' title='bbox 1776 4676 1822 4741; x_wconf 83' lang='lat' dir='ltr'><strong>D</strong></span> <span class='ocrx_word' id='word_1_638' title='bbox 1855 4656 1988 4721; x_wconf 71' lang='lat' dir='ltr'><strong>Quae</strong></span> <span class='ocrx_word' id='word_1_639' title='bbox 2018 4657 2367 4714; x_wconf 89' lang='lat' dir='ltr'><strong>venerabilis</strong></span> <span class='ocrx_word' id='word_1_640' title='bbox 2390 4662 2447 4714; x_wconf 90' lang='lat' dir='ltr'><strong>et</strong></span> <span class='ocrx_word' id='word_1_641' title='bbox 2477 4659 2683 4714; x_wconf 84' lang='lat' dir='ltr'><strong>efﬁcax</strong></span> <span class='ocrx_word' id='word_1_642' title='bbox 2714 4659 2899 4714; x_wconf 89' lang='lat' dir='ltr'><strong>oratio</strong></span> <span class='ocrx_word' id='word_1_643' title='bbox 2920 4660 3172 4717; x_wconf 90' lang='lat' dir='ltr'><strong>obtinuit</strong></span> <span class='ocrx_word' id='word_1_644' title='bbox 3211 4662 3367 4733; x_wconf 92' lang='lat' dir='ltr'><strong>quod</strong></span> <span class='ocrx_word' id='word_1_645' title='bbox 3398 4661 3502 4719; x_wconf 88' lang='lat' dir='ltr'><strong>ha-</strong></span> 
     </span>
    </p>
   </div>
   <div class='ocr_carea' id='block_1_81' title="bbox 124 4730 3502 4821">
    <p class='ocr_par' dir='ltr' id='par_1_81' title="bbox 124 4730 3502 4821">
     <span class='ocr_line' id='line_1_81' title="bbox 124 4730 3502 4821; baseline 0.003 -22"><span class='ocrx_word' id='word_1_646' title='bbox 124 4757 309 4821; x_wconf 64' lang='grc' dir='ltr'><strong>ηψπ.</strong></span> <span class='ocrx_word' id='word_1_647' title='bbox 349 4730 778 4821; x_wconf 56' lang='grc' dir='ltr'><strong>-ᾯναιξιιαξαν</strong></span> <span class='ocrx_word' id='word_1_648' title='bbox 797 4734 869 4821; x_wconf 54' lang='grc' dir='ltr'><strong>ἀεὶ</strong></span> <span class='ocrx_word' id='word_1_649' title='bbox 886 4736 1003 4817; x_wconf 56' lang='lat' dir='ltr'><strong>eius</strong></span> <span class='ocrx_word' id='word_1_650' title='bbox 1022 4730 1154 4821; x_wconf 60' lang='grc' dir='ltr'><em>ενσᾲ</em></span> <span class='ocrx_word' id='word_1_651' title='bbox 1183 4730 1359 4821; x_wconf 54' lang='grc' dir='ltr'><strong>εϐξζὲτη</strong></span> <span class='ocrx_word' id='word_1_652' title='bbox 1395 4734 1744 4816; x_wconf 66' lang='grc' dir='ltr'><strong>αροεροιίοανη</strong></span> <span class='ocrx_word' id='word_1_653' title='bbox 1776 4730 1818 4741; x_wconf 67' lang='grc'>”</span> <span class='ocrx_word' id='word_1_654' title='bbox 1858 4750 2062 4803; x_wconf 88' lang='lat' dir='ltr'><strong>etenus</strong></span> <span class='ocrx_word' id='word_1_655' title='bbox 2090 4748 2233 4803; x_wconf 90' lang='lat' dir='ltr'><strong>ﬁdes</strong></span> <span class='ocrx_word' id='word_1_656' title='bbox 2262 4747 2416 4803; x_wconf 92' lang='lat' dir='ltr'><strong>Petri</strong></span> <span class='ocrx_word' id='word_1_657' title='bbox 2443 4764 2555 4802; x_wconf 91' lang='lat' dir='ltr'><strong>non</strong></span> <span class='ocrx_word' id='word_1_658' title='bbox 2588 4747 2817 4818; x_wconf 89' lang='lat' dir='ltr'><strong>defecit,</strong></span> <span class='ocrx_word' id='word_1_659' title='bbox 2853 4765 2956 4804; x_wconf 90' lang='lat' dir='ltr'><strong>nec</strong></span> <span class='ocrx_word' id='word_1_660' title='bbox 2979 4730 3273 4821; x_wconf 72' lang='lat' dir='ltr'><strong>defectura</strong></span> <span class='ocrx_word' id='word_1_661' title='bbox 3310 4751 3502 4808; x_wconf 86' lang='lat' dir='ltr'><strong>credi-</strong></span> 
     </span>
    </p>
   </div>
   <div class='ocr_carea' id='block_1_82' title="bbox 125 4805 3507 4911">
    <p class='ocr_par' dir='ltr' id='par_1_82' title="bbox 125 4805 3507 4911">
     <span class='ocr_line' id='line_1_82' title="bbox 125 4805 3507 4911; baseline 0.003 -23"><span class='ocrx_word' id='word_1_662' title='bbox 125 4805 1748 4911; x_wconf 42' lang='grc' dir='ltr'><strong>ξξξῃξξίητξλρδξῖξξᾟηξέήξζυηξλνάιῗῇίξξξῗξλδξηδξθίξξξ</strong></span> <span class='ocrx_word' id='word_1_663' title='bbox 1856 4836 2025 4891; x_wconf 90' lang='lat' dir='ltr'><strong>turin</strong></span> <span class='ocrx_word' id='word_1_664' title='bbox 2047 4836 2436 4892; x_wconf 87' lang='lat' dir='ltr'><strong>thronoillius</strong></span> <span class='ocrx_word' id='word_1_665' title='bbox 2459 4838 2726 4909; x_wconf 88' lang='lat' dir='ltr'><strong>usquein</strong></span> <span class='ocrx_word' id='word_1_666' title='bbox 2769 4839 3050 4894; x_wconf 76' lang='lat' dir='ltr'><strong>saeculum</strong></span> <span class='ocrx_word' id='word_1_667' title='bbox 3096 4839 3336 4911; x_wconf 63' lang='lat' dir='ltr'><strong>saeculi;</strong></span> <span class='ocrx_word' id='word_1_668' title='bbox 3398 4841 3507 4901; x_wconf 80' lang='lat' dir='ltr'><strong>sed</strong></span> 
     </span>
    </p>
   </div>
   <div class='ocr_carea' id='block_1_83' title="bbox 121 4877 3504 4953">
    <p class='ocr_par' dir='ltr' id='par_1_83' title="bbox 121 4877 3504 4953">
     <span class='ocr_line' id='line_1_83' title="bbox 121 4877 3504 4953; baseline 0 0"><span class='ocrx_word' id='word_1_669' title='bbox 121 4884 283 4953; x_wconf 75' lang='lat' dir='ltr'><strong>dum</strong></span> <span class='ocrx_word' id='word_1_670' title='bbox 318 4896 570 4953; x_wconf 68' lang='grc' dir='ltr'><strong>οαηοηεδ</strong></span> <span class='ocrx_word' id='word_1_671' title='bbox 599 4879 771 4953; x_wconf 59' lang='lat' dir='ltr'><strong>tuerit</strong></span> <span class='ocrx_word' id='word_1_672' title='bbox 791 4881 1089 4953; x_wconf 69' lang='grc' dir='ltr'><strong>ρνοηιοιίέδ·</strong></span> <span class='ocrx_word' id='word_1_673' title='bbox 1122 4877 1384 4953; x_wconf 53' lang='grc' dir='ltr'><strong>βοηθέων</strong></span> <span class='ocrx_word' id='word_1_674' title='bbox 1412 4884 1471 4935; x_wconf 67' lang='grc' dir='ltr'><strong>ιιι</strong></span> <span class='ocrx_word' id='word_1_675' title='bbox 1499 4891 1618 4953; x_wconf 60' lang='grc' dir='ltr'><strong>ἔπιε</strong></span> <span class='ocrx_word' id='word_1_676' title='bbox 1645 4879 1745 4953; x_wconf 70' lang='lat' dir='ltr'><strong>Ec:</strong></span> <span class='ocrx_word' id='word_1_677' title='bbox 1857 4877 2436 4953; x_wconf 59' lang='grc' dir='ltr'><strong>ζῖζᾎίζῖζιῗέἰῖἷᾷἶῗῖ</strong></span> <span class='ocrx_word' id='word_1_678' title='bbox 2446 4877 3172 4953; x_wconf 51' lang='lat' dir='ltr'><strong>5:21:11“..‘l&quot;:§§f‘.‘i‘i‘-ff§</strong></span> <span class='ocrx_word' id='word_1_679' title='bbox 3180 4877 3336 4953; x_wconf 65' lang='grc' dir='ltr'><strong>ΪΪΪ]</strong></span> <span class='ocrx_word' id='word_1_680' title='bbox 3370 4877 3504 4953; x_wconf 55' lang='lat' dir='ltr'><strong>ff:</strong></span> 
     </span>
    </p>
   </div>
   <div class='ocr_carea' id='block_1_84' title="bbox 123 4926 3509 5023">
    <p class='ocr_par' dir='ltr' id='par_1_84' title="bbox 123 4926 3509 5022">
     <span class='ocr_line' id='line_1_84' title="bbox 123 4926 3509 5022; baseline -0.007 -9"><span class='ocrx_word' id='word_1_681' title='bbox 1416 4926 1519 5002; x_wconf 51' lang='lat' dir='ltr'><strong>&quot;ad</strong></span> <span class='ocrx_word' id='word_1_682' title='bbox 1645 4926 1747 5005; x_wconf 43' lang='lat' dir='ltr'><strong>7b</strong></span> <span class='ocrx_word' id='word_1_683' title='bbox 1856 4926 2226 4982; x_wconf 84' lang='lat' dir='ltr'><strong>conﬁrmabit</strong></span> <span class='ocrx_word' id='word_1_684' title='bbox 2248 4926 2425 4981; x_wconf 90' lang='lat' dir='ltr'><strong>corda</strong></span> <span class='ocrx_word' id='word_1_685' title='bbox 2446 4926 2690 4981; x_wconf 85' lang='lat' dir='ltr'><strong>fratrum</strong></span> <span class='ocrx_word' id='word_1_686' title='bbox 2737 4926 2912 4983; x_wconf 88' lang='lat' dir='ltr'><strong>variis</strong></span> <span class='ocrx_word' id='word_1_687' title='bbox 2937 4930 3330 4986; x_wconf 87' lang='lat' dir='ltr'><strong>concutienda</strong></span> <span class='ocrx_word' id='word_1_688' title='bbox 3370 4930 3509 4989; x_wconf 87' lang='lat' dir='ltr'><strong>ﬁdei</strong></span> 
     </span>
    </p>
   </div>
   <div class='ocr_carea' id='block_1_85' title="bbox 1854 5013 3510 5086">
    <p class='ocr_par' dir='ltr' id='par_1_85' title="bbox 1854 5013 3510 5086">
     <span class='ocr_line' id='line_1_85' title="bbox 1854 5013 3510 5086; baseline 0.006 -17"><span class='ocrx_word' id='word_1_689' title='bbox 1854 5013 2553 5086; x_wconf 85' lang='lat' dir='ltr'><strong>periclitationibus,sicut</strong></span> <span class='ocrx_word' id='word_1_690' title='bbox 2579 5032 2766 5086; x_wconf 85' lang='lat' dir='ltr'><strong>usque</strong></span> <span class='ocrx_word' id='word_1_691' title='bbox 2805 5032 2961 5071; x_wconf 88' lang='lat' dir='ltr'><strong>nunc</strong></span> <span class='ocrx_word' id='word_1_692' title='bbox 3000 5017 3352 5076; x_wconf 85' lang='lat' dir='ltr'><strong>conﬁrmare</strong></span> <span class='ocrx_word' id='word_1_693' title='bbox 3390 5036 3510 5081; x_wconf 83' lang='lat' dir='ltr'><strong>non</strong></span> 
     </span>
    </p>
   </div>
   <div class='ocr_carea' id='block_1_86' title="bbox 125 5020 1746 5095">
    <p class='ocr_par' dir='ltr' id='par_1_86' title="bbox 125 5020 1746 5095">
     <span class='ocr_line' id='line_1_86' title="bbox 125 5020 1746 5095; baseline -0.006 -10"><span class='ocrx_word' id='word_1_694' title='bbox 125 5045 194 5084; x_wconf 89' lang='lat' dir='ltr'><strong>eo</strong></span> <span class='ocrx_word' id='word_1_695' title='bbox 228 5020 529 5095; x_wconf 79' lang='lat' dir='ltr'><strong>scriptum</strong></span> <span class='ocrx_word' id='word_1_696' title='bbox 556 5020 799 5095; x_wconf 78' lang='lat' dir='ltr'><strong>eamdem</strong></span> <span class='ocrx_word' id='word_1_697' title='bbox 829 5036 940 5081; x_wconf 82' lang='lat' dir='ltr'><strong>esse</strong></span> <span class='ocrx_word' id='word_1_698' title='bbox 977 5035 1142 5095; x_wconf 80' lang='lat' dir='ltr'><strong>quam</strong></span> <span class='ocrx_word' id='word_1_699' title='bbox 1162 5021 1301 5095; x_wconf 80' lang='lat' dir='ltr'><strong>tenet</strong></span> <span class='ocrx_word' id='word_1_700' title='bbox 1355 5020 1606 5095; x_wconf 3' lang='lat' dir='ltr'><strong>Romana,</strong></span> <span class='ocrx_word' id='word_1_701' title='bbox 1633 5021 1746 5075; x_wconf 83' lang='lat' dir='ltr'><strong>Ee-</strong></span> 
     </span>
    </p>
   </div>
   <div class='ocr_carea' id='block_1_87' title="bbox 1854 5102 3510 5175">
    <p class='ocr_par' dir='ltr' id='par_1_87' title="bbox 1854 5102 3510 5175">
     <span class='ocr_line' id='line_1_87' title="bbox 1854 5102 3510 5175; baseline 0.004 -16"><span class='ocrx_word' id='word_1_702' title='bbox 1854 5102 2236 5159; x_wconf 84' lang='lat' dir='ltr'><strong>cessavit.Pro</strong></span> <span class='ocrx_word' id='word_1_703' title='bbox 2260 5104 2427 5174; x_wconf 89' lang='lat' dir='ltr'><strong>cujus</strong></span> <span class='ocrx_word' id='word_1_704' title='bbox 2450 5103 2790 5160; x_wconf 82' lang='lat' dir='ltr'><strong>excellentia</strong></span> <span class='ocrx_word' id='word_1_705' title='bbox 2810 5106 3043 5161; x_wconf 88' lang='lat' dir='ltr'><strong>tertiam</strong></span> <span class='ocrx_word' id='word_1_706' title='bbox 3065 5125 3101 5163; x_wconf 88' lang='lat' dir='ltr'><strong>a</strong></span> <span class='ocrx_word' id='word_1_707' title='bbox 3122 5107 3385 5165; x_wconf 86' lang='lat' dir='ltr'><strong>Romana</strong></span> <span class='ocrx_word' id='word_1_708' title='bbox 3406 5109 3510 5175; x_wconf 79' lang='lat' dir='ltr'><strong>Ec-</strong></span> 
     </span>
    </p>
   </div>
   <div class='ocr_carea' id='block_1_88' title="bbox 121 5089 1626 5165">
    <p class='ocr_par' dir='ltr' id='par_1_88' title="bbox 121 5089 1626 5165">
     <span class='ocr_line' id='line_1_88' title="bbox 121 5089 1626 5165; baseline -0.009 -8"><span class='ocrx_word' id='word_1_709' title='bbox 121 5089 553 5165; x_wconf 45' lang='lat' dir='ltr'><strong>clesiafcujus</strong></span> <span class='ocrx_word' id='word_1_710' title='bbox 582 5093 710 5162; x_wconf 80' lang='lat' dir='ltr'><strong>ﬁdei</strong></span> <span class='ocrx_word' id='word_1_711' title='bbox 737 5108 951 5147; x_wconf 88' lang='lat' dir='ltr'><strong>summa</strong></span> <span class='ocrx_word' id='word_1_712' title='bbox 977 5089 1158 5162; x_wconf 74' lang='lat' dir='ltr'><strong>capita</strong></span> <span class='ocrx_word' id='word_1_713' title='bbox 1187 5089 1256 5144; x_wconf 88' lang='lat' dir='ltr'><strong>ad</strong></span> <span class='ocrx_word' id='word_1_714' title='bbox 1285 5106 1409 5145; x_wconf 90' lang='lat' dir='ltr'><strong>eum</strong></span> <span class='ocrx_word' id='word_1_715' title='bbox 1437 5091 1626 5146; x_wconf 86' lang='lat' dir='ltr'><strong>mittit.</strong></span> 
     </span>
    </p>
   </div>
   <div class='ocr_carea' id='block_1_89' title="bbox 1855 5192 3505 5269">
    <p class='ocr_par' dir='ltr' id='par_1_89' title="bbox 1855 5192 3505 5269">
     <span class='ocr_line' id='line_1_89' title="bbox 1855 5192 3505 5269; baseline 0.004 -21"><span class='ocrx_word' id='word_1_716' title='bbox 1855 5192 2034 5248; x_wconf 88' lang='lat' dir='ltr'><strong>clesia</strong></span> <span class='ocrx_word' id='word_1_717' title='bbox 2053 5192 2397 5265; x_wconf 88' lang='lat' dir='ltr'><strong>dignitatem</strong></span> <span class='ocrx_word' id='word_1_718' title='bbox 2420 5192 2633 5249; x_wconf 89' lang='lat' dir='ltr'><strong>retinet</strong></span> <span class='ocrx_word' id='word_1_719' title='bbox 2653 5192 3020 5251; x_wconf 89' lang='lat' dir='ltr'><strong>Antiochena</strong></span> <span class='ocrx_word' id='word_1_720' title='bbox 3038 5214 3214 5269; x_wconf 89' lang='lat' dir='ltr'><strong>quam</strong></span> <span class='ocrx_word' id='word_1_721' title='bbox 3239 5203 3294 5254; x_wconf 92' lang='lat' dir='ltr'><strong>te</strong></span> <span class='ocrx_word' id='word_1_722' title='bbox 3311 5199 3505 5261; x_wconf 86' lang='lat' dir='ltr'><strong>defen-</strong></span> 
     </span>
    </p>
   </div>
   <div class='ocr_carea' id='block_1_90' title="bbox 752 5180 1125 5251">
    <p class='ocr_par' dir='ltr' id='par_1_90' title="bbox 752 5180 1125 5251">
     <span class='ocr_line' id='line_1_90' title="bbox 752 5180 1125 5251; baseline -0.008 -15"><span class='ocrx_word' id='word_1_723' title='bbox 752 5188 916 5236; x_wconf 81' lang='lat' dir='ltr'><strong>Anno</strong></span> <span class='ocrx_word' id='word_1_724' title='bbox 940 5180 1125 5251; x_wconf 72' lang='lat'><strong>1054.)</strong></span> 
     </span>
    </p>
   </div>
   <div class='ocr_carea' id='block_1_91' title="bbox 531 5182 2077 5360">
    <p class='ocr_par' dir='ltr' id='par_1_91' title="bbox 531 5182 2077 5342">
     <span class='ocr_line' id='line_1_91' title="bbox 726 5182 2077 5253; baseline 0.005 -18"><span class='ocrx_word' id='word_1_725' title='bbox 726 5182 916 5253; x_wconf 81' lang='lat' dir='ltr'><strong>(Anno</strong></span> <span class='ocrx_word' id='word_1_726' title='bbox 940 5182 1125 5251; x_wconf 83' lang='grc'><strong>1054.)</strong></span> <span class='ocrx_word' id='word_1_727' title='bbox 1855 5192 2077 5248; x_wconf 78' lang='lat' dir='ltr'><strong>clesiad</strong></span> 
     </span>
     <span class='ocr_line' id='line_1_92' title="bbox 531 5268 2077 5342; baseline 0.001 -16"><span class='ocrx_word' id='word_1_728' title='bbox 531 5270 743 5342; x_wconf 83' lang='lat' dir='ltr'><strong>[Mansi</strong></span> <span class='ocrx_word' id='word_1_729' title='bbox 776 5269 981 5325; x_wconf 84' lang='lat' dir='ltr'><strong>Concil.</strong></span> <span class='ocrx_word' id='word_1_730' title='bbox 1013 5268 1160 5334; x_wconf 86' lang='lat' dir='ltr'><strong>XIX,</strong></span> <span class='ocrx_word' id='word_1_731' title='bbox 1190 5268 1339 5331; x_wconf 85' lang='lat'><strong>660.]</strong></span> <span class='ocrx_word' id='word_1_732' title='bbox 1857 5282 1993 5337; x_wconf 74' lang='lat' dir='ltr'><strong>dere</strong></span> <span class='ocrx_word' id='word_1_733' title='bbox 2016 5297 2077 5336; x_wconf 83' lang='lat' dir='ltr'><strong>su</strong></span> 
     </span>
    </p>
   </div>
   <div class='ocr_carea' id='block_1_92' title="bbox 1952 5182 3498 5360">
    <p class='ocr_par' dir='ltr' id='par_1_92' title="bbox 1952 5192 3498 5360">
     <span class='ocr_line' id='line_1_93' title="bbox 1952 5192 3498 5269; baseline 0.005 -22"><span class='ocrx_word' id='word_1_734' title='bbox 1952 5192 2034 5248; x_wconf 86' lang='lat' dir='ltr'><strong>sia</strong></span> <span class='ocrx_word' id='word_1_735' title='bbox 2053 5192 2397 5265; x_wconf 88' lang='lat' dir='ltr'><strong>dignitatem</strong></span> <span class='ocrx_word' id='word_1_736' title='bbox 2420 5192 2633 5249; x_wconf 89' lang='lat' dir='ltr'><strong>retinet</strong></span> <span class='ocrx_word' id='word_1_737' title='bbox 2653 5192 3020 5251; x_wconf 89' lang='lat' dir='ltr'><strong>Antiochena</strong></span> <span class='ocrx_word' id='word_1_738' title='bbox 3038 5214 3214 5269; x_wconf 89' lang='lat' dir='ltr'><strong>quam</strong></span> <span class='ocrx_word' id='word_1_739' title='bbox 3239 5203 3294 5254; x_wconf 92' lang='lat' dir='ltr'><strong>te</strong></span> <span class='ocrx_word' id='word_1_740' title='bbox 3311 5199 3498 5261; x_wconf 86' lang='lat' dir='ltr'><strong>defen-</strong></span> 
     </span>
     <span class='ocr_line' id='line_1_94' title="bbox 1952 5286 3498 5360; baseline 0.004 -24"><span class='ocrx_word' id='word_1_741' title='bbox 1952 5298 1993 5336; x_wconf 83' lang='lat' dir='ltr'><strong>-e</strong></span> <span class='ocrx_word' id='word_1_742' title='bbox 2016 5297 2388 5353; x_wconf 88' lang='lat' dir='ltr'><strong>summopere</strong></span> <span class='ocrx_word' id='word_1_743' title='bbox 2421 5298 2876 5353; x_wconf 69' lang='lat' dir='ltr'><strong>monemusmon</strong></span> <span class='ocrx_word' id='word_1_744' title='bbox 2918 5290 3031 5342; x_wconf 69' lang='lat' dir='ltr'><strong>tuae</strong></span> <span class='ocrx_word' id='word_1_745' title='bbox 3080 5286 3498 5360; x_wconf 77' lang='lat' dir='ltr'><strong>gloriae,causa,</strong></span> 
     </span>
    </p>
   </div>
   <div class='ocr_carea' id='block_1_93' title="bbox 1858 5369 3503 5446">
    <p class='ocr_par' dir='ltr' id='par_1_93' title="bbox 1858 5369 3503 5446">
     <span class='ocr_line' id='line_1_95' title="bbox 1858 5369 3503 5446; baseline 0.003 -21"><span class='ocrx_word' id='word_1_746' title='bbox 1858 5370 1959 5425; x_wconf 92' lang='lat' dir='ltr'><strong>sed</strong></span> <span class='ocrx_word' id='word_1_747' title='bbox 1982 5386 2084 5442; x_wconf 91' lang='lat' dir='ltr'><strong>pro</strong></span> <span class='ocrx_word' id='word_1_748' title='bbox 2107 5369 2382 5439; x_wconf 90' lang='lat' dir='ltr'><strong>sedis,cui</strong></span> <span class='ocrx_word' id='word_1_749' title='bbox 2402 5370 2473 5425; x_wconf 93' lang='lat' dir='ltr'><strong>ad</strong></span> <span class='ocrx_word' id='word_1_750' title='bbox 2496 5375 2730 5444; x_wconf 88' lang='lat' dir='ltr'><strong>tempus</strong></span> <span class='ocrx_word' id='word_1_751' title='bbox 2753 5374 3298 5446; x_wconf 66' lang='lat' dir='ltr'><strong>praesides,antiqua</strong></span> <span class='ocrx_word' id='word_1_752' title='bbox 3318 5374 3503 5430; x_wconf 70' lang='lat' dir='ltr'><strong>hono-</strong></span> 
     </span>
    </p>
   </div>
   <div class='ocr_carea' id='block_1_94' title="bbox 1858 5456 3501 5533">
    <p class='ocr_par' dir='ltr' id='par_1_94' title="bbox 1858 5456 3501 5533">
     <span class='ocr_line' id='line_1_96' title="bbox 1858 5456 3501 5533; baseline 0.002 -19"><span class='ocrx_word' id='word_1_753' title='bbox 1858 5456 2283 5515; x_wconf 85' lang='lat' dir='ltr'><strong>riﬁcentia.Nec</strong></span> <span class='ocrx_word' id='word_1_754' title='bbox 2305 5459 2596 5516; x_wconf 88' lang='lat' dir='ltr'><strong>revoceris</strong></span> <span class='ocrx_word' id='word_1_755' title='bbox 2616 5461 2688 5516; x_wconf 90' lang='lat' dir='ltr'><strong>ab</strong></span> <span class='ocrx_word' id='word_1_756' title='bbox 2711 5461 2821 5517; x_wconf 91' lang='lat' dir='ltr'><strong>hac</strong></span> <span class='ocrx_word' id='word_1_757' title='bbox 2845 5462 3163 5519; x_wconf 88' lang='lat' dir='ltr'><strong>intentione</strong></span> <span class='ocrx_word' id='word_1_758' title='bbox 3183 5460 3501 5533; x_wconf 83' lang='lat' dir='ltr'><strong>cujuslibet</strong></span> 
     </span>
    </p>
   </div>
   <div class='ocr_carea' id='block_1_95' title="bbox 1856 5547 3496 5623">
    <p class='ocr_par' dir='ltr' id='par_1_95' title="bbox 1856 5547 3496 5623">
     <span class='ocr_line' id='line_1_97' title="bbox 1856 5547 3496 5623; baseline 0.005 -19"><span class='ocrx_word' id='word_1_759' title='bbox 1856 5565 2072 5621; x_wconf 90' lang='lat' dir='ltr'><strong>pompa</strong></span> <span class='ocrx_word' id='word_1_760' title='bbox 2090 5547 2179 5604; x_wconf 87' lang='lat' dir='ltr'><strong>vel</strong></span> <span class='ocrx_word' id='word_1_761' title='bbox 2202 5549 2704 5623; x_wconf 87' lang='lat' dir='ltr'><strong>arrogantia,quin</strong></span> <span class='ocrx_word' id='word_1_762' title='bbox 2725 5554 3060 5607; x_wconf 85' lang='lat' dir='ltr'><strong>constanter</strong></span> <span class='ocrx_word' id='word_1_763' title='bbox 3078 5550 3358 5608; x_wconf 88' lang='lat' dir='ltr'><strong>defendas</strong></span> <span class='ocrx_word' id='word_1_764' title='bbox 3392 5549 3496 5613; x_wconf 86' lang='lat' dir='ltr'><strong>h0-</strong></span> 
     </span>
    </p>
   </div>
   <div class='ocr_carea' id='block_1_96' title="bbox 1856 5636 3499 5721">
    <p class='ocr_par' dir='ltr' id='par_1_96' title="bbox 1856 5636 3499 5721">
     <span class='ocr_line' id='line_1_98' title="bbox 1856 5636 3499 5721; baseline 0.004 -27"><span class='ocrx_word' id='word_1_765' title='bbox 1856 5653 2267 5721; x_wconf 65' lang='lat' dir='ltr'><strong>norem,qpem</strong></span> <span class='ocrx_word' id='word_1_766' title='bbox 2286 5638 2658 5696; x_wconf 79' lang='lat' dir='ltr'><strong>Antiochense</strong></span> <span class='ocrx_word' id='word_1_767' title='bbox 2678 5640 2942 5696; x_wconf 67' lang='lat' dir='ltr'><strong>Ecclesiae</strong></span> <span class='ocrx_word' id='word_1_768' title='bbox 2990 5636 3353 5719; x_wconf 80' lang='lat' dir='ltr'><strong>reliquerunt</strong></span> <span class='ocrx_word' id='word_1_769' title='bbox 3372 5657 3469 5701; x_wconf 85' lang='lat' dir='ltr'><strong>om</strong></span> <span class='ocrx_word' id='word_1_770' title='bbox 3483 5672 3499 5685; x_wconf 89' lang='lat'><strong>-</strong></span> 
     </span>
    </p>
   </div>
   <div class='ocr_carea' id='block_1_97' title="bbox 1857 5728 3575 5808">
    <p class='ocr_par' dir='ltr' id='par_1_97' title="bbox 1857 5728 3575 5808">
     <span class='ocr_line' id='line_1_99' title="bbox 1857 5728 3575 5808; baseline 0.002 -21"><span class='ocrx_word' id='word_1_771' title='bbox 1857 5728 1956 5788; x_wconf 87' lang='lat' dir='ltr'><strong>nia</strong></span> <span class='ocrx_word' id='word_1_772' title='bbox 1982 5732 2323 5789; x_wconf 87' lang='lat' dir='ltr'><strong>sanctorum</strong></span> <span class='ocrx_word' id='word_1_773' title='bbox 2341 5732 2585 5789; x_wconf 88' lang='lat' dir='ltr'><strong>Patrum</strong></span> <span class='ocrx_word' id='word_1_774' title='bbox 2606 5729 2872 5789; x_wconf 85' lang='lat' dir='ltr'><strong>concilia.</strong></span> <span class='ocrx_word' id='word_1_775' title='bbox 2902 5728 2988 5787; x_wconf 85' lang='lat' dir='ltr'><strong>Ad</strong></span> <span class='ocrx_word' id='word_1_776' title='bbox 3009 5729 3164 5804; x_wconf 86' lang='lat' dir='ltr'><strong>quod</strong></span> <span class='ocrx_word' id='word_1_777' title='bbox 3187 5728 3413 5808; x_wconf 86' lang='lat' dir='ltr'><strong>utique,</strong></span> <span class='ocrx_word' id='word_1_778' title='bbox 3445 5730 3496 5791; x_wconf 82' lang='lat' dir='ltr'><strong>si</strong></span> <span class='ocrx_word' id='word_1_779' title='bbox 3570 5774 3575 5779; x_wconf 57' lang='grc' dir='ltr'><strong>ι</strong></span> 
     </span>
    </p>
   </div>
   <div class='ocr_carea' id='block_1_98' title="bbox 1860 3677 3506 3752">
    <p class='ocr_par' dir='ltr' id='par_1_98' title="bbox 1860 3677 3506 3752">
     <span class='ocr_line' id='line_1_100' title="bbox 1860 3677 3506 3752; baseline 0.004 -20"><span class='ocrx_word' id='word_1_780' title='bbox 1860 3677 2109 3732; x_wconf 88' lang='lat' dir='ltr'><strong>Sanctus</strong></span> <span class='ocrx_word' id='word_1_781' title='bbox 2130 3680 2489 3749; x_wconf 89' lang='lat' dir='ltr'><strong>sanctorum,</strong></span> <span class='ocrx_word' id='word_1_782' title='bbox 2522 3679 2639 3734; x_wconf 82' lang='lat' dir='ltr'><strong>Rex</strong></span> <span class='ocrx_word' id='word_1_783' title='bbox 2660 3695 2866 3752; x_wconf 89' lang='lat' dir='ltr'><strong>regum</strong></span> <span class='ocrx_word' id='word_1_784' title='bbox 2913 3688 2971 3737; x_wconf 90' lang='lat' dir='ltr'><strong>et</strong></span> <span class='ocrx_word' id='word_1_785' title='bbox 3009 3681 3297 3740; x_wconf 88' lang='lat' dir='ltr'><strong>Dominus</strong></span> <span class='ocrx_word' id='word_1_786' title='bbox 3318 3684 3506 3743; x_wconf 85' lang='lat' dir='ltr'><strong>domi-</strong></span> 
     </span>
    </p>
   </div>
   <div class='ocr_carea' id='block_1_99' title="bbox 1859 3766 3509 3845">
    <p class='ocr_par' dir='ltr' id='par_1_99' title="bbox 1859 3766 3509 3845">
     <span class='ocr_line' id='line_1_101' title="bbox 1859 3766 3509 3845; baseline 0.005 -26"><span class='ocrx_word' id='word_1_787' title='bbox 1859 3766 2128 3821; x_wconf 89' lang='lat' dir='ltr'><strong>nantium</strong></span> <span class='ocrx_word' id='word_1_788' title='bbox 2150 3768 2460 3822; x_wconf 89' lang='lat' dir='ltr'><strong>conﬁrmat</strong></span> <span class='ocrx_word' id='word_1_789' title='bbox 2484 3785 2498 3835; x_wconf 88' lang='lat'><strong>;</strong></span> <span class='ocrx_word' id='word_1_790' title='bbox 2520 3771 2812 3839; x_wconf 89' lang='lat' dir='ltr'><strong>quatenus</strong></span> <span class='ocrx_word' id='word_1_791' title='bbox 2834 3770 2910 3825; x_wconf 89' lang='lat' dir='ltr'><strong>ibi</strong></span> <span class='ocrx_word' id='word_1_792' title='bbox 2936 3770 3277 3844; x_wconf 89' lang='lat' dir='ltr'><strong>principalis</strong></span> <span class='ocrx_word' id='word_1_793' title='bbox 3320 3773 3509 3845; x_wconf 85' lang='lat' dir='ltr'><strong>digni-</strong></span> 
     </span>
    </p>
   </div>
   <div class='ocr_carea' id='block_1_100' title="bbox 1858 3855 3504 3932">
    <p class='ocr_par' dir='ltr' id='par_1_100' title="bbox 1858 3855 3504 3932">
     <span class='ocr_line' id='line_1_102' title="bbox 1858 3855 3504 3932; baseline 0.007 -24"><span class='ocrx_word' id='word_1_794' title='bbox 1858 3855 1997 3910; x_wconf 89' lang='lat' dir='ltr'><strong>tatis</strong></span> <span class='ocrx_word' id='word_1_795' title='bbox 2028 3860 2083 3910; x_wconf 92' lang='lat' dir='ltr'><strong>et</strong></span> <span class='ocrx_word' id='word_1_796' title='bbox 2111 3856 2292 3910; x_wconf 79' lang='lat' dir='ltr'><strong>totius</strong></span> <span class='ocrx_word' id='word_1_797' title='bbox 2329 3856 2737 3913; x_wconf 65' lang='lat' dir='ltr'><strong>ecclesiasticas</strong></span> <span class='ocrx_word' id='word_1_798' title='bbox 2783 3857 3103 3932; x_wconf 68' lang='lat' dir='ltr'><strong>disciplina:</strong></span> <span class='ocrx_word' id='word_1_799' title='bbox 3153 3860 3504 3927; x_wconf 82' lang='lat' dir='ltr'><strong>venerabilis</strong></span> 
     </span>
    </p>
   </div>
   <div class='ocr_carea' id='block_1_101' title="bbox 1858 3943 3502 4024">
    <p class='ocr_par' dir='ltr' id='par_1_101' title="bbox 1858 3943 3502 4024">
     <span class='ocr_line' id='line_1_103' title="bbox 1858 3943 3502 4024; baseline 0.006 -26"><span class='ocrx_word' id='word_1_800' title='bbox 1858 3960 2003 4015; x_wconf 83' lang='lat' dir='ltr'><strong>apex</strong></span> <span class='ocrx_word' id='word_1_801' title='bbox 2025 3943 2365 4017; x_wconf 62' lang='lat' dir='ltr'><strong>praefulgeat</strong></span> <span class='ocrx_word' id='word_1_802' title='bbox 2384 3949 2440 4000; x_wconf 90' lang='lat' dir='ltr'><strong>et</strong></span> <span class='ocrx_word' id='word_1_803' title='bbox 2459 3945 2768 4019; x_wconf 78' lang='lat' dir='ltr'><strong>praecellat,</strong></span> <span class='ocrx_word' id='word_1_804' title='bbox 2795 3947 2895 4002; x_wconf 92' lang='lat' dir='ltr'><strong>ubi</strong></span> <span class='ocrx_word' id='word_1_805' title='bbox 2918 3948 3041 4020; x_wconf 88' lang='lat' dir='ltr'><strong>ipse</strong></span> <span class='ocrx_word' id='word_1_806' title='bbox 3087 3954 3283 4005; x_wconf 84' lang='lat' dir='ltr'><strong>vertex</strong></span> <span class='ocrx_word' id='word_1_807' title='bbox 3325 3955 3502 4024; x_wconf 82' lang='lat' dir='ltr'><strong>atque</strong></span> 
     </span>
    </p>
   </div>
   <div class='ocr_carea' id='block_1_102' title="bbox 1857 4033 3505 4106">
    <p class='ocr_par' dir='ltr' id='par_1_102' title="bbox 1857 4033 3505 4106">
     <span class='ocr_line' id='line_1_104' title="bbox 1857 4033 3505 4106; baseline 0.004 -17"><span class='ocrx_word' id='word_1_808' title='bbox 1857 4034 2030 4089; x_wconf 88' lang='lat' dir='ltr'><strong>cardo</strong></span> <span class='ocrx_word' id='word_1_809' title='bbox 2052 4033 2450 4106; x_wconf 87' lang='lat' dir='ltr'><strong>apostolorum</strong></span> <span class='ocrx_word' id='word_1_810' title='bbox 2470 4035 2675 4090; x_wconf 88' lang='lat' dir='ltr'><strong>Petrus</strong></span> <span class='ocrx_word' id='word_1_811' title='bbox 2695 4035 2888 4093; x_wconf 89' lang='lat' dir='ltr'><strong>carnis</strong></span> <span class='ocrx_word' id='word_1_812' title='bbox 2909 4054 3027 4093; x_wconf 71' lang='lat' dir='ltr'><strong>suae</strong></span> <span class='ocrx_word' id='word_1_813' title='bbox 3050 4037 3285 4094; x_wconf 88' lang='lat' dir='ltr'><strong>beatam</strong></span> <span class='ocrx_word' id='word_1_814' title='bbox 3302 4055 3505 4097; x_wconf 88' lang='lat' dir='ltr'><strong>resur-</strong></span> 
     </span>
    </p>
   </div>
   <div class='ocr_carea' id='block_1_103' title="bbox 1858 4121 3497 4198">
    <p class='ocr_par' dir='ltr' id='par_1_103' title="bbox 1858 4121 3497 4198">
     <span class='ocr_line' id='line_1_105' title="bbox 1858 4121 3497 4198; baseline 0.005 -22"><span class='ocrx_word' id='word_1_815' title='bbox 1858 4121 2172 4177; x_wconf 90' lang='lat' dir='ltr'><strong>rectionem</strong></span> <span class='ocrx_word' id='word_1_816' title='bbox 2196 4123 2254 4176; x_wconf 90' lang='lat' dir='ltr'><strong>in</strong></span> <span class='ocrx_word' id='word_1_817' title='bbox 2282 4123 2598 4179; x_wconf 88' lang='lat' dir='ltr'><strong>novissimo</strong></span> <span class='ocrx_word' id='word_1_818' title='bbox 2617 4124 2710 4180; x_wconf 90' lang='lat' dir='ltr'><strong>die</strong></span> <span class='ocrx_word' id='word_1_819' title='bbox 2730 4127 3309 4198; x_wconf 87' lang='lat' dir='ltr'><strong>expectat.Nimirum</strong></span> <span class='ocrx_word' id='word_1_820' title='bbox 3334 4128 3497 4185; x_wconf 89' lang='lat' dir='ltr'><strong>solus</strong></span> 
     </span>
    </p>
   </div>
   <div class='ocr_carea' id='block_1_104' title="bbox 112 5372 1745 5457">
    <p class='ocr_par' dir='ltr' id='par_1_104' title="bbox 112 5372 1745 5457">
     <span class='ocr_line' id='line_1_106' title="bbox 112 5372 1745 5457; baseline -0.006 -17"><span class='ocrx_word' id='word_1_821' title='bbox 112 5387 247 5457; x_wconf 69' lang='lat' dir='ltr'><strong>Leo</strong></span> <span class='ocrx_word' id='word_1_822' title='bbox 282 5379 641 5456; x_wconf 82' lang='lat' dir='ltr'><strong>episcopus,</strong></span> <span class='ocrx_word' id='word_1_823' title='bbox 673 5392 877 5435; x_wconf 89' lang='lat' dir='ltr'><strong>servus</strong></span> <span class='ocrx_word' id='word_1_824' title='bbox 905 5389 1207 5443; x_wconf 81' lang='lat' dir='ltr'><strong>servorum</strong></span> <span class='ocrx_word' id='word_1_825' title='bbox 1239 5373 1361 5445; x_wconf 91' lang='lat' dir='ltr'><strong>Dei,</strong></span> <span class='ocrx_word' id='word_1_826' title='bbox 1395 5372 1602 5443; x_wconf 84' lang='lat' dir='ltr'><strong>dilecto</strong></span> <span class='ocrx_word' id='word_1_827' title='bbox 1631 5373 1745 5432; x_wconf 90' lang='lat' dir='ltr'><strong>fra-</strong></span> 
     </span>
    </p>
   </div>
   <div class='ocr_carea' id='block_1_105' title="bbox 40 5466 871 5539">
    <p class='ocr_par' dir='ltr' id='par_1_105' title="bbox 40 5466 871 5539">
     <span class='ocr_line' id='line_1_107' title="bbox 40 5466 871 5539; baseline -0.018 -5"><span class='ocrx_word' id='word_1_828' title='bbox 40 5476 123 5534; x_wconf 85' lang='lat' dir='ltr'><strong>tri</strong></span> <span class='ocrx_word' id='word_1_829' title='bbox 155 5479 224 5532; x_wconf 88' lang='lat' dir='ltr'><strong>et</strong></span> <span class='ocrx_word' id='word_1_830' title='bbox 261 5468 641 5539; x_wconf 78' lang='lat' dir='ltr'><strong>coepiscopo</strong></span> <span class='ocrx_word' id='word_1_831' title='bbox 662 5466 871 5522; x_wconf 80' lang='lat' dir='ltr'><strong>Pn&#39;rao.</strong></span> 
     </span>
    </p>
   </div>
   <div class='ocr_carea' id='block_1_106' title="bbox 74 5548 1746 5647">
    <p class='ocr_par' dir='ltr' id='par_1_106' title="bbox 74 5548 1746 5647">
     <span class='ocr_line' id='line_1_108' title="bbox 74 5548 1746 5647; baseline -0.018 -10"><span class='ocrx_word' id='word_1_832' title='bbox 74 5548 75 5551; x_wconf 8' lang='grc' dir='ltr'>Ἰ</span> <span class='ocrx_word' id='word_1_833' title='bbox 110 5554 666 5647; x_wconf 48' lang='grc' dir='ltr'><strong>ῧοῑζειῗαξωαῐηαῖ</strong></span> <span class='ocrx_word' id='word_1_834' title='bbox 694 5553 1069 5647; x_wconf 54' lang='lat' dir='ltr'><strong>Vehementer</strong></span> <span class='ocrx_word' id='word_1_835' title='bbox 1094 5552 1161 5647; x_wconf 32' lang='lat' dir='ltr'><strong>i9.</strong></span> <span class='ocrx_word' id='word_1_836' title='bbox 1184 5551 1429 5647; x_wconf 69' lang='grc' dir='ltr'><strong>Βοφὶηο</strong></span> <span class='ocrx_word' id='word_1_837' title='bbox 1458 5555 1568 5647; x_wconf 67' lang='lat' dir='ltr'><strong>tuae</strong></span> <span class='ocrx_word' id='word_1_838' title='bbox 1613 5568 1746 5647; x_wconf 40' lang='lat' dir='ltr'><strong>sanf</strong></span> 
     </span>
    </p>
   </div>
   <div class='ocr_carea' id='block_1_107' title="bbox 32 5640 1749 5727">
    <p class='ocr_par' dir='ltr' id='par_1_107' title="bbox 32 5640 1749 5727">
     <span class='ocr_line' id='line_1_109' title="bbox 32 5640 1749 5727; baseline -0.009 -14"><span class='ocrx_word' id='word_1_839' title='bbox 32 5640 367 5727; x_wconf 48' lang='lat' dir='ltr'><strong>ctissi&#39;mgj</strong></span> <span class='ocrx_word' id='word_1_840' title='bbox 396 5643 775 5719; x_wconf 76' lang='lat' dir='ltr'><strong>fraternitati,</strong></span> <span class='ocrx_word' id='word_1_841' title='bbox 801 5647 977 5727; x_wconf 65' lang='lat' dir='ltr'><strong>atque</strong></span> <span class='ocrx_word' id='word_1_842' title='bbox 993 5640 1374 5717; x_wconf 81' lang='lat' dir='ltr'><strong>multimodas</strong></span> <span class='ocrx_word' id='word_1_843' title='bbox 1390 5642 1633 5727; x_wconf 76' lang='lat' dir='ltr'><strong>gratias,</strong></span> <span class='ocrx_word' id='word_1_844' title='bbox 1681 5645 1749 5701; x_wconf 90' lang='lat' dir='ltr'><strong>ut</strong></span> 
     </span>
    </p>
   </div>
   <div class='ocr_carea' id='block_1_108' title="bbox 23 5726 1747 5823">
    <p class='ocr_par' dir='ltr' id='par_1_108' title="bbox 23 5726 1747 5823">
     <span class='ocr_line' id='line_1_110' title="bbox 23 5726 1747 5823; baseline -0.009 -18"><span class='ocrx_word' id='word_1_845' title='bbox 23 5726 322 5823; x_wconf 83' lang='lat' dir='ltr'><strong>dignum</strong></span> <span class='ocrx_word' id='word_1_846' title='bbox 346 5736 479 5805; x_wconf 86' lang='lat' dir='ltr'><strong>est,</strong></span> <span class='ocrx_word' id='word_1_847' title='bbox 497 5732 808 5792; x_wconf 86' lang='lat' dir='ltr'><strong>referimus</strong></span> <span class='ocrx_word' id='word_1_848' title='bbox 828 5731 880 5791; x_wconf 87' lang='lat' dir='ltr'><strong>ei</strong></span> <span class='ocrx_word' id='word_1_849' title='bbox 902 5726 1003 5813; x_wconf 70' lang='lat' dir='ltr'><strong>Qui</strong></span> <span class='ocrx_word' id='word_1_850' title='bbox 1032 5734 1122 5791; x_wconf 88' lang='lat' dir='ltr'><strong>est</strong></span> <span class='ocrx_word' id='word_1_851' title='bbox 1146 5746 1282 5791; x_wconf 86' lang='lat' dir='ltr'><strong>vera</strong></span> <span class='ocrx_word' id='word_1_852' title='bbox 1308 5747 1421 5809; x_wconf 83' lang='lat' dir='ltr'><strong>pax</strong></span> <span class='ocrx_word' id='word_1_853' title='bbox 1447 5736 1506 5791; x_wconf 88' lang='lat' dir='ltr'><strong>et</strong></span> <span class='ocrx_word' id='word_1_854' title='bbox 1558 5731 1747 5791; x_wconf 86' lang='lat' dir='ltr'><strong>chari-</strong></span> 
     </span>
    </p>
   </div>
  </div>
