3916 6356
152 438 266 501 ἸἿ3

1122 434 1531 501 EPISTOLE
1572 435 1676 501 ET
1718 435 2079 501 DEGRETA
2123 439 2597 545 POl‘lTIFlCIA.

3440 446 3557 510 ³1⁸74

155 574 550 644 thonepapaet
584 569 1472 644 ConstantinonepoteHeraclii;
1506 572 1802 641 ultimum,
1834 575 1888 642 Α
1920 574 1967 628 si
2002 590 2115 629 non
2149 575 2478 647 transgredi
2508 575 2864 633 laboraveris
2890 573 3169 634 terminos
3200 594 3348 650 quos
3369 584 3559 651 patres

156 662 472 718 secundum
503 661 824 727 Nicaenum,
848 661 959 716 sub
988 660 1240 717 Adriano
1272 679 1421 735 papa
1445 666 1502 718 et
1522 664 1799 718 Constan-

153 751 269 807 tino
305 752 498 807 Irenes
530 751 670 818 filio,
704 767 809 823 pro
841 749 1169 807 reverendis
1202 751 1428 807 Domini
1464 752 1606 809 Jesu
1638 752 1799 808 Chri-

155 840 227 897 sti
257 844 312 897 et
343 845 679 896 sanctorum
712 839 1092 913 imaginibus.
1124 839 1417 912 Quidquid
1450 858 1627 913 supra
1648 841 1803 897 dicta

155 934 374 1003 septem
407 934 608 986 sancta
637 934 693 985 et
721 927 1071 985 universalia
1098 928 1344 985 concilia
1389 933 1700 985 senserunt
1747 933 1804 985 et

153 1018 643 1088 collaudaverunt,
680 1017 866 1075 sentio
897 1022 953 1074 et
982 1017 1284 1074 collaudo:
1322 1022 1379 1073 et
1421 1034 1804 1092 quoscunque

153 1108 811 1177 anathematizaverunt,
888 1106 1335 1164 anathematizo.
1407 1110 1570 1163 Hanc
1627 1108 1803 1164 ﬁdem

150 1201 355 1252 sancta
386 1196 649 1252 Romana
669 1200 725 1251 et
753 1194 1073 1268 apostolica
1101 1195 1267 1251 sedes
1300 1196 1471 1252 corde
1514 1195 1696 1252 credit
1724 1197 1795 1252 ad

143 1286 459 1356 justitiam,
506 1291 562 1339 et
604 1302 701 1340 ore
749 1285 1059 1339 confitetur
1107 1283 1176 1339 ad
1218 1283 1467 1341 salutem
1517 1286 1689 1356 (Rom.
1723 1286 1799 1356 x).

149 1374 481 1429 Secundum
515 1374 665 1429 hanc
697 1374 903 1441 vivere,
937 1373 1185 1429 Domino
1213 1373 1485 1441 donante,
1511 1376 1724 1441 studet,
1748 1378 1806 1431 et

148 1479 251 1533 pro
281 1464 409 1533 ejus
438 1463 795 1530 defensione,
828 1462 877 1519 si
907 1463 1245 1535 oportuerit,
1291 1462 1437 1519 mori
1471 1468 1671 1536 parata
1693 1468 1801 1520 est.

151 1551 340 1614 Quam
371 1554 427 1607 et
456 1551 514 1606 in
542 1556 617 1617 te,
652 1552 830 1608 frater
859 1551 1225 1620 charissime,
1257 1552 1571 1624 perfectam
1596 1568 1806 1626 cogno-

152 1641 395 1708 scimus,
420 1644 475 1696 et
497 1642 819 1697 secundum
843 1656 970 1697 eam
990 1644 1047 1696 te
1067 1640 1255 1697 vivere
1275 1641 1581 1697 nobiscum
1603 1643 1806 1698 admo-

150 1745 381 1797 nemus,
416 1730 672 1801 profecto
703 1730 951 1786 scientes
1001 1729 1141 1802 quia
1190 1729 1333 1785 fides
1377 1730 1504 1785 sine
1534 1730 1808 1803 operibus

151 1820 386 1873 mortua
414 1821 504 1872 est
534 1819 668 1888 (Jac.
703 1821 788 1887 ιι).
824 1817 1162 1874 Salutamus
1212 1834 1347 1873 cum
1396 1818 1556 1874 omni
1604 1819 1807 1876 frater-

152 1906 337 1961 nitate
368 1922 469 1961 seu
501 1905 756 2005 collegio.
789 1911 1001 1961 sanctze
1050 1907 1323 1962 Romanae
1371 1910 1427 1962 et
1476 1907 1808 1980 apostolicae
1838 1945 1887 2010 Β

152 1994 314 2052 sedis
330 1999 492 2049 tuam
518 1993 942 2050 fraternitatem
965 1999 1254 2063 sanctam,
1272 1999 1667 2069 cunctumque
1689 1998 1809 2054 col-

151 2083 376 2158 legium
399 2083 457 2138 in
491 2083 736 2140 Domino
767 2083 873 2140 tibi
905 2084 1233 2155 subjectum
1259 2102 1273 2153 ;
1303 2089 1361 2141 et
1391 2089 1455 2141 ut
1484 2103 1586 2157 pro
1616 2092 1814 2143 nostra

152 2174 394 2246 gemina
467 2172 656 2228 salute
721 2173 1178 2245 omnipotentem
1236 2174 1546 2230 Dominum
1597 2176 1815 2249 jugiter

152 2280 359 2320 exores
389 2277 697 2334 precamur
726 2261 1071 2333 plurimum,
1105 2265 1412 2320 reverende
1432 2268 1488 2319 et
1519 2265 1813 2321 desidera-

150 2352 296 2409 bilis
325 2352 521 2407 frater.

944 2456 1033 2512 CII

155 2565 216 2620 S.
252 2565 450 2620 Leonis
470 2563 697 2637 epistola
724 2562 794 2637 ad
813 2562 1127 2637 Michaelem
1154 2564 1818 2637 Constantinopolitanum

1913 664 2091 719 nostri
2121 666 2490 735 posuerunt?
2519 666 2588 720 Et
2625 666 2765 739 quia
2812 666 3156 722 Christiana:
3198 668 3564 740 perfectionis

1910 754 1999 806 est
2027 752 2333 823 pacificum
2365 770 2494 810 esse
2530 754 2727 822 etiam,
2762 770 2896 811 cum
2946 754 3205 813 inimicis
3252 756 3430 829 pacis,
3464 775 3565 831 spe

1911 841 2306 907 correctionis,
2356 859 2484 912 non
2556 859 2844 899 consensu
2916 843 3340 917 malignitatis;
3403 849 3565 902 tanto

1911 926 2219 984 sollicitius
2252 930 2535 987 debemus
2568 949 2771 987 omnes
2792 932 3129 989 occasiones
3153 934 3566 993 scandalorum

1913 1016 1983 1072 de
2014 1017 2202 1072 medio
2232 1017 2454 1086 tollere,
2506 1027 2724 1091 quanto
2773 1020 3036 1077 tenacius
3086 1026 3360 1094 optamus
3403 1024 3567 1097 pacis

1913 1104 2133 1160 amicos
2164 1105 2428 1163 retinere.
2463 1106 2721 1164 Plurima
2750 1113 2945 1164 autem
2975 1126 3044 1165 ex
3074 1114 3174 1165 tua
3206 1112 3569 1170 fraternitate

1913 1191 2303 1250 intolerabilia
2332 1213 2534 1252 rumor
2554 1197 2679 1269 jam
2720 1198 2820 1253 diu
2848 1199 3089 1269 pertulit
3135 1200 3207 1255 ad
3254 1217 3428 1257 aures
3460 1220 3563 1259 no-

1915 1286 2086 1346 stras,
2123 1299 2248 1353 quae
2288 1301 2413 1353 nos,
2448 1286 2659 1357 partim
2709 1287 2844 1358 quia
2874 1287 3243 1344 incredibilia
3279 1290 3564 1347 videban-

1914 1374 2031 1438 tur,
2088 1371 2299 1442 partim
2350 1374 2488 1444 quia
2533 1374 2695 1429 nulla
2758 1374 3000 1431 facultas
3044 1377 3375 1448 inquirendi
3420 1380 3563 1434 talia

1914 1459 2362 1528 concedebatur,
2440 1462 2775 1518 indiscussa
2833 1463 3135 1536 hucusque
3192 1465 3560 1538 reliquimus.

1914 1548 2175 1620 Denique
2205 1549 2415 1605 diceris
2449 1551 2797 1623 neophytus,
2846 1557 2902 1607 et
2950 1570 3065 1607 non
3115 1553 3402 1625 gradatim
3434 1572 3563 1628 pro-

1916 1635 2151 1693 siluisse
2182 1638 2252 1693 ad
2288 1639 2617 1711 episcopale
2662 1640 3004 1713 fastigium:
3041 1642 3197 1714 quod
3229 1642 3567 1701 nullatenus

1916 1742 2042 1781 esse
2074 1725 2405 1783 faciendum
2441 1742 2497 1782 et
2521 1728 2834 1801 Apostolus
2884 1730 3085 1785 edocet
3132 1732 3181 1800 (1
3208 1732 3341 1787 Tim.
3373 1733 3481 1805 III),
3514 1737 3572 1789 et

1916 1814 2272 1872 venerabiles
2297 1833 2550 1873 canones
2582 1817 2960 1874 interdicunt.
3008 1819 3156 1876 Hinc
3200 1837 3344 1877 nova
3381 1821 3569 1878 ambi-

1916 1903 2070 1959 tione
2099 1902 2558 1961 Alexandrinum
2608 1913 2660 1963 et
2701 1907 3131 1964 Antiochenum
3181 1909 3566 1981 patriarchas,

1920 1994 2177 2065 antiquis
2210 2011 2327 2049 suae
2357 1995 2656 2068 dignitatis
2688 1996 3008 2069 privilegiis
3057 1997 3283 2069 privare
3328 2002 3566 2055 conten-

1921 2082 2087 2150 dens,
2119 2087 2320 2139 contra
2347 2101 2519 2140 omne
2540 2084 2626 2139 fas
2647 2086 2815 2156 etjus
2839 2090 2936 2141 tuo
2966 2086 3225 2142 dominio
3249 2087 3571 2160 subjugare

1922 2171 2172 2227 conaris.
2205 2173 2366 2238 Quod
2398 2178 2614 2245 quanto
2646 2179 2744 2229 tuo
2776 2175 3031 2246 periculo
3062 2179 3272 2244 tentes,
3294 2177 3572 2233 omnibus

1924 2276 2077 2314 sana:
2105 2261 2319 2316 mentis
2351 2266 2544 2334 patet:
2579 2263 3054 2335 quandoquidem
3104 2282 3256 2321 vana
3303 2265 3488 2338 gloria
3516 2272 3574 2323 et

1924 2365 2138 2421 pompa
2167 2349 2429 2405 saeculari
2462 2349 2673 2416 elatus,
2707 2351 3019 2408 consilium
3067 2351 3389 2410 divinitatis
3419 2355 3576 2411 anti-

1927 2454 2108 2508 quum
2129 2440 2306 2510 super
2325 2437 2722 2494 stabilimento
2744 2438 3150 2497 columnarum
3171 2458 3290 2497 suae
3310 2442 3579 2502 Ecclesia

1928 2527 2048 2597 [Hic
2075 2526 2219 2582 deest
2250 2532 2475 2582 mutare
2512 2535 2608 2583 aut
2654 2528 2868 2599 aliquid
2914 2530 3206 2602 ejusmodi]
3251 2533 3576 2601 contendis,

1928 2616 2097 2688 quasi
2128 2631 2196 2671 ex
2230 2614 2535 2672 fallacibus
2584 2617 2806 2673 divitiis
2854 2619 3258 2690 praeiudicium
3308 2621 3574 2680 facturus

1927 2704 2031 2772 illi,
2066 2704 2167 2776 qui
2190 2721 2323 2759 cum
2347 2722 2477 2761 vere
2498 2710 2554 2760 et
2571 2704 2946 2778 singulariter
2965 2706 3127 2764 dives
3150 2713 3322 2778 esset,
3348 2727 3573 2783 pauper

1928 2810 2030 2865 pro
2063 2793 2229 2849 nobis
2260 2794 2447 2850 factus
2478 2795 2550 2866 (II
2566 2794 2685 2850 Cor.
2705 2796 2849 2867 VIII),
2887 2796 3102 2869 delegit
3123 2814 3243 2853 suae
3260 2799 3569 2872 temporali

1931 2882 2216 2937 nativitati
2243 2882 2588 2954 oppidulum
2610 2887 2667 2939 et
2686 2883 2977 2956 speluncas
3000 2885 3388 2943 diversorium
3411 2874 3564 2956 (Luc.

1934 2971 2020 3042 ιι),
2052 2988 2166 3026 non
2201 2970 2501 3043 quodlibet
2528 2988 2734 3045 regum
2766 2972 3072 3044 palatium.
3097 2974 3281 3047 Cujus
3313 2976 3580 3050 exempla

1937 3058 2209 3131 quisquis
2240 3060 2456 3129 horret,
2489 3061 2561 3116 ad
2584 3065 2802 3117 sortem
2824 3061 2986 3118 illius
3012 3063 3287 3135 pertinet,
3320 3066 3420 3137 qui
3442 3070 3580 3122 tunc

1940 3166 2044 3222 per
2091 3165 2175 3217 se,
2224 3166 2381 3205 nunc
2440 3154 2639 3207 autem
2694 3168 2798 3223 per
2854 3169 2991 3208 suos
3051 3153 3334 3211 satellites
3391 3155 3582 3212 dicere

220 2634 630 2708 patriarcham.
665 2666 731 2675 —
759 2634 1081 2708 Gratulatur
1128 2637 1181 2689 ei
1227 2636 1368 2707 quod
1412 2634 1620 2693 Gi'tecos
1666 2641 1816 2693 Lati-

227 2705 326 2762 nis
344 2707 652 2781 conciliare
664 2705 919 2781 studeret.
952 2708 1148 2781 Arguit
1177 2705 1321 2781 eum,
1341 2716 1455 2762 tum
1477 2709 1616 2780 quod
1635 2711 1819 2781 patri-

227 2778 435 2851 archas
464 2777 901 2832 Alexandrinum
930 2781 979 2832 et
1008 2778 1403 2851 Antiochenam
1431 2777 1549 2836 suae
1567 2777 1820 2851 potestati

225 2850 503 2917 subiicere
533 2852 841 2922 conaretur,
886 2858 1001 2903 tum
1030 2848 1172 2920 quod
1216 2852 1542 2906 universalis
1567 2848 1822 2922 patriar-

226 2922 352 2977 chara
383 2937 584 2976 nomen
612 2921 719 2975 sibi
737 2928 1045 2991 usurparet,
1076 2924 1129 2975 et
1170 2922 1467 2976 Romanam
1499 2921 1820 2992 Ecclesium,

225 3008 363 3066 quae
393 2994 453 3066 in
483 2994 694 3063 azymis
732 3001 977 3066 sanctum
1013 2992 1372 3066 eucharistiac
1407 3010 1625 3048 sacrum
1657 2996 1823 3066 conﬁ-

222 3063 368 3133 ciat,
402 3063 709 3119 damnaret.
744 3064 947 3119 Probat
987 3064 1272 3120 Christum
1312 3066 1375 3118 in
1421 3082 1614 3136 azymo
1643 3063 1826 3122 conse-

222 3151 437 3192 crasse.

812 3224 1002 3295 (Anno
1031 3223 1220 3296 4064.)

742 3313 954 3383 [Mansi
985 3313 1256 3384 ΧΙΧ,643]

230 3423 355 3478 Leo
366 3421 698 3494 episcopus,
714 3435 915 3475 servus
927 3435 1227 3475 servorum
1247 3419 1365 3488 Dei,
1383 3406 1663 3476 Micam-sil
1676 3420 1828 3477 Con-

154 3508 700 3582 stantinopolitano
732 3507 1181 3580 archiepiscopo.

229 3600 478 3672 Scripta
507 3603 622 3655 tua:
664 3596 1012 3653 honorandae
1044 3595 1424 3653 fraternitatis
1466 3599 1703 3654 tandem
1753 3600 1825 3655 ad

1942 3239 2155 3294 audet:
2191 3239 2487 3294 Ascemiam
2513 3257 2678 3312 super
2704 3240 3059 3297 altitudinem
3088 3243 3338 3311 nubium,
3381 3246 3583 3300 similis

1859 3314 1902 3380 C
1942 3343 2035 3383 ero
2064 3327 2344 3383 Altissimo
2384 3330 2513 3396 (lsa.
2557 3330 2691 3398 xxv).
2732 3329 2838 3385 Sed
2874 3346 2985 3385 non
3029 3332 3380 3401 cogitationes
3418 3348 3577 3400 mea,

1936 3418 2293 3487 cogitationes
2320 3424 2515 3473 vestrm
2530 3433 2552 3479 ,'
2580 3432 2756 3489 neque
2776 3419 2886 3474 via?
2914 3433 3067 3486 mem,
3089 3422 3191 3473 vim
3210 3421 3420 3486 vistrw,
3440 3420 3581 3476 dicit

1936 3506 2198 3559 Dominus
2228 3503 2359 3575 (Isa.
2395 3506 2522 3571 Lv):
2556 3504 2653 3576 qui
2687 3503 2970 3578 dispergit
2999 3507 3281 3579 superbos
3302 3508 3358 3563 in
3385 3508 3579 3566 furore

1937 3610 2065 3662 suo,
2098 3597 2155 3649 et
2184 3593 2504 3665 respiciens
2535 3609 2767 3648 omnem
2799 3601 3169 3666 arrogantem
3195 3595 3490 3667 humiliat,
3522 3603 3581 3655 et

153 3707 270 3746 nos
305 3692 724 3762 pervenerunt,
765 3687 824 3741 in
874 3685 1090 3757 quibus
1135 3686 1207 3741 ad
1257 3686 1510 3743 maxime
1558 3703 1825 3744 necessa-

148 3780 323 3835 rium
354 3778 750 3848 omnibusque
778 3775 993 3832 Christi
1038 3774 1305 3831 ﬁdelibus
1354 3774 1825 3848 amplectendum

145 3868 394 3923 bonum
449 3864 768 3921 concordiae
818 3868 875 3919 et
938 3862 1179 3919 unitatis
1242 3863 1535 3919 exhortari
1583 3865 1823 3933 studes;

145 3960 466 4030 quatenus
496 3958 627 4025 post
656 3952 906 4007 nimium
930 3951 1132 4025 longas
1154 3955 1211 4006 et
1233 3951 1590 4024 perniciosas
1611 3953 1830 4009 discor-

140 4047 309 4111 dias,
338 4043 469 4099 ﬁlia
487 4060 555 4098 ex
575 4042 822 4115 proprias
845 4041 1050 4096 matris
1068 4039 1536 4096 reconciliatione
1557 4040 1823 4097 exsultet'

136 4136 231 4190 Ad
269 4132 443 4206 quod
478 4131 679 4203 utique
716 4135 774 4185 te
823 4134 1230 4201 provocantem
1273 4134 1331 4186 et
1375 4134 1827 4202 praemonentem

134 4227 322 4278 tanto
357 4220 696 4294 promptius
726 4218 1057 4274 auscultare
1101 4217 1394 4290 cupimus,
1445 4223 1663 4291 quanta
1688 4218 1830 4291 vigi-

134 4311 390 4368 lantius
422 4306 944 4364 animadvertimus
973 4306 1126 4363 hanc
1155 4305 1343 4363 solam
1372 4323 1502 4364 esse
1531 4308 1827 4380 propriam

131 4405 197 4456 et
255 4395 597 4472 specialem
645 4396 918 4450 virtutem
961 4394 1194 4467 piorum
1245 4399 1420 4467 atque
1467 4400 1826 4462 sanctorum,

131 4506 287 4545 cum
324 4489 554 4543 caeteras
591 4484 838 4539 virtutes
882 4483 1053 4540 bonis
1104 4488 1163 4539 et
1210 4483 1381 4555 malis
1430 4499 1558 4539 esse
1602 4484 1831 4556 possint

126 4591 537 4640 communes,
592 4572 841 4629 Domino
897 4572 980 4629 sic
1051 4576 1572 4644 praemonstrante:
1623 4574 1686 4628 In
1731 4572 1830 4629 hoc
1946 4569 3580 4643 norarivocabulo?thuispostChristumconvenientius

126 4666 494 4738 cognoscent
516 4678 701 4718 omnes
731 4664 866 4732 quia
893 4663 1003 4717 mei
1046 4664 1173 4718 estis
1201 4661 1482 4734 discipuli,
1512 4663 1563 4717 si
1591 4661 1830 4718 dilectio-
1857 4685 1905 4750 Β
1937 4662 2135 4732 posset
2164 4657 2429 4750 insigniri
2462 4658 2569 4750 hoc
2593 4659 2894 4727 vocabulo,
2919 4677 3099 4750 quam
3140 4662 3232 4716 cui
3256 4661 3472 4717 dicitur
3495 4662 3581 4718 di-

118 4773 263 4814 nem
278 4750 1289 4822 habueritisadinvicemann.xm).
1315 4750 1665 4822 Etdeiloquo
1679 4750 1826 4806 Pau-
1863 4749 1890 4750 ’7
1934 4749 2069 4803 vina
2107 4764 2241 4803 voce
2265 4764 2278 4803 :
2307 4749 2381 4802 Tu
2408 4764 2463 4803 es
2491 4749 2688 4803 Petrus
2717 4753 2768 4803 et
2807 4766 2970 4821 super
2998 4749 3139 4805 hanc
3167 4758 3379 4822 petram
3408 4750 3581 4821 adiﬁ-

119 4845 184 4901 lo
220 4845 644 4918 protestante:
682 4842 874 4896 Pacem
902 4841 1203 4910 sequimini
1219 4855 1342 4895 cum
1361 4840 1614 4895 omnibus
1633 4843 1685 4895 et
1701 4855 1830 4895 san-
1934 4837 2067 4892 cabo
2093 4838 2385 4891 Ecclesium
2414 4853 2596 4892 meam
2624 4836 2834 4899 (Matth.
2858 4841 2997 4906 xvx),
3022 4843 3134 4894 etc.
3158 4838 3581 4897 Verumtamen

116 4934 512 4999 ctimoniam,
529 4933 651 4986 sine
675 4945 951 5002 quanemo
966 4928 1545 4999 videbitDeum(Hebr.
1565 4929 1690 4999 χιι).
1711 4928 1827 4984 Un-
1938 4925 2075 4998 quia
2097 4924 2192 4981 ille
2216 4942 2325 4981 non
2355 4926 2650 4980 invenitur
2671 4926 3019 4982 universalis
3042 4928 3343 4999 apostolus
3364 4928 3584 4999 dictus,

116 5025 200 5082 de
257 5019 619 5096 plurimum
668 5025 782 5075 tuas
843 5017 1195 5074 fraternitati
1242 5016 1722 5089 congratulamur
1766 5019 1826 5072 in
1937 5013 3584 5087 quamvisprincepsapostolorumsitconstitutus,nullus

112 5112 443 5175 Domino,
496 5106 775 5179 quoniam
825 5122 1127 5163 summum
1170 5105 1523 5162 desiderium
1548 5110 1825 5171 nostrum
1937 5120 2340 5160 successorum
2374 5104 2503 5174 ejus
2533 5107 2651 5158 tam
2685 5105 3021 5178 prodigiosa
3052 5108 3413 5179 praenomine
3443 5125 3582 5164 con-

112 5207 232 5260 tua
278 5197 609 5256 industria
648 5196 982 5268 anticipasti
1018 5214 1031 5264 ;
1086 5196 1237 5268 quod
1286 5194 1488 5267 utique
1532 5194 1581 5250 si
1629 5193 1824 5267 aliquo
1936 5193 2121 5248 sensit
2151 5192 2429 5264 appellari
2464 5193 2720 5264 penitus,
2754 5192 2890 5249 licet
2920 5212 3135 5268 magno
3168 5197 3341 5252 Leoni
3371 5197 3581 5268 praede-

110 5292 368 5365 frigore
425 5285 737 5342 charitatis
784 5284 1143 5357 pigritareris
1189 5283 1448 5356 exsequi,
1500 5287 1700 5339 nostra
1727 5284 1826 5340 de-
1937 5282 2152 5338 cessori
2184 5286 2403 5349 nostro,
2439 5286 2498 5337 et
2523 5284 2971 5340 successoribus
3002 5285 3209 5356 ipsius,
3244 5285 3348 5340 hoc
3377 5288 3578 5339 sancta

107 5382 363 5437 bueras
394 5374 648 5432 solertia
661 5371 980 5446 praeveniri.
1005 5372 1121 5429 Nos
1143 5372 1501 5444 enim,juxta
1519 5372 1826 5444 praefatum
1936 5369 2754 5427 decreveritChalcedlonensis
2777 5374 3058 5444 synodus.
3080 5373 3295 5444 Nempe
3316 5370 3577 5427 animad-

102 5465 540 5544 Apostolum,
568 5462 618 5519 si
645 5461 768 5519 fieri
791 5464 1001 5534 potest,
1032 5473 1171 5517 cum’
1189 5461 1466 5518 omnibus
1485 5460 1827 5517 hominibus

104 5574 352 5633 pacem
453 5552 671 5608 habere
736 5551 911 5624 (Rom.
969 5551 1072 5621 χιι)
1138 5554 1546 5623 peroptamus;
1605 5554 1824 5623 quanto

100 5648 332 5723 magis
392 5656 550 5713 ergo
595 5645 810 5709 tecum,
859 5655 1036 5712 quem
1091 5640 1357 5697 videmus
1408 5638 1673 5696 Ecclesiae
1722 5639 1822 5696 Dei

94 5738 301 5803 valde
346 5732 581 5794 utilem
609 5733 667 5790 et
695 5728 1092 5790 necessarium
1119 5744 1293 5809 posse
1316 5730 1444 5793 fore
1463 5728 1821 5805 ministrum,

1936 3681 2198 3754 exsurgit
2228 3686 2293 3736 ut
2313 3698 2429 3737 non
2454 3680 2756 3754 praevaleat
2774 3681 2972 3748 homo,
2996 3683 3055 3738 in
3079 3685 3247 3756 cujus
3268 3691 3583 3759 conspectu

1936 3788 2049 3827 non
2078 3776 2167 3826 est
2190 3770 2362 3826 Deus.
2385 3770 2466 3825 Ne
2487 3770 2641 3826 enim
2665 3772 2941 3843 superbia
2962 3778 3195 3844 propter
3211 3774 3581 3832 altitudinem

1935 3876 2104 3915 suam
2120 3877 2182 3916 se
2193 3876 2299 3916 con
2296 3861 2567 3931 junctam
2581 3864 2812 3932 putaret
2824 3860 3105 3930 Deo,dicit
3122 3862 3493 3918 PsalmistazA
3504 3865 3582 3919 lla

1934 3950 2156 4017 alonge
2198 3950 2470 4017 cognoscit
2512 3949 2756 4003 excelsus
2796 3949 3058 4005 Dominus
3103 3950 3272 4021 (Psat.
3307 3952 3576 4023 cxxxvu).

1938 4037 2097 4092 Unde
2129 4053 2231 4107 per
2261 4036 2645 4108 semetipsum
2676 4041 2962 4094 testatur:
2993 4038 3143 4106 Quod
3174 4039 3352 4095 altum
3383 4049 3462 4096 est
3490 4042 3582 4097 ho-

1935 4126 2178 4181 minibus
2234 4126 2605 4180 abominabile
2660 4134 2738 4182 est
2803 4127 2951 4198 apud
3022 4129 3193 4184 Deum
3239 4130 3389 4201 (Luc.
3439 4131 3578 4202 xvr).

1937 4213 2137 4280 Qualis
2153 4231 2304 4281 vero,
2329 4218 2384 4269 et
2401 4231 2579 4286 quam
2602 4215 2966 4271 detestabilis
2989 4222 3165 4288 atque
3190 4218 3583 4275 lamentabilis

1937 4307 2027 4359 est
2054 4302 2154 4358 illa
2185 4303 2469 4375 sacrilega
2498 4305 2824 4377 usurpatio,
2859 4322 2976 4376 qua
2996 4311 3053 4362 te
3076 4307 3462 4363 universalem
3487 4325 3583 4380 pa-

1936 4392 2252 4448 triarcham
2276 4394 2467 4464 jactas
2498 4393 2720 4464 ubique
2749 4397 2807 4449 et
2853 4394 3067 4467 scripto
3119 4400 3176 4451 et
3216 4398 3409 4461 verbo,
3442 4413 3578 4452 cum

1938 4482 2131 4536 omnis
2146 4481 2244 4537 Dei
2261 4480 2488 4536 amicus
2505 4481 2848 4553 hujusmodi
2870 4481 3153 4539 hactenus
3174 4484 3463 4540 horruerit
3479 4484 3579 4540 ho-

1933 5460 2236 5516 vertebant
2265 5476 2381 5515 non
2412 5474 2540 5515 esse
2570 5460 2827 5515 amicum
2846 5460 3066 5533 sponsi,
3089 5460 3188 5531 qui
3221 5476 3323 5531 pro
3353 5475 3571 5531 sponso

1932 5547 2299 5605 velletamari
2325 5566 2338 5616 ;
2359 5548 2500 5620 quin
2516 5548 2712 5621 potius
2736 5549 3200 5622 paranymphum
3223 5552 3280 5604 et
3298 5547 3570 5605 lenonem

1931 5637 2295 5707 Antichristi,
2330 5637 2431 5709 qui
2455 5637 2797 5694 adversatur
2817 5642 2873 5694 et
2888 5635 3179 5693 extollitur
3199 5652 3377 5709 super
3396 5654 3571 5696 omne

1932 5728 2089 5806 quod
2107 5726 2318 5786 dicitur
2327 5726 2504 5799 Deus,
2517 5730 2619 5787 aut
2631 5726 2788 5804 quod
2800 5725 3027 5786 colitur.
3049 5723 3301 5786 Ecoeille
3313 5726 3569 5796 Joannes
