  <div class='ocr_page' id='page_1' title='image "/cluster/home/n/w/nwhite01/storage/ocr_20150623/142-143/uc1.31175018423130/1127.png"; bbox 0 0 3916 6372; ppageno 0'>
   <div class='ocr_carea' id='block_1_1' title="bbox 366 413 483 474">
    <p class='ocr_par' dir='ltr' id='par_1_1' title="bbox 366 413 483 474">
     <span class='ocr_line' id='line_1_1' title="bbox 366 413 483 474; baseline 0.009 -2"><span class='ocrx_word' id='word_1_1' title='bbox 366 413 483 474; x_wconf 69' lang='lat'>7&#39;15</span> 
     </span>
    </p>
   </div>
   <div class='ocr_carea' id='block_1_2' title="bbox 1426 403 2682 474">
    <p class='ocr_par' dir='ltr' id='par_1_2' title="bbox 1426 403 2682 474">
     <span class='ocr_line' id='line_1_2' title="bbox 1426 403 2682 474; baseline -0.004 -1"><span class='ocrx_word' id='word_1_2' title='bbox 1426 413 1492 473; x_wconf 90' lang='lat' dir='ltr'>S.</span> <span class='ocrx_word' id='word_1_3' title='bbox 1536 410 1816 474; x_wconf 85' lang='lat' dir='ltr'>LEONIS</span> <span class='ocrx_word' id='word_1_4' title='bbox 1859 409 1937 470; x_wconf 85' lang='lat' dir='ltr'><strong>IX</strong></span> <span class='ocrx_word' id='word_1_5' title='bbox 1984 407 2210 472; x_wconf 60' lang='lat' dir='ltr'>PAPIE</span> <span class='ocrx_word' id='word_1_6' title='bbox 2250 403 2682 473; x_wconf 74' lang='lat' dir='ltr'>OPUSCULA.</span> 
     </span>
    </p>
   </div>
   <div class='ocr_carea' id='block_1_3' title="bbox 3694 405 3820 471">
    <p class='ocr_par' dir='ltr' id='par_1_3' title="bbox 3694 405 3820 471">
     <span class='ocr_line' id='line_1_3' title="bbox 3694 405 3820 471; baseline 0 -3"><span class='ocrx_word' id='word_1_7' title='bbox 3694 405 3820 471; x_wconf 67' lang='grc' dir='ltr'>πθ</span> 
     </span>
    </p>
   </div>
   <div class='ocr_carea' id='block_1_4' title="bbox 365 538 3813 614">
    <p class='ocr_par' dir='ltr' id='par_1_4' title="bbox 365 538 3813 614">
     <span class='ocr_line' id='line_1_4' title="bbox 365 538 3813 614; baseline -0 -16"><span class='ocrx_word' id='word_1_8' title='bbox 365 547 573 613; x_wconf 84' lang='lat' dir='ltr'>vester,</span> <span class='ocrx_word' id='word_1_9' title='bbox 608 543 777 614; x_wconf 86' lang='lat' dir='ltr'>cujus</span> <span class='ocrx_word' id='word_1_10' title='bbox 805 558 1028 599; x_wconf 67' lang='lat' dir='ltr'>vesanae</span> <span class='ocrx_word' id='word_1_11' title='bbox 1073 541 1497 599; x_wconf 89' lang='lat' dir='ltr'>adinventionis</span> <span class='ocrx_word' id='word_1_12' title='bbox 1529 541 1721 597; x_wconf 90' lang='lat' dir='ltr'>adhuc</span> <span class='ocrx_word' id='word_1_13' title='bbox 1743 540 1997 596; x_wconf 61' lang='lat' dir='ltr'>heredes</span> <span class='ocrx_word' id='word_1_14' title='bbox 2027 541 2080 608; x_wconf 77' lang='grc' dir='ltr'>Α</span> <span class='ocrx_word' id='word_1_15' title='bbox 2110 558 2227 595; x_wconf 79' lang='lat' dir='ltr'>suae</span> <span class='ocrx_word' id='word_1_16' title='bbox 2259 540 2609 612; x_wconf 81' lang='lat' dir='ltr'>egressionis</span> <span class='ocrx_word' id='word_1_17' title='bbox 2639 556 2708 596; x_wconf 85' lang='lat' dir='ltr'>ex</span> <span class='ocrx_word' id='word_1_18' title='bbox 2737 539 3016 613; x_wconf 67' lang='lat' dir='ltr'>Egypto:</span> <span class='ocrx_word' id='word_1_19' title='bbox 3048 538 3211 599; x_wconf 74' lang='lat' dir='ltr'>istud</span> <span class='ocrx_word' id='word_1_20' title='bbox 3239 554 3381 599; x_wconf 77' lang='lat' dir='ltr'>vero</span> <span class='ocrx_word' id='word_1_21' title='bbox 3413 538 3813 599; x_wconf 58' lang='lat' dir='ltr'>Christianis</span> 
     </span>
    </p>
   </div>
   <div class='ocr_carea' id='block_1_5' title="bbox 366 630 1995 702">
    <p class='ocr_par' dir='ltr' id='par_1_5' title="bbox 366 630 1995 702">
     <span class='ocr_line' id='line_1_5' title="bbox 366 630 1995 702; baseline -0.002 -15"><span class='ocrx_word' id='word_1_22' title='bbox 366 630 743 702; x_wconf 81' lang='lat' dir='ltr'>permanetis,</span> <span class='ocrx_word' id='word_1_23' title='bbox 777 630 898 702; x_wconf 93' lang='lat' dir='ltr'>qui,</span> <span class='ocrx_word' id='word_1_24' title='bbox 932 632 1254 687; x_wconf 90' lang='lat' dir='ltr'>secundum</span> <span class='ocrx_word' id='word_1_25' title='bbox 1300 630 1695 697; x_wconf 87' lang='lat' dir='ltr'>Psalmistam,</span> <span class='ocrx_word' id='word_1_26' title='bbox 1749 646 1849 701; x_wconf 91' lang='lat' dir='ltr'>per</span> <span class='ocrx_word' id='word_1_27' title='bbox 1895 645 1995 684; x_wconf 88' lang='lat' dir='ltr'>vos</span> 
     </span>
    </p>
   </div>
   <div class='ocr_carea' id='block_1_6' title="bbox 366 717 1998 785">
    <p class='ocr_par' dir='ltr' id='par_1_6' title="bbox 366 717 1998 785">
     <span class='ocr_line' id='line_1_6' title="bbox 366 717 1998 785; baseline -0.003 -10"><span class='ocrx_word' id='word_1_28' title='bbox 366 719 556 775; x_wconf 85' lang='lat' dir='ltr'>adhuc</span> <span class='ocrx_word' id='word_1_29' title='bbox 585 724 751 775; x_wconf 89' lang='lat' dir='ltr'>vocat</span> <span class='ocrx_word' id='word_1_30' title='bbox 780 720 1021 777; x_wconf 84' lang='lat' dir='ltr'>nomina</span> <span class='ocrx_word' id='word_1_31' title='bbox 1052 737 1159 775; x_wconf 88' lang='lat' dir='ltr'>sua</span> <span class='ocrx_word' id='word_1_32' title='bbox 1181 720 1237 774; x_wconf 93' lang='lat' dir='ltr'>in</span> <span class='ocrx_word' id='word_1_33' title='bbox 1264 719 1434 773; x_wconf 88' lang='lat' dir='ltr'>terris</span> <span class='ocrx_word' id='word_1_34' title='bbox 1455 719 1599 785; x_wconf 87' lang='lat' dir='ltr'>suis,</span> <span class='ocrx_word' id='word_1_35' title='bbox 1624 735 1756 773; x_wconf 87' lang='lat' dir='ltr'>cum</span> <span class='ocrx_word' id='word_1_36' title='bbox 1782 717 1998 772; x_wconf 88' lang='lat' dir='ltr'>interiit</span> 
     </span>
    </p>
   </div>
   <div class='ocr_carea' id='block_1_7' title="bbox 364 805 1997 880">
    <p class='ocr_par' dir='ltr' id='par_1_7' title="bbox 364 805 1997 880">
     <span class='ocr_line' id='line_1_7' title="bbox 364 805 1997 880; baseline -0.002 -16"><span class='ocrx_word' id='word_1_37' title='bbox 364 825 480 864; x_wconf 92' lang='lat' dir='ltr'>non</span> <span class='ocrx_word' id='word_1_38' title='bbox 509 808 764 879; x_wconf 86' lang='lat' dir='ltr'>sumpsit</span> <span class='ocrx_word' id='word_1_39' title='bbox 792 809 1006 876; x_wconf 87' lang='lat' dir='ltr'>omnia,</span> <span class='ocrx_word' id='word_1_40' title='bbox 1040 824 1228 880; x_wconf 91' lang='lat' dir='ltr'>neque</span> <span class='ocrx_word' id='word_1_41' title='bbox 1250 808 1549 863; x_wconf 83' lang='lat' dir='ltr'>descendit</span> <span class='ocrx_word' id='word_1_42' title='bbox 1568 823 1703 861; x_wconf 92' lang='lat' dir='ltr'>cum</span> <span class='ocrx_word' id='word_1_43' title='bbox 1725 822 1790 861; x_wconf 91' lang='lat' dir='ltr'>eo</span> <span class='ocrx_word' id='word_1_44' title='bbox 1811 805 1997 877; x_wconf 82' lang='lat' dir='ltr'>gloria</span> 
     </span>
    </p>
   </div>
   <div class='ocr_carea' id='block_1_8' title="bbox 364 893 1996 968">
    <p class='ocr_par' dir='ltr' id='par_1_8' title="bbox 364 893 1996 968">
     <span class='ocr_line' id='line_1_8' title="bbox 364 893 1996 968; baseline -0.002 -16"><span class='ocrx_word' id='word_1_45' title='bbox 364 898 431 952; x_wconf 90' lang='lat' dir='ltr'>ad</span> <span class='ocrx_word' id='word_1_46' title='bbox 463 898 753 954; x_wconf 87' lang='lat' dir='ltr'>infernum</span> <span class='ocrx_word' id='word_1_47' title='bbox 781 915 794 965; x_wconf 92' lang='lat'><strong>;</strong></span> <span class='ocrx_word' id='word_1_48' title='bbox 826 897 963 968; x_wconf 86' lang='lat' dir='ltr'>quia</span> <span class='ocrx_word' id='word_1_49' title='bbox 993 914 1127 952; x_wconf 90' lang='lat' dir='ltr'>cum</span> <span class='ocrx_word' id='word_1_50' title='bbox 1159 897 1217 951; x_wconf 92' lang='lat' dir='ltr'>in</span> <span class='ocrx_word' id='word_1_51' title='bbox 1249 896 1466 951; x_wconf 89' lang='lat' dir='ltr'>honore</span> <span class='ocrx_word' id='word_1_52' title='bbox 1497 898 1671 962; x_wconf 82' lang='lat' dir='ltr'>esset,</span> <span class='ocrx_word' id='word_1_53' title='bbox 1697 911 1805 950; x_wconf 90' lang='lat' dir='ltr'>non</span> <span class='ocrx_word' id='word_1_54' title='bbox 1831 893 1996 949; x_wconf 88' lang='lat' dir='ltr'>intel-</span> 
     </span>
    </p>
   </div>
   <div class='ocr_carea' id='block_1_9' title="bbox 364 983 1995 1058">
    <p class='ocr_par' dir='ltr' id='par_1_9' title="bbox 364 983 1995 1058">
     <span class='ocr_line' id='line_1_9' title="bbox 364 983 1995 1058; baseline -0.002 -18"><span class='ocrx_word' id='word_1_55' title='bbox 364 987 502 1044; x_wconf 84' lang='lat' dir='ltr'>lexit</span> <span class='ocrx_word' id='word_1_56' title='bbox 522 987 689 1058; x_wconf 79' lang='lat' dir='ltr'>(Psal.</span> <span class='ocrx_word' id='word_1_57' title='bbox 716 990 895 1053; x_wconf 78' lang='lat' dir='ltr'>XLIII).</span> <span class='ocrx_word' id='word_1_58' title='bbox 928 988 1056 1057; x_wconf 90' lang='lat' dir='ltr'>Ipse</span> <span class='ocrx_word' id='word_1_59' title='bbox 1079 1002 1112 1040; x_wconf 91' lang='lat' dir='ltr'>a</span> <span class='ocrx_word' id='word_1_60' title='bbox 1127 984 1484 1041; x_wconf 89' lang='lat' dir='ltr'>beatissimis</span> <span class='ocrx_word' id='word_1_61' title='bbox 1503 983 1875 1055; x_wconf 84' lang='lat' dir='ltr'>pontiﬁcibus</span> <span class='ocrx_word' id='word_1_62' title='bbox 1897 983 1995 1037; x_wconf 87' lang='lat' dir='ltr'>Pe—</span> 
     </span>
    </p>
   </div>
   <div class='ocr_carea' id='block_1_10' title="bbox 363 1071 1992 1148">
    <p class='ocr_par' dir='ltr' id='par_1_10' title="bbox 363 1071 1992 1148">
     <span class='ocr_line' id='line_1_10' title="bbox 363 1071 1992 1148; baseline -0.004 -17"><span class='ocrx_word' id='word_1_63' title='bbox 363 1075 514 1148; x_wconf 84' lang='lat' dir='ltr'>lagio</span> <span class='ocrx_word' id='word_1_64' title='bbox 550 1075 887 1148; x_wconf 88' lang='lat' dir='ltr'>etGregorio</span> <span class='ocrx_word' id='word_1_65' title='bbox 909 1072 1606 1145; x_wconf 66' lang='lat' dir='ltr'>(Psuoiusll,epistola1;</span> <span class='ocrx_word' id='word_1_66' title='bbox 1641 1071 1992 1135; x_wconf 81' lang='lat' dir='ltr'>GREGORIUS,</span> 
     </span>
    </p>
   </div>
   <div class='ocr_carea' id='block_1_11' title="bbox 362 1161 1992 1235">
    <p class='ocr_par' dir='ltr' id='par_1_11' title="bbox 362 1161 1992 1235">
     <span class='ocr_line' id='line_1_11' title="bbox 362 1161 1992 1235; baseline -0.003 -17"><span class='ocrx_word' id='word_1_67' title='bbox 362 1163 465 1220; x_wconf 88' lang='lat' dir='ltr'>lib.</span> <span class='ocrx_word' id='word_1_68' title='bbox 498 1182 574 1231; x_wconf 77' lang='grc' dir='ltr'>γι,</span> <span class='ocrx_word' id='word_1_69' title='bbox 603 1165 755 1235; x_wconf 84' lang='lat' dir='ltr'>epist.</span> <span class='ocrx_word' id='word_1_70' title='bbox 789 1181 867 1231; x_wconf 90' lang='lat' dir='ltr'>Iv,</span> <span class='ocrx_word' id='word_1_71' title='bbox 910 1168 968 1219; x_wconf 91' lang='lat' dir='ltr'>et</span> <span class='ocrx_word' id='word_1_72' title='bbox 1010 1162 1090 1218; x_wconf 90' lang='lat' dir='ltr'>lib</span> <span class='ocrx_word' id='word_1_73' title='bbox 1137 1180 1237 1229; x_wconf 84' lang='lat' dir='ltr'>v11,</span> <span class='ocrx_word' id='word_1_74' title='bbox 1286 1164 1423 1233; x_wconf 80' lang='lat' dir='ltr'>epist</span> <span class='ocrx_word' id='word_1_75' title='bbox 1464 1161 1593 1231; x_wconf 80' lang='lat' dir='ltr'><strong>xxx)</strong></span> <span class='ocrx_word' id='word_1_76' title='bbox 1644 1162 1992 1215; x_wconf 90' lang='lat' dir='ltr'>successori-</span> 
     </span>
    </p>
   </div>
   <div class='ocr_carea' id='block_1_12' title="bbox 361 1247 1991 1323">
    <p class='ocr_par' dir='ltr' id='par_1_12' title="bbox 361 1247 1991 1323">
     <span class='ocr_line' id='line_1_12' title="bbox 361 1247 1991 1323; baseline -0.004 -15"><span class='ocrx_word' id='word_1_77' title='bbox 361 1253 586 1323; x_wconf 90' lang='lat' dir='ltr'>busque</span> <span class='ocrx_word' id='word_1_78' title='bbox 616 1268 817 1307; x_wconf 87' lang='lat' dir='ltr'>eorum</span> <span class='ocrx_word' id='word_1_79' title='bbox 851 1269 953 1322; x_wconf 83' lang='lat' dir='ltr'>pro</span> <span class='ocrx_word' id='word_1_80' title='bbox 975 1250 1083 1306; x_wconf 89' lang='lat' dir='ltr'>hac</span> <span class='ocrx_word' id='word_1_81' title='bbox 1107 1248 1423 1304; x_wconf 89' lang='lat' dir='ltr'>insolentia</span> <span class='ocrx_word' id='word_1_82' title='bbox 1446 1247 1991 1313; x_wconf 87' lang='lat' dir='ltr'>anathematizatus,</span> 
     </span>
    </p>
   </div>
   <div class='ocr_carea' id='block_1_13' title="bbox 359 1336 1990 1414">
    <p class='ocr_par' dir='ltr' id='par_1_13' title="bbox 359 1336 1990 1414">
     <span class='ocr_line' id='line_1_13' title="bbox 359 1336 1990 1414; baseline -0.004 -19"><span class='ocrx_word' id='word_1_83' title='bbox 359 1342 419 1396; x_wconf 90' lang='lat' dir='ltr'>in</span> <span class='ocrx_word' id='word_1_84' title='bbox 463 1358 569 1397; x_wconf 92' lang='lat' dir='ltr'>sua</span> <span class='ocrx_word' id='word_1_85' title='bbox 599 1339 915 1414; x_wconf 75' lang='lat' dir='ltr'>pertinacia</span> <span class='ocrx_word' id='word_1_86' title='bbox 955 1337 1347 1394; x_wconf 83' lang='lat' dir='ltr'>irrevocabilis</span> <span class='ocrx_word' id='word_1_87' title='bbox 1376 1336 1569 1409; x_wconf 89' lang='lat' dir='ltr'>periit,</span> <span class='ocrx_word' id='word_1_88' title='bbox 1595 1338 1838 1407; x_wconf 79' lang='lat' dir='ltr'>jamque</span> <span class='ocrx_word' id='word_1_89' title='bbox 1888 1351 1990 1406; x_wconf 89' lang='lat' dir='ltr'>per</span> 
     </span>
    </p>
   </div>
   <div class='ocr_carea' id='block_1_14' title="bbox 361 1427 1992 1502">
    <p class='ocr_par' dir='ltr' id='par_1_14' title="bbox 361 1427 1992 1502">
     <span class='ocr_line' id='line_1_14' title="bbox 361 1427 1992 1502; baseline -0.006 -16"><span class='ocrx_word' id='word_1_90' title='bbox 361 1430 748 1502; x_wconf 80' lang='lat' dir='ltr'>quadraginta</span> <span class='ocrx_word' id='word_1_91' title='bbox 768 1434 825 1483; x_wconf 92' lang='lat' dir='ltr'>et</span> <span class='ocrx_word' id='word_1_92' title='bbox 849 1427 1307 1500; x_wconf 83' lang='lat' dir='ltr'>quadringentos</span> <span class='ocrx_word' id='word_1_93' title='bbox 1331 1441 1515 1480; x_wconf 89' lang='lat' dir='ltr'>annos</span> <span class='ocrx_word' id='word_1_94' title='bbox 1546 1441 1663 1481; x_wconf 82' lang='lat' dir='ltr'>suae</span> <span class='ocrx_word' id='word_1_95' title='bbox 1692 1429 1992 1490; x_wconf 85' lang='lat' dir='ltr'>contuma-</span> 
     </span>
    </p>
   </div>
   <div class='ocr_carea' id='block_1_15' title="bbox 362 1511 1993 1590">
    <p class='ocr_par' dir='ltr' id='par_1_15' title="bbox 362 1511 1993 1590">
     <span class='ocr_line' id='line_1_15' title="bbox 362 1511 1993 1590; baseline -0.004 -16"><span class='ocrx_word' id='word_1_96' title='bbox 362 1519 460 1574; x_wconf 69' lang='lat' dir='ltr'>cite</span> <span class='ocrx_word' id='word_1_97' title='bbox 480 1533 759 1590; x_wconf 87' lang='lat' dir='ltr'>sequaces</span> <span class='ocrx_word' id='word_1_98' title='bbox 782 1514 1140 1587; x_wconf 72' lang='lat' dir='ltr'>przrcipitare</span> <span class='ocrx_word' id='word_1_99' title='bbox 1164 1531 1276 1569; x_wconf 92' lang='lat' dir='ltr'>non</span> <span class='ocrx_word' id='word_1_100' title='bbox 1315 1514 1578 1569; x_wconf 85' lang='lat' dir='ltr'>cessavit.</span> <span class='ocrx_word' id='word_1_101' title='bbox 1603 1513 1823 1577; x_wconf 88' lang='lat' dir='ltr'>Quibus</span> <span class='ocrx_word' id='word_1_102' title='bbox 1854 1511 1993 1584; x_wconf 90' lang='lat' dir='ltr'>quid</span> 
     </span>
    </p>
   </div>
   <div class='ocr_carea' id='block_1_16' title="bbox 362 1599 1995 1680">
    <p class='ocr_par' dir='ltr' id='par_1_16' title="bbox 362 1599 1995 1680">
     <span class='ocr_line' id='line_1_16' title="bbox 362 1599 1995 1680; baseline -0.005 -18"><span class='ocrx_word' id='word_1_103' title='bbox 362 1607 579 1680; x_wconf 81' lang='lat' dir='ltr'>profuit</span> <span class='ocrx_word' id='word_1_104' title='bbox 598 1605 890 1677; x_wconf 85' lang='lat' dir='ltr'>superbia,</span> <span class='ocrx_word' id='word_1_105' title='bbox 912 1603 1240 1658; x_wconf 89' lang='lat' dir='ltr'>divitiarum</span> <span class='ocrx_word' id='word_1_106' title='bbox 1255 1602 1530 1673; x_wconf 86' lang='lat' dir='ltr'>jactantia</span> <span class='ocrx_word' id='word_1_107' title='bbox 1552 1601 1689 1673; x_wconf 92' lang='lat' dir='ltr'>quid</span> <span class='ocrx_word' id='word_1_108' title='bbox 1709 1599 1995 1656; x_wconf 82' lang='lat' dir='ltr'>contulit?</span> 
     </span>
    </p>
   </div>
   <div class='ocr_carea' id='block_1_17' title="bbox 364 1690 1996 1763">
    <p class='ocr_par' dir='ltr' id='par_1_17' title="bbox 364 1690 1996 1763">
     <span class='ocr_line' id='line_1_17' title="bbox 364 1690 1996 1763; baseline -0.004 -12"><span class='ocrx_word' id='word_1_109' title='bbox 364 1696 718 1754; x_wconf 79' lang='lat' dir='ltr'>Transierunt</span> <span class='ocrx_word' id='word_1_110' title='bbox 737 1695 923 1749; x_wconf 83' lang='lat' dir='ltr'>omnia</span> <span class='ocrx_word' id='word_1_111' title='bbox 949 1693 1091 1748; x_wconf 80' lang='lat' dir='ltr'>velut</span> <span class='ocrx_word' id='word_1_112' title='bbox 1114 1694 1307 1746; x_wconf 87' lang='lat' dir='ltr'>umbra</span> <span class='ocrx_word' id='word_1_113' title='bbox 1330 1692 1477 1763; x_wconf 87' lang='lat' dir='ltr'>(Sap.</span> <span class='ocrx_word' id='word_1_114' title='bbox 1507 1691 1583 1761; x_wconf 84' lang='lat' dir='ltr'>v).</span> <span class='ocrx_word' id='word_1_115' title='bbox 1608 1690 1746 1758; x_wconf 85' lang='lat' dir='ltr'>Quid</span> <span class='ocrx_word' id='word_1_116' title='bbox 1765 1690 1996 1761; x_wconf 86' lang='lat' dir='ltr'>denique</span> 
     </span>
    </p>
   </div>
   <div class='ocr_carea' id='block_1_18' title="bbox 354 1780 1993 1856">
    <p class='ocr_par' dir='ltr' id='par_1_18' title="bbox 354 1780 1993 1856">
     <span class='ocr_line' id='line_1_18' title="bbox 354 1780 1993 1856; baseline -0.004 -17"><span class='ocrx_word' id='word_1_117' title='bbox 354 1784 574 1856; x_wconf 76' lang='lat' dir='ltr'>prodest</span> <span class='ocrx_word' id='word_1_118' title='bbox 597 1784 828 1848; x_wconf 84' lang='lat' dir='ltr'>homini,</span> <span class='ocrx_word' id='word_1_119' title='bbox 862 1784 911 1836; x_wconf 86' lang='lat' dir='ltr'>si</span> <span class='ocrx_word' id='word_1_120' title='bbox 955 1785 1127 1836; x_wconf 89' lang='lat' dir='ltr'>totum</span> <span class='ocrx_word' id='word_1_121' title='bbox 1170 1780 1443 1835; x_wconf 87' lang='lat' dir='ltr'>mundum</span> <span class='ocrx_word' id='word_1_122' title='bbox 1483 1780 1743 1847; x_wconf 85' lang='lat' dir='ltr'>lueretur,</span> <span class='ocrx_word' id='word_1_123' title='bbox 1794 1780 1993 1833; x_wconf 62' lang='lat' dir='ltr'>animm</span> 
     </span>
    </p>
   </div>
   <div class='ocr_carea' id='block_1_19' title="bbox 359 1867 2071 1969">
    <p class='ocr_par' dir='ltr' id='par_1_19' title="bbox 359 1867 2071 1969">
     <span class='ocr_line' id='line_1_19' title="bbox 359 1867 2071 1969; baseline -0.005 -40"><span class='ocrx_word' id='word_1_124' title='bbox 359 1890 481 1930; x_wconf 85' lang='lat' dir='ltr'>vero</span> <span class='ocrx_word' id='word_1_125' title='bbox 529 1890 637 1930; x_wconf 73' lang='lat' dir='ltr'>suae</span> <span class='ocrx_word' id='word_1_126' title='bbox 684 1872 1069 1928; x_wconf 80' lang='lat' dir='ltr'>detrimentum</span> <span class='ocrx_word' id='word_1_127' title='bbox 1122 1871 1413 1941; x_wconf 84' lang='lat' dir='ltr'>patiatur?</span> <span class='ocrx_word' id='word_1_128' title='bbox 1473 1867 1678 1939; x_wconf 79' lang='lat' dir='ltr'>(Matth.</span> <span class='ocrx_word' id='word_1_129' title='bbox 1728 1868 1870 1938; x_wconf 77' lang='lat' dir='ltr'><strong>XVI.)</strong></span> <span class='ocrx_word' id='word_1_130' title='bbox 1927 1867 2071 1969; x_wconf 79' lang='lat' dir='ltr'>EtB</span> 
     </span>
    </p>
   </div>
   <div class='ocr_carea' id='block_1_20' title="bbox 359 1956 2039 2035">
    <p class='ocr_par' dir='ltr' id='par_1_20' title="bbox 359 1956 2039 2035">
     <span class='ocr_line' id='line_1_20' title="bbox 359 1956 2039 2035; baseline -0.005 -17"><span class='ocrx_word' id='word_1_131' title='bbox 359 1963 649 2035; x_wconf 90' lang='lat' dir='ltr'>quomodo</span> <span class='ocrx_word' id='word_1_132' title='bbox 681 1960 908 2016; x_wconf 89' lang='lat' dir='ltr'>animas</span> <span class='ocrx_word' id='word_1_133' title='bbox 939 1975 1042 2031; x_wconf 92' lang='lat' dir='ltr'>pro</span> <span class='ocrx_word' id='word_1_134' title='bbox 1072 1958 1350 2013; x_wconf 87' lang='lat' dir='ltr'>fratribus</span> <span class='ocrx_word' id='word_1_135' title='bbox 1377 1957 1604 2013; x_wconf 83' lang='lat' dir='ltr'>habetis</span> <span class='ocrx_word' id='word_1_136' title='bbox 1633 1973 1865 2029; x_wconf 89' lang='lat' dir='ltr'>ponere,</span> <span class='ocrx_word' id='word_1_137' title='bbox 1892 1956 1992 2028; x_wconf 92' lang='lat' dir='ltr'>qui</span> <span class='ocrx_word' id='word_1_138' title='bbox 2019 1956 2039 1985; x_wconf 74' lang='grc'>’⁵</span> 
     </span>
    </p>
   </div>
   <div class='ocr_carea' id='block_1_21' title="bbox 357 2044 1992 2108">
    <p class='ocr_par' dir='ltr' id='par_1_21' title="bbox 357 2044 1992 2108">
     <span class='ocr_line' id='line_1_21' title="bbox 357 2044 1992 2108; baseline -0.004 -2"><span class='ocrx_word' id='word_1_139' title='bbox 357 2052 527 2108; x_wconf 90' lang='lat' dir='ltr'>inane</span> <span class='ocrx_word' id='word_1_140' title='bbox 558 2066 769 2107; x_wconf 87' lang='lat' dir='ltr'>nomen</span> <span class='ocrx_word' id='word_1_141' title='bbox 802 2053 857 2103; x_wconf 90' lang='lat' dir='ltr'>et</span> <span class='ocrx_word' id='word_1_142' title='bbox 887 2048 1220 2103; x_wconf 84' lang='lat' dir='ltr'>universam</span> <span class='ocrx_word' id='word_1_143' title='bbox 1249 2045 1568 2101; x_wconf 90' lang='lat' dir='ltr'>Ecclesiam</span> <span class='ocrx_word' id='word_1_144' title='bbox 1593 2044 1992 2100; x_wconf 90' lang='lat' dir='ltr'>scandalizans</span> 
     </span>
    </p>
   </div>
   <div class='ocr_carea' id='block_1_22' title="bbox 358 2133 1991 2215">
    <p class='ocr_par' dir='ltr' id='par_1_22' title="bbox 358 2133 1991 2215">
     <span class='ocr_line' id='line_1_22' title="bbox 358 2133 1991 2215; baseline -0.006 -18"><span class='ocrx_word' id='word_1_145' title='bbox 358 2138 739 2215; x_wconf 73' lang='lat' dir='ltr'>delignamini</span> <span class='ocrx_word' id='word_1_146' title='bbox 760 2139 1047 2209; x_wconf 90' lang='lat' dir='ltr'>deponere</span> <span class='ocrx_word' id='word_1_147' title='bbox 1067 2137 1094 2190; x_wconf 85' lang='lat'><strong><em>?</em></strong></span> <span class='ocrx_word' id='word_1_148' title='bbox 1109 2135 1404 2207; x_wconf 80' lang='lat' dir='ltr'>Resipisco</span> <span class='ocrx_word' id='word_1_149' title='bbox 1420 2150 1578 2207; x_wconf 91' lang='lat' dir='ltr'>ergo,</span> <span class='ocrx_word' id='word_1_150' title='bbox 1598 2150 1897 2207; x_wconf 83' lang='lat' dir='ltr'>rogamus,</span> <span class='ocrx_word' id='word_1_151' title='bbox 1918 2133 1991 2189; x_wconf 94' lang='lat' dir='ltr'>ab</span> 
     </span>
    </p>
   </div>
   <div class='ocr_carea' id='block_1_23' title="bbox 356 2220 1986 2295">
    <p class='ocr_par' dir='ltr' id='par_1_23' title="bbox 356 2220 1986 2295">
     <span class='ocr_line' id='line_1_23' title="bbox 356 2220 1986 2295; baseline -0.007 -9"><span class='ocrx_word' id='word_1_152' title='bbox 356 2230 464 2286; x_wconf 90' lang='lat' dir='ltr'>hac</span> <span class='ocrx_word' id='word_1_153' title='bbox 478 2227 729 2295; x_wconf 88' lang='lat' dir='ltr'>insania,</span> <span class='ocrx_word' id='word_1_154' title='bbox 748 2243 819 2285; x_wconf 91' lang='lat' dir='ltr'>ne</span> <span class='ocrx_word' id='word_1_155' title='bbox 838 2225 996 2281; x_wconf 89' lang='lat' dir='ltr'>illius</span> <span class='ocrx_word' id='word_1_156' title='bbox 1010 2241 1247 2280; x_wconf 90' lang='lat' dir='ltr'>consors</span> <span class='ocrx_word' id='word_1_157' title='bbox 1274 2228 1337 2279; x_wconf 91' lang='lat' dir='ltr'>tu</span> <span class='ocrx_word' id='word_1_158' title='bbox 1369 2239 1619 2295; x_wconf 90' lang='lat' dir='ltr'>quoque,</span> <span class='ocrx_word' id='word_1_159' title='bbox 1634 2223 1788 2295; x_wconf 92' lang='lat' dir='ltr'>quod</span> <span class='ocrx_word' id='word_1_160' title='bbox 1803 2220 1986 2277; x_wconf 88' lang='lat' dir='ltr'>absitl</span> 
     </span>
    </p>
   </div>
   <div class='ocr_carea' id='block_1_24' title="bbox 357 2311 1991 2389">
    <p class='ocr_par' dir='ltr' id='par_1_24' title="bbox 357 2311 1991 2389">
     <span class='ocr_line' id='line_1_24' title="bbox 357 2311 1991 2389; baseline -0.006 -14"><span class='ocrx_word' id='word_1_161' title='bbox 357 2319 484 2389; x_wconf 81' lang='lat' dir='ltr'>ﬁas,</span> <span class='ocrx_word' id='word_1_162' title='bbox 517 2318 587 2373; x_wconf 93' lang='lat' dir='ltr'>de</span> <span class='ocrx_word' id='word_1_163' title='bbox 618 2332 732 2388; x_wconf 91' lang='lat' dir='ltr'>quo</span> <span class='ocrx_word' id='word_1_164' title='bbox 759 2313 1006 2369; x_wconf 89' lang='lat' dir='ltr'>dicitur:</span> <span class='ocrx_word' id='word_1_165' title='bbox 1042 2314 1208 2369; x_wconf 86' lang='lat' dir='ltr'>Omne</span> <span class='ocrx_word' id='word_1_166' title='bbox 1238 2313 1472 2367; x_wconf 85' lang='lat' dir='ltr'>sublime</span> <span class='ocrx_word' id='word_1_167' title='bbox 1501 2311 1662 2377; x_wconf 68' lang='lat' dir='ltr'>videt,</span> <span class='ocrx_word' id='word_1_168' title='bbox 1692 2316 1741 2366; x_wconf 88' lang='lat' dir='ltr'>et</span> <span class='ocrx_word' id='word_1_169' title='bbox 1774 2313 1889 2382; x_wconf 86' lang='lat' dir='ltr'>ipse</span> <span class='ocrx_word' id='word_1_170' title='bbox 1917 2318 1991 2367; x_wconf 85' lang='lat' dir='ltr'>est</span> 
     </span>
    </p>
   </div>
   <div class='ocr_carea' id='block_1_25' title="bbox 365 2398 1987 2477">
    <p class='ocr_par' dir='ltr' id='par_1_25' title="bbox 365 2398 1987 2477">
     <span class='ocr_line' id='line_1_25' title="bbox 365 2398 1987 2477; baseline -0.006 -15"><span class='ocrx_word' id='word_1_171' title='bbox 365 2424 468 2463; x_wconf 72' lang='lat' dir='ltr'>rea:</span> <span class='ocrx_word' id='word_1_172' title='bbox 496 2421 657 2477; x_wconf 84' lang='lat' dir='ltr'>super</span> <span class='ocrx_word' id='word_1_173' title='bbox 686 2405 965 2459; x_wconf 83' lang='lat' dir='ltr'>universos</span> <span class='ocrx_word' id='word_1_174' title='bbox 1007 2402 1150 2472; x_wconf 80' lang='lat' dir='ltr'>ﬁlios</span> <span class='ocrx_word' id='word_1_175' title='bbox 1196 2401 1462 2472; x_wconf 52' lang='lat' dir='ltr'>superbis</span> <span class='ocrx_word' id='word_1_176' title='bbox 1493 2400 1606 2471; x_wconf 87' lang='lat' dir='ltr'>(Job</span> <span class='ocrx_word' id='word_1_177' title='bbox 1652 2400 1786 2471; x_wconf 81' lang='lat' dir='ltr'><strong>XLI).</strong></span> <span class='ocrx_word' id='word_1_178' title='bbox 1840 2398 1987 2454; x_wconf 92' lang='lat' dir='ltr'>Illud</span> 
     </span>
    </p>
   </div>
   <div class='ocr_carea' id='block_1_26' title="bbox 360 2490 1991 2566">
    <p class='ocr_par' dir='ltr' id='par_1_26' title="bbox 360 2490 1991 2566">
     <span class='ocr_line' id='line_1_26' title="bbox 360 2490 1991 2566; baseline -0.006 -15"><span class='ocrx_word' id='word_1_179' title='bbox 360 2498 552 2551; x_wconf 85' lang='lat' dir='ltr'>autem</span> <span class='ocrx_word' id='word_1_180' title='bbox 586 2492 718 2566; x_wconf 88' lang='lat' dir='ltr'>quis</span> <span class='ocrx_word' id='word_1_181' title='bbox 751 2508 864 2547; x_wconf 90' lang='lat' dir='ltr'>non</span> <span class='ocrx_word' id='word_1_182' title='bbox 894 2493 1147 2562; x_wconf 79' lang='lat' dir='ltr'>stupent,</span> <span class='ocrx_word' id='word_1_183' title='bbox 1182 2490 1333 2561; x_wconf 93' lang='lat' dir='ltr'>quod</span> <span class='ocrx_word' id='word_1_184' title='bbox 1376 2493 1508 2562; x_wconf 92' lang='lat' dir='ltr'>post</span> <span class='ocrx_word' id='word_1_185' title='bbox 1561 2493 1643 2544; x_wconf 88' lang='lat' dir='ltr'>tot</span> <span class='ocrx_word' id='word_1_186' title='bbox 1673 2492 1904 2544; x_wconf 90' lang='lat' dir='ltr'>sanctos</span> <span class='ocrx_word' id='word_1_187' title='bbox 1935 2492 1991 2542; x_wconf 90' lang='lat' dir='ltr'>et</span> 
     </span>
    </p>
   </div>
   <div class='ocr_carea' id='block_1_27' title="bbox 358 2576 1990 2652">
    <p class='ocr_par' dir='ltr' id='par_1_27' title="bbox 358 2576 1990 2652">
     <span class='ocr_line' id='line_1_27' title="bbox 358 2576 1990 2652; baseline -0.004 -12"><span class='ocrx_word' id='word_1_188' title='bbox 358 2582 710 2640; x_wconf 85' lang='lat' dir='ltr'>orthodoxos</span> <span class='ocrx_word' id='word_1_189' title='bbox 741 2580 956 2647; x_wconf 89' lang='lat' dir='ltr'>Patres,</span> <span class='ocrx_word' id='word_1_190' title='bbox 991 2596 1092 2652; x_wconf 86' lang='lat' dir='ltr'>per</span> <span class='ocrx_word' id='word_1_191' title='bbox 1122 2578 1281 2634; x_wconf 90' lang='lat' dir='ltr'>mille</span> <span class='ocrx_word' id='word_1_192' title='bbox 1308 2582 1364 2633; x_wconf 88' lang='lat' dir='ltr'>et</span> <span class='ocrx_word' id='word_1_193' title='bbox 1405 2578 1609 2650; x_wconf 86' lang='lat' dir='ltr'>viginti</span> <span class='ocrx_word' id='word_1_194' title='bbox 1658 2595 1691 2633; x_wconf 90' lang='lat' dir='ltr'>a</span> <span class='ocrx_word' id='word_1_195' title='bbox 1721 2576 1990 2651; x_wconf 87' lang='lat' dir='ltr'>passione</span> 
     </span>
    </p>
   </div>
   <div class='ocr_carea' id='block_1_28' title="bbox 358 2665 1987 2739">
    <p class='ocr_par' dir='ltr' id='par_1_28' title="bbox 358 2665 1987 2739">
     <span class='ocr_line' id='line_1_28' title="bbox 358 2665 1987 2739; baseline -0.005 -11"><span class='ocrx_word' id='word_1_196' title='bbox 358 2669 675 2728; x_wconf 88' lang='lat' dir='ltr'>Salvatoris</span> <span class='ocrx_word' id='word_1_197' title='bbox 706 2686 913 2739; x_wconf 90' lang='lat' dir='ltr'>annos,</span> <span class='ocrx_word' id='word_1_198' title='bbox 948 2684 1132 2724; x_wconf 91' lang='lat' dir='ltr'>novus</span> <span class='ocrx_word' id='word_1_199' title='bbox 1162 2666 1549 2722; x_wconf 86' lang='lat' dir='ltr'>calumniator</span> <span class='ocrx_word' id='word_1_200' title='bbox 1588 2665 1853 2722; x_wconf 78' lang='lat' dir='ltr'>Ecclesiae</span> <span class='ocrx_word' id='word_1_201' title='bbox 1888 2666 1987 2721; x_wconf 89' lang='lat' dir='ltr'>La-</span> 
     </span>
    </p>
   </div>
   <div class='ocr_carea' id='block_1_29' title="bbox 356 2755 1986 2827">
    <p class='ocr_par' dir='ltr' id='par_1_29' title="bbox 356 2755 1986 2827">
     <span class='ocr_line' id='line_1_29' title="bbox 356 2755 1986 2827; baseline -0.006 -9"><span class='ocrx_word' id='word_1_202' title='bbox 356 2762 614 2818; x_wconf 92' lang='lat' dir='ltr'>tinorum</span> <span class='ocrx_word' id='word_1_203' title='bbox 654 2757 966 2823; x_wconf 88' lang='lat' dir='ltr'>emersisti,</span> <span class='ocrx_word' id='word_1_204' title='bbox 1017 2755 1515 2812; x_wconf 90' lang='lat' dir='ltr'>anathematizans</span> <span class='ocrx_word' id='word_1_205' title='bbox 1562 2771 1765 2811; x_wconf 89' lang='lat' dir='ltr'>omnes</span> <span class='ocrx_word' id='word_1_206' title='bbox 1790 2758 1846 2810; x_wconf 89' lang='lat' dir='ltr'>et</span> <span class='ocrx_word' id='word_1_207' title='bbox 1875 2772 1986 2827; x_wconf 88' lang='lat' dir='ltr'>pu—</span> 
     </span>
    </p>
   </div>
   <div class='ocr_carea' id='block_1_30' title="bbox 358 2844 1988 2922">
    <p class='ocr_par' dir='ltr' id='par_1_30' title="bbox 358 2844 1988 2922">
     <span class='ocr_line' id='line_1_30' title="bbox 358 2844 1988 2922; baseline -0.006 -13"><span class='ocrx_word' id='word_1_208' title='bbox 358 2850 571 2909; x_wconf 87' lang='lat' dir='ltr'>blicam</span> <span class='ocrx_word' id='word_1_209' title='bbox 603 2846 1064 2922; x_wconf 83' lang='lat' dir='ltr'>persecutionem</span> <span class='ocrx_word' id='word_1_210' title='bbox 1096 2845 1372 2912; x_wconf 78' lang='lat' dir='ltr'>excitans,</span> <span class='ocrx_word' id='word_1_211' title='bbox 1405 2844 1741 2917; x_wconf 89' lang='lat' dir='ltr'>quicunque</span> <span class='ocrx_word' id='word_1_212' title='bbox 1760 2844 1988 2916; x_wconf 82' lang='lat' dir='ltr'>partici-</span> 
     </span>
    </p>
   </div>
   <div class='ocr_carea' id='block_1_31' title="bbox 355 2933 1985 3013">
    <p class='ocr_par' dir='ltr' id='par_1_31' title="bbox 355 2933 1985 3013">
     <span class='ocr_line' id='line_1_31' title="bbox 355 2933 1985 3013; baseline -0.006 -16"><span class='ocrx_word' id='word_1_213' title='bbox 355 2942 632 3013; x_wconf 85' lang='lat' dir='ltr'>parentur</span> <span class='ocrx_word' id='word_1_214' title='bbox 662 2939 1161 2993; x_wconf 88' lang='lat' dir='ltr'>sacramentorum</span> <span class='ocrx_word' id='word_1_215' title='bbox 1191 2951 1259 2989; x_wconf 79' lang='lat' dir='ltr'>ex</span> <span class='ocrx_word' id='word_1_216' title='bbox 1304 2933 1571 3005; x_wconf 84' lang='lat' dir='ltr'>azymis?</span> <span class='ocrx_word' id='word_1_217' title='bbox 1618 2935 1801 2999; x_wconf 90' lang='lat' dir='ltr'>Quam</span> <span class='ocrx_word' id='word_1_218' title='bbox 1841 2950 1985 3005; x_wconf 65' lang='lat' dir='ltr'>pra:-</span> 
     </span>
    </p>
   </div>
   <div class='ocr_carea' id='block_1_32' title="bbox 353 3019 1985 3099">
    <p class='ocr_par' dir='ltr' id='par_1_32' title="bbox 353 3019 1985 3099">
     <span class='ocr_line' id='line_1_32' title="bbox 353 3019 1985 3099; baseline -0.006 -14"><span class='ocrx_word' id='word_1_219' title='bbox 353 3026 749 3099; x_wconf 87' lang='lat' dir='ltr'>sumptionem</span> <span class='ocrx_word' id='word_1_220' title='bbox 763 3027 924 3078; x_wconf 88' lang='lat' dir='ltr'>tuam</span> <span class='ocrx_word' id='word_1_221' title='bbox 939 3027 994 3078; x_wconf 92' lang='lat' dir='ltr'>et</span> <span class='ocrx_word' id='word_1_222' title='bbox 1005 3021 1342 3078; x_wconf 90' lang='lat' dir='ltr'>famanobis</span> <span class='ocrx_word' id='word_1_223' title='bbox 1356 3019 1985 3089; x_wconf 87' lang='lat' dir='ltr'>obtulit,etlitterarum</span> 
     </span>
    </p>
   </div>
   <div class='ocr_carea' id='block_1_33' title="bbox 354 3109 1986 3182">
    <p class='ocr_par' dir='ltr' id='par_1_33' title="bbox 354 3109 1986 3182">
     <span class='ocr_line' id='line_1_33' title="bbox 354 3109 1986 3182; baseline -0.004 -9"><span class='ocrx_word' id='word_1_224' title='bbox 354 3116 463 3173; x_wconf 87' lang='lat' dir='ltr'>sub</span> <span class='ocrx_word' id='word_1_225' title='bbox 496 3113 731 3170; x_wconf 85' lang='lat' dir='ltr'>nomine</span> <span class='ocrx_word' id='word_1_226' title='bbox 751 3115 851 3167; x_wconf 88' lang='lat' dir='ltr'>tuo</span> <span class='ocrx_word' id='word_1_227' title='bbox 873 3111 943 3166; x_wconf 91' lang='lat' dir='ltr'>ad</span> <span class='ocrx_word' id='word_1_228' title='bbox 965 3109 1183 3182; x_wconf 89' lang='lat' dir='ltr'>Apulos</span> <span class='ocrx_word' id='word_1_229' title='bbox 1204 3110 1472 3165; x_wconf 91' lang='lat' dir='ltr'>datarum</span> <span class='ocrx_word' id='word_1_230' title='bbox 1493 3113 1688 3164; x_wconf 81' lang='lat' dir='ltr'>textus</span> <span class='ocrx_word' id='word_1_231' title='bbox 1715 3109 1986 3166; x_wconf 88' lang='lat' dir='ltr'>manifes-</span> 
     </span>
    </p>
   </div>
   <div class='ocr_carea' id='block_1_34' title="bbox 353 3197 1979 3274">
    <p class='ocr_par' dir='ltr' id='par_1_34' title="bbox 353 3197 1979 3274">
     <span class='ocr_line' id='line_1_34' title="bbox 353 3197 1979 3274; baseline -0.005 -13"><span class='ocrx_word' id='word_1_232' title='bbox 353 3204 521 3262; x_wconf 86' lang='lat' dir='ltr'>tavit:</span> <span class='ocrx_word' id='word_1_233' title='bbox 543 3220 667 3274; x_wconf 72' lang='lat' dir='ltr'>quae</span> <span class='ocrx_word' id='word_1_234' title='bbox 682 3200 963 3257; x_wconf 85' lang='lat' dir='ltr'>violenter</span> <span class='ocrx_word' id='word_1_235' title='bbox 982 3204 1240 3254; x_wconf 85' lang='lat' dir='ltr'>astruere</span> <span class='ocrx_word' id='word_1_236' title='bbox 1260 3202 1543 3254; x_wconf 89' lang='lat' dir='ltr'>conantur</span> <span class='ocrx_word' id='word_1_237' title='bbox 1569 3197 1979 3253; x_wconf 88' lang='lat' dir='ltr'>fermentatum</span> 
     </span>
    </p>
   </div>
   <div class='ocr_carea' id='block_1_35' title="bbox 355 3285 1983 3367">
    <p class='ocr_par' dir='ltr' id='par_1_35' title="bbox 355 3285 1983 3367">
     <span class='ocr_line' id='line_1_35' title="bbox 355 3285 1983 3367; baseline -0.004 -18"><span class='ocrx_word' id='word_1_238' title='bbox 355 3309 565 3367; x_wconf 89' lang='lat' dir='ltr'>panem</span> <span class='ocrx_word' id='word_1_239' title='bbox 598 3290 798 3359; x_wconf 89' lang='lat' dir='ltr'>fuisse,</span> <span class='ocrx_word' id='word_1_240' title='bbox 829 3305 943 3359; x_wconf 91' lang='lat' dir='ltr'>quo</span> <span class='ocrx_word' id='word_1_241' title='bbox 975 3288 1259 3344; x_wconf 83' lang='lat' dir='ltr'>Dominus</span> <span class='ocrx_word' id='word_1_242' title='bbox 1279 3285 1559 3360; x_wconf 89' lang='lat' dir='ltr'>apostolis</span> <span class='ocrx_word' id='word_1_243' title='bbox 1580 3286 1704 3342; x_wconf 89' lang='lat' dir='ltr'>suis</span> <span class='ocrx_word' id='word_1_244' title='bbox 1723 3286 1983 3359; x_wconf 91' lang='lat' dir='ltr'>corporis</span> 
     </span>
    </p>
   </div>
   <div class='ocr_carea' id='block_1_36' title="bbox 352 3375 1983 3453">
    <p class='ocr_par' dir='ltr' id='par_1_36' title="bbox 352 3375 1983 3453">
     <span class='ocr_line' id='line_1_36' title="bbox 352 3375 1983 3453; baseline -0.006 -14"><span class='ocrx_word' id='word_1_245' title='bbox 352 3382 445 3439; x_wconf 86' lang='lat' dir='ltr'>sui</span> <span class='ocrx_word' id='word_1_246' title='bbox 476 3377 1064 3453; x_wconf 76' lang='lat' dir='ltr'>mysteriuminccsna</span> <span class='ocrx_word' id='word_1_247' title='bbox 1079 3376 1525 3432; x_wconf 88' lang='lat' dir='ltr'>commendavit.</span> <span class='ocrx_word' id='word_1_248' title='bbox 1548 3375 1705 3440; x_wconf 87' lang='lat' dir='ltr'>Quod</span> <span class='ocrx_word' id='word_1_249' title='bbox 1746 3375 1983 3431; x_wconf 88' lang='lat' dir='ltr'>omnino</span> 
     </span>
    </p>
   </div>
   <div class='ocr_carea' id='block_1_37' title="bbox 351 3463 1982 3538">
    <p class='ocr_par' dir='ltr' id='par_1_37' title="bbox 351 3463 1982 3538">
     <span class='ocr_line' id='line_1_37' title="bbox 351 3463 1982 3538; baseline -0.006 -10"><span class='ocrx_word' id='word_1_250' title='bbox 351 3472 568 3529; x_wconf 90' lang='lat' dir='ltr'>falsum</span> <span class='ocrx_word' id='word_1_251' title='bbox 594 3485 722 3525; x_wconf 90' lang='lat' dir='ltr'>esse</span> <span class='ocrx_word' id='word_1_252' title='bbox 745 3483 815 3522; x_wconf 80' lang='lat' dir='ltr'>ex</span> <span class='ocrx_word' id='word_1_253' title='bbox 833 3469 1078 3538; x_wconf 87' lang='lat' dir='ltr'>utroque</span> <span class='ocrx_word' id='word_1_254' title='bbox 1098 3469 1445 3521; x_wconf 88' lang='lat' dir='ltr'>testamento</span> <span class='ocrx_word' id='word_1_255' title='bbox 1478 3463 1751 3521; x_wconf 82' lang='lat' dir='ltr'>facillime</span> <span class='ocrx_word' id='word_1_256' title='bbox 1782 3465 1982 3538; x_wconf 90' lang='lat' dir='ltr'>depre-</span> 
     </span>
    </p>
   </div>
   <div class='ocr_carea' id='block_1_38' title="bbox 350 3551 1980 3628">
    <p class='ocr_par' dir='ltr' id='par_1_38' title="bbox 350 3551 1980 3628">
     <span class='ocr_line' id='line_1_38' title="bbox 350 3551 1980 3628; baseline -0.005 -12"><span class='ocrx_word' id='word_1_257' title='bbox 350 3558 656 3617; x_wconf 89' lang='lat' dir='ltr'>henditur:</span> <span class='ocrx_word' id='word_1_258' title='bbox 686 3556 824 3628; x_wconf 89' lang='lat' dir='ltr'>quia</span> <span class='ocrx_word' id='word_1_259' title='bbox 852 3554 953 3628; x_wconf 89' lang='lat' dir='ltr'>qui</span> <span class='ocrx_word' id='word_1_260' title='bbox 984 3571 1099 3610; x_wconf 91' lang='lat' dir='ltr'>non</span> <span class='ocrx_word' id='word_1_261' title='bbox 1131 3558 1366 3611; x_wconf 88' lang='lat' dir='ltr'>venerat</span> <span class='ocrx_word' id='word_1_262' title='bbox 1394 3551 1612 3610; x_wconf 90' lang='lat' dir='ltr'>solvere</span> <span class='ocrx_word' id='word_1_263' title='bbox 1640 3553 1848 3625; x_wconf 86' lang='lat' dir='ltr'>legem,</span> <span class='ocrx_word' id='word_1_264' title='bbox 1880 3554 1980 3609; x_wconf 89' lang='lat' dir='ltr'>sed</span> 
     </span>
    </p>
   </div>
   <div class='ocr_carea' id='block_1_39' title="bbox 350 3641 1980 3721">
    <p class='ocr_par' dir='ltr' id='par_1_39' title="bbox 350 3641 1980 3721">
     <span class='ocr_line' id='line_1_39' title="bbox 350 3641 1980 3721; baseline -0.006 -15"><span class='ocrx_word' id='word_1_265' title='bbox 350 3644 689 3721; x_wconf 82' lang='lat' dir='ltr'>adimplere,</span> <span class='ocrx_word' id='word_1_266' title='bbox 714 3645 884 3714; x_wconf 80' lang='lat' dir='ltr'>juxta</span> <span class='ocrx_word' id='word_1_267' title='bbox 903 3643 1090 3719; x_wconf 87' lang='lat' dir='ltr'>ipsius</span> <span class='ocrx_word' id='word_1_268' title='bbox 1112 3642 1258 3715; x_wconf 88' lang='lat' dir='ltr'>legis</span> <span class='ocrx_word' id='word_1_269' title='bbox 1280 3646 1634 3715; x_wconf 64' lang='lat' dir='ltr'>praeceptum</span> <span class='ocrx_word' id='word_1_270' title='bbox 1664 3658 1729 3697; x_wconf 80' lang='lat' dir='ltr'>ex</span> <span class='ocrx_word' id='word_1_271' title='bbox 1762 3641 1980 3715; x_wconf 78' lang='lat' dir='ltr'>azymis</span> 
     </span>
    </p>
   </div>
   <div class='ocr_carea' id='block_1_40' title="bbox 349 3729 1982 3805">
    <p class='ocr_par' dir='ltr' id='par_1_40' title="bbox 349 3729 1982 3805">
     <span class='ocr_line' id='line_1_40' title="bbox 349 3729 1982 3805; baseline -0.006 -11"><span class='ocrx_word' id='word_1_272' title='bbox 349 3741 406 3794; x_wconf 89' lang='lat' dir='ltr'>et</span> <span class='ocrx_word' id='word_1_273' title='bbox 446 3734 579 3791; x_wconf 84' lang='lat' dir='ltr'>vino</span> <span class='ocrx_word' id='word_1_274' title='bbox 626 3738 794 3789; x_wconf 89' lang='lat' dir='ltr'>vetus</span> <span class='ocrx_word' id='word_1_275' title='bbox 837 3731 1057 3805; x_wconf 89' lang='lat' dir='ltr'>pascha</span> <span class='ocrx_word' id='word_1_276' title='bbox 1100 3729 1456 3803; x_wconf 89' lang='lat' dir='ltr'>adimplevit,</span> <span class='ocrx_word' id='word_1_277' title='bbox 1506 3734 1563 3785; x_wconf 93' lang='lat' dir='ltr'>et</span> <span class='ocrx_word' id='word_1_278' title='bbox 1607 3730 1871 3803; x_wconf 88' lang='lat' dir='ltr'>protinus</span> <span class='ocrx_word' id='word_1_279' title='bbox 1915 3745 1982 3785; x_wconf 85' lang='lat' dir='ltr'>ex</span> 
     </span>
    </p>
   </div>
   <div class='ocr_carea' id='block_1_41' title="bbox 351 3819 1977 3898">
    <p class='ocr_par' dir='ltr' id='par_1_41' title="bbox 351 3819 1977 3898">
     <span class='ocr_line' id='line_1_41' title="bbox 351 3819 1977 3898; baseline -0.006 -16"><span class='ocrx_word' id='word_1_280' title='bbox 351 3824 570 3898; x_wconf 85' lang='lat' dir='ltr'>azymis</span> <span class='ocrx_word' id='word_1_281' title='bbox 600 3829 657 3878; x_wconf 92' lang='lat' dir='ltr'>et</span> <span class='ocrx_word' id='word_1_282' title='bbox 688 3822 819 3877; x_wconf 91' lang='lat' dir='ltr'>vino</span> <span class='ocrx_word' id='word_1_283' title='bbox 849 3836 1081 3886; x_wconf 88' lang='lat' dir='ltr'>novum,</span> <span class='ocrx_word' id='word_1_284' title='bbox 1111 3821 1264 3876; x_wconf 91' lang='lat' dir='ltr'>sicut</span> <span class='ocrx_word' id='word_1_285' title='bbox 1292 3823 1486 3892; x_wconf 89' lang='lat' dir='ltr'>aperte</span> <span class='ocrx_word' id='word_1_286' title='bbox 1535 3819 1719 3875; x_wconf 90' lang='lat' dir='ltr'>Lucas</span> <span class='ocrx_word' id='word_1_287' title='bbox 1760 3828 1977 3883; x_wconf 75' lang='lat' dir='ltr'>narrat,</span> 
     </span>
    </p>
   </div>
   <div class='ocr_carea' id='block_1_42' title="bbox 349 3908 2026 3985">
    <p class='ocr_par' dir='ltr' id='par_1_42' title="bbox 349 3908 2026 3985">
     <span class='ocr_line' id='line_1_42' title="bbox 349 3908 2026 3985; baseline -0.004 -15"><span class='ocrx_word' id='word_1_288' title='bbox 349 3911 655 3985; x_wconf 89' lang='lat' dir='ltr'>discipulis</span> <span class='ocrx_word' id='word_1_289' title='bbox 684 3909 942 3967; x_wconf 85' lang='lat' dir='ltr'>tradidit.</span> <span class='ocrx_word' id='word_1_290' title='bbox 989 3909 1186 3982; x_wconf 89' lang='lat' dir='ltr'>Neque</span> <span class='ocrx_word' id='word_1_291' title='bbox 1236 3908 1392 3964; x_wconf 90' lang='lat' dir='ltr'>enim</span> <span class='ocrx_word' id='word_1_292' title='bbox 1433 3909 1572 3964; x_wconf 91' lang='lat' dir='ltr'>totis</span> <span class='ocrx_word' id='word_1_293' title='bbox 1615 3912 1742 3963; x_wconf 91' lang='lat' dir='ltr'>octo</span> <span class='ocrx_word' id='word_1_294' title='bbox 1771 3908 1979 3964; x_wconf 84' lang='lat' dir='ltr'>diebus</span> <span class='ocrx_word' id='word_1_295' title='bbox 2018 3931 2026 3940; x_wconf 85' lang='lat'><strong><em>-</em></strong></span> 
     </span>
    </p>
   </div>
   <div class='ocr_carea' id='block_1_43' title="bbox 348 3995 1981 4070">
    <p class='ocr_par' dir='ltr' id='par_1_43' title="bbox 348 3995 1981 4070">
     <span class='ocr_line' id='line_1_43' title="bbox 348 3995 1981 4070; baseline -0.004 -12"><span class='ocrx_word' id='word_1_296' title='bbox 348 4002 465 4059; x_wconf 89' lang='lat' dir='ltr'>illis</span> <span class='ocrx_word' id='word_1_297' title='bbox 514 4001 925 4056; x_wconf 86' lang='lat' dir='ltr'>fermentatum</span> <span class='ocrx_word' id='word_1_298' title='bbox 977 3997 1295 4070; x_wconf 85' lang='lat' dir='ltr'>apparebat</span> <span class='ocrx_word' id='word_1_299' title='bbox 1342 3996 1402 4051; x_wconf 92' lang='lat' dir='ltr'>in</span> <span class='ocrx_word' id='word_1_300' title='bbox 1444 3995 1720 4051; x_wconf 90' lang='lat' dir='ltr'>omnibus</span> <span class='ocrx_word' id='word_1_301' title='bbox 1765 3997 1981 4052; x_wconf 74' lang='lat' dir='ltr'>finibus</span> 
     </span>
    </p>
   </div>
   <div class='ocr_carea' id='block_1_44' title="bbox 348 4084 1984 4160">
    <p class='ocr_par' dir='ltr' id='par_1_44' title="bbox 348 4084 1984 4160">
     <span class='ocr_line' id='line_1_44' title="bbox 348 4084 1984 4160; baseline -0.004 -13"><span class='ocrx_word' id='word_1_302' title='bbox 348 4089 545 4157; x_wconf 86' lang='lat' dir='ltr'>Israel,</span> <span class='ocrx_word' id='word_1_303' title='bbox 585 4093 643 4145; x_wconf 89' lang='lat' dir='ltr'>et</span> <span class='ocrx_word' id='word_1_304' title='bbox 672 4088 828 4160; x_wconf 92' lang='lat' dir='ltr'>apud</span> <span class='ocrx_word' id='word_1_305' title='bbox 860 4101 1270 4157; x_wconf 83' lang='lat' dir='ltr'>quemcunque</span> <span class='ocrx_word' id='word_1_306' title='bbox 1302 4084 1725 4157; x_wconf 80' lang='lat' dir='ltr'>inveniebatur,</span> <span class='ocrx_word' id='word_1_307' title='bbox 1758 4085 1984 4157; x_wconf 88' lang='lat' dir='ltr'>peribat</span> 
     </span>
    </p>
   </div>
   <div class='ocr_carea' id='block_1_45' title="bbox 349 4172 1981 4247">
    <p class='ocr_par' dir='ltr' id='par_1_45' title="bbox 349 4172 1981 4247">
     <span class='ocr_line' id='line_1_45' title="bbox 349 4172 1981 4247; baseline -0.004 -12"><span class='ocrx_word' id='word_1_308' title='bbox 349 4178 547 4235; x_wconf 89' lang='lat' dir='ltr'>anima</span> <span class='ocrx_word' id='word_1_309' title='bbox 580 4177 707 4247; x_wconf 83' lang='lat' dir='ltr'>ejus</span> <span class='ocrx_word' id='word_1_310' title='bbox 739 4176 806 4230; x_wconf 90' lang='lat' dir='ltr'>de</span> <span class='ocrx_word' id='word_1_311' title='bbox 839 4173 1050 4247; x_wconf 89' lang='lat' dir='ltr'>populo</span> <span class='ocrx_word' id='word_1_312' title='bbox 1081 4190 1187 4229; x_wconf 89' lang='lat' dir='ltr'>suo</span> <span class='ocrx_word' id='word_1_313' title='bbox 1236 4172 1423 4245; x_wconf 66' lang='lat' dir='ltr'>(Exod.</span> <span class='ocrx_word' id='word_1_314' title='bbox 1474 4174 1597 4245; x_wconf 75' lang='grc' dir='ltr'>χιι).</span> <span class='ocrx_word' id='word_1_315' title='bbox 1649 4174 1810 4237; x_wconf 88' lang='lat' dir='ltr'>Quod</span> <span class='ocrx_word' id='word_1_316' title='bbox 1842 4174 1891 4229; x_wconf 92' lang='lat' dir='ltr'>si</span> <span class='ocrx_word' id='word_1_317' title='bbox 1922 4174 1981 4228; x_wconf 92' lang='lat' dir='ltr'>in</span> 
     </span>
    </p>
   </div>
   <div class='ocr_carea' id='block_1_46' title="bbox 346 4261 1983 4334">
    <p class='ocr_par' dir='ltr' id='par_1_46' title="bbox 346 4261 1983 4334">
     <span class='ocr_line' id='line_1_46' title="bbox 346 4261 1983 4334; baseline -0.004 -12"><span class='ocrx_word' id='word_1_318' title='bbox 346 4268 517 4322; x_wconf 73' lang='lat' dir='ltr'>Coena</span> <span class='ocrx_word' id='word_1_319' title='bbox 545 4263 777 4320; x_wconf 90' lang='lat' dir='ltr'>Domini</span> <span class='ocrx_word' id='word_1_320' title='bbox 805 4263 942 4318; x_wconf 89' lang='lat' dir='ltr'>Jesu</span> <span class='ocrx_word' id='word_1_321' title='bbox 975 4261 1360 4334; x_wconf 87' lang='lat' dir='ltr'>apparuisset,</span> <span class='ocrx_word' id='word_1_322' title='bbox 1393 4265 1493 4317; x_wconf 88' lang='lat' dir='ltr'>aut</span> <span class='ocrx_word' id='word_1_323' title='bbox 1522 4261 1649 4334; x_wconf 90' lang='lat' dir='ltr'>ipse</span> <span class='ocrx_word' id='word_1_324' title='bbox 1680 4278 1782 4316; x_wconf 88' lang='lat' dir='ltr'>seu</span> <span class='ocrx_word' id='word_1_325' title='bbox 1814 4262 1983 4318; x_wconf 91' lang='lat' dir='ltr'>disci-</span> 
     </span>
    </p>
   </div>
   <div class='ocr_carea' id='block_1_47' title="bbox 345 4350 1980 4433">
    <p class='ocr_par' dir='ltr' id='par_1_47' title="bbox 345 4350 1980 4433">
     <span class='ocr_line' id='line_1_47' title="bbox 345 4350 1980 4433; baseline -0.002 -22"><span class='ocrx_word' id='word_1_326' title='bbox 345 4355 467 4433; x_wconf 81' lang='lat' dir='ltr'>puli</span> <span class='ocrx_word' id='word_1_327' title='bbox 493 4355 620 4426; x_wconf 82' lang='lat' dir='ltr'>ejus</span> <span class='ocrx_word' id='word_1_328' title='bbox 649 4368 883 4427; x_wconf 90' lang='lat' dir='ltr'>quoquo</span> <span class='ocrx_word' id='word_1_329' title='bbox 916 4351 1086 4406; x_wconf 92' lang='lat' dir='ltr'>modo</span> <span class='ocrx_word' id='word_1_330' title='bbox 1106 4354 1462 4425; x_wconf 88' lang='lat' dir='ltr'>gustassent,</span> <span class='ocrx_word' id='word_1_331' title='bbox 1481 4350 1642 4421; x_wconf 89' lang='lat' dir='ltr'>juste</span> <span class='ocrx_word' id='word_1_332' title='bbox 1667 4351 1818 4407; x_wconf 92' lang='lat' dir='ltr'>sicut</span> <span class='ocrx_word' id='word_1_333' title='bbox 1840 4369 1980 4423; x_wconf 76' lang='lat' dir='ltr'>prae-</span> 
     </span>
    </p>
   </div>
   <div class='ocr_carea' id='block_1_48' title="bbox 345 4438 1982 4515">
    <p class='ocr_par' dir='ltr' id='par_1_48' title="bbox 345 4438 1982 4515">
     <span class='ocr_line' id='line_1_48' title="bbox 345 4438 1982 4515; baseline -0.004 -13"><span class='ocrx_word' id='word_1_334' title='bbox 345 4445 690 4501; x_wconf 88' lang='lat' dir='ltr'>varicatores</span> <span class='ocrx_word' id='word_1_335' title='bbox 710 4441 859 4515; x_wconf 86' lang='lat' dir='ltr'>legis</span> <span class='ocrx_word' id='word_1_336' title='bbox 884 4440 1165 4513; x_wconf 87' lang='lat' dir='ltr'>perirent,</span> <span class='ocrx_word' id='word_1_337' title='bbox 1188 4456 1293 4496; x_wconf 92' lang='lat' dir='ltr'>nec</span> <span class='ocrx_word' id='word_1_338' title='bbox 1314 4440 1439 4513; x_wconf 87' lang='lat' dir='ltr'>ipse</span> <span class='ocrx_word' id='word_1_339' title='bbox 1462 4438 1744 4495; x_wconf 88' lang='lat' dir='ltr'>Dominus</span> <span class='ocrx_word' id='word_1_340' title='bbox 1767 4441 1982 4498; x_wconf 87' lang='lat' dir='ltr'>diceret</span> 
     </span>
    </p>
   </div>
   <div class='ocr_carea' id='block_1_49' title="bbox 342 4528 1985 4600">
    <p class='ocr_par' dir='ltr' id='par_1_49' title="bbox 342 4528 1985 4600">
     <span class='ocr_line' id='line_1_49' title="bbox 342 4528 1985 4600; baseline -0.004 -9"><span class='ocrx_word' id='word_1_341' title='bbox 342 4534 471 4591; x_wconf 87' lang='lat' dir='ltr'>suis</span> <span class='ocrx_word' id='word_1_342' title='bbox 482 4530 924 4591; x_wconf 89' lang='lat' dir='ltr'>insidiatoribus</span> <span class='ocrx_word' id='word_1_343' title='bbox 940 4548 953 4585; x_wconf 88' lang='lat'>:</span> <span class='ocrx_word' id='word_1_344' title='bbox 971 4531 1106 4599; x_wconf 87' lang='lat' dir='ltr'>Quis</span> <span class='ocrx_word' id='word_1_345' title='bbox 1118 4545 1187 4585; x_wconf 76' lang='lat' dir='ltr'>ex</span> <span class='ocrx_word' id='word_1_346' title='bbox 1203 4528 1348 4585; x_wconf 87' lang='lat' dir='ltr'>vobis</span> <span class='ocrx_word' id='word_1_347' title='bbox 1358 4532 1549 4597; x_wconf 80' lang='lat' dir='ltr'>arguet</span> <span class='ocrx_word' id='word_1_348' title='bbox 1560 4544 1645 4583; x_wconf 89' lang='lat' dir='ltr'>me</span> <span class='ocrx_word' id='word_1_349' title='bbox 1658 4528 1721 4583; x_wconf 81' lang='lat' dir='ltr'>de</span> <span class='ocrx_word' id='word_1_350' title='bbox 1733 4534 1945 4600; x_wconf 70' lang='lat' dir='ltr'>peccato</span> <span class='ocrx_word' id='word_1_351' title='bbox 1958 4534 1985 4585; x_wconf 68' lang='grc' dir='ltr'><em>γ</em></span> 
     </span>
    </p>
   </div>
   <div class='ocr_carea' id='block_1_50' title="bbox 2104 627 3811 701">
    <p class='ocr_par' dir='ltr' id='par_1_50' title="bbox 2104 627 3811 701">
     <span class='ocr_line' id='line_1_50' title="bbox 2104 627 3811 701; baseline 0.003 -19"><span class='ocrx_word' id='word_1_352' title='bbox 2104 629 2161 682; x_wconf 92' lang='lat' dir='ltr'>in</span> <span class='ocrx_word' id='word_1_353' title='bbox 2196 629 2537 685; x_wconf 89' lang='lat' dir='ltr'>memoriam</span> <span class='ocrx_word' id='word_1_354' title='bbox 2566 627 2875 683; x_wconf 72' lang='lat' dir='ltr'>Dominicis</span> <span class='ocrx_word' id='word_1_355' title='bbox 2907 629 3223 701; x_wconf 67' lang='lat' dir='ltr'>passionis,</span> <span class='ocrx_word' id='word_1_356' title='bbox 3258 644 3381 700; x_wconf 74' lang='lat' dir='ltr'>qua</span> <span class='ocrx_word' id='word_1_357' title='bbox 3422 627 3507 689; x_wconf 79' lang='lat' dir='ltr'>ad</span> <span class='ocrx_word' id='word_1_358' title='bbox 3547 627 3811 687; x_wconf 72' lang='lat' dir='ltr'>Patrem</span> 
     </span>
    </p>
   </div>
   <div class='ocr_carea' id='block_1_51' title="bbox 2102 716 3812 790">
    <p class='ocr_par' dir='ltr' id='par_1_51' title="bbox 2102 716 3812 790">
     <span class='ocr_line' id='line_1_51' title="bbox 2102 716 3812 790; baseline 0.002 -20"><span class='ocrx_word' id='word_1_359' title='bbox 2102 717 2371 772; x_wconf 90' lang='lat' dir='ltr'>transivit</span> <span class='ocrx_word' id='word_1_360' title='bbox 2400 733 2468 772; x_wconf 83' lang='lat' dir='ltr'>ex</span> <span class='ocrx_word' id='word_1_361' title='bbox 2501 716 2609 771; x_wconf 90' lang='lat' dir='ltr'>hoc</span> <span class='ocrx_word' id='word_1_362' title='bbox 2631 717 2869 771; x_wconf 90' lang='lat' dir='ltr'>mundo.</span> <span class='ocrx_word' id='word_1_363' title='bbox 2895 717 3006 773; x_wconf 86' lang='lat' dir='ltr'>Sed</span> <span class='ocrx_word' id='word_1_364' title='bbox 3027 716 3172 788; x_wconf 90' lang='lat' dir='ltr'>quia</span> <span class='ocrx_word' id='word_1_365' title='bbox 3198 721 3323 773; x_wconf 88' lang='lat' dir='ltr'>tam</span> <span class='ocrx_word' id='word_1_366' title='bbox 3354 718 3435 774; x_wconf 69' lang='lat' dir='ltr'>de</span> <span class='ocrx_word' id='word_1_367' title='bbox 3466 716 3581 773; x_wconf 84' lang='lat' dir='ltr'>his</span> <span class='ocrx_word' id='word_1_368' title='bbox 3615 733 3812 790; x_wconf 81' lang='lat' dir='ltr'>quam</span> 
     </span>
    </p>
   </div>
   <div class='ocr_carea' id='block_1_52' title="bbox 2103 803 3813 876">
    <p class='ocr_par' dir='ltr' id='par_1_52' title="bbox 2103 803 3813 876">
     <span class='ocr_line' id='line_1_52' title="bbox 2103 803 3813 876; baseline 0.002 -16"><span class='ocrx_word' id='word_1_369' title='bbox 2103 804 2174 860; x_wconf 90' lang='lat' dir='ltr'>de</span> <span class='ocrx_word' id='word_1_370' title='bbox 2203 804 2354 872; x_wconf 87' lang='lat' dir='ltr'>aliis,</span> <span class='ocrx_word' id='word_1_371' title='bbox 2387 805 2602 876; x_wconf 87' lang='lat' dir='ltr'>quibus</span> <span class='ocrx_word' id='word_1_372' title='bbox 2635 821 2741 859; x_wconf 90' lang='lat' dir='ltr'>nos</span> <span class='ocrx_word' id='word_1_373' title='bbox 2790 803 3194 870; x_wconf 86' lang='lat' dir='ltr'>calumniaris,</span> <span class='ocrx_word' id='word_1_374' title='bbox 3241 805 3429 863; x_wconf 74' lang='lat' dir='ltr'>latius</span> <span class='ocrx_word' id='word_1_375' title='bbox 3482 822 3528 861; x_wconf 67' lang='grc' dir='ltr'>α</span> <span class='ocrx_word' id='word_1_376' title='bbox 3568 806 3813 863; x_wconf 75' lang='lat' dir='ltr'>nostris</span> 
     </span>
    </p>
   </div>
   <div class='ocr_carea' id='block_1_53' title="bbox 2103 892 3816 965">
    <p class='ocr_par' dir='ltr' id='par_1_53' title="bbox 2103 892 3816 965">
     <span class='ocr_line' id='line_1_53' title="bbox 2103 892 3816 965; baseline 0.002 -18"><span class='ocrx_word' id='word_1_377' title='bbox 2103 893 2324 948; x_wconf 89' lang='lat' dir='ltr'>nuntiis</span> <span class='ocrx_word' id='word_1_378' title='bbox 2369 909 2470 965; x_wconf 90' lang='lat' dir='ltr'>per</span> <span class='ocrx_word' id='word_1_379' title='bbox 2502 892 2615 948; x_wconf 86' lang='lat' dir='ltr'>alia</span> <span class='ocrx_word' id='word_1_380' title='bbox 2644 892 2862 965; x_wconf 88' lang='lat' dir='ltr'>scripta</span> <span class='ocrx_word' id='word_1_381' title='bbox 2902 896 3123 959; x_wconf 86' lang='lat' dir='ltr'>nostra,</span> <span class='ocrx_word' id='word_1_382' title='bbox 3164 910 3294 965; x_wconf 77' lang='lat' dir='ltr'>quas</span> <span class='ocrx_word' id='word_1_383' title='bbox 3355 893 3698 961; x_wconf 76' lang='lat' dir='ltr'>deferunt,</span> <span class='ocrx_word' id='word_1_384' title='bbox 3734 895 3816 951; x_wconf 84' lang='lat' dir='ltr'>in-</span> 
     </span>
    </p>
   </div>
   <div class='ocr_carea' id='block_1_54' title="bbox 2103 980 3813 1053">
    <p class='ocr_par' dir='ltr' id='par_1_54' title="bbox 2103 980 3813 1053">
     <span class='ocr_line' id='line_1_54' title="bbox 2103 980 3813 1053; baseline 0.002 -17"><span class='ocrx_word' id='word_1_385' title='bbox 2103 980 2345 1036; x_wconf 89' lang='lat' dir='ltr'>strueris</span> <span class='ocrx_word' id='word_1_386' title='bbox 2369 998 2382 1036; x_wconf 91' lang='lat'><strong>:</strong></span> <span class='ocrx_word' id='word_1_387' title='bbox 2408 981 2501 1036; x_wconf 90' lang='lat' dir='ltr'>hic</span> <span class='ocrx_word' id='word_1_388' title='bbox 2519 980 2771 1036; x_wconf 88' lang='lat' dir='ltr'>breviter</span> <span class='ocrx_word' id='word_1_389' title='bbox 2791 980 3326 1053; x_wconf 83' lang='lat' dir='ltr'>attigissesitsatis.</span> <span class='ocrx_word' id='word_1_390' title='bbox 3351 982 3580 1040; x_wconf 79' lang='lat' dir='ltr'>Discat</span> <span class='ocrx_word' id='word_1_391' title='bbox 3590 988 3813 1041; x_wconf 74' lang='lat' dir='ltr'>autem</span> 
     </span>
    </p>
   </div>
   <div class='ocr_carea' id='block_1_55' title="bbox 2101 1068 3813 1137">
    <p class='ocr_par' dir='ltr' id='par_1_55' title="bbox 2101 1068 3813 1137">
     <span class='ocr_line' id='line_1_55' title="bbox 2101 1068 3813 1137; baseline 0.003 -14"><span class='ocrx_word' id='word_1_392' title='bbox 2101 1068 2433 1125; x_wconf 83' lang='lat' dir='ltr'>fraternitas</span> <span class='ocrx_word' id='word_1_393' title='bbox 2460 1074 2581 1137; x_wconf 90' lang='lat' dir='ltr'>tua,</span> <span class='ocrx_word' id='word_1_394' title='bbox 2615 1068 2823 1125; x_wconf 86' lang='lat' dir='ltr'>saltem</span> <span class='ocrx_word' id='word_1_395' title='bbox 2844 1070 3169 1136; x_wconf 87' lang='lat' dir='ltr'>admonita,</span> <span class='ocrx_word' id='word_1_396' title='bbox 3195 1075 3368 1127; x_wconf 80' lang='lat' dir='ltr'>caute</span> <span class='ocrx_word' id='word_1_397' title='bbox 3382 1075 3448 1126; x_wconf 82' lang='lat' dir='ltr'>et</span> <span class='ocrx_word' id='word_1_398' title='bbox 3467 1071 3813 1129; x_wconf 76' lang='lat' dir='ltr'>humiliter</span> 
     </span>
    </p>
   </div>
   <div class='ocr_carea' id='block_1_56' title="bbox 2099 1157 3811 1229">
    <p class='ocr_par' dir='ltr' id='par_1_56' title="bbox 2099 1157 3811 1229">
     <span class='ocr_line' id='line_1_56' title="bbox 2099 1157 3811 1229; baseline 0.004 -18"><span class='ocrx_word' id='word_1_399' title='bbox 2099 1157 2281 1229; x_wconf 90' lang='lat' dir='ltr'>loqui,</span> <span class='ocrx_word' id='word_1_400' title='bbox 2315 1173 2385 1212; x_wconf 91' lang='lat' dir='ltr'>ne</span> <span class='ocrx_word' id='word_1_401' title='bbox 2416 1157 2729 1229; x_wconf 85' lang='lat' dir='ltr'>aliquando</span> <span class='ocrx_word' id='word_1_402' title='bbox 2750 1158 3037 1214; x_wconf 89' lang='lat' dir='ltr'>Dominus</span> <span class='ocrx_word' id='word_1_403' title='bbox 3056 1158 3213 1214; x_wconf 88' lang='lat' dir='ltr'>dicat</span> <span class='ocrx_word' id='word_1_404' title='bbox 3235 1163 3294 1215; x_wconf 89' lang='lat' dir='ltr'>et</span> <span class='ocrx_word' id='word_1_405' title='bbox 3312 1159 3427 1215; x_wconf 88' lang='lat' dir='ltr'>tibi</span> <span class='ocrx_word' id='word_1_406' title='bbox 3453 1178 3468 1215; x_wconf 92' lang='lat'><strong>:</strong></span> <span class='ocrx_word' id='word_1_407' title='bbox 3492 1161 3596 1217; x_wconf 78' lang='lat' dir='ltr'>Ea:</span> <span class='ocrx_word' id='word_1_408' title='bbox 3616 1161 3811 1217; x_wconf 64' lang='lat' dir='ltr'>abem-</span> 
     </span>
    </p>
   </div>
   <div class='ocr_carea' id='block_1_57' title="bbox 2101 1245 3806 1320">
    <p class='ocr_par' dir='ltr' id='par_1_57' title="bbox 2101 1245 3806 1320">
     <span class='ocr_line' id='line_1_57' title="bbox 2101 1245 3806 1320; baseline 0.004 -21"><span class='ocrx_word' id='word_1_409' title='bbox 2101 1246 2292 1300; x_wconf 85' lang='lat' dir='ltr'>dantia</span> <span class='ocrx_word' id='word_1_410' title='bbox 2317 1245 2492 1300; x_wconf 80' lang='lat' dir='ltr'>cordis</span> <span class='ocrx_word' id='word_1_411' title='bbox 2519 1262 2575 1301; x_wconf 78' lang='lat' dir='ltr'>os</span> <span class='ocrx_word' id='word_1_412' title='bbox 2625 1246 2864 1316; x_wconf 79' lang='lat' dir='ltr'>loquitur</span> <span class='ocrx_word' id='word_1_413' title='bbox 2910 1245 3119 1316; x_wconf 79' lang='lat' dir='ltr'>(Matth.</span> <span class='ocrx_word' id='word_1_414' title='bbox 3166 1248 3292 1318; x_wconf 81' lang='lat' dir='ltr'><strong>XII).</strong></span> <span class='ocrx_word' id='word_1_415' title='bbox 3342 1247 3694 1320; x_wconf 80' lang='lat' dir='ltr'>Scripsisti</span> <span class='ocrx_word' id='word_1_416' title='bbox 3726 1250 3806 1305; x_wconf 83' lang='lat' dir='ltr'>si-</span> 
     </span>
    </p>
   </div>
   <div class='ocr_carea' id='block_1_58' title="bbox 2102 1332 3808 1411">
    <p class='ocr_par' dir='ltr' id='par_1_58' title="bbox 2102 1332 3808 1411">
     <span class='ocr_line' id='line_1_58' title="bbox 2102 1332 3808 1411; baseline 0.005 -24"><span class='ocrx_word' id='word_1_417' title='bbox 2102 1332 2337 1405; x_wconf 88' lang='lat' dir='ltr'>quidem</span> <span class='ocrx_word' id='word_1_418' title='bbox 2370 1334 2558 1400; x_wconf 90' lang='lat' dir='ltr'>nobis,</span> <span class='ocrx_word' id='word_1_419' title='bbox 2582 1334 2862 1406; x_wconf 90' lang='lat' dir='ltr'>quoniam</span> <span class='ocrx_word' id='word_1_420' title='bbox 2885 1334 2935 1390; x_wconf 89' lang='lat' dir='ltr'>si</span> <span class='ocrx_word' id='word_1_421' title='bbox 2958 1352 3076 1390; x_wconf 90' lang='lat' dir='ltr'>una</span> <span class='ocrx_word' id='word_1_422' title='bbox 3088 1334 3349 1392; x_wconf 88' lang='lat' dir='ltr'>Ecclesia</span> <span class='ocrx_word' id='word_1_423' title='bbox 3371 1336 3677 1394; x_wconf 80' lang='lat' dir='ltr'>Romana</span> <span class='ocrx_word' id='word_1_424' title='bbox 3699 1353 3808 1411; x_wconf 73' lang='lat' dir='ltr'>per</span> 
     </span>
    </p>
   </div>
   <div class='ocr_carea' id='block_1_59' title="bbox 2102 1421 3803 1492">
    <p class='ocr_par' dir='ltr' id='par_1_59' title="bbox 2102 1421 3803 1492">
     <span class='ocr_line' id='line_1_59' title="bbox 2102 1421 3803 1492; baseline 0.005 -16"><span class='ocrx_word' id='word_1_425' title='bbox 2102 1438 2209 1477; x_wconf 90' lang='lat' dir='ltr'>nos</span> <span class='ocrx_word' id='word_1_426' title='bbox 2239 1421 2480 1477; x_wconf 86' lang='lat' dir='ltr'>haberet</span> <span class='ocrx_word' id='word_1_427' title='bbox 2510 1439 2722 1479; x_wconf 91' lang='lat' dir='ltr'>nomen</span> <span class='ocrx_word' id='word_1_428' title='bbox 2765 1428 2958 1492; x_wconf 86' lang='lat' dir='ltr'>tuum,</span> <span class='ocrx_word' id='word_1_429' title='bbox 2992 1440 3196 1480; x_wconf 90' lang='lat' dir='ltr'>omnes</span> <span class='ocrx_word' id='word_1_430' title='bbox 3227 1423 3515 1482; x_wconf 63' lang='lat' dir='ltr'>Ecclesia</span> <span class='ocrx_word' id='word_1_431' title='bbox 3550 1427 3624 1483; x_wconf 86' lang='lat' dir='ltr'>in</span> <span class='ocrx_word' id='word_1_432' title='bbox 3671 1431 3803 1485; x_wconf 75' lang='lat' dir='ltr'>toto</span> 
     </span>
    </p>
   </div>
   <div class='ocr_carea' id='block_1_60' title="bbox 2103 1510 3801 1584">
    <p class='ocr_par' dir='ltr' id='par_1_60' title="bbox 2103 1510 3801 1584">
     <span class='ocr_line' id='line_1_60' title="bbox 2103 1510 3801 1584; baseline 0.005 -20"><span class='ocrx_word' id='word_1_433' title='bbox 2103 1510 2240 1565; x_wconf 89' lang='lat' dir='ltr'>orbe</span> <span class='ocrx_word' id='word_1_434' title='bbox 2258 1513 2544 1565; x_wconf 86' lang='lat' dir='ltr'>terrarum</span> <span class='ocrx_word' id='word_1_435' title='bbox 2562 1510 2843 1566; x_wconf 89' lang='lat' dir='ltr'>haberent</span> <span class='ocrx_word' id='word_1_436' title='bbox 2856 1527 2960 1584; x_wconf 89' lang='lat' dir='ltr'>per</span> <span class='ocrx_word' id='word_1_437' title='bbox 2973 1515 3029 1571; x_wconf 83' lang='lat' dir='ltr'>te</span> <span class='ocrx_word' id='word_1_438' title='bbox 3051 1528 3265 1569; x_wconf 86' lang='lat' dir='ltr'>nomen</span> <span class='ocrx_word' id='word_1_439' title='bbox 3281 1517 3606 1571; x_wconf 84' lang='lat' dir='ltr'>nostrum.</span> <span class='ocrx_word' id='word_1_440' title='bbox 3636 1516 3801 1583; x_wconf 84' lang='lat' dir='ltr'>Quid</span> 
     </span>
    </p>
   </div>
   <div class='ocr_carea' id='block_1_61' title="bbox 2102 1598 3802 1669">
    <p class='ocr_par' dir='ltr' id='par_1_61' title="bbox 2102 1598 3802 1669">
     <span class='ocr_line' id='line_1_61' title="bbox 2102 1598 3802 1669; baseline 0.006 -16"><span class='ocrx_word' id='word_1_441' title='bbox 2102 1598 2209 1654; x_wconf 90' lang='lat' dir='ltr'>hoc</span> <span class='ocrx_word' id='word_1_442' title='bbox 2240 1598 2487 1655; x_wconf 89' lang='lat' dir='ltr'>monstri</span> <span class='ocrx_word' id='word_1_443' title='bbox 2538 1603 2644 1669; x_wconf 88' lang='lat' dir='ltr'>est,</span> <span class='ocrx_word' id='word_1_444' title='bbox 2695 1599 2872 1655; x_wconf 87' lang='lat' dir='ltr'>frater</span> <span class='ocrx_word' id='word_1_445' title='bbox 2919 1600 3313 1658; x_wconf 78' lang='lat' dir='ltr'>charissima?</span> <span class='ocrx_word' id='word_1_446' title='bbox 3355 1603 3653 1662; x_wconf 77' lang='lat' dir='ltr'>Romans.</span> <span class='ocrx_word' id='word_1_447' title='bbox 3687 1607 3802 1662; x_wconf 85' lang='lat' dir='ltr'>Eo-</span> 
     </span>
    </p>
   </div>
   <div class='ocr_carea' id='block_1_62' title="bbox 2102 1686 3800 1761">
    <p class='ocr_par' dir='ltr' id='par_1_62' title="bbox 2102 1686 3800 1761">
     <span class='ocr_line' id='line_1_62' title="bbox 2102 1686 3800 1761; baseline 0.006 -19"><span class='ocrx_word' id='word_1_448' title='bbox 2102 1686 2299 1754; x_wconf 47' lang='lat' dir='ltr'>c,lesia,</span> <span class='ocrx_word' id='word_1_449' title='bbox 2353 1692 2527 1759; x_wconf 89' lang='lat' dir='ltr'>caput</span> <span class='ocrx_word' id='word_1_450' title='bbox 2571 1693 2629 1743; x_wconf 93' lang='lat' dir='ltr'>et</span> <span class='ocrx_word' id='word_1_451' title='bbox 2668 1692 2856 1745; x_wconf 88' lang='lat' dir='ltr'>mater</span> <span class='ocrx_word' id='word_1_452' title='bbox 2906 1688 3324 1761; x_wconf 83' lang='lat' dir='ltr'>Ecclesiarum,</span> <span class='ocrx_word' id='word_1_453' title='bbox 3387 1694 3689 1759; x_wconf 76' lang='lat' dir='ltr'>membra</span> <span class='ocrx_word' id='word_1_454' title='bbox 3742 1698 3800 1753; x_wconf 79' lang='lat' dir='ltr'>et</span> 
     </span>
    </p>
   </div>
   <div class='ocr_carea' id='block_1_63' title="bbox 2102 1775 3803 1855">
    <p class='ocr_par' dir='ltr' id='par_1_63' title="bbox 2102 1775 3803 1855">
     <span class='ocr_line' id='line_1_63' title="bbox 2102 1775 3803 1855; baseline 0.007 -26"><span class='ocrx_word' id='word_1_455' title='bbox 2102 1775 2252 1831; x_wconf 81' lang='lat' dir='ltr'>filias</span> <span class='ocrx_word' id='word_1_456' title='bbox 2285 1793 2399 1832; x_wconf 94' lang='lat' dir='ltr'>non</span> <span class='ocrx_word' id='word_1_457' title='bbox 2430 1776 2649 1832; x_wconf 83' lang='lat' dir='ltr'>habet?</span> <span class='ocrx_word' id='word_1_458' title='bbox 2676 1778 2741 1832; x_wconf 91' lang='lat' dir='ltr'>Et</span> <span class='ocrx_word' id='word_1_459' title='bbox 2773 1778 3067 1849; x_wconf 90' lang='lat' dir='ltr'>quomodo</span> <span class='ocrx_word' id='word_1_460' title='bbox 3099 1782 3293 1851; x_wconf 84' lang='lat' dir='ltr'>potest</span> <span class='ocrx_word' id='word_1_461' title='bbox 3318 1780 3444 1838; x_wconf 87' lang='lat' dir='ltr'>dici</span> <span class='ocrx_word' id='word_1_462' title='bbox 3464 1788 3669 1855; x_wconf 73' lang='lat' dir='ltr'>caput</span> <span class='ocrx_word' id='word_1_463' title='bbox 3690 1787 3803 1841; x_wconf 74' lang='lat' dir='ltr'>aut</span> 
     </span>
    </p>
   </div>
   <div class='ocr_carea' id='block_1_64' title="bbox 2104 1865 3802 1944">
    <p class='ocr_par' dir='ltr' id='par_1_64' title="bbox 2104 1865 3802 1944">
     <span class='ocr_line' id='line_1_64' title="bbox 2104 1865 3802 1944; baseline 0.007 -25"><span class='ocrx_word' id='word_1_464' title='bbox 2104 1865 2335 1920; x_wconf 81' lang='lat' dir='ltr'>mater?</span> <span class='ocrx_word' id='word_1_465' title='bbox 2364 1865 2665 1921; x_wconf 84' lang='lat' dir='ltr'>Credimus</span> <span class='ocrx_word' id='word_1_466' title='bbox 2698 1866 2852 1922; x_wconf 90' lang='lat' dir='ltr'>enim</span> <span class='ocrx_word' id='word_1_467' title='bbox 2884 1871 3122 1939; x_wconf 85' lang='lat' dir='ltr'>propter</span> <span class='ocrx_word' id='word_1_468' title='bbox 3166 1869 3324 1940; x_wconf 88' lang='lat' dir='ltr'>quod</span> <span class='ocrx_word' id='word_1_469' title='bbox 3367 1873 3430 1927; x_wconf 89' lang='lat' dir='ltr'>et</span> <span class='ocrx_word' id='word_1_470' title='bbox 3459 1869 3802 1944; x_wconf 74' lang='lat' dir='ltr'>loquimur</span> 
     </span>
    </p>
   </div>
   <div class='ocr_carea' id='block_1_65' title="bbox 2101 1956 3798 2027">
    <p class='ocr_par' dir='ltr' id='par_1_65' title="bbox 2101 1956 3798 2027">
     <span class='ocr_line' id='line_1_65' title="bbox 2101 1956 3798 2027; baseline 0.007 -19"><span class='ocrx_word' id='word_1_471' title='bbox 2101 1958 2275 2026; x_wconf 87' lang='lat' dir='ltr'>atque</span> <span class='ocrx_word' id='word_1_472' title='bbox 2292 1958 2624 2011; x_wconf 81' lang='lat' dir='ltr'>constanter</span> <span class='ocrx_word' id='word_1_473' title='bbox 2640 1956 3007 2027; x_wconf 86' lang='lat' dir='ltr'>proﬁtemur:</span> <span class='ocrx_word' id='word_1_474' title='bbox 3024 1956 3291 2015; x_wconf 82' lang='lat' dir='ltr'>Romana</span> <span class='ocrx_word' id='word_1_475' title='bbox 3316 1958 3600 2019; x_wconf 78' lang='lat' dir='ltr'>Ecclesia</span> <span class='ocrx_word' id='word_1_476' title='bbox 3632 1962 3798 2020; x_wconf 72' lang='lat' dir='ltr'>adeo</span> 
     </span>
    </p>
   </div>
   <div class='ocr_carea' id='block_1_66' title="bbox 2101 2042 3798 2117">
    <p class='ocr_par' dir='ltr' id='par_1_66' title="bbox 2101 2042 3798 2117">
     <span class='ocr_line' id='line_1_66' title="bbox 2101 2042 3798 2117; baseline 0.007 -19"><span class='ocrx_word' id='word_1_477' title='bbox 2101 2058 2214 2098; x_wconf 92' lang='lat' dir='ltr'>non</span> <span class='ocrx_word' id='word_1_478' title='bbox 2247 2047 2334 2099; x_wconf 85' lang='lat' dir='ltr'>est</span> <span class='ocrx_word' id='word_1_479' title='bbox 2358 2042 2501 2112; x_wconf 89' lang='lat' dir='ltr'>sola,</span> <span class='ocrx_word' id='word_1_480' title='bbox 2531 2042 2618 2099; x_wconf 89' lang='lat' dir='ltr'>vel</span> <span class='ocrx_word' id='word_1_481' title='bbox 2642 2043 2795 2099; x_wconf 88' lang='lat' dir='ltr'>sicut</span> <span class='ocrx_word' id='word_1_482' title='bbox 2823 2046 2885 2101; x_wconf 85' lang='lat' dir='ltr'>tu</span> <span class='ocrx_word' id='word_1_483' title='bbox 2904 2048 3101 2117; x_wconf 86' lang='lat' dir='ltr'>putas,</span> <span class='ocrx_word' id='word_1_484' title='bbox 3124 2063 3264 2113; x_wconf 89' lang='lat' dir='ltr'>una,</span> <span class='ocrx_word' id='word_1_485' title='bbox 3290 2051 3355 2104; x_wconf 73' lang='lat' dir='ltr'>ut</span> <span class='ocrx_word' id='word_1_486' title='bbox 3377 2048 3437 2103; x_wconf 84' lang='lat' dir='ltr'>in</span> <span class='ocrx_word' id='word_1_487' title='bbox 3475 2052 3615 2109; x_wconf 75' lang='lat' dir='ltr'>toto</span> <span class='ocrx_word' id='word_1_488' title='bbox 3633 2051 3798 2110; x_wconf 82' lang='lat' dir='ltr'>orbe</span> 
     </span>
    </p>
   </div>
   <div class='ocr_carea' id='block_1_67' title="bbox 2097 2133 3792 2209">
    <p class='ocr_par' dir='ltr' id='par_1_67' title="bbox 2097 2133 3792 2209">
     <span class='ocr_line' id='line_1_67' title="bbox 2097 2133 3792 2209; baseline 0.006 -24"><span class='ocrx_word' id='word_1_489' title='bbox 2097 2134 2386 2186; x_wconf 89' lang='lat' dir='ltr'>terrarum</span> <span class='ocrx_word' id='word_1_490' title='bbox 2405 2147 2766 2203; x_wconf 80' lang='lat' dir='ltr'>quaecunque</span> <span class='ocrx_word' id='word_1_491' title='bbox 2787 2133 2946 2189; x_wconf 87' lang='lat' dir='ltr'>natio</span> <span class='ocrx_word' id='word_1_492' title='bbox 2975 2133 3255 2191; x_wconf 88' lang='lat' dir='ltr'>dissentit</span> <span class='ocrx_word' id='word_1_493' title='bbox 3277 2137 3537 2208; x_wconf 78' lang='lat' dir='ltr'>superbe</span> <span class='ocrx_word' id='word_1_494' title='bbox 3571 2139 3657 2195; x_wconf 80' lang='lat' dir='ltr'>ab</span> <span class='ocrx_word' id='word_1_495' title='bbox 3690 2156 3792 2209; x_wconf 72' lang='lat' dir='ltr'>ea,</span> 
     </span>
    </p>
   </div>
   <div class='ocr_carea' id='block_1_68' title="bbox 2099 2219 3788 2301">
    <p class='ocr_par' dir='ltr' id='par_1_68' title="bbox 2099 2219 3788 2301">
     <span class='ocr_line' id='line_1_68' title="bbox 2099 2219 3788 2301; baseline 0.006 -27"><span class='ocrx_word' id='word_1_496' title='bbox 2099 2236 2215 2275; x_wconf 93' lang='lat' dir='ltr'>non</span> <span class='ocrx_word' id='word_1_497' title='bbox 2245 2219 2321 2275; x_wconf 92' lang='lat' dir='ltr'>sit</span> <span class='ocrx_word' id='word_1_498' title='bbox 2341 2221 2466 2291; x_wconf 88' lang='lat' dir='ltr'>jam</span> <span class='ocrx_word' id='word_1_499' title='bbox 2496 2220 2742 2277; x_wconf 91' lang='lat' dir='ltr'>dicenda</span> <span class='ocrx_word' id='word_1_500' title='bbox 2771 2221 2857 2277; x_wconf 90' lang='lat' dir='ltr'>vel</span> <span class='ocrx_word' id='word_1_501' title='bbox 2908 2222 3182 2280; x_wconf 89' lang='lat' dir='ltr'>habenda</span> <span class='ocrx_word' id='word_1_502' title='bbox 3223 2224 3487 2285; x_wconf 77' lang='lat' dir='ltr'>Ecclesia</span> <span class='ocrx_word' id='word_1_503' title='bbox 3535 2226 3788 2301; x_wconf 77' lang='lat' dir='ltr'>aliqua,</span> 
     </span>
    </p>
   </div>
   <div class='ocr_carea' id='block_1_69' title="bbox 2100 2308 3791 2383">
    <p class='ocr_par' dir='ltr' id='par_1_69' title="bbox 2100 2308 3791 2383">
     <span class='ocr_line' id='line_1_69' title="bbox 2100 2308 3791 2383; baseline 0.007 -19"><span class='ocrx_word' id='word_1_504' title='bbox 2100 2309 2200 2364; x_wconf 88' lang='lat' dir='ltr'>sed</span> <span class='ocrx_word' id='word_1_505' title='bbox 2223 2309 2459 2365; x_wconf 91' lang='lat' dir='ltr'>omnino</span> <span class='ocrx_word' id='word_1_506' title='bbox 2482 2308 2642 2365; x_wconf 89' lang='lat' dir='ltr'>nulla</span> <span class='ocrx_word' id='word_1_507' title='bbox 2666 2328 2678 2379; x_wconf 92' lang='lat'><strong>;</strong></span> <span class='ocrx_word' id='word_1_508' title='bbox 2704 2310 2844 2382; x_wconf 89' lang='lat' dir='ltr'>quin</span> <span class='ocrx_word' id='word_1_509' title='bbox 2868 2312 3063 2383; x_wconf 85' lang='lat' dir='ltr'>potius</span> <span class='ocrx_word' id='word_1_510' title='bbox 3086 2313 3561 2374; x_wconf 80' lang='lat' dir='ltr'>conciliabulum</span> <span class='ocrx_word' id='word_1_511' title='bbox 3582 2317 3791 2376; x_wconf 66' lang='lat' dir='ltr'>bene-</span> 
     </span>
    </p>
   </div>
   <div class='ocr_carea' id='block_1_70' title="bbox 2097 2398 3789 2473">
    <p class='ocr_par' dir='ltr' id='par_1_70' title="bbox 2097 2398 3789 2473">
     <span class='ocr_line' id='line_1_70' title="bbox 2097 2398 3789 2473; baseline 0.007 -22"><span class='ocrx_word' id='word_1_512' title='bbox 2097 2398 2365 2465; x_wconf 87' lang='lat' dir='ltr'>ticorum,</span> <span class='ocrx_word' id='word_1_513' title='bbox 2417 2403 2518 2453; x_wconf 89' lang='lat' dir='ltr'>aut</span> <span class='ocrx_word' id='word_1_514' title='bbox 2569 2399 3036 2456; x_wconf 85' lang='lat' dir='ltr'>conventiculum</span> <span class='ocrx_word' id='word_1_515' title='bbox 3102 2402 3663 2473; x_wconf 88' lang='lat' dir='ltr'>schismaticorum,</span> <span class='ocrx_word' id='word_1_516' title='bbox 3721 2411 3789 2463; x_wconf 87' lang='lat' dir='ltr'>et</span> 
     </span>
    </p>
   </div>
   <div class='ocr_carea' id='block_1_71' title="bbox 2098 2486 3785 2560">
    <p class='ocr_par' dir='ltr' id='par_1_71' title="bbox 2098 2486 3785 2560">
     <span class='ocr_line' id='line_1_71' title="bbox 2098 2486 3785 2560; baseline 0.007 -19"><span class='ocrx_word' id='word_1_517' title='bbox 2098 2504 2392 2560; x_wconf 84' lang='lat' dir='ltr'>synagoga</span> <span class='ocrx_word' id='word_1_518' title='bbox 2422 2488 2666 2543; x_wconf 80' lang='lat' dir='ltr'>Satanae.</span> <span class='ocrx_word' id='word_1_519' title='bbox 2701 2486 2928 2544; x_wconf 78' lang='lat' dir='ltr'>Videris</span> <span class='ocrx_word' id='word_1_520' title='bbox 2967 2490 3160 2546; x_wconf 81' lang='lat' dir='ltr'>dicere</span> <span class='ocrx_word' id='word_1_521' title='bbox 3203 2490 3351 2549; x_wconf 89' lang='lat' dir='ltr'>illud</span> <span class='ocrx_word' id='word_1_522' title='bbox 3397 2494 3599 2550; x_wconf 89' lang='lat' dir='ltr'>sancti</span> <span class='ocrx_word' id='word_1_523' title='bbox 3629 2495 3785 2555; x_wconf 70' lang='lat' dir='ltr'>Elia:</span> 
     </span>
    </p>
   </div>
   <div class='ocr_carea' id='block_1_72' title="bbox 2096 2577 3785 2654">
    <p class='ocr_par' dir='ltr' id='par_1_72' title="bbox 2096 2577 3785 2654">
     <span class='ocr_line' id='line_1_72' title="bbox 2096 2577 3785 2654; baseline 0.006 -23"><span class='ocrx_word' id='word_1_524' title='bbox 2096 2580 2236 2631; x_wconf 87' lang='lat' dir='ltr'>tunc</span> <span class='ocrx_word' id='word_1_525' title='bbox 2278 2577 2688 2650; x_wconf 72' lang='lat' dir='ltr'>prazsumentis</span> <span class='ocrx_word' id='word_1_526' title='bbox 2732 2578 2802 2633; x_wconf 90' lang='lat' dir='ltr'>de</span> <span class='ocrx_word' id='word_1_527' title='bbox 2851 2594 2955 2634; x_wconf 85' lang='lat' dir='ltr'>se:</span> <span class='ocrx_word' id='word_1_528' title='bbox 3008 2581 3248 2636; x_wconf 79' lang='lat' dir='ltr'>Relictus</span> <span class='ocrx_word' id='word_1_529' title='bbox 3295 2598 3422 2638; x_wconf 81' lang='lat' dir='ltr'>sum</span> <span class='ocrx_word' id='word_1_530' title='bbox 3471 2600 3572 2654; x_wconf 81' lang='lat' dir='ltr'>ego</span> <span class='ocrx_word' id='word_1_531' title='bbox 3618 2586 3785 2641; x_wconf 81' lang='lat' dir='ltr'>solus</span> 
     </span>
    </p>
   </div>
   <div class='ocr_carea' id='block_1_73' title="bbox 2098 2665 3779 2738">
    <p class='ocr_par' dir='ltr' id='par_1_73' title="bbox 2098 2665 3779 2738">
     <span class='ocr_line' id='line_1_73' title="bbox 2098 2665 3779 2738; baseline 0.007 -19"><span class='ocrx_word' id='word_1_532' title='bbox 2098 2665 2198 2734; x_wconf 87' lang='lat' dir='ltr'>(III</span> <span class='ocrx_word' id='word_1_533' title='bbox 2228 2666 2354 2735; x_wconf 85' lang='lat' dir='ltr'>Reg.</span> <span class='ocrx_word' id='word_1_534' title='bbox 2387 2665 2525 2737; x_wconf 73' lang='lat' dir='ltr'><strong>xxx).</strong></span> <span class='ocrx_word' id='word_1_535' title='bbox 2559 2666 2670 2721; x_wconf 87' lang='lat' dir='ltr'>Sed</span> <span class='ocrx_word' id='word_1_536' title='bbox 2702 2666 2839 2722; x_wconf 90' lang='lat' dir='ltr'>audi</span> <span class='ocrx_word' id='word_1_537' title='bbox 2865 2666 3005 2738; x_wconf 90' lang='lat' dir='ltr'>quid</span> <span class='ocrx_word' id='word_1_538' title='bbox 3028 2666 3125 2724; x_wconf 90' lang='lat' dir='ltr'>ille</span> <span class='ocrx_word' id='word_1_539' title='bbox 3153 2669 3385 2727; x_wconf 87' lang='lat' dir='ltr'>audivit</span> <span class='ocrx_word' id='word_1_540' title='bbox 3415 2688 3452 2727; x_wconf 89' lang='lat' dir='ltr'>a</span> <span class='ocrx_word' id='word_1_541' title='bbox 3479 2672 3779 2731; x_wconf 83' lang='lat' dir='ltr'>Domino.</span> 
     </span>
    </p>
   </div>
   <div class='ocr_carea' id='block_1_74' title="bbox 2096 2755 3780 2834">
    <p class='ocr_par' dir='ltr' id='par_1_74' title="bbox 2096 2755 3780 2834">
     <span class='ocr_line' id='line_1_74' title="bbox 2096 2755 3780 2834; baseline 0.004 -24"><span class='ocrx_word' id='word_1_542' title='bbox 2096 2755 2311 2826; x_wconf 82' lang='lat' dir='ltr'>Reliqui</span> <span class='ocrx_word' id='word_1_543' title='bbox 2336 2755 2479 2809; x_wconf 82' lang='lat' dir='ltr'>mihi</span> <span class='ocrx_word' id='word_1_544' title='bbox 2504 2762 2703 2825; x_wconf 77' lang='lat' dir='ltr'>septem</span> <span class='ocrx_word' id='word_1_545' title='bbox 2736 2755 2921 2810; x_wconf 81' lang='lat' dir='ltr'>millia</span> <span class='ocrx_word' id='word_1_546' title='bbox 2965 2758 3215 2812; x_wconf 85' lang='lat' dir='ltr'>virorum</span> <span class='ocrx_word' id='word_1_547' title='bbox 3254 2758 3356 2829; x_wconf 85' lang='lat' dir='ltr'>(III</span> <span class='ocrx_word' id='word_1_548' title='bbox 3402 2760 3534 2831; x_wconf 77' lang='lat' dir='ltr'>Reg.</span> <span class='ocrx_word' id='word_1_549' title='bbox 3572 2764 3780 2834; x_wconf 81' lang='lat' dir='ltr'>mu).</span> 
     </span>
    </p>
   </div>
   <div class='ocr_carea' id='block_1_75' title="bbox 2096 2842 3787 2918">
    <p class='ocr_par' dir='ltr' id='par_1_75' title="bbox 2096 2842 3787 2918">
     <span class='ocr_line' id='line_1_75' title="bbox 2096 2842 3787 2918; baseline 0.007 -22"><span class='ocrx_word' id='word_1_550' title='bbox 2096 2843 2355 2910; x_wconf 89' lang='lat' dir='ltr'>Quiesce,</span> <span class='ocrx_word' id='word_1_551' title='bbox 2390 2842 2621 2913; x_wconf 89' lang='lat' dir='ltr'>quiesce</span> <span class='ocrx_word' id='word_1_552' title='bbox 2644 2843 2793 2912; x_wconf 85' lang='lat' dir='ltr'>jam,</span> <span class='ocrx_word' id='word_1_553' title='bbox 2824 2844 3178 2901; x_wconf 87' lang='lat' dir='ltr'>venerabilis</span> <span class='ocrx_word' id='word_1_554' title='bbox 3210 2845 3411 2918; x_wconf 87' lang='lat' dir='ltr'>frater,</span> <span class='ocrx_word' id='word_1_555' title='bbox 3437 2847 3514 2904; x_wconf 87' lang='lat' dir='ltr'>ab</span> <span class='ocrx_word' id='word_1_556' title='bbox 3538 2848 3645 2906; x_wconf 82' lang='lat' dir='ltr'>his</span> <span class='ocrx_word' id='word_1_557' title='bbox 3664 2866 3787 2906; x_wconf 74' lang='lat' dir='ltr'>sti-</span> 
     </span>
    </p>
   </div>
   <div class='ocr_carea' id='block_1_76' title="bbox 2095 2930 3779 3003">
    <p class='ocr_par' dir='ltr' id='par_1_76' title="bbox 2095 2930 3779 3003">
     <span class='ocr_line' id='line_1_76' title="bbox 2095 2930 3779 3003; baseline 0.007 -19"><span class='ocrx_word' id='word_1_558' title='bbox 2095 2931 2558 3003; x_wconf 76' lang='lat' dir='ltr'>perstitionibus,</span> <span class='ocrx_word' id='word_1_559' title='bbox 2592 2947 2662 2985; x_wconf 91' lang='lat' dir='ltr'>ne</span> <span class='ocrx_word' id='word_1_560' title='bbox 2701 2930 2843 2987; x_wconf 92' lang='lat' dir='ltr'>illud</span> <span class='ocrx_word' id='word_1_561' title='bbox 2894 2930 3227 2990; x_wconf 90' lang='lat' dir='ltr'>Salomonis</span> <span class='ocrx_word' id='word_1_562' title='bbox 3272 2934 3334 2990; x_wconf 92' lang='lat' dir='ltr'>in</span> <span class='ocrx_word' id='word_1_563' title='bbox 3386 2938 3446 2991; x_wconf 87' lang='lat' dir='ltr'>te</span> <span class='ocrx_word' id='word_1_564' title='bbox 3478 2936 3730 2994; x_wconf 81' lang='lat' dir='ltr'>dicatur</span> <span class='ocrx_word' id='word_1_565' title='bbox 3764 2956 3779 2995; x_wconf 90' lang='lat'><strong>:</strong></span> 
     </span>
    </p>
   </div>
   <div class='ocr_carea' id='block_1_77' title="bbox 2094 3019 3779 3100">
    <p class='ocr_par' dir='ltr' id='par_1_77' title="bbox 2094 3019 3779 3100">
     <span class='ocr_line' id='line_1_77' title="bbox 2094 3019 3779 3100; baseline 0.006 -26"><span class='ocrx_word' id='word_1_566' title='bbox 2094 3019 2233 3075; x_wconf 87' lang='lat' dir='ltr'>Sunt</span> <span class='ocrx_word' id='word_1_567' title='bbox 2254 3021 2423 3090; x_wconf 82' lang='lat' dir='ltr'>quise</span> <span class='ocrx_word' id='word_1_568' title='bbox 2443 3020 2631 3074; x_wconf 82' lang='lat' dir='ltr'>divites</span> <span class='ocrx_word' id='word_1_569' title='bbox 2652 3019 2925 3091; x_wconf 70' lang='lat' dir='ltr'>affectant,</span> <span class='ocrx_word' id='word_1_570' title='bbox 2946 3020 3093 3077; x_wconf 84' lang='lat' dir='ltr'>nihil</span> <span class='ocrx_word' id='word_1_571' title='bbox 3107 3023 3373 3081; x_wconf 80' lang='lat' dir='ltr'>habentes</span> <span class='ocrx_word' id='word_1_572' title='bbox 3389 3026 3591 3095; x_wconf 81' lang='lat' dir='ltr'>(Prov.</span> <span class='ocrx_word' id='word_1_573' title='bbox 3608 3029 3779 3100; x_wconf 81' lang='lat' dir='ltr'>xm).</span> 
     </span>
    </p>
   </div>
   <div class='ocr_carea' id='block_1_78' title="bbox 2093 3107 3781 3188">
    <p class='ocr_par' dir='ltr' id='par_1_78' title="bbox 2093 3107 3781 3188">
     <span class='ocr_line' id='line_1_78' title="bbox 2093 3107 3781 3188; baseline 0.006 -26"><span class='ocrx_word' id='word_1_574' title='bbox 2093 3107 2470 3162; x_wconf 87' lang='lat' dir='ltr'>Simillimum</span> <span class='ocrx_word' id='word_1_575' title='bbox 2493 3124 2701 3179; x_wconf 89' lang='lat' dir='ltr'>nempe</span> <span class='ocrx_word' id='word_1_576' title='bbox 2721 3108 2828 3163; x_wconf 92' lang='lat' dir='ltr'>hoc</span> <span class='ocrx_word' id='word_1_577' title='bbox 2847 3109 3245 3166; x_wconf 70' lang='lat' dir='ltr'>estdiaboliczs</span> <span class='ocrx_word' id='word_1_578' title='bbox 3259 3114 3650 3186; x_wconf 69' lang='lat' dir='ltr'>arrogantia,</span> <span class='ocrx_word' id='word_1_579' title='bbox 3665 3117 3781 3188; x_wconf 85' lang='lat' dir='ltr'>qui</span> 
     </span>
    </p>
   </div>
   <div class='ocr_carea' id='block_1_79' title="bbox 2095 3196 3783 3275">
    <p class='ocr_par' dir='ltr' id='par_1_79' title="bbox 2095 3196 3783 3275">
     <span class='ocr_line' id='line_1_79' title="bbox 2095 3196 3783 3275; baseline 0.007 -24"><span class='ocrx_word' id='word_1_580' title='bbox 2095 3212 2273 3268; x_wconf 89' lang='lat' dir='ltr'>regna</span> <span class='ocrx_word' id='word_1_581' title='bbox 2304 3196 2507 3251; x_wconf 90' lang='lat' dir='ltr'>mundi</span> <span class='ocrx_word' id='word_1_582' title='bbox 2528 3213 2561 3251; x_wconf 91' lang='lat' dir='ltr'>a</span> <span class='ocrx_word' id='word_1_583' title='bbox 2591 3196 2887 3253; x_wconf 89' lang='lat' dir='ltr'>conditore</span> <span class='ocrx_word' id='word_1_584' title='bbox 2914 3199 3179 3255; x_wconf 90' lang='lat' dir='ltr'>omnium</span> <span class='ocrx_word' id='word_1_585' title='bbox 3212 3200 3366 3257; x_wconf 89' lang='lat' dir='ltr'>facta</span> <span class='ocrx_word' id='word_1_586' title='bbox 3395 3207 3631 3275; x_wconf 88' lang='lat' dir='ltr'>putans</span> <span class='ocrx_word' id='word_1_587' title='bbox 3658 3222 3783 3262; x_wconf 91' lang='lat' dir='ltr'>sua</span> 
     </span>
    </p>
   </div>
   <div class='ocr_carea' id='block_1_80' title="bbox 2014 3255 3777 3366">
    <p class='ocr_par' dir='ltr' id='par_1_80' title="bbox 2014 3255 3777 3366">
     <span class='ocr_line' id='line_1_80' title="bbox 2014 3255 3777 3366; baseline 0.004 -26"><span class='ocrx_word' id='word_1_588' title='bbox 2014 3255 2056 3322; x_wconf 75' lang='grc' dir='ltr'><strong>Ο</strong></span> <span class='ocrx_word' id='word_1_589' title='bbox 2093 3255 2241 3341; x_wconf 66' lang='lat' dir='ltr'>esse.</span> <span class='ocrx_word' id='word_1_590' title='bbox 2274 3285 2418 3339; x_wconf 86' lang='lat' dir='ltr'>dixit</span> <span class='ocrx_word' id='word_1_591' title='bbox 2446 3283 2567 3339; x_wconf 89' lang='lat' dir='ltr'>illi:</span> <span class='ocrx_word' id='word_1_592' title='bbox 2601 3286 2729 3342; x_wconf 67' lang='lat' dir='ltr'>Haec</span> <span class='ocrx_word' id='word_1_593' title='bbox 2756 3288 2942 3341; x_wconf 86' lang='lat' dir='ltr'>omnia</span> <span class='ocrx_word' id='word_1_594' title='bbox 2968 3287 3073 3344; x_wconf 76' lang='lat' dir='ltr'>tibi</span> <span class='ocrx_word' id='word_1_595' title='bbox 3088 3287 3225 3344; x_wconf 86' lang='lat' dir='ltr'>dabo</span> <span class='ocrx_word' id='word_1_596' title='bbox 3248 3255 3628 3363; x_wconf 56' lang='grc' dir='ltr'>(Μαὶῦιῖὶῖπῖ</span> <span class='ocrx_word' id='word_1_597' title='bbox 3650 3255 3777 3366; x_wconf 52' lang='lat' dir='ltr'>fg}:</span> 
     </span>
    </p>
   </div>
   <div class='ocr_carea' id='block_1_81' title="bbox 2091 3372 3780 3451">
    <p class='ocr_par' dir='ltr' id='par_1_81' title="bbox 2091 3372 3780 3451">
     <span class='ocr_line' id='line_1_81' title="bbox 2091 3372 3780 3451; baseline 0.007 -24"><span class='ocrx_word' id='word_1_598' title='bbox 2091 3378 2189 3428; x_wconf 92' lang='lat' dir='ltr'>tur</span> <span class='ocrx_word' id='word_1_599' title='bbox 2217 3372 2353 3428; x_wconf 92' lang='lat' dir='ltr'>hinc</span> <span class='ocrx_word' id='word_1_600' title='bbox 2383 3373 2510 3444; x_wconf 89' lang='lat' dir='ltr'>jam</span> <span class='ocrx_word' id='word_1_601' title='bbox 2554 3374 2625 3428; x_wconf 91' lang='lat' dir='ltr'>ad</span> <span class='ocrx_word' id='word_1_602' title='bbox 2671 3390 2769 3430; x_wconf 91' lang='lat' dir='ltr'>cor</span> <span class='ocrx_word' id='word_1_603' title='bbox 2820 3375 3092 3432; x_wconf 89' lang='lat' dir='ltr'>redeatur</span> <span class='ocrx_word' id='word_1_604' title='bbox 3134 3381 3192 3432; x_wconf 88' lang='lat' dir='ltr'>et</span> <span class='ocrx_word' id='word_1_605' title='bbox 3240 3382 3363 3434; x_wconf 88' lang='lat' dir='ltr'>tam</span> <span class='ocrx_word' id='word_1_606' title='bbox 3411 3381 3780 3451; x_wconf 81' lang='lat' dir='ltr'>perniciosa</span> 
     </span>
    </p>
   </div>
   <div class='ocr_carea' id='block_1_82' title="bbox 2094 3461 3775 3536">
    <p class='ocr_par' dir='ltr' id='par_1_82' title="bbox 2094 3461 3775 3536">
     <span class='ocr_line' id='line_1_82' title="bbox 2094 3461 3775 3536; baseline 0.007 -19"><span class='ocrx_word' id='word_1_607' title='bbox 2094 3461 2367 3517; x_wconf 88' lang='lat' dir='ltr'>scandala</span> <span class='ocrx_word' id='word_1_608' title='bbox 2405 3462 2475 3516; x_wconf 91' lang='lat' dir='ltr'>de</span> <span class='ocrx_word' id='word_1_609' title='bbox 2528 3462 2719 3518; x_wconf 91' lang='lat' dir='ltr'>medio</span> <span class='ocrx_word' id='word_1_610' title='bbox 2765 3462 3070 3536; x_wconf 90' lang='lat' dir='ltr'>tollantur,</span> <span class='ocrx_word' id='word_1_611' title='bbox 3119 3469 3176 3522; x_wconf 89' lang='lat' dir='ltr'>et</span> <span class='ocrx_word' id='word_1_612' title='bbox 3212 3470 3356 3525; x_wconf 88' lang='lat' dir='ltr'>tunc</span> <span class='ocrx_word' id='word_1_613' title='bbox 3408 3470 3775 3528; x_wconf 83' lang='lat' dir='ltr'>secundum</span> 
     </span>
    </p>
   </div>
   <div class='ocr_carea' id='block_1_83' title="bbox 2091 3549 3781 3630">
    <p class='ocr_par' dir='ltr' id='par_1_83' title="bbox 2091 3549 3781 3630">
     <span class='ocr_line' id='line_1_83' title="bbox 2091 3549 3781 3630; baseline 0.007 -25"><span class='ocrx_word' id='word_1_614' title='bbox 2091 3549 2506 3607; x_wconf 86' lang='lat' dir='ltr'>Psalmistam:</span> <span class='ocrx_word' id='word_1_615' title='bbox 2554 3551 2822 3624; x_wconf 83' lang='lat' dir='ltr'>Loquetur</span> <span class='ocrx_word' id='word_1_616' title='bbox 2870 3553 3135 3611; x_wconf 86' lang='lat' dir='ltr'>Dominus</span> <span class='ocrx_word' id='word_1_617' title='bbox 3180 3572 3375 3627; x_wconf 80' lang='lat' dir='ltr'>pacem</span> <span class='ocrx_word' id='word_1_618' title='bbox 3420 3559 3484 3613; x_wconf 76' lang='lat' dir='ltr'>in</span> <span class='ocrx_word' id='word_1_619' title='bbox 3527 3558 3781 3630; x_wconf 75' lang='lat' dir='ltr'>plebem</span> 
     </span>
    </p>
   </div>
   <div class='ocr_carea' id='block_1_84' title="bbox 2089 3644 3782 3717">
    <p class='ocr_par' dir='ltr' id='par_1_84' title="bbox 2089 3644 3782 3717">
     <span class='ocr_line' id='line_1_84' title="bbox 2089 3644 3782 3717; baseline 0.009 -24"><span class='ocrx_word' id='word_1_620' title='bbox 2089 3657 2264 3707; x_wconf 84' lang='lat' dir='ltr'>suam,</span> <span class='ocrx_word' id='word_1_621' title='bbox 2314 3644 2367 3694; x_wconf 86' lang='lat' dir='ltr'>et</span> <span class='ocrx_word' id='word_1_622' title='bbox 2410 3656 2572 3711; x_wconf 82' lang='lat' dir='ltr'>super</span> <span class='ocrx_word' id='word_1_623' title='bbox 2611 3648 2821 3697; x_wconf 79' lang='lat' dir='ltr'>sanctos</span> <span class='ocrx_word' id='word_1_624' title='bbox 2864 3657 3010 3713; x_wconf 76' lang='lat' dir='ltr'>suos,</span> <span class='ocrx_word' id='word_1_625' title='bbox 3057 3648 3110 3699; x_wconf 87' lang='lat' dir='ltr'>et</span> <span class='ocrx_word' id='word_1_626' title='bbox 3158 3645 3219 3699; x_wconf 77' lang='lat' dir='ltr'>in</span> <span class='ocrx_word' id='word_1_627' title='bbox 3259 3661 3352 3701; x_wconf 76' lang='lat' dir='ltr'>eos</span> <span class='ocrx_word' id='word_1_628' title='bbox 3391 3647 3495 3717; x_wconf 78' lang='lat' dir='ltr'>qui</span> <span class='ocrx_word' id='word_1_629' title='bbox 3521 3662 3782 3709; x_wconf 73' lang='lat' dir='ltr'>conver-</span> 
     </span>
    </p>
   </div>
   <div class='ocr_carea' id='block_1_85' title="bbox 2090 3729 3782 3807">
    <p class='ocr_par' dir='ltr' id='par_1_85' title="bbox 2090 3729 3782 3807">
     <span class='ocr_line' id='line_1_85' title="bbox 2090 3729 3782 3807; baseline 0.007 -23"><span class='ocrx_word' id='word_1_630' title='bbox 2090 3735 2286 3784; x_wconf 70' lang='lat' dir='ltr'>tuntur</span> <span class='ocrx_word' id='word_1_631' title='bbox 2315 3729 2383 3784; x_wconf 86' lang='lat' dir='ltr'>ad</span> <span class='ocrx_word' id='word_1_632' title='bbox 2410 3744 2501 3784; x_wconf 87' lang='lat' dir='ltr'>cor</span> <span class='ocrx_word' id='word_1_633' title='bbox 2529 3729 2700 3801; x_wconf 86' lang='lat' dir='ltr'>(Psal.</span> <span class='ocrx_word' id='word_1_634' title='bbox 2733 3732 2945 3799; x_wconf 81' lang='lat' dir='ltr'><strong>xxxw).</strong></span> <span class='ocrx_word' id='word_1_635' title='bbox 2974 3731 3122 3788; x_wconf 87' lang='lat' dir='ltr'>Nam</span> <span class='ocrx_word' id='word_1_636' title='bbox 3154 3750 3261 3789; x_wconf 92' lang='lat' dir='ltr'>nos</span> <span class='ocrx_word' id='word_1_637' title='bbox 3311 3750 3447 3791; x_wconf 89' lang='lat' dir='ltr'>cum</span> <span class='ocrx_word' id='word_1_638' title='bbox 3478 3736 3782 3807; x_wconf 80' lang='lat' dir='ltr'>pertina-</span> 
     </span>
    </p>
   </div>
   <div class='ocr_carea' id='block_1_86' title="bbox 2091 3818 3779 3897">
    <p class='ocr_par' dir='ltr' id='par_1_86' title="bbox 2091 3818 3779 3897">
     <span class='ocr_line' id='line_1_86' title="bbox 2091 3818 3779 3897; baseline 0.008 -26"><span class='ocrx_word' id='word_1_639' title='bbox 2091 3836 2116 3871; x_wconf 89' lang='lat' dir='ltr'>c</span> <span class='ocrx_word' id='word_1_640' title='bbox 2127 3819 2136 3869; x_wconf 77' lang='grc' dir='ltr'>Ξ</span> <span class='ocrx_word' id='word_1_641' title='bbox 2147 3818 2179 3871; x_wconf 86' lang='lat' dir='ltr'>b</span> <span class='ocrx_word' id='word_1_642' title='bbox 2190 3836 2218 3870; x_wconf 83' lang='grc' dir='ltr'>ιι</span> <span class='ocrx_word' id='word_1_643' title='bbox 2229 3835 2255 3871; x_wconf 91' lang='lat' dir='ltr'>s</span> <span class='ocrx_word' id='word_1_644' title='bbox 2276 3822 2333 3872; x_wconf 88' lang='lat' dir='ltr'>et</span> <span class='ocrx_word' id='word_1_645' title='bbox 2353 3818 2411 3871; x_wconf 94' lang='lat' dir='ltr'>in</span> <span class='ocrx_word' id='word_1_646' title='bbox 2425 3834 2616 3873; x_wconf 89' lang='lat' dir='ltr'>errore</span> <span class='ocrx_word' id='word_1_647' title='bbox 2629 3834 2734 3873; x_wconf 89' lang='lat' dir='ltr'>suo</span> <span class='ocrx_word' id='word_1_648' title='bbox 2748 3821 3233 3890; x_wconf 79' lang='lat' dir='ltr'>permanantibus</span> <span class='ocrx_word' id='word_1_649' title='bbox 3250 3838 3456 3894; x_wconf 85' lang='lat' dir='ltr'>pacem</span> <span class='ocrx_word' id='word_1_650' title='bbox 3472 3823 3779 3897; x_wconf 79' lang='lat' dir='ltr'>aliquam</span> 
     </span>
    </p>
   </div>
   <div class='ocr_carea' id='block_1_87' title="bbox 2091 3906 3780 3984">
    <p class='ocr_par' dir='ltr' id='par_1_87' title="bbox 2091 3906 3780 3984">
     <span class='ocr_line' id='line_1_87' title="bbox 2091 3906 3780 3984; baseline 0.009 -25"><span class='ocrx_word' id='word_1_651' title='bbox 2091 3906 2304 3961; x_wconf 83' lang='lat' dir='ltr'>habere</span> <span class='ocrx_word' id='word_1_652' title='bbox 2326 3922 2440 3962; x_wconf 92' lang='lat' dir='ltr'>non</span> <span class='ocrx_word' id='word_1_653' title='bbox 2457 3922 2793 3979; x_wconf 82' lang='lat' dir='ltr'>possumus,</span> <span class='ocrx_word' id='word_1_654' title='bbox 2820 3922 2892 3963; x_wconf 91' lang='lat' dir='ltr'>ne</span> <span class='ocrx_word' id='word_1_655' title='bbox 2908 3908 3187 3980; x_wconf 84' lang='lat' dir='ltr'>operibus</span> <span class='ocrx_word' id='word_1_656' title='bbox 3208 3910 3451 3984; x_wconf 86' lang='lat' dir='ltr'>maligni</span> <span class='ocrx_word' id='word_1_657' title='bbox 3472 3928 3780 3973; x_wconf 80' lang='lat' dir='ltr'>commu-</span> 
     </span>
    </p>
   </div>
   <div class='ocr_carea' id='block_1_88' title="bbox 2092 3994 3783 4067">
    <p class='ocr_par' dir='ltr' id='par_1_88' title="bbox 2092 3994 3783 4067">
     <span class='ocr_line' id='line_1_88' title="bbox 2092 3994 3783 4067; baseline 0.009 -19"><span class='ocrx_word' id='word_1_658' title='bbox 2092 3994 2388 4062; x_wconf 90' lang='lat' dir='ltr'>nicemus;</span> <span class='ocrx_word' id='word_1_659' title='bbox 2420 3994 2559 4067; x_wconf 88' lang='lat' dir='ltr'>quia</span> <span class='ocrx_word' id='word_1_660' title='bbox 2574 4011 2680 4050; x_wconf 92' lang='lat' dir='ltr'>nec</span> <span class='ocrx_word' id='word_1_661' title='bbox 2700 3994 3016 4052; x_wconf 89' lang='lat' dir='ltr'>Dominum</span> <span class='ocrx_word' id='word_1_662' title='bbox 3038 3997 3339 4055; x_wconf 90' lang='lat' dir='ltr'>Christum</span> <span class='ocrx_word' id='word_1_663' title='bbox 3362 3999 3589 4057; x_wconf 89' lang='lat' dir='ltr'>alicubi</span> <span class='ocrx_word' id='word_1_664' title='bbox 3614 4004 3783 4062; x_wconf 83' lang='lat' dir='ltr'>talia</span> 
     </span>
    </p>
   </div>
   <div class='ocr_carea' id='block_1_89' title="bbox 2093 4083 3786 4161">
    <p class='ocr_par' dir='ltr' id='par_1_89' title="bbox 2093 4083 3786 4161">
     <span class='ocr_line' id='line_1_89' title="bbox 2093 4083 3786 4161; baseline 0.007 -23"><span class='ocrx_word' id='word_1_665' title='bbox 2093 4083 2666 4141; x_wconf 84' lang='lat' dir='ltr'>fecisseinvenimus:</span> <span class='ocrx_word' id='word_1_666' title='bbox 2692 4101 2828 4141; x_wconf 89' lang='lat' dir='ltr'>cum</span> <span class='ocrx_word' id='word_1_667' title='bbox 2845 4086 3021 4143; x_wconf 86' lang='lat' dir='ltr'>etiam</span> <span class='ocrx_word' id='word_1_668' title='bbox 3034 4086 3094 4143; x_wconf 89' lang='lat' dir='ltr'>in</span> <span class='ocrx_word' id='word_1_669' title='bbox 3110 4088 3416 4146; x_wconf 85' lang='lat' dir='ltr'>nativitate</span> <span class='ocrx_word' id='word_1_670' title='bbox 3437 4089 3646 4161; x_wconf 83' lang='lat' dir='ltr'>ipsius</span> <span class='ocrx_word' id='word_1_671' title='bbox 3666 4108 3786 4155; x_wconf 70' lang='lat' dir='ltr'>an-</span> 
     </span>
    </p>
   </div>
   <div class='ocr_carea' id='block_1_90' title="bbox 2089 4172 3783 4247">
    <p class='ocr_par' dir='ltr' id='par_1_90' title="bbox 2089 4172 3783 4247">
     <span class='ocr_line' id='line_1_90' title="bbox 2089 4172 3783 4247; baseline 0.006 -18"><span class='ocrx_word' id='word_1_672' title='bbox 2089 4172 2202 4247; x_wconf 84' lang='lat' dir='ltr'>geli</span> <span class='ocrx_word' id='word_1_673' title='bbox 2220 4189 2421 4244; x_wconf 88' lang='lat' dir='ltr'>pacem</span> <span class='ocrx_word' id='word_1_674' title='bbox 2444 4173 2937 4230; x_wconf 88' lang='lat' dir='ltr'>annuntiaverunt</span> <span class='ocrx_word' id='word_1_675' title='bbox 2955 4174 3147 4233; x_wconf 87' lang='lat' dir='ltr'>solum</span> <span class='ocrx_word' id='word_1_676' title='bbox 3156 4178 3328 4235; x_wconf 87' lang='lat' dir='ltr'>modo</span> <span class='ocrx_word' id='word_1_677' title='bbox 3350 4178 3522 4235; x_wconf 57' lang='lat' dir='ltr'>bonae</span> <span class='ocrx_word' id='word_1_678' title='bbox 3538 4180 3783 4239; x_wconf 87' lang='lat' dir='ltr'>volun-</span> 
     </span>
    </p>
   </div>
   <div class='ocr_carea' id='block_1_91' title="bbox 2088 4260 3783 4329">
    <p class='ocr_par' dir='ltr' id='par_1_91' title="bbox 2088 4260 3783 4329">
     <span class='ocr_line' id='line_1_91' title="bbox 2088 4260 3783 4329; baseline 0.009 -14"><span class='ocrx_word' id='word_1_679' title='bbox 2088 4261 2225 4316; x_wconf 88' lang='lat' dir='ltr'>tatis</span> <span class='ocrx_word' id='word_1_680' title='bbox 2256 4260 2613 4317; x_wconf 90' lang='lat' dir='ltr'>hominibus.</span> <span class='ocrx_word' id='word_1_681' title='bbox 2650 4262 2757 4326; x_wconf 90' lang='lat' dir='ltr'>Qui</span> <span class='ocrx_word' id='word_1_682' title='bbox 2780 4262 2958 4319; x_wconf 89' lang='lat' dir='ltr'>etiam</span> <span class='ocrx_word' id='word_1_683' title='bbox 2980 4263 3218 4321; x_wconf 89' lang='lat' dir='ltr'>oculum</span> <span class='ocrx_word' id='word_1_684' title='bbox 3240 4266 3783 4329; x_wconf 75' lang='lat' dir='ltr'>scandalizaan</span> 
     </span>
    </p>
   </div>
   <div class='ocr_carea' id='block_1_92' title="bbox 2089 4349 3786 4422">
    <p class='ocr_par' dir='ltr' id='par_1_92' title="bbox 2089 4349 3786 4422">
     <span class='ocr_line' id='line_1_92' title="bbox 2089 4349 3786 4422; baseline 0.005 -17"><span class='ocrx_word' id='word_1_685' title='bbox 2089 4350 2436 4420; x_wconf 90' lang='lat' dir='ltr'>eruendum,</span> <span class='ocrx_word' id='word_1_686' title='bbox 2449 4366 2687 4406; x_wconf 91' lang='lat' dir='ltr'>manum</span> <span class='ocrx_word' id='word_1_687' title='bbox 2702 4349 2789 4407; x_wconf 92' lang='lat' dir='ltr'>vel</span> <span class='ocrx_word' id='word_1_688' title='bbox 2801 4351 3012 4422; x_wconf 87' lang='lat' dir='ltr'>pedem</span> <span class='ocrx_word' id='word_1_689' title='bbox 3024 4352 3499 4415; x_wconf 78' lang='lat' dir='ltr'>scandalizantes</span> <span class='ocrx_word' id='word_1_690' title='bbox 3516 4358 3786 4418; x_wconf 78' lang='lat' dir='ltr'>abscin-</span> 
     </span>
    </p>
   </div>
   <div class='ocr_carea' id='block_1_93' title="bbox 2090 4438 2622 4496">
    <p class='ocr_par' dir='ltr' id='par_1_93' title="bbox 2090 4438 2622 4496">
     <span class='ocr_line' id='line_1_93' title="bbox 2090 4438 2622 4496; baseline 0 -2"><span class='ocrx_word' id='word_1_691' title='bbox 2090 4439 2312 4495; x_wconf 91' lang='lat' dir='ltr'>dendos</span> <span class='ocrx_word' id='word_1_692' title='bbox 2341 4438 2622 4496; x_wconf 88' lang='lat' dir='ltr'>insinuat.</span> 
     </span>
    </p>
   </div>
   <div class='ocr_carea' id='block_1_94' title="bbox 2161 4527 3781 4608">
    <p class='ocr_par' dir='ltr' id='par_1_94' title="bbox 2161 4527 3781 4608">
     <span class='ocr_line' id='line_1_94' title="bbox 2161 4527 3781 4608; baseline 0.009 -26"><span class='ocrx_word' id='word_1_693' title='bbox 2161 4527 2399 4584; x_wconf 88' lang='lat' dir='ltr'>Cessent</span> <span class='ocrx_word' id='word_1_694' title='bbox 2416 4544 2552 4601; x_wconf 87' lang='lat' dir='ltr'>ergo</span> <span class='ocrx_word' id='word_1_695' title='bbox 2574 4528 2822 4586; x_wconf 74' lang='lat' dir='ltr'>haereses</span> <span class='ocrx_word' id='word_1_696' title='bbox 2842 4537 2900 4585; x_wconf 88' lang='lat' dir='ltr'>et</span> <span class='ocrx_word' id='word_1_697' title='bbox 2919 4530 3259 4601; x_wconf 86' lang='lat' dir='ltr'>schismata,</span> <span class='ocrx_word' id='word_1_698' title='bbox 3279 4537 3339 4590; x_wconf 90' lang='lat' dir='ltr'>et</span> <span class='ocrx_word' id='word_1_699' title='bbox 3359 4533 3781 4608; x_wconf 77' lang='lat' dir='ltr'>diligentibus</span> 
     </span>
    </p>
   </div>
   <div class='ocr_carea' id='block_1_95' title="bbox 344 4615 3778 4694">
    <p class='ocr_par' dir='ltr' id='par_1_95' title="bbox 344 4615 3778 4694">
     <span class='ocr_line' id='line_1_95' title="bbox 344 4615 3778 4694; baseline 0.002 -16"><span class='ocrx_word' id='word_1_700' title='bbox 344 4622 519 4693; x_wconf 82' lang='lat' dir='ltr'>(Joan.</span> <span class='ocrx_word' id='word_1_701' title='bbox 552 4620 700 4693; x_wconf 84' lang='grc' dir='ltr'>νιιι.)</span> <span class='ocrx_word' id='word_1_702' title='bbox 730 4619 846 4675; x_wconf 88' lang='lat' dir='ltr'>Nec</span> <span class='ocrx_word' id='word_1_703' title='bbox 872 4621 1026 4674; x_wconf 90' lang='lat' dir='ltr'>esset</span> <span class='ocrx_word' id='word_1_704' title='bbox 1053 4633 1199 4689; x_wconf 88' lang='lat' dir='ltr'>opus</span> <span class='ocrx_word' id='word_1_705' title='bbox 1222 4616 1397 4673; x_wconf 89' lang='lat' dir='ltr'>falsos</span> <span class='ocrx_word' id='word_1_706' title='bbox 1435 4622 1610 4671; x_wconf 76' lang='lat' dir='ltr'>testes</span> <span class='ocrx_word' id='word_1_707' title='bbox 1651 4620 1720 4672; x_wconf 86' lang='lat' dir='ltr'>ad</span> <span class='ocrx_word' id='word_1_708' title='bbox 1748 4620 1987 4690; x_wconf 87' lang='lat' dir='ltr'>perden-</span> <span class='ocrx_word' id='word_1_709' title='bbox 2018 4619 2065 4684; x_wconf 91' lang='lat' dir='ltr'>D</span> <span class='ocrx_word' id='word_1_710' title='bbox 2095 4616 2282 4689; x_wconf 82' lang='lat' dir='ltr'>legem</span> <span class='ocrx_word' id='word_1_711' title='bbox 2313 4615 2415 4673; x_wconf 77' lang='lat' dir='ltr'>Dei</span> <span class='ocrx_word' id='word_1_712' title='bbox 2437 4617 2564 4687; x_wconf 68' lang='lat' dir='ltr'>iam</span> <span class='ocrx_word' id='word_1_713' title='bbox 2594 4633 2711 4672; x_wconf 75' lang='grc' dir='ltr'>ηοῐι</span> <span class='ocrx_word' id='word_1_714' title='bbox 2734 4618 2844 4674; x_wconf 70' lang='lat' dir='ltr'>erit</span> <span class='ocrx_word' id='word_1_715' title='bbox 2860 4619 3229 4688; x_wconf 69' lang='lat' dir='ltr'>scandalum.</span> <span class='ocrx_word' id='word_1_716' title='bbox 3254 4622 3357 4683; x_wconf 71' lang='lat' dir='ltr'>sed</span> <span class='ocrx_word' id='word_1_717' title='bbox 3392 4639 3509 4694; x_wconf 75' lang='lat' dir='ltr'>pax</span> <span class='ocrx_word' id='word_1_718' title='bbox 3534 4625 3778 4687; x_wconf 74' lang='lat' dir='ltr'>multa.</span> 
     </span>
    </p>
   </div>
   <div class='ocr_carea' id='block_1_96' title="bbox 343 4704 1982 4780">
    <p class='ocr_par' dir='ltr' id='par_1_96' title="bbox 343 4704 1982 4780">
     <span class='ocr_line' id='line_1_96' title="bbox 343 4704 1982 4780; baseline 0 -15"><span class='ocrx_word' id='word_1_719' title='bbox 343 4711 485 4767; x_wconf 88' lang='lat' dir='ltr'>dum</span> <span class='ocrx_word' id='word_1_720' title='bbox 515 4725 650 4766; x_wconf 91' lang='lat' dir='ltr'>eum</span> <span class='ocrx_word' id='word_1_721' title='bbox 681 4724 960 4780; x_wconf 61' lang='lat' dir='ltr'>quaerere,</span> <span class='ocrx_word' id='word_1_722' title='bbox 993 4723 1127 4762; x_wconf 89' lang='lat' dir='ltr'>cum</span> <span class='ocrx_word' id='word_1_723' title='bbox 1160 4706 1267 4761; x_wconf 87' lang='lat' dir='ltr'>hoc</span> <span class='ocrx_word' id='word_1_724' title='bbox 1297 4704 1419 4761; x_wconf 90' lang='lat' dir='ltr'>solo</span> <span class='ocrx_word' id='word_1_725' title='bbox 1450 4706 1785 4778; x_wconf 83' lang='lat' dir='ltr'>perderetur</span> <span class='ocrx_word' id='word_1_726' title='bbox 1802 4709 1982 4779; x_wconf 86' lang='lat' dir='ltr'>juste.</span> 
     </span>
    </p>
   </div>
   <div class='ocr_carea' id='block_1_97' title="bbox 344 4793 1986 4871">
    <p class='ocr_par' dir='ltr' id='par_1_97' title="bbox 344 4793 1986 4871">
     <span class='ocr_line' id='line_1_97' title="bbox 344 4793 1986 4871; baseline 0.001 -16"><span class='ocrx_word' id='word_1_727' title='bbox 344 4799 453 4855; x_wconf 89' lang='lat' dir='ltr'>Sed</span> <span class='ocrx_word' id='word_1_728' title='bbox 481 4798 580 4871; x_wconf 84' lang='lat' dir='ltr'>qui</span> <span class='ocrx_word' id='word_1_729' title='bbox 612 4801 915 4869; x_wconf 86' lang='lat' dir='ltr'>peccatum</span> <span class='ocrx_word' id='word_1_730' title='bbox 950 4812 1061 4850; x_wconf 93' lang='lat' dir='ltr'>non</span> <span class='ocrx_word' id='word_1_731' title='bbox 1097 4794 1251 4863; x_wconf 83' lang='lat' dir='ltr'>fecit,</span> <span class='ocrx_word' id='word_1_732' title='bbox 1281 4810 1384 4848; x_wconf 86' lang='lat' dir='ltr'>nec</span> <span class='ocrx_word' id='word_1_733' title='bbox 1417 4793 1687 4850; x_wconf 91' lang='lat' dir='ltr'>inventus</span> <span class='ocrx_word' id='word_1_734' title='bbox 1708 4800 1796 4852; x_wconf 89' lang='lat' dir='ltr'>est</span> <span class='ocrx_word' id='word_1_735' title='bbox 1816 4796 1986 4856; x_wconf 87' lang='lat' dir='ltr'>dolus</span> 
     </span>
    </p>
   </div>
   <div class='ocr_carea' id='block_1_98' title="bbox 342 4880 1986 4957">
    <p class='ocr_par' dir='ltr' id='par_1_98' title="bbox 342 4880 1986 4957">
     <span class='ocr_line' id='line_1_98' title="bbox 342 4880 1986 4957; baseline 0.002 -16"><span class='ocrx_word' id='word_1_736' title='bbox 342 4880 409 4942; x_wconf 84' lang='lat' dir='ltr'>in</span> <span class='ocrx_word' id='word_1_737' title='bbox 433 4902 532 4941; x_wconf 88' lang='lat' dir='ltr'>ore</span> <span class='ocrx_word' id='word_1_738' title='bbox 561 4885 691 4956; x_wconf 86' lang='lat' dir='ltr'>ejus</span> <span class='ocrx_word' id='word_1_739' title='bbox 721 4884 790 4954; x_wconf 89' lang='lat' dir='ltr'>(ll</span> <span class='ocrx_word' id='word_1_740' title='bbox 816 4886 961 4939; x_wconf 89' lang='lat' dir='ltr'>Petr.</span> <span class='ocrx_word' id='word_1_741' title='bbox 1013 4883 1096 4956; x_wconf 85' lang='lat' dir='ltr'><strong>II),</strong></span> <span class='ocrx_word' id='word_1_742' title='bbox 1144 4883 1297 4954; x_wconf 93' lang='lat' dir='ltr'>quod</span> <span class='ocrx_word' id='word_1_743' title='bbox 1348 4898 1632 4955; x_wconf 89' lang='lat' dir='ltr'>passurus</span> <span class='ocrx_word' id='word_1_744' title='bbox 1680 4884 1986 4957; x_wconf 88' lang='lat' dir='ltr'>discipulis</span> 
     </span>
    </p>
   </div>
   <div class='ocr_carea' id='block_1_99' title="bbox 344 4970 1984 5047">
    <p class='ocr_par' dir='ltr' id='par_1_99' title="bbox 344 4970 1984 5047">
     <span class='ocr_line' id='line_1_99' title="bbox 344 4970 1984 5047; baseline 0.002 -19"><span class='ocrx_word' id='word_1_745' title='bbox 344 4970 663 5037; x_wconf 89' lang='lat' dir='ltr'>mandavit,</span> <span class='ocrx_word' id='word_1_746' title='bbox 697 4971 992 5027; x_wconf 85' lang='lat' dir='ltr'>evidenter</span> <span class='ocrx_word' id='word_1_747' title='bbox 1023 4988 1126 5045; x_wconf 87' lang='lat' dir='ltr'>per</span> <span class='ocrx_word' id='word_1_748' title='bbox 1154 4970 1513 5043; x_wconf 83' lang='lat' dir='ltr'>Apostolum,</span> <span class='ocrx_word' id='word_1_749' title='bbox 1547 4972 1606 5028; x_wconf 89' lang='lat' dir='ltr'>in</span> <span class='ocrx_word' id='word_1_750' title='bbox 1635 4989 1750 5044; x_wconf 90' lang='lat' dir='ltr'>quo</span> <span class='ocrx_word' id='word_1_751' title='bbox 1781 4973 1984 5047; x_wconf 66' lang='lat' dir='ltr'>loque«</span> 
     </span>
    </p>
   </div>
   <div class='ocr_carea' id='block_1_100' title="bbox 342 5059 1986 5132">
    <p class='ocr_par' dir='ltr' id='par_1_100' title="bbox 342 5059 1986 5132">
     <span class='ocr_line' id='line_1_100' title="bbox 342 5059 1986 5132; baseline 0.002 -15"><span class='ocrx_word' id='word_1_752' title='bbox 342 5061 537 5127; x_wconf 87' lang='lat' dir='ltr'>batur,</span> <span class='ocrx_word' id='word_1_753' title='bbox 589 5075 1075 5125; x_wconf 87' lang='lat' dir='ltr'>commemorans,</span> <span class='ocrx_word' id='word_1_754' title='bbox 1125 5059 1351 5131; x_wconf 86' lang='lat' dir='ltr'>inquit:</span> <span class='ocrx_word' id='word_1_755' title='bbox 1405 5061 1718 5132; x_wconf 72' lang='lat' dir='ltr'>Epulenzur,</span> <span class='ocrx_word' id='word_1_756' title='bbox 1768 5079 1879 5118; x_wconf 81' lang='lat' dir='ltr'>non</span> <span class='ocrx_word' id='word_1_757' title='bbox 1926 5066 1986 5120; x_wconf 85' lang='lat' dir='ltr'>in</span> 
     </span>
    </p>
   </div>
   <div class='ocr_carea' id='block_1_101' title="bbox 338 5150 1971 5222">
    <p class='ocr_par' dir='ltr' id='par_1_101' title="bbox 338 5150 1971 5222">
     <span class='ocr_line' id='line_1_101' title="bbox 338 5150 1971 5222; baseline 0.002 -17"><span class='ocrx_word' id='word_1_758' title='bbox 338 5150 608 5221; x_wconf 83' lang='lat' dir='ltr'>fermento</span> <span class='ocrx_word' id='word_1_759' title='bbox 623 5150 813 5214; x_wconf 82' lang='lat' dir='ltr'>veteri,</span> <span class='ocrx_word' id='word_1_760' title='bbox 832 5165 1005 5219; x_wconf 87' lang='lat' dir='ltr'>neque</span> <span class='ocrx_word' id='word_1_761' title='bbox 1022 5151 1080 5203; x_wconf 87' lang='lat' dir='ltr'>in</span> <span class='ocrx_word' id='word_1_762' title='bbox 1100 5152 1360 5220; x_wconf 78' lang='lat' dir='ltr'>fermento</span> <span class='ocrx_word' id='word_1_763' title='bbox 1383 5150 1609 5203; x_wconf 71' lang='lat' dir='ltr'>malitia:</span> <span class='ocrx_word' id='word_1_764' title='bbox 1628 5158 1677 5203; x_wconf 88' lang='lat' dir='ltr'>et</span> <span class='ocrx_word' id='word_1_765' title='bbox 1692 5153 1971 5222; x_wconf 52' lang='lat' dir='ltr'>nequitia,</span> 
     </span>
    </p>
   </div>
   <div class='ocr_carea' id='block_1_102' title="bbox 340 5236 1972 5312">
    <p class='ocr_par' dir='ltr' id='par_1_102' title="bbox 340 5236 1972 5312">
     <span class='ocr_line' id='line_1_102' title="bbox 340 5236 1972 5312; baseline 0.001 -17"><span class='ocrx_word' id='word_1_766' title='bbox 340 5240 429 5295; x_wconf 87' lang='lat' dir='ltr'>sed</span> <span class='ocrx_word' id='word_1_767' title='bbox 457 5241 515 5295; x_wconf 86' lang='lat' dir='ltr'>in</span> <span class='ocrx_word' id='word_1_768' title='bbox 547 5238 756 5310; x_wconf 61' lang='lat' dir='ltr'>azymis</span> <span class='ocrx_word' id='word_1_769' title='bbox 784 5239 1115 5295; x_wconf 82' lang='lat' dir='ltr'>sinceritatis</span> <span class='ocrx_word' id='word_1_770' title='bbox 1160 5245 1211 5293; x_wconf 87' lang='lat' dir='ltr'>et</span> <span class='ocrx_word' id='word_1_771' title='bbox 1258 5238 1498 5292; x_wconf 85' lang='lat' dir='ltr'>veritatis</span> <span class='ocrx_word' id='word_1_772' title='bbox 1549 5238 1623 5304; x_wconf 90' lang='lat' dir='ltr'>(II</span> <span class='ocrx_word' id='word_1_773' title='bbox 1668 5236 1788 5293; x_wconf 86' lang='lat' dir='ltr'>Cor.</span> <span class='ocrx_word' id='word_1_774' title='bbox 1828 5241 1972 5312; x_wconf 79' lang='lat' dir='ltr'>xm).</span> 
     </span>
    </p>
   </div>
   <div class='ocr_carea' id='block_1_103' title="bbox 339 5326 1977 5399">
    <p class='ocr_par' dir='ltr' id='par_1_103' title="bbox 339 5326 1977 5399">
     <span class='ocr_line' id='line_1_103' title="bbox 339 5326 1977 5399; baseline -0.001 -15"><span class='ocrx_word' id='word_1_775' title='bbox 339 5328 580 5399; x_wconf 86' lang='lat' dir='ltr'>Denique</span> <span class='ocrx_word' id='word_1_776' title='bbox 607 5326 879 5393; x_wconf 85' lang='lat' dir='ltr'>modicum</span> <span class='ocrx_word' id='word_1_777' title='bbox 908 5328 1239 5398; x_wconf 80' lang='lat' dir='ltr'>fermentum</span> <span class='ocrx_word' id='word_1_778' title='bbox 1265 5332 1432 5379; x_wconf 89' lang='lat' dir='ltr'>totam</span> <span class='ocrx_word' id='word_1_779' title='bbox 1459 5340 1701 5379; x_wconf 83' lang='lat' dir='ltr'>massam</span> <span class='ocrx_word' id='word_1_780' title='bbox 1734 5341 1977 5383; x_wconf 84' lang='lat' dir='ltr'>corrum-</span> 
     </span>
    </p>
   </div>
   <div class='ocr_carea' id='block_1_104' title="bbox 332 5410 1973 5489">
    <p class='ocr_par' dir='ltr' id='par_1_104' title="bbox 332 5410 1973 5489">
     <span class='ocr_line' id='line_1_104' title="bbox 332 5410 1973 5489; baseline 0 -17"><span class='ocrx_word' id='word_1_781' title='bbox 332 5418 419 5489; x_wconf 87' lang='lat' dir='ltr'>pit</span> <span class='ocrx_word' id='word_1_782' title='bbox 447 5418 494 5488; x_wconf 90' lang='lat' dir='ltr'>(I</span> <span class='ocrx_word' id='word_1_783' title='bbox 515 5416 635 5472; x_wconf 84' lang='lat' dir='ltr'>Cor.</span> <span class='ocrx_word' id='word_1_784' title='bbox 656 5418 733 5484; x_wconf 90' lang='lat' dir='ltr'><strong>v).</strong></span> <span class='ocrx_word' id='word_1_785' title='bbox 760 5414 1101 5486; x_wconf 89' lang='lat' dir='ltr'>Ubicunque</span> <span class='ocrx_word' id='word_1_786' title='bbox 1123 5416 1316 5469; x_wconf 90' lang='lat' dir='ltr'>autem</span> <span class='ocrx_word' id='word_1_787' title='bbox 1339 5410 1648 5483; x_wconf 88' lang='lat' dir='ltr'>corruptio,</span> <span class='ocrx_word' id='word_1_788' title='bbox 1674 5412 1752 5469; x_wconf 94' lang='lat' dir='ltr'>ibi</span> <span class='ocrx_word' id='word_1_789' title='bbox 1773 5416 1973 5487; x_wconf 91' lang='lat' dir='ltr'>procul</span> 
     </span>
    </p>
   </div>
   <div class='ocr_carea' id='block_1_105' title="bbox 339 5498 1973 5575">
    <p class='ocr_par' dir='ltr' id='par_1_105' title="bbox 339 5498 1973 5575">
     <span class='ocr_line' id='line_1_105' title="bbox 339 5498 1973 5575; baseline 0.001 -16"><span class='ocrx_word' id='word_1_790' title='bbox 339 5503 517 5559; x_wconf 90' lang='lat' dir='ltr'>dubio</span> <span class='ocrx_word' id='word_1_791' title='bbox 538 5508 758 5561; x_wconf 60' lang='lat' dir='ltr'>natura</span> <span class='ocrx_word' id='word_1_792' title='bbox 780 5501 1148 5560; x_wconf 87' lang='lat' dir='ltr'>deterioratio</span> <span class='ocrx_word' id='word_1_793' title='bbox 1169 5505 1226 5555; x_wconf 91' lang='lat' dir='ltr'>et</span> <span class='ocrx_word' id='word_1_794' title='bbox 1245 5498 1494 5571; x_wconf 75' lang='lat' dir='ltr'>alicujus</span> <span class='ocrx_word' id='word_1_795' title='bbox 1512 5499 1636 5556; x_wconf 88' lang='lat' dir='ltr'>vitii</span> <span class='ocrx_word' id='word_1_796' title='bbox 1656 5504 1973 5575; x_wconf 89' lang='lat' dir='ltr'>susceptio.</span> 
     </span>
    </p>
   </div>
   <div class='ocr_carea' id='block_1_106' title="bbox 413 5587 1977 5665">
    <p class='ocr_par' dir='ltr' id='par_1_106' title="bbox 413 5587 1977 5665">
     <span class='ocr_line' id='line_1_106' title="bbox 413 5587 1977 5665; baseline 0.003 -21"><span class='ocrx_word' id='word_1_797' title='bbox 413 5589 588 5645; x_wconf 89' lang='lat' dir='ltr'>Porro</span> <span class='ocrx_word' id='word_1_798' title='bbox 609 5594 876 5648; x_wconf 87' lang='lat' dir='ltr'>nostrum</span> <span class='ocrx_word' id='word_1_799' title='bbox 917 5588 1141 5647; x_wconf 85' lang='lat' dir='ltr'>Pascha</span> <span class='ocrx_word' id='word_1_800' title='bbox 1174 5587 1302 5644; x_wconf 86' lang='lat' dir='ltr'>ideo</span> <span class='ocrx_word' id='word_1_801' title='bbox 1334 5605 1546 5645; x_wconf 90' lang='lat' dir='ltr'>novum</span> <span class='ocrx_word' id='word_1_802' title='bbox 1576 5588 1810 5660; x_wconf 90' lang='lat' dir='ltr'>dicitur,</span> <span class='ocrx_word' id='word_1_803' title='bbox 1839 5591 1977 5665; x_wconf 81' lang='lat' dir='ltr'>quia</span> 
     </span>
    </p>
   </div>
   <div class='ocr_carea' id='block_1_107' title="bbox 342 5674 1978 5756">
    <p class='ocr_par' dir='ltr' id='par_1_107' title="bbox 342 5674 1978 5756">
     <span class='ocr_line' id='line_1_107' title="bbox 342 5674 1978 5756; baseline 0.004 -21"><span class='ocrx_word' id='word_1_804' title='bbox 342 5674 495 5737; x_wconf 77' lang='lat' dir='ltr'>illud</span> <span class='ocrx_word' id='word_1_805' title='bbox 516 5681 711 5743; x_wconf 80' lang='lat' dir='ltr'>vectus</span> <span class='ocrx_word' id='word_1_806' title='bbox 740 5682 1094 5756; x_wconf 73' lang='lat' dir='ltr'>praeceptum</span> <span class='ocrx_word' id='word_1_807' title='bbox 1122 5680 1210 5736; x_wconf 87' lang='lat' dir='ltr'>est</span> <span class='ocrx_word' id='word_1_808' title='bbox 1237 5675 1517 5739; x_wconf 76' lang='lat' dir='ltr'>lsraelitis</span> <span class='ocrx_word' id='word_1_809' title='bbox 1542 5677 1603 5737; x_wconf 89' lang='lat' dir='ltr'>in</span> <span class='ocrx_word' id='word_1_810' title='bbox 1634 5680 1978 5747; x_wconf 76' lang='lat' dir='ltr'>memoriam</span> 
     </span>
    </p>
   </div>
   <div class='ocr_carea' id='block_1_108' title="bbox 2095 4704 3780 4780">
    <p class='ocr_par' dir='ltr' id='par_1_108' title="bbox 2095 4704 3780 4780">
     <span class='ocr_line' id='line_1_108' title="bbox 2095 4704 3780 4780; baseline 0.009 -19"><span class='ocrx_word' id='word_1_811' title='bbox 2095 4706 2434 4777; x_wconf 89' lang='lat' dir='ltr'>Quicunque</span> <span class='ocrx_word' id='word_1_812' title='bbox 2453 4704 2734 4778; x_wconf 85' lang='lat' dir='ltr'>gloriatur</span> <span class='ocrx_word' id='word_1_813' title='bbox 2769 4706 3098 4765; x_wconf 83' lang='lat' dir='ltr'>Christiano</span> <span class='ocrx_word' id='word_1_814' title='bbox 3135 4710 3395 4780; x_wconf 80' lang='lat' dir='ltr'>nomine,</span> <span class='ocrx_word' id='word_1_815' title='bbox 3418 4718 3616 4770; x_wconf 79' lang='lat' dir='ltr'>cesset</span> <span class='ocrx_word' id='word_1_816' title='bbox 3638 4714 3780 4775; x_wconf 76' lang='lat' dir='ltr'>Ro-</span> 
     </span>
    </p>
   </div>
   <div class='ocr_carea' id='block_1_109' title="bbox 2095 4794 3778 4867">
    <p class='ocr_par' dir='ltr' id='par_1_109' title="bbox 2095 4794 3778 4867">
     <span class='ocr_line' id='line_1_109' title="bbox 2095 4794 3778 4867; baseline 0.007 -16"><span class='ocrx_word' id='word_1_817' title='bbox 2095 4811 2330 4851; x_wconf 89' lang='lat' dir='ltr'>manam</span> <span class='ocrx_word' id='word_1_818' title='bbox 2362 4797 2624 4851; x_wconf 89' lang='lat' dir='ltr'>sanctam</span> <span class='ocrx_word' id='word_1_819' title='bbox 2656 4798 2715 4850; x_wconf 90' lang='lat' dir='ltr'>et</span> <span class='ocrx_word' id='word_1_820' title='bbox 2743 4794 3121 4867; x_wconf 86' lang='lat' dir='ltr'>apostolicam</span> <span class='ocrx_word' id='word_1_821' title='bbox 3143 4797 3469 4861; x_wconf 67' lang='lat' dir='ltr'>Ecclesium</span> <span class='ocrx_word' id='word_1_822' title='bbox 3497 4800 3778 4861; x_wconf 65' lang='lat' dir='ltr'>maledio</span> 
     </span>
    </p>
   </div>
   <div class='ocr_carea' id='block_1_110' title="bbox 2096 4881 3778 4957">
    <p class='ocr_par' dir='ltr' id='par_1_110' title="bbox 2096 4881 3778 4957">
     <span class='ocr_line' id='line_1_110' title="bbox 2096 4881 3778 4957; baseline 0.009 -19"><span class='ocrx_word' id='word_1_823' title='bbox 2096 4899 2222 4940; x_wconf 89' lang='lat' dir='ltr'>cere</span> <span class='ocrx_word' id='word_1_824' title='bbox 2250 4887 2307 4938; x_wconf 91' lang='lat' dir='ltr'>et</span> <span class='ocrx_word' id='word_1_825' title='bbox 2334 4881 2657 4951; x_wconf 86' lang='lat' dir='ltr'>lacessere;</span> <span class='ocrx_word' id='word_1_826' title='bbox 2685 4884 2828 4955; x_wconf 89' lang='lat' dir='ltr'>quia</span> <span class='ocrx_word' id='word_1_827' title='bbox 2856 4885 3075 4942; x_wconf 84' lang='lat' dir='ltr'>frustra</span> <span class='ocrx_word' id='word_1_828' title='bbox 3118 4886 3616 4957; x_wconf 79' lang='lat' dir='ltr'>patremfamilias</span> <span class='ocrx_word' id='word_1_829' title='bbox 3649 4891 3778 4952; x_wconf 80' lang='lat' dir='ltr'>ho-</span> 
     </span>
    </p>
   </div>
   <div class='ocr_carea' id='block_1_111' title="bbox 2095 4970 3784 5043">
    <p class='ocr_par' dir='ltr' id='par_1_111' title="bbox 2095 4970 3784 5043">
     <span class='ocr_line' id='line_1_111' title="bbox 2095 4970 3784 5043; baseline 0.008 -16"><span class='ocrx_word' id='word_1_830' title='bbox 2095 4974 2280 5039; x_wconf 89' lang='lat' dir='ltr'>norat,</span> <span class='ocrx_word' id='word_1_831' title='bbox 2305 4970 2574 5043; x_wconf 90' lang='lat' dir='ltr'>quisquis</span> <span class='ocrx_word' id='word_1_832' title='bbox 2603 4972 2730 5042; x_wconf 87' lang='lat' dir='ltr'>ejus</span> <span class='ocrx_word' id='word_1_833' title='bbox 2760 4989 2997 5028; x_wconf 75' lang='lat' dir='ltr'>uxorcm</span> <span class='ocrx_word' id='word_1_834' title='bbox 3036 4972 3378 5032; x_wconf 77' lang='lat' dir='ltr'>exhonorat.</span> <span class='ocrx_word' id='word_1_835' title='bbox 3427 4978 3499 5035; x_wconf 79' lang='lat' dir='ltr'>Et</span> <span class='ocrx_word' id='word_1_836' title='bbox 3525 4977 3784 5040; x_wconf 58' lang='lat' dir='ltr'>frustra</span> 
     </span>
    </p>
   </div>
   <div class='ocr_carea' id='block_1_112' title="bbox 2095 5059 3783 5137">
    <p class='ocr_par' dir='ltr' id='par_1_112' title="bbox 2095 5059 3783 5137">
     <span class='ocr_line' id='line_1_112' title="bbox 2095 5059 3783 5137; baseline 0.008 -22"><span class='ocrx_word' id='word_1_837' title='bbox 2095 5059 2558 5137; x_wconf 84' lang='lat' dir='ltr'>matrisfamilias</span> <span class='ocrx_word' id='word_1_838' title='bbox 2588 5064 2763 5131; x_wconf 81' lang='lat' dir='ltr'>caput</span> <span class='ocrx_word' id='word_1_839' title='bbox 2791 5064 2848 5116; x_wconf 91' lang='lat' dir='ltr'>et</span> <span class='ocrx_word' id='word_1_840' title='bbox 2876 5061 3081 5118; x_wconf 87' lang='lat' dir='ltr'>faciem</span> <span class='ocrx_word' id='word_1_841' title='bbox 3113 5064 3477 5136; x_wconf 83' lang='lat' dir='ltr'>magniﬁcat,</span> <span class='ocrx_word' id='word_1_842' title='bbox 3502 5067 3610 5137; x_wconf 86' lang='lat' dir='ltr'>qui</span> <span class='ocrx_word' id='word_1_843' title='bbox 3646 5072 3783 5127; x_wconf 82' lang='lat' dir='ltr'>mi-</span> 
     </span>
    </p>
   </div>
   <div class='ocr_carea' id='block_1_113' title="bbox 2094 5147 3781 5227">
    <p class='ocr_par' dir='ltr' id='par_1_113' title="bbox 2094 5147 3781 5227">
     <span class='ocr_line' id='line_1_113' title="bbox 2094 5147 3781 5227; baseline 0.007 -22"><span class='ocrx_word' id='word_1_844' title='bbox 2094 5150 2288 5205; x_wconf 91' lang='lat' dir='ltr'>nimos</span> <span class='ocrx_word' id='word_1_845' title='bbox 2326 5147 2579 5204; x_wconf 85' lang='lat' dir='ltr'>ﬁliorum</span> <span class='ocrx_word' id='word_1_846' title='bbox 2619 5150 2746 5219; x_wconf 88' lang='lat' dir='ltr'>ejus</span> <span class='ocrx_word' id='word_1_847' title='bbox 2789 5148 3165 5222; x_wconf 88' lang='lat' dir='ltr'>impugnans,</span> <span class='ocrx_word' id='word_1_848' title='bbox 3203 5158 3481 5226; x_wconf 82' lang='lat' dir='ltr'>tanquam</span> <span class='ocrx_word' id='word_1_849' title='bbox 3519 5153 3781 5227; x_wconf 82' lang='lat' dir='ltr'>digitos</span> 
     </span>
    </p>
   </div>
   <div class='ocr_carea' id='block_1_114' title="bbox 2083 5236 3777 5310">
    <p class='ocr_par' dir='ltr' id='par_1_114' title="bbox 2083 5236 3777 5310">
     <span class='ocr_line' id='line_1_114' title="bbox 2083 5236 3777 5310; baseline 0.008 -16"><span class='ocrx_word' id='word_1_850' title='bbox 2083 5238 2298 5310; x_wconf 89' lang='lat' dir='ltr'>pedum</span> <span class='ocrx_word' id='word_1_851' title='bbox 2311 5236 2473 5294; x_wconf 91' lang='lat' dir='ltr'>illius</span> <span class='ocrx_word' id='word_1_852' title='bbox 2491 5236 2813 5295; x_wconf 80' lang='lat' dir='ltr'>conculcet.</span> <span class='ocrx_word' id='word_1_853' title='bbox 2829 5238 2992 5294; x_wconf 93' lang='lat' dir='ltr'>Unde</span> <span class='ocrx_word' id='word_1_854' title='bbox 3004 5238 3064 5295; x_wconf 92' lang='lat' dir='ltr'>in</span> <span class='ocrx_word' id='word_1_855' title='bbox 3079 5240 3485 5301; x_wconf 85' lang='lat' dir='ltr'>Ecclesiastieo</span> <span class='ocrx_word' id='word_1_856' title='bbox 3498 5243 3777 5308; x_wconf 78' lang='lat' dir='ltr'>dicitur:</span> 
     </span>
    </p>
   </div>
   <div class='ocr_carea' id='block_1_115' title="bbox 2085 5328 3777 5400">
    <p class='ocr_par' dir='ltr' id='par_1_115' title="bbox 2085 5328 3777 5400">
     <span class='ocr_line' id='line_1_115' title="bbox 2085 5328 3777 5400; baseline 0.006 -17"><span class='ocrx_word' id='word_1_857' title='bbox 2085 5328 2258 5396; x_wconf 86' lang='lat' dir='ltr'>Quam</span> <span class='ocrx_word' id='word_1_858' title='bbox 2289 5328 2447 5385; x_wconf 73' lang='lat' dir='ltr'>malae</span> <span class='ocrx_word' id='word_1_859' title='bbox 2470 5330 2549 5383; x_wconf 84' lang='lat' dir='ltr'>est</span> <span class='ocrx_word' id='word_1_860' title='bbox 2575 5331 2764 5400; x_wconf 63' lang='lat' dir='ltr'>famae,</span> <span class='ocrx_word' id='word_1_861' title='bbox 2796 5329 2895 5398; x_wconf 86' lang='lat' dir='ltr'>qui</span> <span class='ocrx_word' id='word_1_862' title='bbox 2910 5329 3056 5398; x_wconf 82' lang='lat' dir='ltr'>fugit</span> <span class='ocrx_word' id='word_1_863' title='bbox 3081 5338 3303 5400; x_wconf 86' lang='lat' dir='ltr'>patrem</span> <span class='ocrx_word' id='word_1_864' title='bbox 3322 5350 3347 5397; x_wconf 87' lang='lat'><strong><em>;</em></strong></span> <span class='ocrx_word' id='word_1_865' title='bbox 3370 5341 3425 5389; x_wconf 85' lang='lat' dir='ltr'>et</span> <span class='ocrx_word' id='word_1_866' title='bbox 3450 5334 3529 5389; x_wconf 71' lang='lat' dir='ltr'>est</span> <span class='ocrx_word' id='word_1_867' title='bbox 3566 5336 3777 5394; x_wconf 79' lang='lat' dir='ltr'>male-</span> 
     </span>
    </p>
   </div>
   <div class='ocr_carea' id='block_1_116' title="bbox 2081 5415 3778 5492">
    <p class='ocr_par' dir='ltr' id='par_1_116' title="bbox 2081 5415 3778 5492">
     <span class='ocr_line' id='line_1_116' title="bbox 2081 5415 3778 5492; baseline 0.006 -21"><span class='ocrx_word' id='word_1_868' title='bbox 2081 5415 2253 5471; x_wconf 82' lang='lat' dir='ltr'>dictus</span> <span class='ocrx_word' id='word_1_869' title='bbox 2281 5433 2315 5471; x_wconf 90' lang='lat' dir='ltr'>a</span> <span class='ocrx_word' id='word_1_870' title='bbox 2343 5420 2457 5471; x_wconf 85' lang='lat' dir='ltr'>Deo</span> <span class='ocrx_word' id='word_1_871' title='bbox 2486 5417 2582 5488; x_wconf 88' lang='lat' dir='ltr'>qui</span> <span class='ocrx_word' id='word_1_872' title='bbox 2622 5423 2909 5487; x_wconf 74' lang='lat' dir='ltr'>exasperat</span> <span class='ocrx_word' id='word_1_873' title='bbox 2954 5419 3191 5478; x_wconf 81' lang='lat' dir='ltr'>matrem</span> <span class='ocrx_word' id='word_1_874' title='bbox 3220 5418 3423 5488; x_wconf 83' lang='lat' dir='ltr'>(Eecli.</span> <span class='ocrx_word' id='word_1_875' title='bbox 3458 5421 3571 5492; x_wconf 84' lang='lat' dir='ltr'><strong>III),</strong></span> <span class='ocrx_word' id='word_1_876' title='bbox 3603 5427 3669 5479; x_wconf 87' lang='lat' dir='ltr'>et</span> <span class='ocrx_word' id='word_1_877' title='bbox 3695 5425 3778 5485; x_wconf 84' lang='lat' dir='ltr'>in</span> 
     </span>
    </p>
   </div>
   <div class='ocr_carea' id='block_1_117' title="bbox 2082 5503 3778 5584">
    <p class='ocr_par' dir='ltr' id='par_1_117' title="bbox 2082 5503 3778 5584">
     <span class='ocr_line' id='line_1_117' title="bbox 2082 5503 3778 5584; baseline 0.009 -25"><span class='ocrx_word' id='word_1_878' title='bbox 2082 5503 2404 5561; x_wconf 88' lang='lat' dir='ltr'>Proverbiis</span> <span class='ocrx_word' id='word_1_879' title='bbox 2428 5520 2441 5559; x_wconf 89' lang='lat'><strong>:</strong></span> <span class='ocrx_word' id='word_1_880' title='bbox 2477 5503 2703 5561; x_wconf 84' lang='lat' dir='ltr'>Oculum</span> <span class='ocrx_word' id='word_1_881' title='bbox 2731 5507 2827 5577; x_wconf 86' lang='lat' dir='ltr'>qui</span> <span class='ocrx_word' id='word_1_882' title='bbox 2854 5505 3158 5565; x_wconf 83' lang='lat' dir='ltr'>subsannat</span> <span class='ocrx_word' id='word_1_883' title='bbox 3169 5512 3417 5580; x_wconf 78' lang='lat' dir='ltr'>patrem,</span> <span class='ocrx_word' id='word_1_884' title='bbox 3440 5513 3493 5568; x_wconf 84' lang='lat' dir='ltr'>et</span> <span class='ocrx_word' id='word_1_885' title='bbox 3512 5509 3778 5584; x_wconf 73' lang='lat' dir='ltr'>despicit</span> 
     </span>
    </p>
   </div>
   <div class='ocr_carea' id='block_1_118' title="bbox 2080 5592 3774 5667">
    <p class='ocr_par' dir='ltr' id='par_1_118' title="bbox 2080 5592 3774 5667">
     <span class='ocr_line' id='line_1_118' title="bbox 2080 5592 3774 5667; baseline 0.008 -19"><span class='ocrx_word' id='word_1_886' title='bbox 2080 5599 2330 5662; x_wconf 88' lang='lat' dir='ltr'>matrem,</span> <span class='ocrx_word' id='word_1_887' title='bbox 2358 5592 2618 5667; x_wconf 63' lang='lat' dir='ltr'>effodiant</span> <span class='ocrx_word' id='word_1_888' title='bbox 2641 5610 2768 5650; x_wconf 83' lang='lat' dir='ltr'>eum</span> <span class='ocrx_word' id='word_1_889' title='bbox 2793 5595 2942 5657; x_wconf 81' lang='lat' dir='ltr'>corvi</span> <span class='ocrx_word' id='word_1_890' title='bbox 2975 5594 3041 5653; x_wconf 82' lang='lat' dir='ltr'>de</span> <span class='ocrx_word' id='word_1_891' title='bbox 3066 5598 3430 5667; x_wconf 72' lang='lat' dir='ltr'>torrentibus,</span> <span class='ocrx_word' id='word_1_892' title='bbox 3476 5608 3530 5659; x_wconf 78' lang='lat' dir='ltr'>et</span> <span class='ocrx_word' id='word_1_893' title='bbox 3558 5616 3774 5662; x_wconf 67' lang='lat' dir='ltr'>emno-</span> 
     </span>
    </p>
   </div>
   <div class='ocr_carea' id='block_1_119' title="bbox 2080 5682 3777 5763">
    <p class='ocr_par' dir='ltr' id='par_1_119' title="bbox 2080 5682 3777 5763">
     <span class='ocr_line' id='line_1_119' title="bbox 2080 5682 3777 5763; baseline 0.005 -22"><span class='ocrx_word' id='word_1_894' title='bbox 2080 5682 2215 5763; x_wconf 80' lang='lat' dir='ltr'>dant</span> <span class='ocrx_word' id='word_1_895' title='bbox 2242 5699 2366 5741; x_wconf 84' lang='lat' dir='ltr'>eum</span> <span class='ocrx_word' id='word_1_896' title='bbox 2393 5683 2503 5759; x_wconf 79' lang='lat' dir='ltr'>ﬁlii</span> <span class='ocrx_word' id='word_1_897' title='bbox 2539 5683 2744 5761; x_wconf 50' lang='lat' dir='ltr'>aquilae</span> <span class='ocrx_word' id='word_1_898' title='bbox 2770 5682 2953 5763; x_wconf 71' lang='lat' dir='ltr'>(Prov.</span> <span class='ocrx_word' id='word_1_899' title='bbox 2980 5700 3111 5745; x_wconf 83' lang='lat' dir='ltr'><strong>xxx.</strong></span> <span class='ocrx_word' id='word_1_900' title='bbox 3143 5685 3515 5747; x_wconf 78' lang='lat' dir='ltr'>Conﬁdimus</span> <span class='ocrx_word' id='word_1_901' title='bbox 3540 5692 3777 5757; x_wconf 67' lang='lat' dir='ltr'>tam</span> 
     </span>
    </p>
   </div>
  </div>
