3916 6352
105 394 219 460 77⁸7

1022 396 1425 460 ΕΡΙΞΤΟῐλιΕ
1466 395 1566 459 ET
1607 392 2066 458 DIPLOMATA
2111 396 2583 461 PONTIFICIA.

3376 397 3513 475 778‘,

102 547 170 584 ex
201 529 397 585 divina
419 530 631 603 pietate
663 531 817 604 quod
833 530 903 587 ab
929 529 1020 585 bis
1044 531 1314 585 innoxius
1338 536 1436 585 aut
1461 534 1752 585 correctus
1783 528 1837 594 Α
1867 529 2072 583 tendit.
2107 531 2268 595 Quod
2295 531 2631 601 quicunque
2671 528 3011 594 exhonorat,
3064 529 3277 585 frustra
3330 546 3393 586 se
3438 531 3499 586 in

108 619 552 684 invenieris,aut
566 624 717 677 certe
742 620 1081 677 admonitus
1097 619 1209 674 cito
1234 620 1559 692 corrigeris.
1585 618 1747 681 Quod

104 707 246 763 dum
271 709 749 777 fueritatl‘ectum,
769 727 881 781 pax
907 709 1241 778 nostrajam
1269 708 1338 762 ad
1372 725 1477 762 nos
1506 724 1619 763 non
1663 724 1746 761 re-

101 801 374 864 vertetur,
401 798 500 853 sed
524 815 701 870 super
720 802 776 853 te
805 799 1150 870 requiescet,
1199 814 1302 851 ceu
1355 812 1531 868 super
1590 794 1749 867 pacis

100 883 288 939 filium
322 903 335 939 :
370 891 425 941 et
446 888 711 959 regnabit
741 885 892 942 inter
918 904 1024 941 nos
1056 902 1337 957 germana
1360 884 1636 951 cbaritas,
1679 884 1750 937 de

97 973 272 1027 corde
302 990 445 1045 puro
466 974 898 1030 etconscientia
946 974 1118 1041 bona,
1179 978 1236 1027 et
1284 973 1397 1028 fide
1444 989 1558 1027 non
1616 972 1751 1026 ficta

101 1059 150 1129 (Ι
177 1061 313 1115 Tim.
352 1064 427 1134 1);
463 1080 565 1118 nec
599 1079 835 1119 necesse
876 1061 1122 1118 habebis
1182 1061 1351 1116 nobis
1397 1059 1749 1133 supplicare,

98 1149 202 1203 sed
238 1151 457 1220 jubere.
494 1152 682 1224 Super
709 1152 852 1215 haec,
888 1152 1041 1208 sicut
1071 1150 1317 1221 cmpisti,
1350 1150 1661 1216 collabora,
1688 1152 1752 1202 ut

97 1237 217 1292 duo
251 1241 507 1296 maxima
538 1258 717 1313 regna
748 1244 1167 1296 Connectantur
1188 1256 1325 1309 pace
1339 1243 1555 1310 optata.
1574 1237 1750 1292 Oran-

96 1328 215 1379 tem
232 1344 336 1397 pro
353 1329 697 1383 nobistuam
726 1327 1126 1383 bonorabilem
1143 1327 1562 1381 fraternitatem
1613 1343 1746 1380 san-

93 1415 454 1471 ctaTrinitas
470 1417 525 1471 in
545 1421 890 1488 perpetuum
907 1420 1225 1471 conservet.
1250 1416 1396 1470 Data
1414 1431 1613 1469 mense
1654 1414 1748 1467 Ja-

99 1501 312 1557 nuario
335 1505 455 1574 (an.
497 1507 679 1576 1054),
715 1504 1031 1560 indictione
1062 1521 1160 1558 v11.

858 1593 999 1649 CIII.

112 1686 170 1739 S.
209 1681 401 1736 Leonis
430 1683 660 1752 epistola
688 1681 757 1735 ad
787 1681 1187 1752 Constantium,
1219 1679 1646 1752 Monomachum.
1680 1709 1748 1717 —

179 1752 398 1806 Laudat
426 1749 549 1807 eum
577 1752 717 1823 quod
773 1768 960 1823 pacem
992 1754 1134 1806 inter
1164 1751 1386 1805 Latinos
1433 1754 1481 1823 et
1543 1749 1749 1823 Graecos

170 1824 473 1877 conciliare
498 1820 665 1877 curet.
700 1820 962 1877 Hortatur
992 1826 1049 1876 ut
1097 1823 1399 1875 Romanam
1459 1820 1748 1874 Ecclesium

166 1893 443 1962 defendat.
470 1895 541 1947 De
570 1897 889 1963 arrogantia
921 1894 1196 1948 Michaelis
1256 1892 1747 1962 Constantinopoli-
1778 1891 1826 1955 B

165 1967 291 2019 iani
320 1968 687 2035 conqueritur,
721 1968 1027 2035 legatosque
1056 1963 1411 2018 commendat.

731 2053 920 2120 (Anno
946 2052 1128 2119 1054.)

658 2123 886 2188 [Mansi,
911 2122 1049 2187 XIX,
1072 2123 1220 2189 007.]

167 2214 289 2268 Leo
321 2211 654 2284 cpiscopus,
683 2228 887 2266 servus
920 2227 1219 2265 servorum
1258 2208 1375 2273 Dei,
1409 2209 1662 2280 glorioso
1694 2214 1750 2266 et

93 2299 372 2373 religioso
397 2300 731 2371 imperatori
764 2317 919 2355 novae
955 2300 1145 2354 Romae
1182 2300 1578 2355 Cossmxrmo
1621 2299 1746 2353 Mo-

92 2405 390 2454 nomcno,
422 2388 628 2443 dilecto
661 2388 800 2459 lilio,
835 2388 1107 2444 salutem.

153 2481 421 2544 Quantas
444 2478 661 2550 gratias
684 2478 1126 2549 referrejugiter
1143 2478 1459 2532 debeamus
1485 2474 1746 2530 creatrici

87 2573 146 2623 et
173 2566 579 2640 gubernatrici
614 2566 875 2622 omnium
918 2572 1131 2621 sancta:
1192 2564 1506 2620 individua:
1554 2563 1745 2618 Trini-

86 2656 429 2727 tati,super
456 2652 832 2709 inenarrabili
881 2655 1031 2709 dono
1090 2654 1240 2724 ejus,
1301 2670 1416 2724 quo
1470 2656 1745 2724 operatur

88 2744 300 2799 omnia
330 2744 388 2797 in
413 2742 687 2798 omnibus
719 2744 766 2813 (I
794 2742 915 2797 Cor.
947 2744 1073 2813 x11),
1104 2744 1278 2797 etiam
1328 2759 1395 2795 ex
1426 2746 1526 2795 tua
1574 2741 1740 2794 devo-

87 2833 254 2887 tione
280 2836 341 2887 et
358 2829 962 2901 religiosaindustria,
984 2829 1406 2901 gloriosissime
1434 2828 1515 2882 tili
1570 2834 1743 2898 atque

87 2919 472 2977 serenissime
502 2919 837 2991 imperator,
872 2919 1229 2990 perpendere
1266 2933 1616 2989 possumus:
1642 2916 1743 2987 qui

83 3014 139 3065 te
171 3008 359 3064 talem
385 3007 599 3062 nostris
618 3006 881 3061 exhibuit
911 3012 968 3061 et
985 3006 1243 3077 gratuita
1260 3006 1473 3076 pietate
1496 3003 1745 3075 providit

85 3098 327 3166 diebus,
362 3096 532 3165 cujus
560 3096 677 3150 ﬁda
696 3112 802 3165 cpe
832 3100 1053 3150 statum
1086 3098 1299 3149 sanctae
1333 3097 1388 3148 et
1445 3091 1745 3147 catholicae

83 3186 364 3242 Ecclesia;
404 3183 663 3251 relevari,
697 3188 754 3240 et
781 3183 999 3240 terreni
1034 3182 1263 3254 imperii
1320 3180 1743 3253 rempublicam

1859 615 2047 687 ipsius
2063 619 2674 691 membriscomputat.
2700 617 2853 675 Illud
2885 621 3082 675 autem
3112 618 3251 691 quid
3284 618 3500 693 sit,tua

1857 706 2177 777 imperialis
2200 706 2435 763 claritas
2455 708 2694 763 omnino
2753 706 2948 763 novit:
3008 706 3153 763 illud
3192 707 3504 781 nimirum,

1858 795 2009 865 quod
2036 794 2249 851 Christi
2274 812 2380 851 vox
2399 795 2651 867 praetulit
2680 801 2732 852 et
2756 795 3134 868 praeeminere
3161 796 3353 865 voluit.
3372 796 3501 865 uni-

1858 883 2060 947 versis,
2093 887 2150 938 et
2180 885 2547 956 subsequens
2575 883 2839 941 Ecclesiae
2871 885 3084 957 pietas,
3115 888 3173 940 et
3212 884 3529 958 generalis,

1858 977 2194 1026 sanctorum
2215 973 2449 1027 Patrum
2472 990 2794 1029 consensus
2802 975 2827 1045 j
2838 973 3028 1045 ugiter
3051 973 3342 1030 hactenus
3360 974 3506 1045 celer

1856 1060 2061 1114 bravit.
2094 1060 2273 1131 Cujus
2302 1061 2688 1117 venerabilem
2719 1062 2926 1117 faciem
2958 1068 3022 1116 tu
3051 1078 3245 1134 qoque
3277 1062 3502 1135 uohon-

1859 1148 2085 1203 riticare
2114 1148 2400 1219 disponis,
2434 1167 2547 1204 non
2567 1151 2830 1222 ingratus
2852 1148 2938 1205 illi
2965 1166 3092 1221 quas
3115 1155 3285 1207 tuum
3327 1144 3500 1225 verti-

1856 1252 1984 1291 cem
2014 1236 2343 1292 diademate
2371 1238 2583 1293 terreni
2614 1238 2975 1311 principatus
3024 1239 3298 1295 decenter
3343 1240 3491 1313 in‘si-
3538 1264 3543 1265 ν

1857 1325 2063 1396 gnivit,
2096 1330 2153 1379 et
2181 1326 2551 1381 tremendum
2590 1332 2647 1381 et
2676 1329 2995 1383 amandum
3025 1328 3255 1400 populis
3284 1328 3519 1399 eﬁ‘ecit,

1856 1418 1932 1480 et,
1971 1419 2033 1467 ut
2062 1413 2120 1467 in
2156 1414 2578 1485 sempiternum
2602 1415 3508 1490 regnes,chrismateadoptionis;

1856 1502 2106 1557 inunxit.
2141 1502 2360 1574 Nempe
2390 1502 2519 1574 ipsa
2547 1504 2788 1575 antiqua
2808 1508 2865 1559 et
2883 1505 3010 1575 jam
3044 1506 3287 1560 emerita
3322 1505 3504 1579 Βοωρτ
3566 1554 3569 1555 ν

1853 1589 2021 1644 illum
2048 1590 2303 1662 primum
2328 1591 2761 1647 nobilissimum
2776 1597 2833 1647 et
2849 1590 3511 1665 religiosissimumCon-.

1857 1679 2206 1744 stantinum,
2238 1680 2408 1749 cujus
2438 1680 2781 1753 genealogia
2808 1680 3081 1753 gloriaris
3137 1685 3195 1737 et
3247 1683 3508 1755 potentia

1857 1767 2269 1838 magniﬁcaris,
2304 1770 2676 1840 cujusquede
2702 1769 2936 1825 nomine
2958 1769 3175 1825 dictam
3200 1770 3406 1827 urbem
3428 1770 3508 1827 fa-

1858 1871 2083 1910 mosam
2112 1855 2262 1927 regis
2293 1856 2690 1928 temporaliter
2720 1858 2926 1926 edidit,
2958 1857 3219 1927 nutrivit,
3246 1858 3508 1930 provexit

1860 1948 1915 1998 et
1936 1960 2112 2014 super
2139 1961 2340 2000 omnes
2372 1945 2647 2001 mortales
2668 1945 2990 2015 constituit,
3018 1962 3123 2002 nec
3140 1964 3175 2001 a
3198 1946 3501 2004 beneﬁciis

1859 2032 2104 2086 cessavit
2132 2033 2312 2088 donec
2342 2035 2611 2089 eumdem
2642 2035 2838 2091 aeterni
2871 2034 3035 2109 regni
3076 2033 3262 2109 gloria
3288 2051 3496 2105 cumu-

1858 2119 2015 2176 lavit.
2049 2120 2211 2177 Unde
2237 2122 2586 2178 multimoda
2614 2124 2934 2195 gratiarum
2965 2123 3191 2180 actione
3211 2128 3374 2180 tuam
3395 2112 3493 2181 ex-

1858 2209 2203 2278 cellentiam,
2234 2210 2655 2282 gloriosissime
2702 2211 2808 2278 fili,
2856 2200 3493 2291 magnificando,bta{nto

1857 2298 2065 2368 majori
2089 2316 2264 2370 super
2285 2303 2384 2354 tua
2402 2299 2705 2355 devotione
2727 2305 2783 2355 et
2794 2300 3191 2372 recognitione.
3206 2288 3511 2379 replemur

1855 2387 2090 2457 gaudio,
2111 2392 2330 2458 quanto
2353 2388 2644 2459 copiosior
2663 2388 2994 2444 animarum
3012 2405 3296 2446 numerus
3311 2405 3385 2469 ex
3398 2392 3499 2469 tup

1857 2474 2141 2544 regimine
2172 2476 2385 2545 pendet
2418 2482 2633 2547 tuoque
2664 2474 2936 2532 innititur
2964 2476 3251 2550 exemplo.
3282 2462 3517 2551 Et’ide‘o.

1854 2578 1969 2617 non
2022 2579 2323 2618 cessamus
2373 2580 2539 2620 orare
2597 2580 2972 2621 communem
3022 2566 3360 2635 Dominum,

1854 2667 2027 2721 quem
2060 2668 2225 2723 reges
2255 2657 2502 2722 regnant
2539 2658 2597 2708 et
2640 2653 2933 2726 principes
2966 2655 3138 2725 justa
3179 2655 3502 2723 decernunt

1851 2740 2032 2807 (Prov.
2054 2742 2197 2811 vui),
2220 2742 2361 2795 utin
2386 2757 2491 2796 suo
2517 2740 2877 2813 beneplacito
2899 2745 2953 2798 te
2970 2732 3498 2814 conservetlonga';

1850 2844 2010 2892 vum,
2042 2832 2100 2882 et
2130 2827 2419 2899 compleat
2450 2829 2506 2883 in
2528 2828 2697 2885 bonis
2721 2829 3078 2886 desiderium
3101 2837 3290 2887 tuum.
3316 2823 3494 2887 Porro

1851 2931 1956 2986 ego
1979 2914 2103 2986 ipse
2125 2914 2552 2988 qualiscunque
2574 2916 2903 2987 apostolica
2918 2916 3173 2974 vicarius
3194 2910 3371 2987 sedis,
3391 2933 3497 2990 pro

1853 3002 2088 3057 modulo
2108 3002 2457 3059 humilitatis
2474 3020 2614 3060 mete
2634 3008 2691 3059 et
2708 3004 3121 3076 possibilitatis
3138 3002 3499 3079 supplerelae

1852 3091 2065 3146 borans
2086 3091 2265 3146 vicem
2290 3091 2429 3146 mihi
2451 3091 2778 3148 commissa:
2797 3089 3274 3166 dispensationis,
3292 3088 3500 3151 secun-

1852 3180 1994 3235 dum
2026 3179 2363 3251 deiloquum
2393 3180 2639 3236 Paulum
2665 3198 2678 3235 :
2707 3181 2795 3239 Vw
2822 3183 2964 3237 mihi
2992 3186 3091 3251 est,
3118 3183 3171 3238 si
3197 3198 3307 3239 non
3330 3198 3492 3240 evan-

82 3266 389 3331 meliOrari
412 3273 799 3328 confidamus.
835 3273 917 3327 Tu
938 3272 1096 3327 enim
1117 3282 1245 3342 post
1272 3269 1738 3340 nimiumlongas
1768 3254 1810 3322 C
1846 3268 2196 3340 getimvero:
2228 3270 2517 3325 necessitas
2560 3271 2709 3325 enim
2756 3269 2902 3326 mihi
2945 3270 3212 3326 incumbit
3235 3271 3489 3327 maxima

79 3367 137 3418 et
167 3362 537 3435 perniciosas
550 3360 891 3428 discordias,
922 3360 1150 3431 primus
1166 3358 1327 3430 pacis
1349 3362 1405 3412 et
1419 3358 1738 3413 concordiae

1849 3359 1899 3429 (Ι
1930 3358 2047 3413 Cor.
2092 3362 2192 3426 1x),
2232 3358 2492 3430 posituro
2524 3360 2802 3413 rationein
2859 3362 3070 3414 esterno
3118 3362 3176 3414 et
3222 3354 3487 3415 districto

81 3452 370 3518 monitor,
403 3449 651 3522 portitor
679 3452 736 3503 et
758 3452 1060 3518 exoptatus
1091 3451 1322 3501 exactor
1357 3446 1625 3509 efﬁceris,
1686 3450 1744 3501 et
1841 3446 2051 3517 judici,
2084 3450 2317 3518 propter
2348 3446 2523 3502 unius
2553 3446 2809 3518 regimen
2836 3444 3125 3513 Ecclesias,
3148 3462 3217 3502 ex
3244 3446 3366 3518 [hoc
3383 3454 3483 3514 est,

80 3556 221 3595 cum
244 3539 379 3610 ipso
403 3553 536 3592 vase
566 3535 867 3591 electionis
928 3532 1260 3588 humillimo
1323 3531 1499 3587 Paulo
1553 3528 1742 3589 dicere
1850 3534 1942 3607 de]
1974 3534 2240 3589 omnium
2262 3534 2637 3589 ecclesiarum
2660 3533 2887 3590 merito.
2913 3533 3019 3589 Illa
3041 3550 3175 3606 ergo
3197 3531 3484 3591 sollicitu-

79 3627 475 3683 videriszPro
500 3624 1323 3692 Christolegationefungentes,
1349 3626 1612 3692 tanquam
1631 3626 1743 3677 Deo
1853 3623 2008 3689 dine,
2069 3639 2185 3693 qua
2240 3621 2516 3677 omnibus
2588 3619 2861 3679 Ecclesiis
2926 3622 3107 3678 debeo
3166 3620 3494 3695 invigilare,

82 3717 433 3772 exhortante
446 3730 543 3785 per
558 3730 675 3777 nos,
700 3714 1058 3778 obsecramus,
1079 3712 1747 3782 reconciliaminiproyter
1852 3711 2055 3767 videns
2073 3708 2565 3782 indisciplinatam
2585 3715 2639 3765 et
2657 3709 2905 3766 alienam
2920 3714 3152 3783 gentem
3164 3709 3493 3768 incredibili

87 3821 218 3859 eum
246 3804 326 3876 (II
358 3802 479 3858 Cor.
515 3802 569 3872 v)
601 3803 696 3872 qui
724 3805 799 3855 est
824 3817 940 3871 pax
964 3803 1170 3867 nostra,
1204 3800 1298 3870 qui
1326 3798 1468 3871 facit
1520 3808 1749 3870 utraque
1856 3803 1914 3856 et
1943 3798 2205 3855 inaudita
2236 3798 2414 3866 rabie,
2468 3804 2525 3854 et
2572 3797 2889 3872 plusquam
2937 3816 3164 3872 pagana
3193 3799 3505 3872 impietate,

88 3910 272 3948 unum
305 3890 524 3963 (Ephes.
558 3893 644 3958 li).
680 3889 909 3943 Etenim
939 3887 1095 3942 velut
1128 3886 1398 3959 religiosa
1427 3891 1483 3942 et
1508 3887 1749 3961 egregiae
1859 3889 2137 3944 adversus
2155 3886 2441 3942 Ecclesias
2456 3887 2876 3960 Deiinsurgere
2892 3886 3501 3961 passim,Christianos

83 3979 316 4037 indolis
349 3977 564 4052 proles,
601 3975 855 4049 gemitus
886 3975 1054 4030 matri
1111 3980 1222 4030 tum
1280 3992 1391 4030 non
1449 3974 1751 4032 oblivisce-
1861 3976 2173 4043 trucidare,
2207 3980 2263 4031 et
2313 3975 2628 4031 nonnullos
2659 3975 2822 4031 novis
2853 3974 3350 4050 horribilibusque
3381 3981 3500 4043 tor-

95 4071 219 4126 ris:
254 4085 368 4124 nec
399 4066 909 4132 contemnendam,
937 4063 1075 4136 quia
1131 4064 1343 4128 senuit,
1403 4063 1502 4118 sed
1562 4062 1756 4134 potius
1864 4065 2077 4121 mentis
2108 4080 2294 4136 usque
2325 4064 2395 4119 ad
2428 4064 2809 4119 defectionem
2848 4063 3055 4119 anima:
3087 4062 3366 4137 afﬂigere,
3399 4079 3505 4137 nec

97 4156 487 4214 reverendam
512 4152 838 4221 arbitraris,
860 4157 1034 4224 atque
1058 4151 1247 4223 plenis
1276 4151 1558 4207 charitate
1585 4151 1761 4206 visce-

96 4246 294 4312 ribus,
320 4244 397 4301 ad
429 4260 556 4299 eam
589 4243 778 4298 redire
810 4239 1131 4306 meditaris,
1159 4246 1222 4295 ut
1269 4240 1368 4295 uni
1391 4240 1506 4295 Deo
1537 4239 1760 4296 etPatri

99 4334 379 4390 omnium
410 4336 570 4387 tanto
594 4330 701 4386 fias
732 4328 965 4385 charior
1001 4333 1057 4383 et
1086 4327 1487 4400 propinquior,
1542 4334 1762 4399 quanto

98 4422 296 4478 eidem
318 4417 628 4493 principali
664 4416 836 4471 matri
877 4415 1184 4487 benignior
1240 4420 1414 4486 atque
1466 4414 1761 4470 humilior.

99 4511 309 4582 Neque
342 4508 503 4564 enim
526 4512 689 4562 tuam
714 4503 1084 4577 prudentiam
1116 4502 1278 4571 latet,
1314 4503 1549 4575 quodin
1581 4503 1767 4560 Eccle-

1865 4153 2096 4221 infanti,
2130 4158 2230 4208 aut
2260 4150 2523 4219 seni,seu
2557 4151 2815 4209 femineae
2846 4151 3147 4226 fragilitati
3176 4150 3375 4226 aliquo
3404 4152 3511 4209 hu-

1869 4240 2172 4298 manitatis
2202 4246 2465 4313 respectu
2507 4257 2760 4312 parcere,
2814 4257 2920 4297 nec
2972 4241 3124 4298 inter
3153 4240 3423 4299 sanctum
3454 4242 3512 4298 et

1872 4330 2180 4404 profanum
2211 4328 2468 4401 aliquam
2520 4328 2861 4387 distantiam
2901 4329 3136 4401 habere,
3174 4338 3509 4388 sanctorum

1874 4418 2146 4475 basilicas
2175 4417 2444 4490 spoliare,
2472 4416 2804 4484 incendere,
2863 4423 2919 4474 ct
2975 4419 3047 4474 ad
3096 4417 3289 4476 solum
3320 4433 3506 4491 usque

1874 4507 2141 4576 diruere;
2192 4505 2514 4579 saepissime
2565 4506 3003 4579 perversitatem
3042 4508 3171 4579 ejus
3214 4506 3510 4580 redargui,

101 4598 353 4655 siastico
387 4597 607 4652 habent
639 4612 651 4649 :
684 4594 993 4649 Benedictio
1016 4594 1199 4665 patris
1228 4593 1411 4661 ﬁrmat
1462 4592 1646 4648 domos
1700 4594 1766 4665 β·
1798 4618 1843 4682 D
1874 4595 2189 4667 obsecravi,
2265 4595 2592 4668 praedicari,
2666 4599 2990 4668 Opportune
3060 4595 3511 4669 importuneque

103 4689 318 4743 tiorum
344 4703 363 4740 :
398 4684 708 4740 maledictio
726 4686 909 4738 autem
928 4684 1119 4737 matris
1133 4682 1386 4737 eradicet
1410 4682 1772 4752 fundamenta
1878 4684 2088 4750 institi,
2112 4687 2388 4739 terrorem
2414 4682 2617 4738 divinae
2640 4687 2697 4738 et
2716 4683 2986 4738 humanae
3009 4682 3273 4740 vindicta
3295 4684 3517 4739 denun—

103 4777 339 4846 (Eccles.
376 4776 486 4841 III).
518 4773 585 4828 Et
613 4771 759 4827 illud
786 4788 798 4826 :
829 4772 904 4826 Ne
932 4770 1179 4826 dimittas
1213 4771 1383 4841 legem
1415 4773 1611 4826 matri:
1641 4779 1766 4839 tuae,

105 4866 219 4936 liga
251 4880 388 4919 eam
420 4864 479 4917 in
507 4861 665 4917 corde
694 4864 785 4915 tuo
807 4861 1025 4932 jugiter
1057 4860 1240 4932 (Prov.
1279 4860 1338 4931 1).
1400 4860 1518 4925 Que
1570 4859 1771 4931 utique

105 4951 429 5025 proverbia
457 4948 648 5022 magis
661 4954 870 5004 curant
888 4947 1057 5004 nobis
1079 4947 1491 5003 commendare
1522 4952 1769 5003 matrem

106 5058 235 5113 quae
270 5042 350 5097 ad
374 5043 651 5094 aeternam
676 5038 859 5093 vitam
891 5054 998 5093 nos
1021 5040 1260 5109 generat
1279 5040 1335 5091 et
1354 5036 1566 5103 erudit,
1595 5054 1771 5108 quam

105 5131 276 5187 illam
311 5145 452 5201 quae
482 5128 553 5183 ad
588 5131 836 5182 mortem
868 5126 1041 5197 parit,
1077 5129 1133 5180 et
1160 5122 1473 5179 carnaliter
1502 5123 1698 5197 diligit
1719 5130 1777 5180 et

106 5216 381 5274 instruit.
418 5216 521 5272 Cui
551 5216 662 5271 nisi
698 5214 796 5270 illa
818 5214 1187 5280 successerit,
1225 5217 1285 5268 ut
1309 5218 1772 5283 regeneretetre-

108 5308 329 5374 foveat,
366 5305 483 5359 ista
514 5304 713 5376 procul
745 5302 924 5359 dubio
955 5302 1227 5358 secunda:
1257 5300 1430 5356 morti
1461 5300 1616 5356 ﬁlios
1637 5318 1776 5358 suos

107 5395 406 5451 destinat.
440 5392 616 5448 Porro
641 5392 763 5447 haec
796 5391 1084 5447 catholica
1111 5398 1293 5445 maler
1333 5393 1390 5444 et
1440 5389 1779 5462 incorrupta

106 5484 300 5557 virgo,
337 5482 616 5554 quamvis
648 5497 883 5536 omnem
916 5485 1130 5535 terram
1165 5483 1220 5534 et
1249 5479 1395 5533 lines
1426 5478 1583 5533 orbis
1615 5496 1781 5535 oceu-

105 5572 343 5645 paverit
361 5569 649 5625 membris
664 5570 791 5625 suis
805 5574 861 5625 et
872 5567 1393 5641 repleverit,tamen
1410 5583 1590 5623 unum
1606 5572 1783 5639 caput

104 5658 400 5722 omnibus
422 5659 807 5716 reverendam
831 5661 889 5713 et
905 5656 1347 5730 suspiciendum
1369 5656 1551 5715 exerit
1566 5660 1621 5714 et
1634 5672 1781 5733 pra)-

412 5778 419 5783 ’
449 5782 714 5851 ΡΑσι-ιιοι.
761 5783 1020 5853 CXLIII.

1876 4772 2037 4829 tiavi.
2066 4772 2176 4827 Sed
2208 4772 2347 4842 quia
2371 4771 2613 4844 Sajiens
2660 4772 2774 4827 ait:
2822 4773 3005 4840 Nemo,
3049 4775 3220 4845 potest
3248 4773 3520 4845 corrigere

1879 4878 2039 4935 quem
2091 4861 2231 4915 Deus
2288 4860 2608 4932 despexerit,
2679 4863 2728 4915 et
2784 4861 2984 4917 stultus
3048 4877 3160 4917 non
3225 4862 3523 4934 corrigitur

1881 4951 2106 5024 (Eccles.
2133 4950 2230 5020 vn)
2257 4966 2269 5004 :
2297 4950 2436 5004 adeo
2458 4950 2744 5005 obdurata
2763 4953 2819 5004 et
2838 4949 3136 5007 obstinata
3155 4950 3284 5022 ejus
3300 4940 3530 5008 malitia

1883 5038 2226 5112 permansit,
2260 5040 2325 5092 ut
2352 5038 2421 5092 de
2451 5037 2543 5092 die
2590 5038 2646 5093 in
2693 5037 2847 5094 diem
2892 5039 3135 5095 adderet
3165 5041 3367 5113 pejora
3396 5040 3527 5114 pes-

1884 5128 2075 5184 simis.
2108 5126 2270 5182 Unde
2300 5142 2415 5181 non
2448 5129 2677 5181 tantum
2708 5127 2996 5184 exteriora
3013 5128 3171 5185 bona
3192 5145 3297 5202 pro
3317 5127 3528 5185 libera-

1882 5218 2039 5272 tione
2069 5215 2260 5271 ovium
2283 5214 2495 5272 Christi
2528 5214 2771 5287 cupieris
2802 5216 3165 5289 impendere,
3194 5217 3295 5275 sed
3326 5233 3526 5290 super-

1885 5304 2145 5377 impendi
2178 5305 2302 5375 ipse
2337 5297 2669 5375 peroptans,
2702 5302 2895 5361 visum
2939 5309 3030 5362 est
3077 5305 3220 5362 mihi
3261 5305 3333 5362 ad
3363 5302 3524 5360 testi-

1888 5392 2152 5449 monium
2184 5391 2455 5464 nequitiae
2487 5408 2711 5461 eorum,
2758 5393 2868 5462 vel,
2920 5394 2971 5450 si
3001 5394 3084 5450 sic
3112 5391 3418 5465 expediret,
3449 5389 3522 5446 ad

1888 5481 2314 5552 repressionem
2345 5480 2748 5550 contumaciae,
2783 5481 3100 5539 humanam
3131 5478 3523 5536 defensionem

1891 5587 1969 5624 un
1985 5571 2055 5625 de
2068 5585 2300 5642 cunque
2313 5568 2721 5626 attrahendam
2733 5570 3122 5640 fore,audiens
3140 5568 3210 5623 ab
3225 5565 3522 5642 Apostolo,

1890 5657 2187 5734 principes
2218 5673 2335 5716 non
2365 5657 2492 5717 sine
2521 5672 2701 5716 causa
2727 5657 2985 5735 gladium
3015 5658 3268 5732 portare,
3291 5656 3391 5716 sed
3415 5654 3524 5714 mi-
