3898 6430
290 490 404 554 2H

1213 490 1278 552 S.
1323 491 1714 554 BRUNONIS
1759 491 2378 554 HERBIPOLENSIS
2423 491 2801 555 EPISCOPI.

3591 491 3702 555 2ίῖ

295 628 330 680 2
441 624 695 698 Corrupti
721 632 847 680 sunt
875 633 927 681 et
957 625 1350 681 abommabiles
1393 627 1531 698 facti
1578 633 1706 681 sunt
1743 626 1803 681 in
1835 626 1946 681 ini-
1978 628 2030 693 Α
2057 627 2094 680 7
2203 627 2479 697 Quoniam
2505 627 2646 684 Deus
2674 624 2966 698 dissipavit
2993 639 3113 682 ossa
3143 641 3335 688 eorum
3365 643 3384 680 :
3415 627 3511 699 qui
3537 625 3691 684 hvmi.

511 714 816 788 quitatibns
848 732 868 770 :

439 805 559 861 Non
585 812 667 861 est
698 804 796 877 qui
822 805 997 876 faciat
1027 805 1253 860 bonum.

373 893 416 950 C
445 893 900 966 Corrupti.Sunt
921 909 1125 950 omnes
1147 892 1399 950 haeretici
1421 909 1536 949 uno
1556 896 1730 950 verbo
1753 893 1956 962 notati,

304 999 442 1040 nam
471 982 587 1039 Deo
619 986 771 1038 recte
818 997 934 1038 non
985 981 1305 1038 credidisse
1352 983 1651 1056 corruptio
1699 988 1808 1039 est.
1842 984 1960 1040 Hos

306 1071 688 1144 subsequitur
732 1087 904 1144 paena
941 1070 1298 1143 justissima,
1333 1077 1399 1127 ut
1442 1072 1870 1129 abominabiles
1900 1073 1960 1128 in

305 1157 700 1236 voluptatibus
727 1160 850 1217 suis
881 1161 1044 1216 ﬁant.
1079 1161 1202 1216 Non
1235 1165 1324 1216 est
1353 1161 1454 1233 qui
1484 1160 1660 1216 faciat
1689 1161 1911 1218 bonum
1943 1178 1958 1218 :

307 1249 417 1306 hoc
447 1253 534 1307 est
553 1250 709 1326 quod
755 1250 1117 1324 parturiebat
1145 1249 1403 1306 Ecclesia
1433 1249 1606 1322 plena
1636 1250 1962 1319 doloribus,

307 1344 370 1396 ut
387 1339 443 1394 in
461 1342 621 1396 tanta
637 1337 1012 1395 multitudine
1031 1337 1392 1413 perditorum
1411 1357 1523 1395 non
1538 1340 1725 1413 sitqui
1741 1341 1962 1396 bonum

307 1429 493 1502 possit
521 1429 748 1503 operari
779 1428 866 1485 vel
898 1427 1140 1484 imitari.

304 1537 339 1590 3
445 1538 588 1593 Deus
617 1535 684 1592 de
711 1535 842 1592 caelo
868 1537 1150 1606 prospexit
1175 1551 1340 1608 super
1368 1537 1512 1606 ﬁlios
1558 1536 1842 1592 hominum
1874 1555 1891 1590 :

451 1627 516 1683 Ut
565 1623 746 1680 videat
795 1625 848 1678 si
893 1631 969 1680 est
1017 1624 1329 1694 intelligens
1357 1630 1414 1690 -Ξ
1458 1633 1553 1680 aut
1595 1630 1609 1692 ζ
1679 1627 1966 1696 requirens

523 1716 718 1770 Deum.

380 1802 423 1858 C
456 1799 758 1873 Prospexit
785 1800 1071 1857 Dominus
1100 1802 1170 1858 de
1204 1801 1370 1870 coelo,
1389 1803 1443 1858 id
1471 1807 1579 1868 est,
1601 1803 1672 1859 de
1703 1821 1964 1876 unoquo-

313 1909 429 1964 que
460 1889 833 1964 praedicatore
864 1895 1064 1958 suo,et
1092 1891 1386 1964 prospexit
1416 1908 1592 1964 super
1613 1892 1764 1948 ﬁlios
1783 1893 1966 1949 homi-

2277 717 2439 772 nibus
2458 717 2699 788 placent.

2213 807 2438 876 Con/usi
2464 810 2616 861 sunt.
2645 807 2922 876 Quoniam
2947 806 3088 862 Deus
3115 807 3325 878 sprevit
3348 821 3463 866 eos.

2140 895 2181 950 C
2202 895 2354 950 Deus
2377 895 2535 950 enim
2559 893 2810 966 dissipat
2830 912 2966 951 ossa
2989 894 3303 964 malorum,
3326 894 3388 952 id
3415 899 3504 952 est
3531 895 3691 954 obsti-

2071 983 2338 1039 nationes
2359 983 2736 1040 durissimas.
2752 981 2798 1039 Η
2817 983 2920 1040 Vel
2943 1001 3106 1057 spem
3130 984 3471 1042 aeternitatis
3498 1000 3698 1050 eorum,

2071 1071 2174 1146 qui
2205 1073 2262 1127 in
2295 1073 2423 1144 ejus
2455 1071 2874 1128 contumeliam
2920 1072 3224 1146 insurgere
3265 1074 3395 1130 ausi
3428 1078 3579 1129 sunt.
3608 1071 3700 1136 Qui

2071 1161 2413 1217 hominibus
2446 1161 2678 1234 placent
2706 1165 2764 1217 et
2795 1177 2908 1216 non
2940 1161 3076 1229 Deo,
3101 1164 3254 1218 recte
3283 1161 3508 1218 confusi
3529 1160 3702 1216 dicun-

2071 1254 2188 1318 tur,
2218 1251 2497 1323 quoniam
2529 1266 2628 1307 eos
2660 1254 2810 1306 Deus
2839 1249 3079 1324 sprevit.
3108 1247 3314 1306 Merito
3336 1267 3467 1307 vero
3498 1247 3702 1322 sperni-

2073 1343 2170 1395 tur
2199 1357 2234 1396 a
2264 1339 2402 1408 Deo,
2434 1340 2534 1412 qui
2568 1339 2869 1412 reliquerit
2915 1337 3138 1408 Deum;
3171 1341 3229 1395 et
3259 1339 3397 1405 quia
3427 1351 3555 1395 eum
3587 1335 3700 1393 reli-

2074 1429 2412 1502 quit,digne
2443 1433 2724 1502 tanquam
2757 1428 2996 1502 ignotus
3027 1429 3100 1484 ab
3130 1445 3196 1485 eo
3227 1425 3702 1495 eonfunditur,di-

2073 1523 2241 1575 cente
2287 1517 2564 1590 Apostolo
2598 1534 2610 1572 :
2647 1518 2924 1591 ignorans
2954 1517 3323 1592 ignorabitur
3351 1515 3406 1589 (I
3430 1517 3547 1576 Cor.
3578 1517 3698 1584 xw).

2073 1607 2110 1663 8
2217 1608 2356 1679 Quis
2382 1607 2535 1664 dabit
2562 1624 2632 1664 ex
2661 1608 2794 1664 Sion
2822 1608 3067 1664 salutare
3098 1609 3268 1664 Israel
3286 1609 3317 1662 γ

2220 1698 2363 1754 Cum
2401 1699 2728 1754 converterit
2771 1699 2914 1754 Deus
2958 1699 3330 1770 captivitatem
3376 1697 3551 1770 plebis
3585 1705 3704 1760 suat,

2287 1788 2585 1842 exsultabit
2613 1787 2777 1844 Iacob
2799 1795 2851 1842 et
2884 1786 3168 1843 (elabitur
3195 1783 3384 1842 Israel.

2145 1877 2187 1932 C
2218 1875 2358 1942 Quis
2390 1875 2573 1945 dabit,
2617 1876 2953 1932 addendum
3003 1881 3110 1941 est,
3161 1875 3276 1932 nisi
3327 1879 3412 1940 tu,
3445 1872 3705 1938 Domine;

316 1961 499 2036 num}
525 1979 638 2036 sub
660 1994 873 2052 magna
895 1961 1128 2052 pietate,
1155 1961 1351 2037 utnon
1387 1961 1648 2036 errantes
1680 1983 1963 2054 perderet,
1999 2002 2044 2067 Β
2075 1964 2544 2067 ςὶιςεάθηξξεξηὶω
2567 1965 2742 2067 verba
2764 1968 2921 2034 sunt,
2939 1979 3062 2067 pou
3087 1963 3550 2067 dubitantisLEx
3567 1961 3710 2067 Sion,

318 2070 418 2125 sed
447 2067 798 2142 pmnitentes
830 2067 1098 2125 salvaret.
1124 2069 1196 2125 Ut
1225 2069 1434 2140 videat,
1461 2071 1516 2126 id
1549 2076 1657 2137 est,
1683 2077 1746 2126 ut
1775 2072 1968 2128 videre

319 2158 492 2214 faciat
521 2162 774 2226 sanctos,
807 2159 940 2231 quis
987 2159 1456 2232 praedicationem
1505 2177 1706 2216 eorum
1747 2161 1966 2216 intelli~

317 2252 438 2322 gat,
466 2247 524 2303 id
554 2251 662 2316 est,
694 2247 872 2316 intus,
901 2248 958 2304 in
983 2249 1174 2322 seipso
1197 2248 1350 2322 legat
1372 2254 1474 2306 aut
1502 2249 1763 2321 requirat
1794 2266 1967 2323 opere

316 2337 524 2394 Deum.

314 2446 348 2501 4
456 2446 653 2502 Omnes
695 2443 1128 2502 declinaverunt.
1161 2447 1342 2502 Simul
1379 2447 1604 2502 inutiles
1633 2449 1771 2519 facti
1797 2454 1926 2502 sunt
1947 2466 1969 2502 .-

454 2531 572 2592 Non
597 2543 675 2591 est
701 2537 798 2607 qui
824 2537 998 2606 faciat
1029 2536 1250 2590 bonum.

457 2621 577 2681 Non
603 2631 681 2680 est
708 2639 878 2696 usque
905 2624 976 2680 ad
1005 2639 1200 2680 unum.

386 2715 426 2766 C
457 2709 594 2768 Illos
624 2725 830 2768 omnes
877 2713 1034 2768 enim
1083 2711 1410 2769 declinasse
1439 2713 1598 2780 dicit,
1633 2715 1731 2786 qui
1761 2715 1970 2772 durato

317 2801 490 2857 corde
538 2799 598 2856 in
645 2799 925 2857 scelerato
975 2799 1270 2874 proposito
1301 2807 1768 2874 permanserunt.
1801 2803 1972 2860 Prius

315 2888 478 2945 enim
511 2889 620 2945 fuit
648 2893 716 2946 ut
742 2889 1138 2959 declinarent;
1175 2895 1436 2947 secutum
1487 2896 1579 2949 est
1627 2898 1691 2947 ut
1732 2891 1973 2950 inutiles

325 2979 532 3035 ﬁerent
562 2975 692 3034 sibi.
719 2978 912 3050 Usque
945 2979 1016 3035 ad
1047 2993 1231 3035 unum
1259 2997 1391 3036 vero
1420 2981 1562 3036 dum
1590 2979 1822 3048 dicitur,
1854 2997 1975 3038 om-

326 3083 430 3122 nes
461 3071 770 3140 negantur.
793 3066 944 3142 Nam
969 3068 1020 3124 si
1050 3067 1306 3142 aliquem
1338 3069 1557 3125 bonum
1585 3069 1868 3126 voluisset
1891 3070 1976 3126 in-

325 3154 529 3230 telligi,
565 3173 679 3232 non
710 3156 930 3214 diceret
963 3174 976 3212 :
1024 3175 1212 3231 usque
1259 3158 1330 3214 ad
1383 3176 1591 3225 unum,
1623 3159 1724 3215 sed
1769 3163 1976 3232 printer

305 3261 532 3322 .unum.
559 3231 605 3302 Η
626 3245 842 3303 Omnes
862 3245 922 3303 hi
947 3245 1292 3320 insipientes
1321 3247 1422 3320 qui
1454 3264 1569 3304 non
1602 3231 1978 3320 requirebant

324 3328 530 3404 Deum,
555 3333 794 3392 inutiles
816 3333 952 3392 facti
977 3341 1139 3402 sunt,
1157 3337 1296 3409 quia
1313 3337 1590 3393 mandata
1611 3337 1711 3393 Dei
1733 3337 1975 3410 implere

323 3421 550 3493 nolunt,
595 3428 652 3481 et
691 3423 821 3481 ideo
868 3423 1252 3498 sibimetipsis
1295 3424 1531 3482 inutiles
1560 3429 1618 3481 et
1646 3425 1800 3494 aliis,
1836 3426 1976 3500 quia

321 3511 548 3568 inutilis
579 3515 670 3568 est
699 3511 800 3584 qui
833 3530 947 3568 non
978 3517 1253 3585 operatur
1283 3512 1503 3585 aliquid
1532 3513 1695 3578 boni,
1728 3515 1974 3588 ideoque

319 3600 630 3674 projicitur
656 3599 716 3656 in
747 3600 1021 3657 tenebras
1051 3599 1368 3656 exteriores
1391 3601 1773 3672 (Matth.xxu),
1798 3605 1977 3660 Evan-

318 3688 470 3762 gelio
497 3693 664 3746 teste.

313 3797 350 3852 5
457 3796 648 3853 Nonne
675 3797 848 3852 scient
875 3802 932 3869 -ξ
975 3813 1160 3853 omnes
1201 3803 1214 3862 ζ

534 3893 750 3942 tatem:

461 3976 579 4048 Qui
604 3974 865 4032 devorant
891 3977 1108 4048 plebem
1128 3992 1306 4033 meam
1333 3987 1396 4034 ut
1423 3979 1606 4035 cibum
1631 3982 1816 4052 panis.

390 4075 436 4130 Η
469 4074 843 4148 Cognoscunt
891 4074 1052 4148 impii
1101 4091 1162 4131 se
1210 4092 1380 4150 agere
1431 4094 1718 4150 perverse,
1755 4083 1811 4135 et
1856 4096 1972 4135 non

315 4162 511 4219 solum
543 4181 606 4220 se
637 4177 751 4220 non
796 4165 1130 4231 emendant,
1163 4165 1264 4222 sed
1315 4167 1491 4222 etiam
1541 4168 1636 4224 Dei
1686 4168 1972 4241 populum

322 4251 602 4310 devorant
631 4253 906 4310 dentibus
937 4269 1057 4310 suae
1086 4254 1340 4311 malitiae.
1373 4255 1537 4312 Sicut
1565 4273 1757 4312 escam
1778 4256 1970 4329 panis,

324 4335 421 4414 qui
454 4357 688 4416 semper
716 4343 1118 4400 desideranter
1149 4345 1207 4399 in
1241 4361 1350 4401 usu
1383 4349 1490 4401 est.
1525 4345 1672 4402 Nam
1703 4345 1974 4417 quamvis

237 4439 241 4442 '
322 4430 574 4504 singulis
603 4431 938 4505 quibusque
966 4432 1329 4507 temporibus
1351 4433 1682 4491 diversitate
1705 4450 1973 4490 escarum

321 4519 622 4588 satiemur,
639 4519 859 4594 jugiter
879 4528 1076 4579 tamen
1099 4523 1269 4580 nobis
1293 4524 1463 4596 panis
1484 4521 1747 4578 edulium
1771 4527 1878 4589 est,
1894 4522 1978 4579 ita

323 4613 558 4683 semper
605 4609 941 4668 desiderant
987 4611 1126 4668 mali
1175 4613 1452 4669 devorare
1498 4611 1702 4668 bonos.
1754 4613 1799 4667 A
1847 4609 1972 4682 Vel,

1280 3799 1379 3871 qui
1427 3808 1724 3871 aperantur
1765 3802 1972 3876 iniqui-

2079 2051 2242 2107 illam
2275 2053 2414 2108 dicit
2443 2052 2902 2125 speculationem
2936 2053 3161 2108 felicem
3194 2051 3252 2108 in
3285 2069 3400 2125 qua
3418 2048 3714 2121 Deusaspi-

2079 2142 2250 2197 citur.
2285 2142 2412 2215 Ipse
2443 2141 2619 2198 etiam
2654 2141 2713 2197 in
2745 2142 2854 2198 hoc
2901 2141 3114 2199 saeculo
3144 2143 3245 2198 dat
3274 2141 3533 2198 salutare
3562 2135 3717 2196 Israel

2077 2248 2146 2287 ex
2168 2230 2329 2298 Sion,
2357 2248 2492 2287 cum
2515 2231 2744 2288 labores
2765 2237 3102 2290 sanctorum
3125 2232 3252 2288 suis
3272 2231 3574 2291 beneficiis
3595 2243 3716 2286 cou-

2079 2319 2386 2377 solatur.11
2412 2321 2540 2392 Ipse
2571 2335 2804 2393 quoque
2835 2337 2941 2376 nos
2971 2333 3173 2377 aversa
3200 2319 3536 2392 captivitate
3564 2315 3720 2372 vitio-

2079 2427 2211 2465 rum
2235 2409 2415 2465 erexit
2437 2409 2494 2464 in
2520 2408 2846 2466 libertatem
2868 2408 3170 2466 virtutum.
3189 2404 3716 2471 ExsultabitJacob,

2079 2498 2135 2553 id
2149 2497 3052 2571 esthristianuspopulus,dum
3067 2497 3447 2572 supplantat.)
3455 2494 3716 2554 udaicum

2079 2585 2361 2659 populum
2393 2586 2980 2661 benedictionemque
3008 2587 3136 2660 ejus
3169 2586 3396 2660 accipit.
3422 2585 3490 2644 Et
3519 2579 3718 2641 laetabi-

2076 2679 2175 2732 tur
2204 2675 2402 2746 Israel,
2434 2677 2576 2733 dum
2610 2682 2790 2734 Deum
2816 2675 3002 2734 oculis
3032 2677 3170 2734 ﬁdei
3198 2677 3480 2734 intuetur.

2576 2783 2780 2824 ORATIO
2819 2783 2887 2822 KX
2935 2783 3092 2824 PSAL.
3134 2783 3228 2823 LII.

2153 2853 2492 2926 Respiciens
2540 2856 2611 2912 de
2665 2855 2809 2912 caelo
2859 2860 3060 2912 sancto
3106 2860 3226 2925 tuo,
3261 2851 3527 2928 piissime
3562 2857 3718 2917 Deus,

2083 2961 2232 3016 pone
2262 2944 2579 3000 torminum
2613 2944 2961 3018 insipientia:
2997 2949 3226 3011 nostris,
3252 2947 3316 3001 ut
3347 2961 3382 3000 a
3409 2941 3722 2999 terroribus
3824 2963 3851 2990 .η

2080 3031 2246 3089 vanis
2278 3033 2452 3101 eruti,
2484 3033 2589 3088 tibi
2621 3034 2728 3091 soli
2761 3034 2830 3091 de
2865 3034 3118 3108 puritate
3147 3031 3339 3090 cordis
3369 3031 3598 3106 integra
3616 3029 3722 3103 pla-

2083 3139 2340 3180 ceamus.
2373 3122 2478 3178 Per
2513 3123 2822 3180 Dominum
2853 3127 3122 3180 nostrum
3150 3120 3376 3189 Jesum,
3409 3125 3520 3178 etc.

2649 3219 2980 3287 PSALMUS
3018 3229 3162 3286 LIII.

2533 3332 2934 3377 ABGUMBNTUI
2972 3335 3130 3377 ΡΘΛΙ..
3173 3335 3287 3376 LI".

2005 3377 2048 3444 θ
2156 3413 2197 3464 c
2225 3407 2347 3465 Vox
2369 3408 2635 3465 Ecclesiae
2666 3409 2738 3465 de
2761 3408 3056 3466 heretici:
3081 3408 3152 3464 ad
3182 3406 3474 3464 Christum
3491 3447 3504 3463 .

2083 3498 2200 3554 TT.
2235 3500 2296 3554 In
2323 3499 2490 3570 ﬁnem
2522 3501 2582 3554 in.
2628 3500 2970 3554 caminibus
3011 3497 3318 3570 intellectus
3340 3495 3572 3570 iDavid.
3605 3493 3729 3550 Cum

2154 3567 2422 3626 venissent
2450 3571 2666 3641 Ziphmi
2711 3579 2762 3626 et
2809 3570 3081 3626 dixissent
3117 3568 3188 3625 ad
3215 3568 3370 3625 Saul.
3402 3567 3597 3624 Nonne
3621 3578 3732 3622 eam

2154 3641 2326 3698 David
2354 3642 2713 3698 absconditus
2741 3649 2820 3697 est
2847 3641 2994 3714 apud
3021 3657 3138 3696 nos.

2154 3747 2196 3803 C
2227 3747 2288 3804 In
2315 3745 2488 3803 finem
2508 3747 2807 3804 Christum
2831 3737 3308 3822 significat.lstud
3327 3745 3483 3802 enim
3497 3759 3734 3802 carmen

2082 3835 2286 3893 laudes
2316 3836 2526 3893 Christi
2559 3837 2883 3894 denuntiat.
2919 3835 3256 3892 Intellectus
3299 3834 3502 3902 David,
3539 3831 3734 3892 Domi-

2084 3943 2227 3982 num
2254 3924 2611 3982 Salvatorem
2644 3926 2884 3991 indicat,
2914 3942 3091 3998 quem
3138 3923 3235 3981 ille
3279 3925 3541 3997 proficue
3573 3919 3734 3979 intel-

2082 4013 2222 4070 lexit
2239 4015 2488 4072 evenire.
2511 4013 2656 4071 Nam
2678 4013 2891 4088 Ziphzei
2915 4032 2949 4071 a
2966 4015 3092 4071 vicu
3116 4011 3312 4086 Syriae,
3337 4012 3395 4068 in
3419 4029 3538 4085 quo
3572 4010 3738 4068 habi-

2084 4103 2245 4160 tabat
2273 4097 2436 4176 Ziph,
2469 4102 2605 4159 dicti
2640 4109 2800 4174 sunt,
2834 4103 2932 4176 qui
2966 4102 3348 4176 prodiderunt
3377 4097 3562 4158 David
3585 4095 3739 4173 apud

2083 4209 2147 4250 se
2175 4207 2304 4250 esse
2331 4191 2609 4249 celatum.
2649 4193 2692 4249 Η
2723 4193 2764 4250 C
2793 4191 3006 4266 Ziphzei
3040 4196 3236 4248 autem
3286 4191 3740 4263 interpretatum

2083 4281 2376 4355 significat
2404 4279 2855 4356 ﬂorentes,quod
2875 4282 2933 4336 in
2953 4280 3064 4337 isto
3087 4281 3308 4336 mund‘o
3335 4277 3742 4352 peccatoribus

2083 4370 2284 4426 datum
2317 4375 2484 4428 est.C
2513 4369 2694 4426 David
2726 4373 2974 4442 ﬁguram
3007 4367 3224 4426 Christi
3256 4367 3528 4442 gerebat;
3564 4371 3616 4422 Η
3640 4363 3739 4440 qui

2085 4457 2195 4514 ﬂuit
2223 4457 2605 4515 abscondltus
2635 4458 2694 4514 in
2724 4457 2997 4514 inferiore
3024 4462 3188 4530 parte
3235 4461 3420 4526 terrae,
3451 4461 3511 4513 et
3541 4453 3744 4513 Domi-

2086 4563 2197 4604 nus
2231 4547 2290 4602 in
2321 4552 2486 4604 utero
2518 4551 2731 4604 sancta:
2753 4545 2967 4616 Marias,
2988 4550 3044 4603 et
3071 4545 3129 4602 in
3165 4560 3282 4602 una
3312 4549 3484 4620 gente
3513 4541 3744 4602 Judaeo-

2085 4654 2238 4704 rum,
2271 4635 2328 4692 ct
2356 4635 2630 4693 divinitas
2656 4636 2715 4692 in
2748 4651 2921 4692 carne
2951 4629 3186 4692 Christi.

323 4716 514 4756 nonne
542 4699 728 4757 scient
757 4715 962 4758 omnes
995 4701 1136 4756 mali
1182 4700 1240 4756 in
1297 4701 1496 4755 futuro
1530 4699 1760 4771 judicio
1792 4700 1975 4758 Deum
2008 4748 2052 4814 Β
2089 4727 2113 4782 ί
2226 4699 2364 4782 ρεαδ
2395 4728 2454 4782 in
2483 4729 2704 4782 nomine
2731 4733 2821 4782 tuo
2849 4726 3064 4782 salvum
3092 4737 3178 4781 me
3203 4725 3294 4796 rm,
3324 4743 3343 4779 ο.

323 4804 446 4814 ---Α
486 4789 580 4814 ---ζ
616 4789 731 4814 2--
768 4791 913 4814 _-:_-
946 4787 1399 4814 ..-ι....ιο-..ε,...ι
1423 4787 1624 4814 ..ιε....,.
1671 4805 1967 4814 ...ρ-...ωη-Δ

319 4789 582 4861 esse,qui
607 4789 734 4861 jam
767 4791 916 4847 scire
946 4789 1193 4846 nolunt?
1214 4787 1402 4845 scient
1423 4787 1646 4861 utique,
1671 4805 1972 4861 pcenarum

315 4878 737 4950 experimento.

315 4981 351 5040 6
458 4991 625 5044 Deum
651 5003 760 5042 non
793 4987 1183 5042 invocaverunt
1218 4999 1230 5040 :
1321 4989 1328 4996 ’

460 5071 582 5132 Illic
610 5075 1019 5150 trepidaverunt
1049 5074 1245 5128 timore
1273 5073 1372 5128 ubi
1400 5089 1509 5128 non
1537 5075 1650 5147 fuit
1679 5077 1864 5132 timor.

391 5175 431 5230 (ἶ
456 5173 636 5230 Deum
658 5189 773 5230 non
801 5173 1234 5228 invocaverunt.
1259 5169 1364 5228 Illa
1383 5172 1539 5228 enim
1572 5191 1699 5246 quae
1716 5191 1751 5230 a
1772 5191 1971 5248 pecca-

319 5251 546 5320 toribus
563 5266 766 5320 contra
781 5260 1138 5316 voluntatem
1159 5261 1308 5317 fiunt
1323 5261 1444 5328 Dei,
1459 5261 1617 5319 velut
1637 5263 1838 5322 fumus
1861 5265 1976 5321 fine

321 5349 624 5407 celerrimo
646 5353 1024 5412 evanescunt,
1043 5353 1099 5404 et
1118 5350 1430 5422 trepidant,
1453 5369 1523 5408 ne
1546 5351 1867 5409 honoribus
1887 5353 1976 5410 vel

321 5437 538 5494 divitiis
569 5433 874 5510 acquisitis
918 5436 974 5491 in
1010 5436 1120 5494 isto
1150 5438 1360 5494 saeculo
1392 5438 1710 5512 priventur.
1730 5441 1837 5498 Ubi
1861 5459 1976 5499 non

324 5525 434 5582 fuit
480 5525 675 5593 timor,
722 5523 1196 5583 subaudiendum
1256 5532 1364 5594 est,
1414 5529 1703 5598 videlicet,
1748 5531 1972 5602 justus.

321 5615 366 5670 A
400 5613 526 5680 Vel,
561 5613 700 5686 quia
729 5613 911 5669 Deum
965 5633 1078 5672 non
1123 5616 1556 5684 invocaverunt,
1590 5619 1701 5674 cito
1732 5619 1975 5692 perituri

321 5705 480 5756 sunt.
513 5701 612 5758 Vel
644 5703 772 5760 ideo
805 5701 925 5760 illic
959 5705 1412 5778 trepidaverunt,
1435 5712 1569 5775 etc.,
1598 5710 1699 5763 sed
1722 5710 1976 5765 ideotre-

323 5789 602 5859 pidarunt
631 5791 936 5866 quoniam,
970 5793 1144 5866 Deus,
1176 5800 1286 5852 etc.

2220 4821 2276 4882 -ξ
2321 4815 2388 4872 Et
2429 4823 2443 4881 ζ
2489 4817 2548 4871 in
2576 4817 2780 4872 virtute
2807 4823 2903 4872 tua
2929 4815 3102 4872 libera
3130 4829 3236 4871 me.

2149 4909 2189 4960 C
2235 4904 2375 4961 Orat
2429 4903 2586 4962 enim
2645 4903 2953 4976 Propheta,
2986 4907 3051 4958 ut
3077 4901 3138 4960 in
3177 4900 3412 4959 nomine
3443 4898 3685 4958 Domini
3712 4912 3750 4953 a

2080 4992 2557 5067 persequentium
2597 4992 2960 5065 malignitate
3008 4991 3310 5062 liberetur,
3340 4991 3592 5064 sperans
3623 4993 3746 5046 non

2082 5082 2317 5140 aliunde
2347 5081 2827 5155 sospitatem,sed
2864 5098 2991 5155 quin
3023 5098 3056 5137 a
3087 5081 3204 5138 Deo
3232 5080 3422 5146 venit;
3445 5078 3748 5134 etiterum

2083 5175 2268 5246 rogat,
2302 5177 2367 5228 ut
2394 5171 2453 5228 in
2477 5170 2705 5243 judicio
2737 5171 2933 5228 futuro
2963 5171 3093 5242 ejus
3120 5169 3336 5227 virtute
3365 5167 3679 5224 liberetur.
3701 5164 3751 5220 Il

2083 5261 2147 5318 In
2179 5260 2415 5318 nomine
2444 5265 2567 5330 tuo,
2602 5261 2656 5317 id
2691 5265 2782 5316 est
2823 5259 2881 5316 in
2932 5259 3171 5316 nomine
3219 5256 3320 5314 ille
3365 5253 3751 5318 humilitatis,

2087 5351 2242 5424 quod
2275 5353 2364 5406 est
2393 5349 2655 5417 salvatio,
2685 5349 2742 5404 id
2788 5352 2878 5406 est
2926 5348 2984 5405 in
3031 5347 3271 5406 nomine
3309 5345 3658 5413 Salvatoris,
3689 5341 3753 5398 in

2087 5439 2323 5496 nomine
2353 5438 2518 5496 Jesu.

2083 5532 2119 5584 2
2229 5534 2373 5585 Deus
2403 5527 2611 5584 exaudi
2637 5529 2942 5585 orationem
2973 5543 3154 5584 meam
3183 5545 3202 5580 :

2227 5619 2465 5673 Auribus
2489 5619 2712 5689 percipe
2743 5619 2906 5688 verba
2933 5617 3046 5673 oris
3074 5617 3204 5671 mei.

2158 5707 2200 5762 C
2233 5707 2460 5778 Repetit
2491 5705 2701 5761 iterum
2735 5705 3032 5784 Propheta.
3053 5719 3264 5762 nomen
3287 5697 3754 5774 Omnipotentis,

2087 5801 2152 5852 ut
2181 5812 2314 5851 cum
2349 5795 2682 5867 frequenter
2710 5792 2864 5852 Deus
2904 5792 3272 5868 impleretur,
3305 5805 3423 5846 non
3473 5787 3678 5846 tardet
3706 5805 3762 5868 ei
