3916 6360
154 451 271 519 ’781

1082 453 1487 521 EPISTOLE
1531 452 1627 521 ET
1668 451 2119 522 DIPLO‘MATA
2168 459 2643 523 PONTIFICIA.

3436 467 3552 530 782

160 590 393 645 Domini
430 590 610 646 nostri
642 591 779 647 Jesu
804 590 1230 656 Christi,Pater
1252 592 1804 655 misericordiarum,
1837 599 1887 663 Α
1990 594 2156 663 Apud
2195 611 2297 647 nos
2332 610 2433 648 nec
2483 594 2553 648 ad
2606 593 3066 649 subdiaconatus
3099 596 3346 668 gradum
3400 598 3559 669 quis-

157 686 217 733 et
240 681 393 734 Deus
414 680 592 735 totius
616 679 1038 735 consolationis
1056 680 1097 751 (ι
1122 680 1311 747 Com),
1344 681 1614 751 dignetur
1646 686 1803 735 tuam

157 767 562 824 excellentiam
583 770 926 824 benedicere
948 769 1102 823 omni
1120 770 1517 825 benedictione
1542 771 1810 840 Spiritus-

156 855 197 911 li
228 856 562 929 repleatque
584 857 739 912 omni
764 856 976 929 gaudio
1000 862 1054 911 et
1076 862 1309 927 pace,ut
1332 857 1389 911 in
1412 859 1680 930 prmsenti
1704 875 1807 913 sa:-

159 946 295 1000 culo
345 963 447 1017 per
502 943 671 1018 longa
702 949 965 1017 tempora
1012 945 1253 1000 feliciter
1295 946 1637 1011 domineris,
1666 954 1720 1001 et
1749 946 1807 1000 in

159 1035 360 1089 futuro
399 1034 525 1089 sine
559 1035 672 1089 fine
707 1050 841 1089 cum
874 1034 1023 1106 Rege
1054 1049 1257 1105 regum
1282 1038 1339 1089 et
1359 1034 1605 1090 Domino
1636 1036 1813 1089 domi-

165 1123 437 1177 nantium
470 1140 648 1195 regno
679 1122 956 1178 ccelorum
989 1123 1151 1177 beate
1183 1123 1520 1193 perfruaris,
1563 1123 1810 1179 honora-

160 1212 299 1267 bilis
330 1217 385 1267 et
417 1209 819 1267 desiderabilis
851 1210 1019 1265 nobis
1051 1211 1109 1265 in
1144 1210 1483 1278 Christoﬁli
1515 1215 1571 1267 et
1600 1211 1811 1283 glorio-

161 1318 224 1355 se
257 1305 538 1371 Auguste.
575 1303 775 1357 Amen.

915 1388 1050 1444 CIV.

162 1480 220 1531 S.
259 1478 361 1533 Leo
390 1480 717 1533 monasterii
760 1478 815 1533 S.
868 1478 1164 1534 Saluatoris
1209 1482 1258 1532 et
1309 1479 1363 1533 S.
1414 1479 1606 1535 Mariae
1647 1481 1811 1534 Nien-

240 1550 519 1617 burgensis
546 1551 900 1618 possessiones
925 1552 975 1604 et
1003 1550 1316 1620 privilegia,
1338 1556 1563 1616 rogante
1578 1551 1812 1605 Albuino

236 1622 448 1688 abbate,
480 1644 507 1669 ‹‹
536 1639 635 1692 ρνο
667 1623 763 1675 Dei
788 1637 979 1675 amore
1008 1630 1062 1676 et
1084 1623 1344 1692 petitione
1390 1622 1568 1690 ﬁdelis
1599 1624 1688 1675 sui
1720 1623 1810 1675 Ri-

237 1693 410 1764 eherii
438 1692 652 1764 abbatis
684 1693 1039 1763 (Casinensis)
1068 1701 1230 1764 atque
1268 1693 1664 1747 interventione
1710 1693 1811 1764 Eg-

239 1763 376 1817 berti
401 1763 685 1818 Fuldensis
709 1764 921 1818 abbatis
951 1785 977 1812 »
1008 1763 1315 1818 continuat.

785 1851 975 1921 (Anno
1007 1850 1190 1920 4054.)

160 1938 761 2031 [Κεειυὶηβνιέηιίίίσζιλε
788 1939 1154 2031 Mustellaria,
1188 1956 1251 2031 p.‘
1289 1938 1369 2020 l‘l,
1403 1939 1722 2031 teste‘dall'e
1751 1940 1808 1995 in
1843 1967 1889 2031 B

239 2012 474 2081 Regestis
503 2012 844 2083 Pontsltom.
883 2028 937 2082 p.
974 2010 1097 2063 379.
1133 2010 1203 2051 ς
1231 2011 1411 2083 Incip.
1458 2028 1471 2065 :
1521 2012 1581 2065 Si
1607 2028 1816 2083 semper

237 2091 365 2137 sunt
393 2081 753 2137 concedenda.
774 2082 786 2151 ]

927 2170 1038 2223 CV.

158 2264 218 2316 S.
256 2262 357 2315 Leo
396 2261 664 2315 Albuvino
711 2260 897 2313 abbati
946 2260 1000 2313 S.
1056 2261 1246 2315 Maria:
1292 2261 1714 2331 Nienburgensis
1763 2266 1814 2317 et

236 2335 358 2403 ejus
388 2332 784 2386 successoribus
819 2354 844 2377 «
874 2346 973 2403 pro
998 2333 1257 2401 petitione
1289 2332 1814 2403 RicheriiJJasinen-

235 2401 311 2458 sis
341 2404 534 2458 Montis
561 2404 792 2467 abbatis,
826 2423 852 2450 ››
887 2401 989 2471 (Cf.
1044 2402 1308 2469 Leoonis,
1353 2402 1547 2457 Chron.
1579 2409 1809 2459 monast.

239 2476 425 2529 Casin.
477 2491 534 2545 p.
583 2476 710 2543 686)
759 2472 997 2527 concedit
1038 2482 1103 2545 ut
1146 2476 1203 2527 in
1251 2475 1612 2545 procurandis
1639 2478 1811 2530 sacris

234 2544 804 2601 utantur’dalmaticis
834 2550 885 2599 et
914 2544 1175 2600 sandalis.
1208 2544 1314 2600 Pro
1338 2564 1430 2601 an.
1468 2548 1603 2600 1048
1635 2547 1811 2617 legen-

230 2618 361 2673 dum
386 2633 502 2672 esse
533 2634 627 2671 an.
663 2618 798 2670 1054
830 2616 1018 2670 docent
1040 2633 1132 2669 an.
1165 2626 1380 2688 pontm
1404 2622 1454 2671 et
1486 2616 1810 2689 indict.vu.)

151 2707 542 2778 [Beckmann,
576 2706 809 2760 Historie
836 2704 1370 2778 desiFurstenl/mms
1403 2706 1624 2769 Anhalt,
1664 2711 1809 2761 teste

231 2778 401 2846 JaIl‘e,
454 2779 661 2845 Regest.
716 2778 869 2849 Pont.
926 2777 1072 2829 Rom.
1121 2795 1177 2848 p.
1230 2778 1353 2830 379.
1388 2809 1453 2816 —
1486 2779 1662 2849 Incip.
1704 2795 1715 2832 :
1750 2780 1812 2833 Si

231 2858 475 2921 pastores
504 2847 733 2917 ovium.)

871 2937 960 2991 CV
999 2939 1097 2993 bis.

155 3031 213 3085 S.
268 3031 371 3084 Leo
414 3030 479 3083 IX
522 3029 586 3082 de
636 3028 968 3081 clericorum
1015 3029 1344 3081 castimonia
1390 3030 1577 3082 scribit
1626 3036 1813 3083 contra

315 3101 603 3172 epistolam
634 3101 837 3154 Niceta?
864 3099 1081 3153 abbatis
1109 3102 1431 3153 monasterii
1457 3099 1659 3154 Studii.

806 3188 1173 3259 Fragmenta.

578 3276 809 3347 [Mansi,
840 3276 1045 3331 Concil.
1081 3276 1222 3343 XIX,
1254 3278 1403 3346 696.]

1920 700 2094 752 quam
2155 682 2506 748 admittitur,
2554 684 2665 738 nisi
2723 689 3064 757 perpetuam
3122 685 3563 758 continentiam,

1918 771 2091 825 etiam
2143 789 2176 826 a
2222 772 2460 843 propria
2508 773 2775 844 conjuge,
2836 774 3215 845 proﬁteatur;
3274 791 3381 830 nec
3436 778 3567 848 post

1917 859 2163 930 gradum
2195 860 2467 933 cuiquam
2500 860 2710 916 ducere
2740 878 2980 918 uxorem
3011 864 3369 920 conceditur.

2292 994 2391 1048 Leo
2421 995 2485 1049 IX
2512 996 2574 1048 in
2600 996 2829 1067 epistola
2858 1012 2967 1069 qua
2994 1014 3183 1069 supra.

1989 1098 2258 1154 Seriatim
2316 1104 2370 1154 et
2417 1105 2611 1171 aperte
2659 1104 3035 1174 prosequitur
3080 1105 3234 1176 quod
3284 1104 3344 1161 S.
3397 1105 3465 1162 R.
3500 1106 3565 1163 Ε.

1921 1187 2096 1241 etiam
2130 1187 2185 1241 in
2217 1188 2496 1259 gradibus
2527 1188 2866 1247 clericorum
2915 1192 3061 1265 agit;
3106 1192 3348 1251 clericos
3377 1194 3563 1265 enim,

1923 1274 2214 1341 ostiarios,
2271 1274 2534 1343 lectores,
2592 1280 2924 1348 exorcistas,
2984 1280 3280 1353 acolythos
3311 1283 3361 1339 si
3400 1288 3565 1341 extra

1922 1362 2208 1420 vomitum
2246 1368 2303 1433 [/.
2326 1354 2662 1435 solitum}et
2681 1366 2944 1423 habitum
2971 1370 3562 1428 monachiinvenian-

1920 1455 2101 1518 tur,et
2133 1450 2549 1507 continentiam
2580 1455 2835 1523 proﬁteri
2867 1456 3333 1525 nolunt,uxorem
3353 1461 3564 1517 ducere

1922 1539 2205 1612 virginem
2240 1557 2371 1596 cum
2405 1540 2810 1599 benedictione
2857 1546 3197 1601 sacerdotali
3241 1548 3563 1619 permittit;

1922 1647 2036 1684 non
2070 1635 2263 1685 autem
2294 1629 2532 1686 viduam
2582 1632 2987 1704 repudiatam;
3038 1635 3135 1707 qui
3175 1639 3412 1708 propter
3456 1634 3568 1693 hoc

1922 1718 2193 1790 deinceps
2227 1720 2330 1774 nec
2362 1719 2431 1774 ad
2465 1720 2953 1777 subdiaconatum
2976 1724 3302 1795 promoveri
3332 1724 3566 1797 poterit,

1922 1824 2027 1863 nec
2058 1806 2243 1863 laicus
2274 1826 2387 1864 non
2417 1809 2704 1881 virginem
2735 1811 2977 1869 sortitus
3010 1817 3381 1883 uxorem,aut
3402 1814 3567 1888 biga-

1922 1913 2054 1951 mus
2086 1896 2155 1952 ad
2190 1896 2548 1954 clericatum.
2585 1899 2748 1963 Quod
2780 1900 2828 1957 si
2861 1901 2994 1973 quis
3024 1919 3092 1957 ex
3120 1902 3378 1975 praefatis
3407 1903 3565 1961 ordi-

1920 1987 2096 2042 nibus
2126 1987 2416 2044 desiderat
2449 1990 2518 2043 ad
2553 1989 3038 2048 subdiaconatum
3080 1992 3411 2064 ascendere,
3446 2008 3565 2050 non

1924 2082 2113 2147 potest
2145 2076 2269 2132 sine
2299 2094 2587 2134 consensu
2620 2078 2817 2135 uxoris
2848 2097 2988 2147 suae,
3020 2084 3086 2136 ut
3113 2082 3183 2137 de
3212 2081 3428 2139 carnali
3464 2082 3569 2139 flat

1922 2165 2193 2238 deinceps
2224 2168 2560 2239 conjugium
2594 2166 3163 2242 spirituale,cogente
3185 2186 3284 2227 eos
3306 2171 3565 2228 nemine.

1922 2254 2036 2310 Nec
2063 2256 2422 2327 permittitur
2453 2261 2654 2328 postea
2688 2274 2832 2313 uxor
2861 2258 3090 2331 injungi
3120 2260 3323 2317 eodem
3355 2260 3566 2317 marito

1921 2360 2027 2399 suo
2060 2343 2388 2411 carnaliter,
2425 2362 2527 2399 nec
2557 2345 2832 2417 cuiquam
2863 2348 3082 2404 nubere
3107 2347 3465 2420 permittitur
3504 2348 3568 2405 in

1920 2432 2057 2502 vita,
2092 2438 2189 2487 aut
2225 2437 2350 2503 post
2378 2436 2624 2490 mortem
2655 2432 2842 2493 illius.

2548 2550 2695 2604 Idem
2727 2550 2945 2606 ibidem.

1991 2654 2242 2708 Umnino
2261 2657 2610 2711 confitemur
2630 2674 2743 2712 non
2766 2656 2938 2714 licere
2954 2660 3244 2732 episcopo,
3270 2662 3565 2734 presbyte-

1920 2742 2640 2809 ro,diacono,subdiacono
2664 2747 2956 2818 propriam
2971 2765 3227 2814 ,uxorem
3243 2766 3419 2806 causa
3438 2750 3569 2805 reli-

1919 2830 2107 2901 gionis
2139 2831 2390 2902 abjicere
2422 2850 2454 2887 a
2485 2849 2624 2889 cura
2668 2851 2795 2903 sua,
2829 2836 3050 2892 scilicet
3082 2843 3149 2894 ut
3175 2839 3225 2894 ei
3257 2839 3475 2895 victum
3506 2842 3569 2896 et.

1919 2920 2190 2974 vestitum
2220 2919 2523 2992 largiatur,
2547 2923 2646 2977 sed
2670 2940 2785 2978 non
2809 2929 2875 2980 ut
2894 2942 3027 2981 cum
3050 2926 3151 2982 illa
3172 2944 3241 2983 ex
3258 2943 3420 2984 more
3438 2944 3565 2985 car-

1922 3009 2131 3063 naliter
2152 3010 2465 3079 jaceat.Sic
2494 3011 2594 3066 SS.
2630 3012 2927 3083 apostolos
2975 3014 3229 3087 legimus
3256 3017 3466 3090 egisse,
3498 3017 3567 3073 Β.

1921 3097 2099 3152 Paulo
2134 3098 2395 3169 apostolo
2418 3099 2683 3156 dicente:
2712 3102 2974 3173 Nunquid
3017 3120 3130 3159 non
3177 3106 3432 3162 habemus
3468 3122 3567 3178 po-

1920 3190 2163 3241 testatem
2192 3203 2427 3242 sororem
2456 3189 2748 3245 mulierem
2775 3193 3220 3250 circumducendi
3246 3197 3391 3251 sicut
3407 3196 3466 3252 Γ.
3498 3194 3565 3250 D.

1923 3284 1972 3329 ct
2005 3277 2251 3347 Cephas?
2280 3275 2442 3343 Vide,
2477 3277 2782 3350 insipiens,
2815 3281 2969 3351 quod
3020 3298 3133 3337 non
3183 3282 3326 3337 dixit
3358 3298 3372 3338 :
3406 3282 3566 3339 Nun-

226 3368 545 3425 Clementis
578 3341 690 3421 lib.
741 3341 802 3432 1,7
833 3365 981 3420 Petri
1030 3341 1277 3437 apostoli
1330 3341 1695 3420 Itinerarium
1755 3370 1810 3419 et
1840 3341 1881 3407 C
1921 3341 2207 3434 quid'non
2258 3341 2544 3420 habemus
2576 3341 2919 3437 potestatem
2951 3386 3205 3424 sororem
3255 3370 3561 3426 mulierem

152 3460 423 3514 Canones
454 3454 851 3527 apostolorum
908 3460 1220 3507 numerant
1251 3453 1446 3507 Patres
1487 3454 1639 3508 inter
1670 3470 1806 3524 apo-

1917 3451 2309 3522 amplexandi,
2340 3452 2440 3507 sed
2470 3455 2925 3522 circumducendi,
2945 3457 3170 3513 scilicet
3196 3462 3261 3513 ut
3289 3457 3555 3514 mercede

152 3546 398 3619 crypha,
431 3544 683 3616 exceptis
715 3559 840 3614 cap.
874 3544 965 3609 50,
1002 3558 1148 3613 quos
1180 3542 1433 3596 decrevit
1471 3542 1807 3598 orthodoxis
1916 3540 2339 3612 praedicationis
2359 3546 2787 3598 sustentaretur
2814 3544 2887 3598 ab
2914 3544 3019 3614 eis,
3043 3562 3148 3601 nec
3175 3550 3372 3604 tamen
3393 3547 3554 3604 dein-

155 3634 427 3708 adjungi.

1915 3646 2049 3701 ceps
2082 3630 2226 3685 foret
2255 3629 2407 3684 inter
2434 3647 2534 3685 eos
2564 3629 2810 3687 ulterius
2833 3632 3067 3691 carnale
3096 3636 3455 3709 conjugium.

1640 3793 2077 3882 SPURIA.

922 3971 1063 4029 CVI.

156 4063 327 4121 Bulla
356 4062 413 4119 S.
448 4062 641 4119 Leonis
667 4062 732 4118 IX
763 4064 821 4116 in
853 4078 959 4133 qua
989 4062 1230 4116 declarat
1258 4077 1311 4116 se
1340 4060 1614 4117 dedicasse
1652 4062 1814 4117 eccle-

229 4139 376 4191 siam
424 4134 610 4190 Sancti
661 4134 957 4205 Arnulphi,
990 4142 1040 4189 et
1089 4134 1261 4188 multa
1305 4134 1601 4203 privilegia
1632 4138 1816 4189 conlu-

235 4210 364 4263 lisse
393 4206 583 4262 abbati
611 4209 661 4261 et
691 4206 959 4275 fratribus
983 4205 1227 4273 ejusdem
1260 4207 1598 4260 monasterii.

794 4314 979 4383 (Anno
1016 4312 1199 4380 lOlQ.)

206 4402 378 4476 [Gall.
414 4402 611 4457 Christ.
647 4400 788 4468 XIII,
820 4402 949 4467 394,
981 4418 1049 4455 ex
1080 4400 1314 4456 archivo
1347 4401 1405 4455 S.
1436 4400 1770 4473 Arnulpbi.]

1920 3971 2001 4027 ibi
2032 3971 2228 4027 divina
2263 3973 2486 4028 favente
2519 3973 2706 4046 gratia
2742 3974 2813 4030 ad
2854 3976 3269 4035 correctionem
3290 3978 3563 4052 perduxi-

1923 4062 2503 4129 mus,monasterium
2529 4062 2712 4118 sancti
2729 4064 3016 4138 Arnulphi
3029 4067 3381 4125 confessoris
3400 4066 3564 4125 Chri-

1924 4150 1995 4205 sti
2006 4151 2231 4222 ,quinto
2256 4151 2391 4207 ldus
2404 4151 2667 4207 Octobris
2682 4152 2909 4210 Christo
2926 4156 3568 4215 consecravimus.Huio

1926 4240 2109 4311 igitur
2136 4240 2403 4312 dignitati
2423 4239 2596 4296 aliam
2612 4241 2959 4314 dignitatem
2978 4244 3279 4318 cupientes
3296 4247 3567 4319 adjicere,

1928 4328 2297 4401 privilegium
2322 4328 2685 4385 auctoritatis
2709 4336 2919 4387 nostris
2942 4334 3192 4405 praefata;
3237 4352 3354 4392 non
3401 4351 3571 4409 nega-

1928 4434 2062 4473 mus
2094 4417 2369 4473 ccclesiaa.
2400 4417 2688 4474 Volumus
2711 4420 2906 4493 itaque
2926 4427 2983 4477 et
3002 4438 3167 4478 sacra
3187 4423 3389 4495 primis
3412 4422 3571 4480 sedis

241 4510 357 4565 Lso
388 4508 719 4581 episcopus,
754 4524 957 4563 servus
988 4523 1289 4562 servorum
1324 4507 1445 4574 Dei,
1476 4507 1729 4563 ecclesiae
1764 4507 1821 4562 in
1852 4525 1898 4588 D
1930 4507 2272 4562 auctoritate
2320 4506 2619 4563 sancimus
2673 4513 2739 4563 ut
2795 4509 2996 4565 eadem
3045 4511 3289 4568 ecclesia
3340 4516 3396 4567 et
3441 4512 3571 4584 ipsa

162 4601 451 4656 honorem
483 4597 636 4653 beati
665 4596 909 4652 Joannis
942 4594 1307 4667 evangelista
1357 4596 1661 4667 sanctique
1708 4602 1821 4651 Ar-

164 4687 377 4760 nulphi
410 4686 765 4742 confessoris
796 4685 1007 4740 Christi
1036 4702 1069 4739 a
1100 4684 1268 4739 nobis
1299 4683 1631 4756 specialiter
1659 4685 1820 4740 dedi-

164 4782 332 4842 catae,
357 4780 415 4831 et
444 4793 546 4849 per
573 4791 703 4830 eam
730 4773 1045 4830 venerabili
1076 4774 1322 4828 Wssmo
1352 4774 1548 4829 abbati
1581 4775 1823 4845 suisque

164 4865 614 4922 successoribus
646 4863 952 4919 monachis
984 4863 1159 4918 etiam
1194 4862 1335 4917 inibi
1369 4862 1485 4918 Deo
1534 4862 1824 4918 famulan-

164 4955 332 5010 tibus
363 4952 614 5009 salutem
650 4957 708 5007 et
738 4952 1119 5024 apostolicam
1150 4951 1633 5007 benedictionem.

241 5043 522 5111 Quamvis
553 5041 815 5098 omnium
840 5040 1229 5097 Ecclesiarum
1253 5040 1353 5095 Dei
1378 5057 1578 5095 curam
1596 5058 1828 5113 semper

167 5149 373 5207 gerere
406 5131 750 5198 debeamus,
781 5129 899 5185 illis
947 5135 1143 5185 tamen
1194 5129 1429 5200 quibus,
1461 5130 1659 5185 divina
1696 5147 1825 5186 coo-

167 5226 414 5296 perante
464 5221 795 5287 clementia,
847 5224 1061 5274 sanctis
1114 5218 1533 5273 benedictionis
1584 5236 1826 5274 manum

168 5311 558 5384 imponimus,
596 5308 959 5381 propensiori
991 5325 1133 5363 cura
1163 5312 1218 5363 et
1247 5306 1597 5377 vigilantiori
1631 5307 1828 5362 studio

171 5399 508 5472 prospicere
521 5397 877 5453 debemusin
891 5395 1827 5467 omnibus.0uapropterfidelium

170 5488 420 5557 Christi,
454 5491 574 5543 tam
606 5486 983 5559 praesentium
1035 5502 1211 5558 quam
1261 5484 1611 5553 futurorum,
1647 5486 1830 5541 soler-

173 5578 319 5633 tiam
352 5576 624 5649 ignorare
655 5574 931 5631 nolumus
965 5593 978 5631 :
1030 5573 1285 5646 qualiter
1314 5590 1420 5628 nos
1451 5591 1486 5629 a
1514 5574 1828 5630 venerabili

172 5666 470 5724 confratre
522 5669 722 5720 nostro
770 5664 1136 5720 Adalberone
1165 5663 1402 5718 Metensi
1451 5663 1724 5736 episcopo
1756 5664 1828 5719 ad

171 5758 371 5835 ipsam
401 5754 693 5814 civitatem
726 5753 1067 5812 solemniter
1093 5752 1318 5810 invitati
1361 5752 1514 5811 inter
1555 5751 1669 5811 alia
1699 5768 1829 5828 quis

1931 4600 2304 4650 sacrosancta
2334 4595 2566 4650 Domini
2598 4613 2801 4653 mensa
2819 4597 2876 4652 in
2900 4597 3117 4655 honore
3142 4599 3329 4671 ipsius
3351 4599 3572 4656 anobis

1930 4685 2196 4739 dedicata
2225 4684 2337 4739 tale
2366 4683 2729 4757 privilegium
2760 4685 3169 4743 inviolabiliter
3196 4688 3475 4757 obtineat,
3508 4692 3579 4745 ut

1932 4777 2141 4844 praeter
2185 4772 2486 4843 episcopos
2531 4777 2587 4828 et
2633 4773 2892 4842 abhates,
2927 4791 2993 4830 ac
3036 4780 3260 4847 septem
3306 4776 3576 4848 ejusdem

1935 4862 2177 4917 caanobii
2210 4863 2539 4917 sacerdotes
2568 4866 2622 4917 et
2646 4867 2765 4918 tres
2786 4863 3095 4921 canonicos
3116 4865 3188 4920 de
3207 4864 3382 4921 domo
3403 4865 3583 4923 Sanc-

1936 4951 1977 5005 ti
2011 4949 2722 5021 Stephani,primicerium
2754 4952 3040 5008 decanum
3065 4954 3578 5028 etcorepiscopum

1936 5040 2294 5111 primum,ad
2322 5040 2513 5110 ipsum
2548 5041 2864 5113 principale
2887 5041 3067 5098 altare
3096 5042 3297 5100 nullus
3319 5061 3585 5116 unquam

1936 5129 2150 5184 missas
2180 5128 2468 5183 celebrare
2516 5135 2851 5200 praesumat,
2885 5132 3000 5186 nisi
3048 5136 3107 5187 et
3154 5131 3271 5188 alia
3316 5132 3586 5207 religiosa

1939 5234 2186 5289 persona
2213 5235 2339 5289 quae
2364 5217 2753 5288 postulatione
2795 5227 2851 5274 et
2901 5237 3192 5278 consensu
3227 5222 3456 5277 abbatis
3484 5225 3585 5276 aut

1936 5312 2183 5361 fratrum
2234 5307 2303 5360 ad
2356 5305 2498 5361 illud
2548 5314 2875 5365 reverenter
2924 5312 3177 5366 accedat.
3211 5310 3582 5381 Praecipimus

1938 5397 2114 5452 etiam
2148 5400 2212 5450 ut
2242 5394 2440 5451 nullus
2470 5395 2946 5469 archiepiscopus
2965 5398 3051 5454 vel
3071 5400 3374 5471 episc0pus
3405 5410 3585 5468 super

1915 5488 2095 5540 -idem
2127 5485 2306 5539 altare
2338 5484 2603 5556 quandiu
2637 5486 2977 5542 inviolatum
3012 5492 3116 5553 cst,
3149 5501 3384 5541 manum
3409 5500 3580 5541 suam

1940 5581 2157 5629 temere
2189 5578 2570 5645 superponat,
2604 5575 2694 5631 vel
2742 5594 2844 5647 pro
2894 5588 3232 5648 quacunque
3275 5573 3581 5629 occasione

1941 5668 2377 5719 sacrosanctum
2409 5664 2827 5737 redemptionis
2869 5669 3072 5719 nostris
3120 5662 3467 5734 mysterium
3495 5661 3583 5719 ibi

1938 5750 2325 5811 intercludere
2355 5752 2443 5810 vel
2473 5753 2778 5829 prohibere
2805 5754 3145 5826 praesumat;
3178 5753 3278 5810 sed
3310 5754 3359 5810 si
3394 5751 3581 5809 homi-
