3916 6382
259 383 381 447 ’183

1549 387 1613 446 S.
1659 385 1935 448 LEONIS
1981 385 2060 448 IX
2107 386 2360 448 ΡΑΡᾸΞ.

3560 385 3716 448 ’184

263 517 480 574 cidium
512 515 596 572 vel
627 515 743 573 tale
773 515 911 588 quid
941 516 1045 585 ibi,
1079 519 1229 590 quod
1263 518 1433 584 absit,
1468 519 1717 589 peccatis.
1757 536 1896 572 con-
1927 520 1977 584 Α
2009 536 2168 588 irque
2194 521 2544 575 Adalberonc
2569 526 2788 590 vocato,
2823 539 2926 595 pro
2957 522 3235 596 praedicta
3253 521 3424 578 curia
3445 521 3716 577 Bume-

261 606 461 679 tigerit
489 605 870 679 exigentibus,
919 623 952 661 a
993 605 1263 662 Romanis
1314 606 1471 662 sedis
1517 605 1782 677 prirsule,
1814 607 1900 662 vel

262 695 479 768 quibus
500 694 624 766 ipse
651 694 967 766 iujunxerit
985 695 1410 752 discutiendum
1437 711 1500 748 ac
1521 695 1904 749 determinan-

264 783 406 841 dum
435 799 565 840 esse
612 799 936 840 censemus.
972 783 1081 838 Sed
1133 787 1187 838 ct
1231 782 1436 838 annale
1469 782 1544 836 ibi
1579 787 1897 838 mercatum

263 873 579 946 quotannis
608 873 668 928 in
699 871 1090 929 anniversaria
1119 871 1498 926 dedicationis
1529 871 1714 943 ipsius
1738 872 1900 924 fcsli-

261 961 459 1028 vitate,
486 979 590 1035 per
618 977 924 1018 assensum
955 960 1320 1016 dilectissimi
1350 960 1450 1014 ﬁlii
1484 960 1667 1015 nostri
1699 961 1894 1014 domni

262 1051 496 1108 Henrici
539 1050 694 1106 tertii
741 1050 915 1122 regis,
949 1049 1189 1104 secundi
1231 1065 1363 1104 vero
1409 1049 1798 1120 imperatoris,
1839 1049 1896 1102 in

263 1139 465 1196 eodem
483 1138 606 1194 loco
621 1138 820 1194 haberi
839 1137 1220 1205 decrevimus;
1243 1142 1297 1193 et
1318 1143 1381 1192 ut
1395 1139 1594 1192 eadem
1615 1137 1898 1192 dedicatio

263 1227 340 1284 ibi
359 1243 588 1300 semper
606 1227 804 1283 festive
826 1227 1148 1282 celebretur
1169 1227 1239 1280 ab
1253 1226 1526 1280 omnibus
1553 1244 1666 1280 non
1691 1225 1899 1280 minori

262 1317 604 1374 auctoritate
621 1317 920 1388 jubemus.
943 1315 1055 1370 Con
1067 1315 1364 1370 stituimus
1389 1315 1566 1369 etiam
1589 1319 1646 1368 et
1664 1319 1901 1386 paterna

261 1406 588 1477 dilectione,
610 1403 848 1461 Warine
869 1403 1181 1469 abbas,tibi
1209 1403 1444 1476 tuisque
1466 1405 1902 1458 successoribus

261 1494 322 1551 in
379 1498 729 1568 perpetuum
777 1491 1150 1548 concedimus
1203 1496 1267 1546 ut
1315 1492 1370 1545 in
1417 1508 1578 1546 sacra
1638 1492 1898 1561 ejusdem

264 1583 650 1640 dedicationis
677 1581 770 1637 die
799 1581 1045 1654 aliisque
1076 1580 1382 1652 prazcipuis
1406 1581 1898 1650 festivitatibus,in

265 1673 584 1728 missarum
615 1667 998 1726 celebratione
1031 1666 1312 1724 sandaliis
1343 1674 1399 1722 et
1429 1667 1738 1722 dalmatica
1772 1674 1898 1723 uta-

266 1761 434 1828 mini,
468 1758 886 1816 fraternitatem
919 1761 1168 1812 vestram
1201 1761 1636 1812 commonentes
1670 1762 1733 1811 ut
1765 1774 1894 1812 cu'n

2009 605 2222 663 liacum
2254 614 2610 682 nuncupata,
2643 615 2848 666 Sancto
2877 610 3122 668 Arnulfo
3150 610 3212 666 in
3243 609 3712 668 concambium

2011 697 2204 751 datam
2241 715 2367 752 esse
2400 699 2746 760 nari-.ivit.ct
2777 700 2958 756 curtis
2988 701 3257 756 testando
3285 697 3708 757 monstravit.

2011 783 2167 838 Hanc
2199 787 2412 858 quippe
2443 788 2897 856 abbatiam,cum
2917 787 3604 862 domibus,agris,silvis
3631 804 3713 844 ac

2009 873 2274 934 vineis,ct
2304 891 2432 928 cum
2467 876 2740 931 omnibus
2770 877 3123 949 appenditiis
3155 877 3375 945 suis,ex
3406 877 3708 934 auctori-

2008 965 2123 1015 tate
2157 962 2304 1016 beati
2336 963 2484 1018 Petri
2509 969 2564 1019 et
2586 968 2784 1020 nostra
2815 967 2942 1037 ejus
2974 965 3198 1040 indigni
3220 965 3706 1040 vicarii,rogatu

2009 1050 2264 1120 przedicti
2298 1051 2678 1107 Adalberonis
2707 1054 2962 1126 episcopi
3021 1071 3088 1110 ac
3143 1053 3377 1110 Warini
3432 1054 3707 1110 abbatis

2009 1138 2268 1192 coenobio
2301 1143 2356 1193 S.
2391 1139 2605 1194 Arnulfi
2639 1158 2706 1196 ea
2737 1141 2959 1198 ratione
3000 1140 3332 1210 ﬁrmamus,
3364 1146 3703 1215 quatenus

2009 1227 2280 1297 praefatus
2305 1227 2482 1282 abbas
2533 1232 2634 1283 aut
2679 1230 2884 1284 fratres
2928 1247 3250 1303 eorumque
3281 1247 3700 1288 successores

2010 1315 2117 1368 sub
2148 1315 2407 1386 ipsorum
2441 1333 2581 1372 cura
2611 1317 3022 1390 perpetualiter
3052 1323 3171 1373 tam
3211 1322 3456 1376 teneant
3488 1325 3699 1393 atque

2011 1403 2688 1478 possideant,nullusque
2702 1406 2779 1460 ibi
2796 1405 3041 1462 ulterius
3055 1408 3411 1480 pastoralem
3432 1409 3694 1482 virgam

2010 1509 2242 1563 quoquo
2275 1493 2444 1547 modo
2470 1493 2762 1565 suscipere
2788 1494 2906 1550 sive
2929 1499 3160 1568 portare
3191 1502 3550 1568 praesumat:
3571 1499 3690 1555 sed

2010 1582 2190 1636 abbas
2222 1580 2416 1636 Sancti
2449 1582 2670 1636 Arnum
2718 1599 2820 1654 per
2867 1599 3008 1639 suos
3053 1583 3321 1658 aliosque
3352 1586 3691 1659 religiosos

2009 1669 2212 1723 fratres
2236 1669 2517 1740 quidquid
2543 1669 2621 1724 ibi
2643 1671 3032 1727 ordinandum
3057 1671 3155 1736 sit,
3173 1689 3412 1746 semper
3429 1675 3692 1732 ordinet

2009 1762 2183 1828 atque
2214 1759 2484 1829 disponat
2505 1775 2516 1811 ε
2535 1758 2672 1812 illud
2700 1759 2964 1815 videlicet
2984 1776 3218 1832 semper
3238 1762 3684 1828 studens,illud

265 1853 581 1922 augmento
628 1845 968 1920 bujusmodi
1015 1845 1272 1914 honoris,
1307 1851 1589 1917 augeatur
1631 1846 1688 1899 in
1737 1845 1899 1902 vobis
1934 1877 1982 1941 Β
2012 1847 2317 1900 attendens
2350 1851 2409 1899 ut
2438 1846 2730 1918 sicutipsc
2752 1847 2961 1920 suique
2981 1848 3191 1905 fratres
3218 1848 3276 1906 in
3301 1851 3428 1906 suis
3453 1852 3688 1910 usibus

265 1954 426 1994 amor
440 1935 794 1992 Altissimi.A
807 1935 840 1989 d
859 1933 1155 1990 cumulum
1172 1951 1402 2008 quoque
1419 1933 1502 1988 vel
1519 1939 1896 2006 augmentum

266 2025 598 2083 monasticae
627 2022 923 2096 religionis
949 2022 1260 2094 adjicimus
1293 2027 1356 2076 ut
1395 2021 1822 2088 ecclesizeﬂillze
1847 2027 1902 2077 et

263 2113 664 2187 possessiones
711 2129 856 2185 quas
903 2110 1262 2168 serenissimi
1313 2112 1584 2166 Romane
1630 2111 1900 2166 Ecclesiae

265 2203 370 2258 ﬁlii
398 2219 562 2277 reges
592 2206 650 2258 et
677 2201 1080 2274 imperatores,
1113 2199 1350 2254 Carolus
1382 2199 1602 2254 scilicet
1633 2200 1898 2270 Magnus,

267 2292 592 2349 Ludovicus
610 2289 770 2356 Pius,
791 2287 1092 2357 Arnulfus,
1117 2286 1544 2352 Hendebol'uus,
1571 2288 1720 2353 Otto,
1754 2289 1897 2341 Con-

264 2381 444 2437 radus
472 2379 661 2434 eidem
692 2376 817 2433 loco
847 2376 944 2448 pia
963 2376 1263 2431 devotione
1285 2375 1672 2442 contulerunt,
1698 2381 1797 2430 aut
1829 2377 1900 2430 ab

263 2467 398 2525 aliis
427 2465 916 2524 Cbristiiidelibus
963 2465 1179 2519 tradita
1217 2463 1494 2536 privilegii
1531 2465 1617 2518 sui
1653 2465 1900 2518 auctori-

262 2560 384 2613 tate
409 2555 807 2620 ﬁrmaverunt,
840 2553 1048 2608 usibus
1093 2552 1320 2606 abbatis
1365 2569 1429 2606 ac
1475 2553 1716 2606 fratrum
1759 2551 1902 2605 inibi

266 2643 512 2701 Domino
534 2641 941 2699 famulantium
966 2640 1382 2714 perpetualitcr
1403 2641 1810 2708 deserviant,et
1831 2640 1899 2694 ad

266 2733 635 2808 prehendam
679 2731 909 2786 illorum
966 2731 1184 2801 absque
1241 2729 1398 2784 omni
1451 2729 1903 2784 contradictione

264 2823 494 2896 integra
513 2837 742 2893 semper
763 2823 819 2874 et
836 2818 1179 2874 inconvulsa
1197 2822 1596 2890 permaneant.
1620 2818 1737 2872 Hoc
1767 2822 1854 2873 est
1887 2834 1899 2871 :

266 2909 572 2977 Mareolas,
602 2911 736 2974 Arx,
765 2907 1100 2963 Jussiacum
1123 2923 1254 2960 cum
1278 2906 1521 2962 ecclesia
1559 2909 1613 2960 et
1649 2906 1901 2960 decima-

265 2999 425 3056 tione
439 2997 788 3067 ;Floriacum
809 2997 983 3051 etiam
1009 2999 1064 3050 et
1085 2994 1902 3066 Flaviniacum,Nugaredum,

266 3091 326 3144 et
351 3086 692 3160 Vigiacum;
716 3083 957 3156 triginta
983 3082 1158 3140 etiam
1191 3083 1382 3138 mansi
1413 3099 1546 3138 cum
1577 3082 1818 3137 ecclesia
1848 3088 1906 3138 et

269 3174 657 3234 decimatione
686 3173 746 3229 in
771 3172 908 3228 villa
936 3172 1054 3228 sive
1087 3171 1247 3228 curia
1277 3188 1405 3243 qua:
1432 3175 1668 3226 vocatur
1695 3172 1908 3235 Bume-

2013 1935 2375 2006 aliquantum
2429 1935 2560 1990 inde
2590 1935 2822 1991 relcvari
2875 1935 3238 2002 desiderant,
3271 1938 3353 1994 ita
3384 1939 3686 1998 eumdem

2009 2023 2199 2077 locum
2226 2023 2461 2078 assiduo
2484 2025 2569 2077 sui
2603 2023 2887 2079 famulatu
2919 2041 3152 2098 semper
3174 2027 3439 2084 venerari
3471 2032 3530 2084 et
3551 2029 3684 2085 fre-

2011 2118 2291 2183 quentare
2323 2129 2434 2166 non
2468 2113 2767 2168 desistant.
2807 2114 2959 2168 llanc
2987 2113 3171 2184 igitur
3200 2115 3496 2172 abbatiam
3522 2134 3678 2174 cum

2011 2201 2283 2255 omnibus
2315 2201 2382 2254 ad
2419 2217 2542 2254 eam
2571 2202 2730 2271 juste
2753 2205 2807 2255 et
2835 2200 3098 2274 legaliter
3129 2203 3555 2276 pertinentibus
3578 2205 3682 2262 in-

2012 2306 2186 2360 super
2213 2289 2386 2343 etiam
2417 2289 2601 2355 villas,
2635 2289 2909 2345 ecclesias
2939 2307 3004 2346 ac
3036 2293 3442 2362 possessiones
3503 2310 3679 2366 quas

2012 2382 2180 2432 antea
2210 2378 2777 2448 prmnominavimus,
2813 2394 2963 2451 saepe
2995 2378 3152 2436 dicto
3193 2383 3378 2438 sancti
3428 2383 3679 2440 Arnulﬁ

2011 2467 2270 2520 coenobio
2303 2484 2366 2520 ac
2400 2467 2678 2520 fratribus
2717 2467 2793 2520 ibi
2848 2472 2960 2522 Deo
3008 2469 3436 2528 famulantibus
3465 2470 3685 2529 taliter

2012 2554 2348 2626 delegamus
2371 2572 2434 2610 ac
2463 2572 2564 2608 con
2579 2555 2977 2627 ﬁrmamus,ut
2996 2555 3197 2614 nullus
3217 2558 3543 2632 imperator
3562 2565 3684 2618 aut

2013 2643 2332 2704 rex,nullus
2351 2643 2820 2716 archiepiscopus
2839 2645 2923 2699 vel
2945 2645 3279 2720 episcopus,
3295 2648 3498 2704 nullus
3521 2651 3678 2721 dux,

2014 2731 2212 2786 nullus
2235 2749 2428 2787 comes
2449 2733 2530 2786 vel
2558 2733 2896 2797 vicecomes,
2930 2734 3028 2788 sed
3053 2751 3160 2790 nec
3181 2735 3385 2810 aliqua
3411 2755 3686 2810 persona.

2015 2838 2223 2893 magna
2243 2821 2324 2872 vel
2350 2822 2606 2892 pilf‘\'a,ln
2622 2822 2838 2876 eisdem
2859 2823 3032 2878 rebus
3051 2823 3314 2897 aliquam
3328 2826 3414 2882 eis
3430 2827 3688 2900 injusti-

2013 2909 2152 2964 tiam
2178 2911 2293 2964 sive
2315 2911 2640 2964 violen'iam
2667 2910 2876 2966 inferre
2897 2912 3128 2979 audeat,
3151 2912 3240 2970 vel
3265 2913 3532 2988 aliquem
3565 2920 3683 2975 ad-

2011 3003 2300 3060 vocatum,
2335 2997 2444 3052 nisi
2477 2997 2658 3052 abbas
2689 3003 2789 3052 aut
2819 2999 3027 3055 fratres
3059 3017 3162 3072 pro
3196 3002 3484 3074 qualitate
3516 3011 3684 3064 tem-

2015 3104 2220 3160 porum
2253 3084 2338 3140 vcl.
2371 3086 2698 3141 diversitate
2730 3085 2989 3143 locorum
3024 3088 3236 3146 alicubi
3269 3093 3552 3163 petierint
3587 3097 3684 3154 eis

2015 3193 2226 3248 ponere
2258 3179 2574 3248 prmsumat
2605 3193 2617 3230 :
2652 3175 2750 3229 sed
2779 3174 2930 3230 sicut
2958 3193 3124 3249 reges
3163 3181 3220 3234 et
3247 3179 3684 3253 imperatores,

265 3265 506 3332 liacum;
529 3266 804 3336 praterea
823 3277 956 3318 vero
979 3237 1377 3316 Maurivillaet
1395 3261 1556 3315 vicus
1579 3259 1902 3328 Deivillare,
1935 3237 1977 3303 (ἶ
2014 3237 2278 3338 episcopi
2295 3265 2468 3318 etiam
2499 3262 2711 3335 aliique
2741 3263 2941 3320 ﬁdeles
2971 3237 3172 3322 eadem
3204 3237 3360 3324 bona
3387 3237 3535 3327 illuc

258 3357 316 3410 et
363 3353 670 3420 Tiliacum,
721 3351 1084 3408 Caminetum
1140 3366 1270 3405 vero
1318 3353 1372 3405 et
1413 3349 1716 3404 Buxeriam
1747 3350 1900 3421 quod

259 3442 628 3517 Hildegardis
666 3439 868 3514 regina
913 3456 1048 3495 cum
1101 3437 1346 3495 ecclesia
1393 3443 1448 3493 et
1496 3438 1900 3506 decimationo,

261 3531 422 3589 silvis
451 3535 510 3589 et
534 3528 916 3602 vineis,aquis
944 3544 1348 3601 aquarumque
1387 3527 1751 3594 decursibus,
1771 3544 1899 3582 mo-

259 3619 516 3677 lendinis
545 3619 724 3676 etiam
753 3619 879 3690 jam
911 3617 1096 3686 factis,
1127 3616 1216 3672 vel
1263 3617 1322 3671 in
1378 3632 1726 3686 quocunque
1775 3615 1898 3670 loco

249 3710 422 3782 juxta
448 3707 666 3764 Saliam
697 3705 1119 3773 ﬂuvium,infra
1147 3705 1407 3760 bannum
1429 3704 1690 3774 ejusdem
1725 3703 1895 3758 curia:

255 3797 370 3852 sibi
401 3795 684 3869 placuerit
713 3813 815 3868 per
840 3794 1063 3850 villicos
1093 3794 1337 3848 fratrum
1369 3809 1599 3864 seraper
1626 3798 1895 3864 transpo-

255 3884 466 3942 nendis
495 3888 554 3942 et
592 3883 894 3953 faciendis,
925 3883 998 3939 ad
1038 3884 1340 3955 praefatum
1393 3882 1606 3952 saepius
1655 3881 1898 3936 contulit

253 3965 883 4043 locum,Pomeriolum
931 3972 1106 4028 etiam
1155 3987 1286 4026 cum
1335 3987 1448 4038 quo
1497 3974 1551 4024 et
1596 3986 1697 4041 per
1739 3970 1894 4041 quod

253 4053 650 4120 ecclesiastico
677 4077 837 4117 more
879 4062 1071 4133 ipsum
1118 4076 1265 4130 smpe
1311 4059 1530 4113 dictum
1566 4058 1894 4113 dotavimus

253 4151 810 4208 monasterium.Sed
833 4154 889 4205 et
919 4149 1120 4206 Laium
1153 4152 1408 4203 castrum
1439 4147 1592 4218 quod
1625 4149 1890 4218 quaedam

252 4239 368 4296 Eva
395 4238 851 4308 comitissa,cum
883 4237 1026 4294 silva
1056 4254 1181 4308 quae
1213 4242 1448 4291 vocatur
1478 4235 1635 4304 Heis,
1671 4239 1728 4290 et
1756 4252 1890 4291 cum

252 4327 416 4384 omni
443 4327 694 4384 utilitate
722 4327 809 4383 vel
840 4326 1065 4383 suffusa
1093 4325 1353 4395 ejusdem
1379 4324 1690 4389 silvaz,cum
1716 4329 1889 4396 ponte

250 4416 428 4473 etiam
459 4421 516 4474 et
543 4416 867 4490 piscatione
897 4415 1048 4470 circa
1078 4415 1232 4468 Murt
1262 4413 1600 4478 ﬂuvium,ad
1630 4413 1888 4483 praeben-

249 4506 388 4562 dam
416 4505 781 4580 delegaverat
807 4503 1290 4560 fratrum.Bivera
1319 4502 1491 4556 etiam
1523 4501 1888 4556 Assidelinde

2012 3353 2310 3410 devotione
2343 3351 2734 3417 contulerunt,
2766 3353 2847 3408 ita
2895 3353 3142 3410 diversis
3189 3371 3395 3413 eorum
3447 3360 3686 3419 usibus

2011 3441 2170 3497 salva
2199 3457 2430 3513 semper
2459 3444 2515 3495 et
2544 3440 2884 3496 inconvulsa
2925 3449 3327 3514 permaneant.
3375 3447 3685 3521 Quisquis

2010 3534 2203 3586 autem
2238 3529 2346 3584 sibi
2380 3530 2449 3584 ad
2483 3546 2737 3601 praesens
2762 3529 2978 3586 timens
2999 3535 3056 3586 et
3077 3531 3134 3587 in
3157 3533 3424 3590 futurum
3451 3553 3689 3608 praeca-

2007 3637 2149 3675 vens
2178 3619 2327 3674 banc
2359 3635 2584 3674 sacram
2628 3622 2838 3674 nostrai
2868 3619 3328 3678 conﬁrmationis
3378 3625 3683 3696 paginam

2009 3724 2237 3763 servare
2293 3711 2558 3772 conatur,
2607 3723 2710 3777 per
2763 3707 3012 3778 gratiam
3072 3708 3500 3780 omnipotentis
3566 3713 3688 3771 Dei

2007 3800 2207 3852 nostra
2236 3812 2465 3866 semper
2495 3792 2813 3865 apostolica
2860 3795 3271 3854 benedictione
3324 3801 3687 3873 muniatur;

2005 3884 2106 3956 qui
2136 3901 2266 3940 vero
2299 3883 2354 3937 in
2389 3881 2584 3954 aliquo
2640 3898 2764 3936 eam
2815 3882 3032 3939 violare
3058 3883 3147 3940 vel
3180 3889 3468 3943 temerare
3521 3906 3692 3960 pra-

2005 3971 2511 4046 sumpseritdivini
2534 3989 2602 4025 an
2615 3971 2923 4027 athematis
2939 3971 3170 4028 vinculo
3185 3977 3692 4047 percussus,bea-

2001 4065 2125 4117 tum
2160 4061 2391 4115 Petrum
2426 4059 2822 4132 apostolorum
2854 4060 3179 4134 principem
3211 4079 3344 4118 cum
3378 4065 3684 4126 omnibus

2003 4151 2219 4206 sanctis
2249 4149 2602 4204 contrarium
2637 4148 2744 4204 sibi
2781 4149 3015 4217 sentiat,
3047 4155 3112 4206 ut
3141 4155 3341 4208 tamen
3392 4153 3450 4208 id
3505 4158 3688 4227 quod

2000 4239 2201 4294 fecerit
2228 4239 2460 4293 irritum
2511 4238 2588 4293 sit
2633 4241 2689 4293 et
2737 4242 2928 4294 ratum
2975 4257 3092 4295 non
3129 4246 3524 4312 permaneat:
3565 4247 3688 4304 sed

2000 4328 2181 4383 abbas
2210 4327 2396 4398 ipsius
2422 4325 2529 4381 loci
2555 4343 2618 4382 ac
2645 4328 2851 4382 fratres
2883 4345 2916 4383 a
2944 4329 3342 4386 serenissimis
3373 4329 3690 4392 Romane

1999 4413 2265 4469 Ecclesiae
2292 4411 2424 4468 filiis
2448 4413 2681 4484 regibus
2703 4413 2923 4469 scilicet
2943 4431 3011 4470 ac
3033 4415 3494 4488 imperatoribus
3522 4418 3680 4478 inde

1992 4501 2283 4572 judicium
2307 4501 2668 4571 etjustitiam
2695 4507 2976 4573 qurerant.
3011 4503 3068 4559 Si
3092 4508 3288 4560 autem
3319 4504 3380 4560 in
3402 4505 3519 4563 hoc
3542 4509 3672 4564 mi-

249 4595 548 4652 oomitissa
571 4595 761 4651 eidem
790 4593 916 4650 loco
944 4593 1246 4658 traditum,
1280 4591 1379 4645 sed
1403 4590 1645 4644 Conradi
1670 4589 1852 4660 glorio
1872 4622 1885 4632 -
1917 4607 1963 4670 Ι)
1998 4608 2108 4646 nus
2131 4590 2496 4663 profecerint,
2532 4589 2588 4644 id
2621 4589 2859 4646 honoris
2881 4595 2937 4646 et
2965 4591 3075 4647 hoc
3097 4591 3399 4664 singulare
3425 4611 3460 4650 a
3487 4597 3686 4656 nobis

249 4682 471 4740 sissimi
517 4683 888 4757 imperatoris
937 4680 1280 4738 auctoritate
1328 4680 1654 4746 firmatum;
1688 4679 1787 4733 sed
1828 4683 1886 4734 et

247 4771 422 4829 Navis
469 4774 708 4844 quidem
757 4772 946 4828 vicum
986 4772 1157 4842 juxta
1204 4767 1504 4823 Mosellam
1561 4767 1820 4834 fluvium,
1858 4784 1891 4823 a

245 4861 568 4932 Dagoberto
626 4876 758 4932 rege
815 4861 1096 4916 traditum
1163 4861 1220 4913 et
1283 4858 1742 4924 corroboratum,
1801 4856 1885 4910 vel

249 4946 534 5018 quidquid
567 4947 626 5004 in
656 4947 1030 5006 inferioribus
1056 4947 1318 5018 partibus
1342 4947 1397 5000 in
1425 4944 1749 5000 Coloniensi
1775 4943 1888 5015 epi-

247 5038 489 5107 scopatu
546 5036 617 5091 ad
676 5037 1014 5109 praedictum
1062 5034 1312 5108 pertinet
1349 5033 1706 5096 coenobium;
1767 5033 1886 5086 haec

247 5127 444 5181 autem
465 5124 664 5181 omnia
683 5121 1270 5200 przeliendaeecclesia:
1289 5121 1528 5175 fratrum
1555 5121 1662 5175 hac
1690 5126 1885 5175 nostra

247 5211 565 5285 apostolica
593 5216 974 5288 praeceptione
1004 5210 1342 5280 delegamus
1373 5214 1429 5263 et
1469 5212 1884 5265 confirmamus

246 5301 307 5358 in
340 5307 706 5376 perpetuum.
741 5307 1022 5358 Praeterea
1046 5313 1178 5353 vero
1212 5296 1534 5362 ecclesiam,
1565 5299 1680 5352 imo
1704 5299 1884 5351 abba-

246 5390 448 5448 tiolam
506 5392 702 5449 Sancti
745 5390 952 5447 Felicis
998 5386 1108 5460 ipsi
1169 5384 1291 5440 loco
1349 5387 1727 5456 adiacentem,
1789 5387 1885 5442 ubi

245 5476 480 5533 Primus
507 5479 774 5549 ejusdem
805 5476 1081 5532 Mctensis
1129 5471 1390 5526 Ecclesiae
1443 5478 1639 5543 pastor
1684 5474 1890 5529 beatus

248 5559 514 5618 Clemens
535 5581 772 5636 corpore
791 5564 1244 5637 quiescit,quam
1262 5560 1890 5630 praefatusvenerabilis

254 5646 561 5722 episcopus
610 5653 894 5712 Adalbero
949 5669 984 5710 a
1039 5648 1460 5725 praedecessore
1491 5665 1596 5706 suo
1636 5649 1890 5724 quodam

1995 4679 2360 4752 privilegium
2421 4694 2649 4748 semper
2695 4679 3016 4746 obtineant,
3047 4685 3113 4736 ut
3159 4682 3314 4736 sicut
3342 4681 3404 4738 in
3435 4685 3668 4744 eodem

2000 4767 2352 4823 monasterio
2387 4783 2487 4838 pro
2521 4771 2732 4821 nostra:
2765 4768 3223 4825 consecrationis
3250 4769 3536 4828 laetantur
3569 4774 3688 4832 be-

1999 4858 2223 4923 neficio,
2257 4856 2339 4910 sic
2371 4872 2404 4909 a
2427 4856 2685 4910 Romana
2714 4857 2850 4912 sede
2881 4861 3084 4912 contra
3104 4874 3310 4914 omnes
3343 4860 3690 4920 adversita-

1995 4950 2084 5000 tes
2114 4943 2441 5015 apostolicre
2501 4943 2856 5000 defensionis
2914 4950 3193 5018 perpetuo
3238 4962 3482 5020 semper
3525 4966 3679 5008 mu-

1997 5033 2236 5088 niantur
2265 5031 2498 5087 auxilio.

2067 5121 2208 5175 Data
2251 5120 2456 5191 quinto
2502 5120 2638 5176 Idus
2687 5120 2952 5176 Octobris
3004 5138 3106 5194 per
3154 5138 3369 5178 manus
3429 5123 3682 5186 Udonis

1995 5215 2204 5266 sanctae
2235 5208 2560 5280 apostolicae
2584 5209 2741 5264 sedis
2763 5210 3094 5266 cancellarii
3112 5215 3170 5266 et
3183 5211 3674 5288 bibliothecarii;

1993 5297 2286 5353 Tullensis
2320 5297 2656 5368 primicerii,
2678 5314 2831 5353 anno
2861 5298 3092 5354 Domini
3124 5299 3338 5356 Leonis
3369 5302 3516 5357 noni
3549 5321 3673 5376 pa-

1997 5404 2079 5458 pze
2113 5385 2320 5456 primo,
2352 5385 2664 5440 indictione
2696 5387 3130 5451 secunda,anno
3157 5403 3294 5444 vero
3328 5387 3680 5452 Dominice

1997 5472 2418 5529 incarnationis
2449 5471 2759 5529 millesimo
2790 5475 3240 5548 quadragesimo
3270 5493 3451 5534 nono.

2068 5559 2439 5617 Eberhardus
2470 5560 3354 5640 Treverorum,arcbiepiscopus
3385 5565 3687 5628 subscri-

1999 5649 2136 5726 psit.
