3916 6344
218 463 338 531 ’188

288 606 344 658 S.
380 601 543 676 Hugo
575 600 1189 676 Chrysopolitanorum
1220 605 1613 678 archiprazsul.

290 694 349 749 S.
382 692 666 749 Adalbero
698 693 1049 749 Metonsium
1068 695 1388 766 cpiscopus.

289 784 347 838 S.
383 782 501 839 Udo
534 783 857 855 Leucqrum
888 784 1215 855 episcopus.

288 872 347 927 S.
382 871 697 927 Alinardus
729 873 1203 944 Lugdunensium
1237 874 1567 945 episcopus.

285 961 343 1016 S.
376 961 732 1016 Humbertus
765 961 1077 1017 cardinalis
1107 967 1163 1017 et
1191 963 1501 1034 episcopus
1522 963 1685 1018 Silvae
1707 964 1850 1019 Can-

213 1047 383 1104 didm.

282 1139 339 1204 S,
374 1138 763 1195 Theodericus
791 1139 1177 1195 Virdunensis
1201 1139 1529 1212 episcopus.

282 1228 338 1283 S.
371 1228 650 1298 Joannes,
673 1234 784 1285 etc.

950 1318 1112 1374 CVII.

204 1405 352 1476 (216)
385 1406 438 1480 S.
472 1412 573 1463 Leo
605 1408 669 1462 IX
692 1410 750 1461 in
780 1408 983 1478 synodo
1010 1408 1366 1479 parthmonis
1396 1410 1451 1464 S.
1501 1409 1684 1464 Grata?
1730 1426 1851 1480 pos-

277 1479 535 1618 δεὲςςίοηῖδ
565 1488 615 1534 et
638 1481 957 1552 privilegia,
989 1485 1205 1552 petente
1237 1480 1478 1536 Conrado
1528 1479 1854 1553 z'mprratore

206 1562 303 1601 con
351 1566 465 1603 rma
486 1592 511 1605 ..

239 1563 511 1605 οηηνγηίιῑ.

824 1627 1015 1693 (Anno
1049 1625 1231 1691 10/19.)

439 1696 675 1767 [Mansi,
710 1692 1108 1762 Conbil.,bm.
1143 1698 1286 1763 XIX,
1321 1696 1429 1751 coI.
1462 1696 1615 1765 727.]

282 1784 344 1837 In
375 1785 611 1839 nomine
644 1790 855 1839 sanctae
887 1789 945 1839 et
976 1785 1287 1839 individua:
1317 1784 1637 1839 Trinitatis.

282 1873 397 1941 Ego
431 1889 551 1937 Lso,
585 1889 789 1927 servus
828 1890 1128 1927 servorum
1177 1874 1298 1937 Dei,
1350 1890 1468 1927 una
1514 1890 1646 1927 cum
1696 1888 1852 1927 reve-

204 1960 574 2017 rendissimis
630 1960 1109 2032 archiepiscopis,
1158 1962 1467 2033 episcopis,
1519 1962 1848 2028 abbatibus,
1885 1981 1929 2044 Β

200 2049 454 2121 aliisque
485 2055 697 2105 sanctae
730 2049 1000 2104 Ecclesia:
1032 2050 1328 2105 catholicae
1360 2052 1629 2106 fidelibus
1661 2051 1718 2106 in
1752 2068 1848 2106 sa-

197 2156 305 2195 cra
333 2139 554 2211 synodo
587 2138 1233 2205 residentibus,necnon
1266 2145 1321 2195 et
1342 2140 1644 2209 judicibus
1674 2139 1846 2211 legis-

196 2245 318 2301 que
376 2228 731 2293 doctoribus,
793 2228 1081 2298 spirituali
1136 2227 1255 2283 ﬁlio
1302 2229 1539 2283 domino
1584 2229 1846 2284 Conrado

192 2317 571 2389 imperatore,
645 2316 1164 2372 intervenientibus
1234 2317 1501 2388 precibus
1559 2316 1842 2373 Ambrosii

196 2406 611 2479 Pergamensis
634 2405 890 2477 episcopi
923 2406 1044 2475 [hoc
1069 2410 1169 2469 est,
1210 2407 1661 2477 Bergomensis],
1711 2422 1844 2461 nec-

196 2513 320 2552 non
351 2494 548 2561 Older,
579 2494 897 2550 Brixiensis
945 2495 1223 2566 episcopi,
1270 2495 1704 2566 postulantibus
1755 2496 1842 2549 in-

194 2602 380 2657 super
409 2584 701 2656 praadictis
738 2583 1087 2654 imperatore
1134 2590 1191 2638 et
1238 2584 1507 2639 similiter
1554 2583 1845 2656 praedictis

191 2672 701 2731 reverendissimis
727 2673 1037 2743 episcopis,
1073 2689 1181 2727 nos
1240 2679 1624 2744 sanctamque
1666 2689 1843 2745 syno-

188 2763 340 2819 dum
372 2761 857 2833 deprecantibus:
893 2765 1094 2816 nostra
1124 2766 1179 2815 et
1207 2760 1384 2815 totius
1418 2777 1594 2816 sacrae
1637 2762 1842 2833 synodi

188 2851 505 2924 largitione
547 2849 948 2905 concessimus
1000 2850 1353 2905 monasterio
1376 2850 1434 2903 S.
1478 2850 1662 2904 Cretae
1713 2867 1841 2905 cur-

184 2946 311 2997 tem
343 2944 399 2995 et
428 2943 707 3004 castrum,
742 2936 1073 3002 attinentia,
1106 2942 1164 2992 et
1192 2942 1404 2992 cuncta
1434 2955 1560 3009 quas
1608 2938 1845 2994 Adleida

184 3034 382 3086 mater
404 3027 465 3082 S.
491 3028 700 3093 Grataa,
733 3043 858 3097 qua:
890 3025 997 3081 hoc
1031 3027 1451 3081 monasterium
1492 3028 1563 3082 de
1596 3028 1843 3098 propriis

184 3119 370 3175 rebus
401 3114 724 3181 mdiﬁcavit,
776 3118 832 3169 et
874 3113 1280 3185 imperialibus
1329 3116 1843 3171 constitutionibus

181 3223 294 3264 seu
321 3204 623 3277 preaceptis
646 3203 845 3258 omnia
870 3203 942 3258 ad
966 3204 1241 3259 eumdem
1276 3204 1694 3259 monasterium
1715 3222 1841 3276 pcr-

181 3293 440 3352 tinentia
477 3291 664 3348 multo
700 3293 834 3362 jure
877 3292 1219 3347 confirmata
1267 3293 1589 3361 constituit,
1614 3299 1680 3349 ut
1726 3293 1840 3349 elc-

1140 469 1542 533 EPISTOLE
1585 472 1685 533 ET
1727 470 2183 535 DIPLOMATA
2223 472 2698 537 PONTIFICIA.

3493 474 3617 538 786

1887 610 1945 675 Α
1974 606 2210 663 invasor
2250 607 2473 680 aliquid
2523 607 2818 675 molietur,
2870 605 2990 664 sive
3046 609 3247 665 contra
3296 607 3406 666 hoc
3460 610 3618 683 quod

1964 697 2359 769 praediximus,
2417 697 2845 770 repugnaverit,
2916 698 3320 771 cujuscunque
3375 700 3614 772 gradus,

1961 785 2047 841 vel
2080 786 2320 855 ordinis,
2354 792 2456 842 aut
2484 787 2682 852 ofﬁcii,
2715 786 2802 843 vel
2835 786 3163 859 dignitatis,
3212 793 3315 844 aut
3358 788 3613 861 generis,

1963 876 2105 929 sciat
2136 892 2197 930 se
2231 876 2288 931 in
2318 875 2465 932 iram
2488 875 2551 929 B.
2584 875 2737 931 Petri
2768 875 3169 946 apostolorum
3199 876 3509 949 principis,
3558 881 3617 934 et

1963 965 2225 1019 omnium
2283 970 2639 1031 sanctorum,
2700 968 2758 1019 et
2823 969 3089 1021 nostram
3159 972 3615 1039 nostrorumque

1964 1055 2449 1123 praedecessorum
2472 1070 2805 1121 cursurum,
2836 1055 2899 1125 [Γ.
2935 1054 3335 1110 inoursurum.
3369 1055 3610 1127 Hann],

1963 1145 2020 1194 et
2066 1144 2410 1198 aeternalitcr
2466 1143 2852 1199 anathematis
2906 1142 3139 1199 vinculo
3185 1144 3490 1214 damnato,
3541 1162 3609 1202 ac

1964 1231 2022 1284 in
2054 1232 2647 1287 excommunicatione
2676 1233 2969 1288 victurum
3015 1232 3367 1292 universalis
3411 1232 3606 1291 Eccle-

1964 1319 2065 1374 sia
2122 1326 2179 1374 et
2235 1320 2423 1374 cuncti
2476 1320 2675 1391 populi
2730 1321 3065 1377 Christiani.
3124 1322 3371 1394 Insuper
3418 1321 3535 1379 nisi
3570 1339 3607 1377 θ.

1963 1408 2117 1463 malo
2150 1409 2476 1480 resipucrit,
2509 1407 2867 1463 irrevocabili
2916 1410 3118 1465 exsilio
3167 1410 3462 1482 puniatur,
3512 1408 3604 1467 vel

1963 1496 2187 1551 ultimis
2217 1496 2521 1569 suppliciis
2553 1496 2811 1564 feriatur,
2826 1497 3050 1553 etbona
3063 1499 3188 1568 ejus
3210 1498 3603 1571 publicentur.

1963 1587 2070 1651 Qui
2103 1603 2231 1640 vero
2266 1587 2356 1656 pio
2390 1585 2605 1640 intuitu
2637 1589 2832 1641 custos
2864 1590 2919 1641 ct
2948 1586 3283 1643 observator
3310 1587 3371 1642 in
3417 1588 3606 1645 omni-

1963 1677 2073 1729 bus
2104 1676 2379 1742 exsiterit,
2414 1674 2835 1731 benedictionis
2864 1675 3115 1748 gratiam
3146 1679 3204 1731 et
3230 1675 3408 1732 vitam
3438 1680 3608 1733 teter—

1963 1781 2098 1819 nam
2137 1781 2270 1819 cum
2303 1765 2578 1820 omnibus
2611 1764 2830 1819 sanctis
2863 1764 3077 1821 habere
3107 1768 3400 1821 mereatur
3427 1765 3487 1821 in
3510 1783 3610 1822 saa-

1962 1853 2092 1909 cula
2149 1853 2514 1909 saeculorum.
2565 1856 2768 1908 Amen.
2828 1854 2970 1919 Fiat,
3016 1854 3138 1910 ﬁat.
3192 1855 3255 1909 In
3287 1854 3381 1912 his
3408 1858 3607 1911 autem

1961 1944 2347 1998 interfuerunt
2376 1943 2819 2014 archiepiscopi,
2850 1942 3128 2014 episcopi,
3162 1942 3422 2011 abbates,
3447 1944 3608 2015 judi-

1960 2049 2054 2087 ces
2085 2033 2324 2087 Romani
2358 2049 2461 2087 seu
2492 2032 2563 2087 de
2583 2031 2787 2087 vicinis
2809 2035 2865 2086 et
2886 2030 3225 2103 longinquis
3243 2030 3599 2088 civitatibus.

1960 2122 2224 2176 Interfuit
2252 2122 2317 2176 D.
2353 2120 2649 2176 Conradus
2675 2121 3011 2192 imperator,
3044 2123 3102 2176 et
3144 2120 3510 2190 Ambrosius,
3543 2124 3603 2178 et

1958 2210 2277 2277 Oldoricus,
2309 2209 2587 2280 episc0pi,
2617 2213 2748 2277 etc.,
2781 2225 3035 2279 quorum
3065 2208 3328 2281 impulsu
3350 2210 3417 2265 N.
3449 2210 3602 2266 Prsa-

1957 2300 2243 2365 nestinus,
2280 2298 2561 2369 Georgius
2591 2298 2949 2365 Portuensis,
2982 2298 3274 2354 Deodatus
3304 2298 3601 2359 Holstien-

1956 2390 2056 2457 sis,
2092 2388 2415 2443 Martianus
2446 2386 2808 2455 Narniensis,
2840 2386 3189 2443 Benedictus
3232 2386 3600 2459 Tiburtinus,

1956 2479 2285 2532 Bernardus
2316 2475 2685 2546 Castriensis,
2716 2476 2976 2531 Joannes
3003 2473 3362 2548 Petrosinus,
3388 2478 3602 2550 Grego-

1956 2568 2078 2621 rius
2110 2566 2391 2634 Ortensis,
2426 2564 2707 2636 Georgius
2738 2563 3460 2632 Tiburtinus,Valentinus
3489 2566 3604 2624 Ma-

1953 2656 2237 2722 notensis,
2290 2654 2631 2709 Theodorus
2678 2651 2895 2721 Mileto,
2954 2652 3202 2708 Savinus
3249 2653 3433 2711 abbas
3469 2655 3602 2712 Pla-

1954 2749 2117 2811 netze,
2153 2748 2216 2798 D.
2261 2742 2442 2797 abbas
2490 2740 2848 2808 Altinensis;
2905 2757 3108 2797 omnes
3150 2741 3599 2816 archiepiscopi,

1951 2831 2228 2904 episcopi,
2260 2831 2521 2896 abbates,
2553 2835 2609 2884 et
2638 2829 2846 2901 reliqui
2894 2828 3089 2903 plures
3128 2829 3474 2897 cardinales,
3508 2832 3596 2889 sic

1953 2922 2095 2976 actis
2128 2919 2456 2975 interfuere.
2509 2918 2822 2990 Gregorius
2842 2918 3159 2975 cardinalis
3210 2919 3283 2974 ad
3323 2919 3595 2990 Vincula,

1954 3009 2297 3065 Benedictus
2329 3008 2924 3075 S.Caacilize,Andreas
2945 3009 3247 3080 presbyter
3265 3008 3599 3081 patriarcha

1954 3098 2379 3164 Lateranensis,
2456 3096 2728 3153 Julianus
2799 3098 3103 3170 presbyter
3168 3098 3595 3166 Lateranensis,

1954 3188 2269 3243 Faustinus
2318 3187 2632 3259 praesbyter
2676 3191 2733 3241 S.
2770 3186 2960 3258 Petri,
3008 3187 3241 3245 Marcus
3290 3188 3597 3262 presbyter

1951 3277 2007 3332 S.
2063 3276 2215 3331 Petri
2258 3275 2526 3346 apostoli.
2578 3274 2648 3329 Hi
2697 3292 2900 3332 omnes
2947 3274 3270 3334 cardinales
3315 3276 3408 3333 his
3446 3262 3592 3333 actis

179 3385 414 3441 ctiones
438 3381 749 3438 abbatissae
782 3381 841 3435 in
888 3397 1153 3436 sororum
1187 3382 1551 3437 ordinatione
1602 3400 1835 3454 perma-
1870 3347 1910 3413 δ
1950 3365 2066 3419 inte

2039 3365 2280 3419 erfuere.
2328 3364 2642 3419 Faustinus
2689 3368 2865 3434 caput
2906 3367 3145 3420 senatus
3190 3367 3249 3421 et
3273 3362 3500 3434 consul,
3530 3368 3591 3422 et

179 3479 388 3539 neant,
420 3475 477 3526 et
523 3470 721 3525 omnia
766 3474 1048 3541 potestate
1096 3470 1408 3526 abbatissae
1454 3472 1579 3526 sine
1637 3472 1835 3542 aliqua

180 3559 584 3618 diminutione
613 3558 956 3623 consistant,
989 3562 1045 3612 et
1074 3558 1329 3630 regibus,
1382 3560 1502 3615 sive
1549 3561 1837 3631 pontifici-

186 3652 333 3719 bus,
392 3648 761 3721 patriarchis,
820 3647 1291 3719 archiepiscopis,
1352 3650 1837 3720 metropolitanis,

186 3737 512 3812 episcopis,
543 3737 873 3805 abbatissze,
908 3754 1010 3793 seu
1044 3755 1077 3792 a
1107 3737 1367 3809 quolibet
1408 3743 1755 3804 vestrorum,
1788 3745 1845 3795 et

188 3826 440 3885 domino
470 3824 621 3882 clero
661 3826 1007 3883 intemerata
1049 3844 1386 3898 permanere
1436 3827 1848 3900 perpetualiter

188 3914 617 3974 constituimus
661 3919 874 3970 88.110th
924 3915 1296 3986 Pergamensi
1346 3916 1517 3971 matri
1571 3916 1843 3983 ecclesiae,

188 4003 299 4061 ubi
314 4003 570 4060 domnus
591 4001 938 4058 Ambrosius
954 4005 1262 4075 episcopus
1278 4005 1701 4075 praeordinatus
1723 4022 1851 4061 esse

185 4093 452 4162 videtur,
485 4097 687 4148 nostra
716 4091 977 4163 synodali
1012 4093 1283 4148 concordi
1318 4094 1624 4165 largitione
1654 4112 1852 4150 conce-

193 4184 428 4248 dimus,
460 4197 527 4236 ac
556 4180 756 4237 omnia
786 4198 912 4252 quae
943 4181 1327 4253 spiritualiter
1357 4200 1526 4255 agere
1550 4184 1852 4253 debet,hoc

192 4276 314 4339 est,
350 4270 506 4326 circa
535 4270 1032 4326 consecrationem
1064 4271 1372 4326 abbatissae
1399 4272 1485 4327 vel
1538 4273 1855 4328 monacha-

196 4377 366 4426 rum,
397 4364 456 4415 et
488 4359 558 4414 de
590 4357 753 4414 nulla
786 4376 849 4414 se
875 4359 938 4429 [f.
976 4360 1046 4414 de
1079 4360 1242 4415 nulla
1291 4378 1370 4415 re.
1422 4363 1632 4432 Hann]
1675 4363 1854 4416 intro-

199 4450 472 4515 mittant,
523 4465 711 4519 neque
767 4449 836 4503 de
884 4453 1074 4503 castro
1128 4455 1186 4503 et
1232 4454 1392 4504 curte
1446 4451 1514 4504 de
1561 4450 1854 4517 Saranica,

199 4554 402 4609 neque
432 4538 503 4593 de
535 4536 665 4591 aliis
696 4537 908 4591 castris
938 4543 997 4592 et
1028 4536 1203 4603 villis,
1235 4539 1481 4609 campis,
1516 4538 1721 4609 vineis,
1766 4556 1859 4594 ca-

199 4627 318 4696 sis,
351 4625 727 4689 molendinis,
760 4631 879 4680 tam
911 4625 982 4681 de
1017 4625 1247 4680 civitate
1278 4627 1648 4699 Pergamensi
1682 4645 1859 4699 quam

1938 3454 2121 3523 judox
2151 3453 2217 3507 de
2248 3452 2484 3524 palatio,
2514 3451 2787 3508 Junialus
2815 3453 2887 3507 de
2915 3452 3100 3511 Ferna
3118 3453 3332 3511 Muana
3374 3454 3590 3511 Roma-

1950 3560 2082 3597 nus.
2118 3541 2332 3596 Paulus
2364 3542 2433 3595 de
2466 3540 2682 3613 templo
2714 3539 2937 3612 palatii,
2963 3545 3020 3597 et
3047 3540 3249 3614 plures
3279 3542 3400 3600 alii.

2022 3633 2166 3688 Data
2190 3635 2247 3685 et
2277 3631 2647 3686 corroborata
2675 3647 2731 3687 Iv
2760 3631 2899 3686 Idus
2934 3630 3096 3687 Junii
3148 3630 3211 3687 in
3240 3632 3594 3705 patriarcbio

1953 3720 2326 3777 Lateranensi
2383 3718 2613 3775 Domini
2683 3718 3001 3776 Salvatoris
3063 3719 3328 3779 feliciter.
3387 3724 3597 3793 Amen,

1957 3827 2126 3866 amen
2142 3852 2151 3864 .

2029 3900 2367 3970 Subscriptio
2400 3898 2622 3969 notarii,
2654 3899 2849 3954 omisso
2878 3901 3051 3971 signa.

2032 3995 2147 4061 Ego
2177 3987 2495 4060 stephanus
2528 3987 2788 4044 notarius
2822 3988 3082 4059 interfui,
3113 3992 3169 4045 et
3189 3990 3367 4061 jussu
3396 3990 3605 4047 D.Leo-

1965 4078 2055 4133 nis
2108 4076 2325 4132 summi
2372 4076 2663 4149 pontificis
2711 4077 2911 4134 omnia
2940 4078 3280 4152 supradicta
3308 4078 3520 4153 scripsi
3548 4082 3606 4138 et

1966 4166 2199 4222 tradidi.

2693 4238 2881 4293 CVIII.

1966 4330 2023 4383 S.
2058 4329 2250 4383 Leonis
2279 4329 2343 4382 IX
2370 4328 2603 4397 cpistola
2654 4328 2724 4400 ad
2771 4328 3164 4400 Leodegarium
3207 4336 3408 4388 sanctas
3453 4330 3611 4388 Vien-

2379 4401 2566 4473 nensis
2597 4399 2861 4473 Ecclesia:
2876 4399 3206 4473 episcopum.

2460 4472 2640 4531 (Intra
2669 4488 2807 4526 ann.
2839 4472 3124 4543 4048-54.)

2190 4544 2407 4607 [Bosco,
2440 4542 2776 4598 Bibliotheca
2804 4542 3181 4615 Floriacensz's,
3214 4543 3401 4615 p.68.]

2046 4650 2145 4685 LEU
2175 4632 2482 4702 episcopus
2514 4636 2724 4686 sancta?
2757 4632 3030 4688 Romanae
3060 4632 3352 4700 Ecclesiae,
3380 4647 3618 4688 venera-

201 4717 283 4772 de
318 4713 460 4770 foris
492 4731 593 4786 per
625 4718 815 4769 totum
848 4713 1351 4779 comitatum,cum
1374 4716 1569 4770 omnia
1595 4724 1649 4769 et
1676 4718 1861 4771 mnni-
1894 4719 1940 4783 D
1973 4720 2072 4775 bili
2103 4719 2378 4775 confratri
2412 4736 2760 4775 LEODEGARIO
2787 4720 3104 4777 Viennensi
3149 4720 3615 4794 archiepiscopo,

198 4807 326 4861 bus
358 4803 432 4860 ad
458 4804 733 4859 eumdem
762 4804 1180 4858 monasterium
1206 4807 1458 4859 S.Cratae
1488 4806 1558 4860 de
1590 4805 1864 4877 praedicto

197 4892 489 4965 episcopo
519 4892 829 4948 attinentia
857 4909 992 4947 cum
1015 4892 1287 4963 religioso
1308 4895 1442 4963 jure
1467 4895 1861 4949 concedimus.

202 4981 381 5039 Unde
409 4981 459 5036 si
493 4981 625 5052 quis
656 4985 858 5037 contra
888 4980 1039 5036 hanc
1076 4981 1455 5051 apostolicam
1510 4990 1565 5036 et
1614 4985 1865 5054 synoda-

200 5071 335 5128 lem
350 5070 757 5126 auctoritatem
771 5074 827 5124 et
839 5068 1534 5141 largitionemquisquam
1560 5074 1868 5143 episcopus

286 5195 442 5267 (217)
485 5198 681 5248 EXStat
728 5198 886 5248 tomo
940 5194 1011 5267 IV
1059 5194 1229 5247 ltalire
1276 5212 1449 5249 sacra:
1500 5196 1865 5267 privilegium

206 5265 580 5324 mOnasterio
614 5268 671 5320 S.
706 5270 890 5319 (irata:
923 5283 955 5318 a
989 5265 1175 5319 Leone
1208 5285 1354 5337 papa
1388 5267 1455 5321 IX
1489 5265 1867 5333 (:oneesz-ium;

205 5339 323 5397 sed
387 5340 556 5405 cujus
607 5337 744 5392 anni
794 5336 1058 5400 concilio,
1107 5336 1412 5392 incertum.
1468 5338 1667 5407 Neque
1713 5341 1871 5393 enim

208 5410 639 5481 unuquomae
664 5407 983 5481 conciiiuni
1016 5409 1127 5481 Leo
1158 5409 1661 5473 celebravit.Quod
1696 5411 1875 5481 igitur

210 5497 383 5539 anno
417 5480 554 5534 1049
583 5479 853 5535 tribuerit
881 5478 1181 5550 Ughcllus,
1236 5498 1394 5534 mera
1442 5478 1743 5536 divinatiov
1764 5489 1869 5549 est.

206 5555 288 5610 Et
322 5550 700 5624 privilegium
725 5551 919 5624 ipsum
951 5556 1140 5624 totum
1190 5568 1413 5605 merum
1468 5553 1714 5606 fortasse
1768 5556 1872 5624 tig-

210 5568 288 5610 b‘t
322 5568 691 5676 privuegium
725 5568 919 5676 ipsum
951 5568 1140 5605 totum
1190 5568 1413 5605 merum
1468 5568 1714 5606 ποτ-παῖδε»,
1768 5568 1872 5624 ng-

210 5626 493 5680 mentum
570 5623 639 5677 ici
672 5622 743 5677 de
787 5626 842 5676 et
871 5639 883 5676 :
919 5638 1052 5675 cum
1084 5622 1141 5676 in
1177 5639 1242 5677 eo
1275 5625 1351 5675 sit
1381 5626 1596 5677 mentio
1626 5626 1874 5678 Conradi

209 5698 376 5767 imp,
408 5694 598 5767 eidem
632 5692 876 5767 concilio
907 5695 1233 5767 praesentis,
1280 5695 1378 5765 qui
1428 5703 1620 5750 tamen
1675 5697 1875 5750 decem

211 5764 407 5827 annis
440 5764 578 5823 totis
609 5768 742 5822 ante
772 5764 981 5823 Leonis
1011 5764 1417 5837 pontiﬁcatum
1458 5767 1699 5823 obierat.
1730 5768 1876 5823 Irre-

1976 4816 2031 4863 et
2064 4826 2163 4879 per
2192 4813 2245 4862 te
2277 4807 2543 4862 Ecclesiae
2578 4816 2685 4863 tua:
2717 4808 2775 4864 in
2808 4813 3177 4881 perpetuum.

2050 4898 2352 4967 Privilegia
2383 4897 2647 4952 Ecclesiae
2679 4903 2811 4966 tua,
2847 4916 2973 4970 quae
3003 4916 3156 4971 papa
3183 4899 3461 4957 Silvester
3501 4897 3625 4972 pri-

1976 5004 2108 5040 mus
2143 4991 2199 5040 et
2226 4987 2353 5056 ejus
2401 5003 2790 5055 successores,
2853 4988 3039 5043 nostri
3092 4988 3364 5046 videlicet
3406 4988 3628 5064 prside-

1978 5092 2238 5129 ccssores
2266 5080 2699 5142 concesserunt,
2754 5081 2810 5132 et
2857 5093 2964 5132 nos
3012 5079 3354 5136 statuimus.
3405 5077 3630 5135 Pmdia

1995 5198 2178 5275 χςὶξςιςηΔ
2227 5198 2471 5275 librarii,
2507 5216 2699 5275 errore
2749 5218 2966 5257 nomen
3006 5203 3257 5260 Conradi
3290 5201 3630 5275 suspicatur

1982 5217 2165 5324 {1.91590
2227 5217 2446 5253 nnrnrn
2507 5217 2699 5255 errore
2749 5218 2966 5257 nomen
3006 5217 3257 5260 uanraai
3298 5217 3627 5275 suspicatur

2031 5271 2281 5348 ghellus.
2316 5273 2475 5335 Quod
2495 5272 2557 5348 _si
2593 5273 2673 5327 ita
2702 5277 2809 5339 est,
2860 5291 3086 5348 suaque
3134 5274 3430 5348 privilegio
3479 5271 3627 5327 ﬁdes

1986 5291 2281 5337 ugneuus.
2316 5291 2475 5335 uuou
2510 5291 2557 5324 SI
2593 5291 2673 5327 ita
2702 5291 2809 5339 εει,
2860 5291 3086 5400 suaque
3134 5291 3430 5348 privuegio
3479 5291 3626 5327 nues

1982 5342 2285 5414 asseritur,
2322 5343 2617 5397 latendum
2647 5350 2801 5399 certe
2829 5352 2966 5401 este
3015 5348 3158 5401 itum
3188 5346 3247 5400 in
3268 5344 3460 5414 aliquo
3487 5359 3626 5414 con-

1984 5413 2113 5465 culii.
2147 5415 2325 5468 luisse
2344 5416 2513 5484 cujus
2539 5417 2820 5471 memoria
2836 5418 3005 5472 nobis
3033 5416 3146 5473 alia
3167 5414 3327 5470 nulla
3354 5412 3628 5539 stappedi-

1987 5487 2354 5539 tatﬂuatuor
2384 5485 2539 5539 enim
2573 5505 2701 5539 (ilIiB
2731 5493 2928 5539 extant
2957 5489 3226 5539 Romanas
3256 5501 3397 5539 svno
3444 5502 3462 5539 1
3487 5483 3627 5539 Leo-

1987 5483 2701 5558 tat.Quatuoreniiiirquze
2731 5493 2928 5542 extant
2957 5489 3234 5558 Romanae
3256 5483 3627 5558 synodiLeO-

1989 5556 2077 5607 nis
2114 5557 2390 5637 inpiam,
2427 5556 2625 5639 statim
2662 5563 2792 5639 post
2838 5558 3055 5639 Pascha
3083 5556 3400 5639 celebrata:
3445 5558 3625 5639 sunt:

1987 5643 2185 5679 earnm
2226 5628 2400 5681 iarihu‘
2430 5628 2573 5683 nulli
2606 5626 2778 5683 tribui
2803 5634 2989 5700 potest
3012 5627 3377 5700 privilegium
3407 5644 3465 5682 vr
3493 5626 3629 5700 Idus

1986 5704 2157 5824 Λιιὲμὲ
2179 5704 2607 5771 consignatum.
2642 5697 2817 5764 Quale
2845 5697 3037 5757 autem
3068 5697 3360 5774 idcunque
3394 5704 3503 5767 est,
3534 5697 3630 5755 hic

1989 5788 2056 5823 ex
2101 5787 2119 5822 ι
2165 5786 2249 5824 eo.

1989 5775 2249 5824 exhibeo.
