3916 6376
334 405 455 471 787

1628 409 1690 474 S.
1742 408 2015 474 LEONIS
2060 409 2139 472 IX
2179 407 2434 472 ΡΑΡιΕ.

3666 408 3791 470 788

336 545 396 600 et
423 542 578 600 bona
605 546 662 600 et
688 543 1043 601 munitiones
1075 563 1198 618 quae
1233 547 1626 602 Romanorum
1657 551 1965 616 imperato-
1999 544 2054 610 Α
2082 542 2345 599 Ecclesiae
2377 543 2786 601 communione
2815 546 3159 618 segregatus
3195 545 3511 616 perpetuae
3549 541 3790 612 subja-

337 648 432 688 res
461 635 518 688 et
546 633 900 689 Francorum
932 638 1119 705 atque:
1154 635 1496 706 Burgundiae
1518 632 1970 706 reges,Ecclesiae

265 785 273 793 _
338 723 452 776 tuae
484 719 1138 786 dederunt,auctoritate
1155 722 1250 777 Dei
1275 726 1329 776 et
1360 722 1542 776 sancti
1576 722 1726 776 Petri
1758 726 1815 777 et
1847 739 1974 776 nos-

338 810 450 875 tra,
476 807 648 864 ﬁrma
675 825 803 864 esse
833 809 1626 880 praecipimus.Similiterque
1659 809 1970 866 Galliarum

341 911 446 970 per
470 913 550 952 vn
581 896 904 968 provincias
933 897 1220 968 episcopis
1264 897 1654 969 praecipimus,
1705 903 1769 953 ut
1819 898 1974 952 sicut

340 983 986 1058 predecessoribustuis
1003 985 1340 1041 auctoritate
1354 991 1566 1042 sanctas
1581 987 1846 1042 Romana:
1869 988 1972 1042 Ec-

339 1073 546 1140 clesiae,
596 1073 708 1146 ipsi
757 1077 858 1129 aut
905 1074 1342 1144 prodecessores
1389 1091 1592 1130 eorum
1632 1079 1970 1146 paruerunt,

339 1161 613 1218 obediant
631 1178 862 1233 quoque
879 1166 934 1217 et
952 1162 1370 1229 tibi.Quoniam
1387 1168 1613 1236 oportet
1624 1165 1798 1235 jussu
1821 1163 1974 1220 beati

340 1249 490 1306 Petri
549 1267 653 1322 per
704 1251 1062 1308 Clementem
1122 1257 1186 1307 ut
1243 1270 1361 1308 una
1412 1269 1654 1326 quaque
1707 1269 1850 1325 gens
1882 1271 1972 1309 rc-

338 1343 668 1412 cognoscat,
715 1357 818 1413 per
864 1358 1002 1398 suos
1049 1341 1372 1414 episcopos,
1407 1343 1506 1414 qui
1549 1342 1700 1397 inter
1752 1359 1849 1398 eos
1899 1343 1974 1398 sit

338 1428 584 1501 primus.

412 1520 554 1575 Data
583 1535 686 1591 per
714 1517 934 1574 manus
954 1518 1130 1586 Petri,
1167 1519 1312 1574 sacri
1347 1520 1750 1576 Lateranensis
1774 1519 1974 1593 palatii

337 1605 665 1664 cancellarii
694 1625 729 1663 v
754 1607 892 1663 Idus
923 1605 1078 1663 Maii.

341 1806 402 1859 8.
441 1805 630 1859 Leonis
678 1805 747 1859 IX
786 1803 1025 1874 diploma
1067 1715 1411 1874 qiloxlloanni
1456 1807 1578 1860 abb.
1631 1806 1684 1861 S.
1741 1809 1973 1862 Iustinae

2080 636 2204 687 ceat
2235 632 2650 688 maledictioni.
2683 634 2788 699 Qui
2821 637 3014 689 autem
3063 633 3412 688 observator
3461 630 3789 688 exstiterit

2081 719 2370 792 repleatur
2398 721 2758 778 abundantia
2787 721 3123 794 apostolica:
3162 719 3658 777 benedictionis.

2151 814 2356 864 Datum
2391 810 2601 865 Patavii
2636 827 2736 882 per
2787 827 3030 866 manum
3079 809 3365 866 Bernardi
3416 809 3566 865 vice
3619 809 3785 864 Petri

2078 897 2424 965 cancellarii,
2479 915 2632 955 anno
2689 898 3002 954 Dominicze
3077 898 3531 954 incarnationis
3603 897 3784 964 4053,

2079 986 2519 1055 indict.v1,anno
2551 992 2740 1043 autem
2765 987 3144 1061 pontificatus
3166 987 3398 1044 domini
3429 986 3680 1044 Leonis
3709 987 3782 1042 IX

2080 1091 2240 1147 papae
2292 1093 2344 1144 v,
2405 1080 2612 1148 quarto
2669 1077 2814 1132 Non.
2870 1075 3142 1149 Augusti.
3199 1079 3421 1132 Actum
3477 1074 3779 1142 feliciter,

2083 1180 2248 1220 amen
2259 1207 2270 1219 .

2846 1281 2957 1336 CX.

2155 1369 2206 1424 S.
2243 1371 2341 1425 Leo
2371 1371 2436 1426 IX
2461 1371 2792 1426 monasterio
2824 1373 3084 1426 Besuensi
3109 1371 3420 1442 privilegia
3450 1370 3698 1426 tribuit.

2697 1479 2884 1548 (Anno
2915 1478 3104 1547 1052.)

2481 1583 2813 1657 [D’Achery,
2846 1582 3035 1654 Spicil.
3069 1582 3138 1650 II,
3173 1583 3327 1653 415.]

2152 1699 2264 1755 Leo
2309 1699 2636 1772 episcopus,
2687 1715 2890 1755 servus
2937 1712 3238 1754 servorum
3287 1695 3416 1770 Dei,
3463 1697 3775 1765 Onusam,

2080 1788 2273 1845 abbati
2306 1787 2616 1845 Besuensis
2647 1785 3251 1858 monasterii,tuisque
3281 1787 3774 1844 successoribus

375 1876 566 1930 Patav.
598 1891 757 1931 usum
779 1875 1181 1947 pontiﬁcali-um
1210 1881 1656 1932 ornamentorum
1685 1878 1938 1948 indulget
2003 1913 2050 1977 Β
2082 1883 2421 1952 perpetuam
2455 1877 2513 1932 in
2543 1877 2788 1932 Domino
2820 1875 3091 1932 salutem.

911 1964 1096 2036 (Anno
1127 1963 1408 2038 4048-54.)

409 2052 600 2125 [Apud
633 2053 698 2108 R.
733 2057 794 2109 P.
823 2053 992 2109 Bern.
1028 2053 1282 2122 Pezium,
1319 2055 1688 2112 Thes.Anocd.
1720 2056 1969 2128 Vl,2.il1.]

409 2141 524 2198 Lao
555 2142 884 2216 episcopus,
917 2159 1217 2200 servorum
1251 2143 1345 2200 Dei
1379 2161 1600 2211 servus,
1648 2163 1843 2202 manna
1876 2163 1968 2202 ve-

340 2230 582 2288 nerabili
614 2231 810 2287 abbati
841 2231 1178 2288 monasterii
1207 2233 1428 2289 Sanctze
1461 2234 1727 2304 Justinac,
1768 2252 1969 2308 perpe-

337 2323 504 2376 tuam
535 2321 594 2376 in
626 2321 870 2376 Domino
901 2321 1170 2377 salutem.

407 2409 492 2464 Ex
517 2407 943 2482 principalitate
974 2411 1128 2465 sedis
1159 2411 1509 2482 apostolica,
1560 2413 1650 2468 cui
1684 2414 1796 2469 Deo
1828 2431 1968 2486 pra:-

337 2495 598 2553 sidemus
628 2501 882 2566 auctore,
916 2497 1218 2571 religiosos
1239 2500 1449 2556 Christi
1472 2502 1970 2574 sacerdotes,quos

337 2585 496 2642 omni
530 2602 759 2642 morum
790 2587 1093 2644 honestate
1123 2606 1238 2661 pro:
1261 2591 1480 2646 caeteris
1511 2589 1725 2647 clarere
1749 2593 1972 2665 conSpi-

335 2673 546 2742 cimus,
601 2674 750 2730 sicut
793 2692 890 2732 eos
929 2677 1183 2748 quadam
1217 2678 1486 2734 familiari
1517 2679 1822 2736 dilectione
1855 2699 1968 2754 prae

334 2761 558 2820 caeteris
609 2763 1035 2836 amplectimur,
1095 2765 1174 2822 ita
1230 2784 1461 2840 quoque
1529 2785 1634 2824 nos
1694 2771 1972 2826 concedet

335 2852 795 2909 sacerdotalibus
827 2853 1178 2926 quibusdam
1208 2855 1540 2929 insignibus
1579 2875 1697 2928 prae
1747 2859 1971 2915 caeteris

335 2941 629 3009 decorare,
673 2941 950 3014 ipsosque
997 2960 1130 2999 cum
1182 2945 1354 3000 rebus
1402 2945 1779 3002 ecclesiarum
1825 2964 1972 3019 quas

335 3033 548 3102 regunt
574 3033 782 3085 nostrae
814 3030 1141 3102 apostolicae
1174 3033 1536 3089 auctoritatis
1567 3035 1748 3090 tutela
1778 3052 1841 3090 ac
1873 3037 1969 3091 de-

337 3117 598 3174 fensione
655 3118 944 3175 stabiliter
1001 3121 1249 3186 munire,
1309 3125 1594 3194 quatenus
1650 3123 1834 3180 cazteri
1899 3126 1966 3180 ad

2149 1967 2425 2024 Convenit
2470 1964 2786 2038 apostolico
2844 1962 3233 2020 moderamini
3285 1963 3386 2037 pia
3444 1965 3773 2040 religione

2081 2056 2433 2131 pollentibus
2471 2053 2748 2112 benevola
2798 2053 3208 2127 compassione
3255 2069 3639 2126 succurrere,
3700 2062 3774 2112 et

2079 2146 2401 2218 petentium
2413 2143 2716 2201 desideriis
2729 2158 3054 2216 congruum
3070 2141 3359 2215 impertiri
3375 2143 3772 2216 suffragium

2079 2237 2442 2308 Quapropter
2470 2233 2729 2289 inclinati
2761 2232 3030 2305 precibus
3057 2229 3202 2298 tuis,
3235 2229 3314 2287 fili
3347 2230 3768 2303 charissime,

2079 2323 2440 2380 decrevimus
2471 2337 2630 2378 more
2655 2326 3094 2378 antecessorum
3127 2323 3464 2377 nostrorum
3488 2319 3611 2378 hoc
3639 2339 3769 2378 DO-

2079 2417 2198 2468 stro
2229 2410 2524 2484 privilegio
2555 2408 2883 2483 apostolicae
2915 2409 3206 2477 tuitionis,
3229 2413 3420 2465 vestro
3443 2409 3765 2467 Besuensi

2079 2500 2429 2556 monasterio
2461 2503 2695 2572 propter
2733 2497 3110 2554 imminentes
3151 2497 3626 2570 persecutiones,
3696 2504 3768 2556 et

2079 2594 2314 2662 propter
2342 2590 2680 2644 innumeros
2711 2604 2882 2644 casus
2915 2586 3017 2659 qui
3038 2586 3764 2660 superveniunt,dignam

2079 2678 2388 2734 concedere
2419 2677 2768 2732 libertatem.
2800 2673 3082 2731 Videlicet
3124 2679 3192 2730 ut
3238 2673 3405 2730 nulla
3453 2691 3760 2748 persona,

2078 2771 2175 2822 aut
2207 2765 2326 2822 ulla
2356 2770 2633 2838 potestas,
2666 2764 2786 2820 sive
2815 2764 3231 2831 ecclesiastica,
3265 2780 3369 2820 seu
3403 2763 3762 2831 saecularis,

2078 2870 2254 2925 super
2281 2870 2408 2909 eam
2462 2853 2674 2908 audeat
2721 2853 3187 2908 dominationem
3239 2856 3344 2908 aut
3375 2856 3763 2924 potestatem

2079 2957 2361 3014 usurpare
2393 2945 2596 3013 praeter
2627 2939 3050 3012 Lingonensem
3099 2941 3470 3013 episcopum,
3525 2941 3637 3014 qui
3695 2944 3758 3000 ei

2079 3029 2473 3102 patrocinatur
2489 3029 2648 3100 juste
2674 3034 2729 3084 et
2757 3029 3050 3085 canonice.
3075 3028 3171 3084 Sic
3193 3032 3393 3084 tamen
3426 3032 3496 3084 ut
3528 3029 3585 3084 ei
3627 3047 3761 3086 non

2077 3117 2250 3174 liceat
2286 3135 2474 3190 neque
2523 3117 2828 3184 ministris,
2877 3118 3008 3188 ejus
3054 3120 3242 3173 terras
3293 3120 3398 3173 aut
3440 3117 3764 3176 beneﬁcia

337 3206 699 3280 religionem,
759 3208 1126 3265 sanctitatem
1185 3216 1241 3266 et
1295 3211 1690 3268 omnimodam
1738 3230 1969 3270 morum
2012 3274 2045 3280 _
2081 3209 2420 3264 monasterii
2451 3211 2810 3263 commutare
2840 3206 2926 3262 vel
2961 3207 3119 3273 dare,
3151 3223 3258 3262 nec
3285 3222 3448 3277 vasa,
3485 3223 3602 3263 nec
3648 3225 3764 3264 or-

341 3295 728 3363 honestatem,
759 3313 864 3352 nec
896 3315 1009 3354 non
1042 3299 1110 3353 ad
1145 3303 1356 3354 sancta:
1390 3301 1660 3356 Romano:
1709 3302 1970 3358 Ecclesia:
2003 3274 2046 3342 Ο
2083 3301 2483 3363 namenta,seu
2515 3295 2809 3352 volumina
2831 3295 3304 3364 subtrahere,aut
3325 3293 3765 3370 qualicunque

339 3389 396 3442 et
423 3401 668 3440 summa
699 3385 855 3442 sedis
885 3387 1175 3458 pontificis
1223 3388 1476 3444 debitam
1526 3390 1969 3461 subjectionem,

332 3474 1102 3543 reverentiam,devotionem
1135 3481 1191 3533 et
1221 3477 1692 3534 ardentissimam
1717 3479 1970 3536 dilectio-

337 3579 471 3619 nem
503 3563 816 3620 ferventius
848 3564 1176 3621 incitantur.

406 3651 772 3721 Unde,frater
794 3651 1138 3710 charissima
1165 3658 1222 3710 et
1243 3655 1423 3710 abbas
1443 3657 1764 3714 venerande
1791 3657 1968 3714 Joan-

338 3756 463 3811 nes,
523 3738 662 3813 quia
718 3744 776 3796 te
823 3741 1116 3814 religione,
1163 3743 1490 3816 sanctitate,
1529 3744 1858 3802 humilitate
1913 3752 1970 3804 et

335 3829 672 3886 omnimoda
702 3829 986 3902 probitate
1018 3830 1250 3903 pollere,
1282 3836 1338 3888 et
1368 3832 1426 3887 in
1451 3838 1664 3889 sanctae
1695 3835 1966 3892 Romanae

335 3917 597 3975 Ecclesia
622 3919 920 3991 nostrique
945 3919 1321 3976 devotissiina
1347 3922 1706 3992 subiectione
1729 3932 1784 3979 et
1807 3925 1968 3980 obse-

334 4007 469 4080 quio
501 4008 713 4064 fervere
739 4008 1055 4078 intuemur,
1106 4010 1386 4064 sandaliis
1434 4016 1490 4065 et
1533 4011 1850 4069 dalmatica
1893 4015 1963 4070 ad

333 4095 648 4152 missarum
669 4083 1111 4152 celebrationem
1135 4103 1188 4153 te
1210 4098 1582 4156 concedimus
1613 4099 1828 4167 uti,ncc
1852 4119 1967 4158 non

335 4187 455 4240 tam
489 4184 559 4240 ad
591 4184 832 4240 missam
866 4202 1040 4257 quam
1074 4186 1142 4242 ad
1174 4186 1462 4244 solemnes
1495 4190 1890 4262 proccssiones
1913 4195 1965 4248 te

333 4275 497 4329 mitra
543 4275 600 4329 et
647 4273 950 4346 cyrolhecis
971 4275 1183 4343 ornari,
1245 4280 1531 4348 quatenus
1587 4277 1854 4349 precibus
1911 4285 1968 4337 et

333 4361 559 4418 meritis
587 4360 746 4418 illius
777 4363 954 4419 beatae
985 4362 1223 4437 virginis
1253 4370 1308 4420 et
1340 4366 1806 4438 martyris,cujus
1837 4385 1963 4424 cor-

331 4467 439 4522 pus
457 4450 513 4506 in
532 4451 845 4508 commisso
859 4451 960 4508 tibi
977 4455 1326 4510 monasterio
1343 4455 1620 4527 requiesci
1633 4459 1780 4526 t,pro
1793 4457 1962 4528 cujus

327 4537 504 4596 etiam
534 4539 751 4597 honore
781 4558 848 4597 ac
877 4541 1180 4598 dilectione
1206 4542 1308 4598 tibi
1340 4544 1676 4616 supradicta
1697 4547 1961 4602 concedi-

329 4643 482 4698 mus,
514 4630 1124 4702 adjuravigvaleamus.

395 4717 606 4774 Omnia
634 4718 874 4792 insuper
901 4721 1120 4792 quaejad
1146 4721 1484 4792 praedictum
1505 4722 1686 4778 beatae
1711 4722 1956 4780 Justinze

325 4806 744 4863 monasterium
776 4808 1066 4880 pertinent
1089 4809 1249 4880 juste
1281 4809 1565 4881 acquisita
1595 4811 1713 4866 sive
1751 4812 1956 4884 acqui-

325 4893 528 4960 renda,
559 4895 668 4950 sub
699 4895 879 4951 tutela
920 4913 986 4952 ac
1034 4897 1368 4955 defensione
1417 4899 1572 4954 sedis
1622 4900 1952 4972 apostolica;

325 4981 705 5052 suscipimus,
738 4983 896 5039 salvo
925 4984 1145 5042 scilicet
1166 4989 1300 5059 jure
1331 4988 1534 5044 matris
1555 4993 1666 5044 tuae
1689 4989 1954 5046 Ecclesiae

323 5069 632 5125 Paduanze.

395 5156 606 5215 Nullus
659 5158 840 5230 igitur
892 5162 1382 5237 archiepiscopus,
1441 5166 1770 5238 episcopus,
1818 5167 1954 5238 dux,

325 5240 620 5314 marchio,
639 5249 1480 5324 comes,vicecomes,nullaque
1506 5268 1720 5322 magna
1749 5269 1952 5324 parva-

322 5347 436 5409 que
463 5353 710 5408 persona
746 5337 805 5393 in
850 5341 1106 5410 praedicti
1155 5341 1490 5396 monasterii
1544 5341 1716 5394 rebus
1773 5340 1952 5397 ullam

319 5424 595 5498 deinceps
625 5425 957 5482 violentiam
981 5427 1192 5482 inferre
1225 5427 1622 5500 przusumat.Si
1655 5428 1787 5498 quis
1818 5445 1951 5484 vero

324 5511 500 5580 hujus
529 5518 738 5568 nostrae
765 5515 1089 5586 apostolica:
1112 5514 1431 5570 sanctionis
1452 5515 1812 5587 privilegium
1835 5517 1953 5572 vio-

321 5593 444 5650 lare
466 5601 1036 5672 praesumpseritmisi
1061 5601 1175 5656 cito
1199 5600 1526 5671 rcsipuerit,
1547 5607 1603 5657 et
1619 5604 1954 5661 admonitus

325 5680 476 5737 male
505 5692 630 5740 acta
657 5687 835 5758 digna
857 5687 1251 5743 satisfactione
1272 5690 1721 5757 emendaverit,a
1743 5697 1952 5748 sanctae

2079 3386 2378 3442 occasione
2406 3385 2674 3456 diripere.
2716 3384 2927 3440 Omnia
2979 3399 3114 3439 vero
3139 3399 3512 3456 quaecunque
3559 3383 3767 3442 habet

2076 3475 2163 3532 vel
2185 3479 2358 3544 tenet,
2393 3475 2477 3530 vel
2509 3473 2864 3546 acquisierit,
2887 3472 3262 3546 supradictus
3291 3472 3460 3530 locus
3492 3472 3761 3541 habeat,

2078 3570 2135 3620 et
2167 3568 2321 3620 tenet
2352 3567 2550 3620 nostra
2606 3561 2926 3634 apostolica
2956 3560 3404 3618 conﬁrmatione
3423 3562 3572 3634 jure
3607 3580 3764 3636 per-

2078 3658 2270 3726 petuo,
2304 3653 2364 3708 in
2397 3654 2798 3724 cujuscunque
2831 3649 3070 3707 dioecesi
3105 3651 3203 3705 sit.

2148 3741 2556 3798 Interdicimus
2581 3741 2756 3797 etiam
2793 3743 2992 3796 nostra
3021 3739 3372 3795 auctoritate
3419 3743 3488 3795 ut
3539 3741 3778 3800 nullus

2076 3831 2287 3888 audeat
2343 3829 2676 3902 supradicto
2742 3829 3098 3885 monasterio
3170 3827 3289 3884 vim
3347 3827 3604 3898 inferre,
3670 3832 3778 3888 vel

2073 3937 2207 3976 eum
2240 3919 2298 3974 in
2330 3918 2752 3990 subjectionem
2775 3919 3182 3989 cujuscunque
3207 3916 3566 3972 monasterii
3598 3920 3775 3975 redi-

2073 4024 2226 4080 gere.
2257 4008 2538 4080 Raptores
2567 4007 2972 4078 cujuscunque
3002 4003 3229 4061 ordinis
3275 4003 3362 4060 vel
3419 4005 3769 4079 dignitatis

2075 4098 2212 4165 sint,
2247 4097 2348 4169 qui
2381 4113 2470 4152 res
2501 4113 2626 4168 quae
2655 4096 2726 4152 ad
2761 4111 2941 4168 supra
2974 4094 3352 4150 nominatum
3399 4095 3772 4154 comobium

2076 4186 2384 4259 pertinent,
2417 4185 2532 4240 sive
2563 4185 2635 4242 de
2669 4184 3034 4252 hominibus,
3066 4199 3170 4239 seu
3201 4183 3275 4238 de
3313 4183 3512 4252 terris,
3546 4185 3650 4240 vel
3689 4188 3778 4244 de

2073 4275 2580 4347 qualibuscunque
2611 4273 2964 4342 rebus,unde
2987 4275 3316 4328 sustenlare
3335 4275 3393 4328 et
3421 4272 3631 4330 vivere
3657 4275 3778 4331 dc-

2074 4365 2211 4420 bent
2240 4363 2381 4421 inibi
2415 4368 2524 4419 Deo
2557 4362 2892 4429 servientes,
2926 4360 3242 4434 rapuerint
3287 4360 3376 4417 vel
3427 4361 3781 4422 subtraxe-

2073 4455 2208 4519 rint,
2240 4451 2492 4525 ligamus
2523 4468 2620 4507 eos
2650 4450 2928 4524 ligamine
2979 4450 3169 4506 sancti
3221 4449 3376 4510 Petri
3425 4466 3778 4526 usquequo

2071 4559 2322 4614 congrue
2362 4541 2750 4596 satisfaciant.

1993 4645 2036 4708 D
2140 4631 2520 4687 Prohibemus
2551 4629 2724 4684 etiam
2755 4645 2826 4684 ne
2857 4628 3008 4683 infra
3036 4644 3222 4684 unam
3254 4627 3493 4684 leuvam
3540 4647 3580 4686 a
3618 4648 3774 4687 mo-

2069 4718 2318 4776 nasterio
2349 4717 2518 4773 liceat
2547 4715 2720 4772 alicui
2752 4715 3011 4788 aliquem
3053 4715 3334 4774 invadere
3357 4717 3449 4774 vel
3480 4719 3630 4790 ejus
3655 4737 3772 4778 res

2063 4809 2314 4864 auferre.
2354 4807 2684 4862 Statuentes
2713 4804 3034 4878 apostolica
3063 4821 3314 4861 censura
3344 4822 3417 4862 ne
3447 4806 3583 4864 ulla
3637 4811 3774 4868 ho-

2063 4897 2290 4952 minum
2323 4911 2568 4968 persona
2599 4910 2812 4966 magna
2840 4893 2926 4949 vel
2959 4910 3136 4966 parva
3184 4901 3391 4950 contra
3434 4894 3551 4953 hoc
3607 4917 3768 4962 nos-

2060 4990 2218 5040 trum
2251 4982 2618 5056 privilegium
2652 4981 2853 5038 venire
2887 4984 3374 5054 pertentet.Quod
3418 4985 3469 5042 si
3503 4987 3767 5064 fecerit,

2063 5073 2381 5145 apostolico
2411 5070 2770 5126 anathemati
2813 5069 3361 5144 subjacehit,usque
3383 5073 3457 5128 ad
3483 5074 3767 5149 dignam

2062 5161 2540 5218 satisfactionem.
2572 5159 2678 5223 Qui
2723 5175 2854 5214 vero
2905 5160 3236 5228 servaverit,
3288 5160 3769 5229 benedictionis

2062 5255 2274 5306 nostra:
2305 5249 2492 5323 gratia
2520 5246 2868 5315 cumulatur,
2901 5251 2958 5304 et
2987 5251 3214 5303 aeterna:
3243 5247 3378 5306 vitae
3427 5254 3764 5332 particeps

2063 5338 2367 5394 etficiatur.

2136 5432 2338 5483 Datum
2372 5443 2427 5481 1v
2457 5423 2650 5480 Nonas
2681 5423 2968 5491 Octobris,
3003 5441 3106 5497 per
3137 5441 3354 5483 manus
3401 5427 3566 5485 Petri
3603 5434 3756 5492 dia-

2061 5515 2210 5581 coni,
2243 5512 2664 5570 bibliothecarii
2688 5517 2744 5568 et
2773 5513 3106 5569 cancellarii
3139 5519 3358 5571 sanctae
3380 5521 3756 5589 apostolicae

2061 5604 2238 5670 sedis,
2271 5603 2582 5658 indictione
2631 5618 2688 5667 ν,
2728 5618 2879 5658 anno
2929 5603 3002 5657 ab
3045 5602 3451 5662 incarnatione
3482 5606 3754 5672 Domini

2067 5693 2205 5748 4052
2239 5691 2618 5762 pontiﬁcatus
2635 5694 2828 5747 autem
2851 5691 3071 5748 domini
3096 5690 3305 5749 Leonis
3337 5693 3410 5750 IX
3431 5711 3613 5769 papae
3651 5719 3753 5762 ιιι,
