3916 6364
365 429 483 494 ⁸191
1635 431 1698 492 8.
1741 429 1995 492 LEONII

2109 427 2147 492 Κ
2186 425 2438 492 PAPJE.
3699 421 3802 484 ’192

367 561 548 618 fuisse
576 560 649 615 ab
677 558 918 616 Arnulfo
938 559 1302 630 imperatore.
1334 563 1397 615 ut
1424 561 1570 617 alias
1596 561 1962 617 ostendimus
1983 560 2153 631 (218.)
2173 560 2337 614 Mitto
2359 559 2512 631 quod
2543 574 2712 615 voces
2754 553 3186 616 'Alor'Mnnorum
3242 562 3302 631 et
3361 555 3796 620 Allemanniaz,

369 649 496 704 quae
527 631 586 686 in
643 631 932 704 ejusmodi
992 629 1198 686 litteris
1245 633 1702 704 occurruntadi
1740 629 2174 704 signiﬁcandos
2215 629 2508 704 Dajoarios
2552 639 2604 704 et
2666 631 3011 698 Bajoariam,
3074 629 3497 704 posteriorum
3567 631 3799 704 tempe;

366 698 496 778 fum
527 701 763 778 genium
796 702 1060 778 sapiunt.
1087 704 1220 778 J_am_
1243 703 1440 774 qualia
1480 703 1650 778 verba
1683 698 1888 778 Leonis
1922 719 2080 774 papae
2109 702 2183 778 ad
2201 698 2525 778 llegnricum
2557 698 3155 778 Francprumregem,
3216 700 3456 778 quibus
3515 713 3679 778 eum
3715 698 3798 778 .o_b

366 767 1003 856 hanc'spbtractionem
1051 773 1222 856 solari
1257 767 1523 856 conatur!
1583 773 1780 856 qualis.
1834 767 2024 827 ser-mo
2055 772 2366 856 pontiﬁcis,
2425 777 2488 826 ut
2541 771 2763 856 Arpulﬁ
2823 767 3043 856 lurtufﬁ
3103 767 3448 856 approbet!
3715 767 3798 822 his

363 843 535 916 nugis
565 843 785 898 diutius
814 843 1108 898 immorer.
1143 844 1303 898 Haud
1337 850 1528 897 tamen
1561 841 1822 898 absolute
1852 860 1995 914 nega

365 917 437 970 de
459 930 694 996 corpore
723 913 905 996 sancti
938 914 1556 996 Dio_nysii_veiitilataiu
1593 915 1770 996 fuisse
1800 914 1876 983 (id
1911 913 1995 968 eui

2109 844 2200 909 im,
2235 843 2420 898 Leone
2443 859 2589 913 papa
2619 843 2946 913 Ratisponaa
2967 841 3334 905 demorante.
3362 841 3790 913 quaestionem

2109 918 2152 968 3t
2170 913 2420 996 Annales
2445 913 2708 996 S‘axonici
2734 913 2994 996 tradunt)
3017 917 3193 994 atque
3220 913 3279 967 in
3297 911 3516 968 sancti
3547 911 3795 996 Emme-

365 981 577 1041 rammi
606 983 822 1056 templo
853 991 992 1056 tunc
1022 981 1313 1040 detectum
1345 985 1525 1040 fuisse
1552 981 1846 1056 quoddam
1877 1001 2110 1054 corpus,
2139 985 2293 1056 quod
2324 984 2586 1056 ejusdem
2619 983 2806 1038 sancti
2831 982 3082 1056 Dionysii
3097 981 3334 1056 'corpus
3356 981 3801 1056 esse,prolatis

369 1056 563 1128 nescio
593 1053 808 1128 quibus
841 1055 1073 1128 tabulis,
1105 1057 1553 1128 Batisponenses
1570 1053 1917 1128 asseruere;
1959 1053 2135 1128 idque
2158 1053 2310 1110 forte
2359 1055 2534 1128 Leoni
2594 1071 2942 1126 persuasum
2979 1053 3414 1128 fuisse—uiue
3473 1057 3582 1107 est
3645 1053 3794 1123 quod

368 1125 650 1182 Henricus
700 1142 796 1182 rex
853 1127 922 1181 ad
983 1125 1356 1182 refellendam
1415 1127 1564 1180 hanc
1620 1125 1974 1194 opinionem,
2032 1125 2389 1196 frequentem
2437 1125 2867 1196 episcoporum,
2947 1125 3227 1180 abbatum
3288 1129 3352 1180 et
3403 1139 3788 1196 Wprocerum

365 1199 667 1270 ccetumin
697 1197 1048 1270 Dionysiano
1101 1197 1455 1253 monasterio
1501 1215 1602 1270 per
1631 1193 1932 1268 Hugouem
1977 1193 2246 1252 abbatem
2295 1193 2488 1251 indici
2521 1193 2723 1267 jussit,
2783 1213 2850 1252 ac
2921 1197 3109 1251 sancti
3168 1193 3474 1269 Dionysif
3516 1193 3788 1251 loculum

369 1269 633 1326 reserari.

492 1597 741 1670 Diploma
767 1598 827 1651 S.
858 1597 1050 1652 Leonis
1079 1597 1144 1652 IX
1169 1597 1234 1652 de
1257 1613 1476 1668 corpore
1503 1597 1558 1651 S.
1594 1599 1863 1669 Dionysii.

935 1684 1122 1756 (Anno
1156 1686 1290 1740 1048
1325 1687 1436 1758 6t.)

777 1773 1007 1844 [Mansi,
1042 1773 1244 1829 Concil.
1279 1773 1418 1840 XIX,
1443 1775 1592 1845 674.]

441 1863 503 1918 In
533 1860 844 1920 Salvatoris
876 1861 1058 1918 nostri
1079 1863 1217 1919 Jesu
1250 1862 1462 1918 Christi
1497 1863 1752 1918 nomine.
1789 1865 1996 1931 Amen,

367 1951 482 2006 Leo
510 1950 816 2022 episcopus
839 1967 1039 2006 servus
1061 1967 1357 2007 servorum
1386 1951 1510 2018 Dei,
1533 1951 1858 2008 clarissimo
1881 1951 1998 2007 ﬁlio

365 2037 578 2112 inclyte
600 2039 720 2112 regi
745 2039 1118 2109 Francorum,
1151 2056 1216 2094 ac
1247 2039 1678 2095 venerabilibus
1718 2040 1998 2095 fratribus

363 2126 833 2200 archiepiscopis,
861 2127 1150 2200 episcopis
1176 2133 1233 2184 et
1261 2127 1488 2184 dilectis
1518 2129 1576 2182 in
1607 2128 1836 2184 Christo
1860 2128 1996 2184 ﬁliis

361 2215 695 2284 abbatibus,
727 2216 1370 2288 prioribus,pra3positis
1391 2219 1449 2272 et
1471 2217 1739 2285 decanis;
1775 2217 1998 2273 univer-

357 2303 562 2376 sisque
588 2307 709 2360 tam
741 2303 992 2360 subditis
1023 2321 1200 2376 quam
1229 2304 1484 2376 przelatis
1515 2306 1777 2374 ejusdem
1825 2305 1989 2377 regni

361 2389 613 2447 salutem
641 2395 699 2446 et
726 2391 1104 2463 apostolicam
1135 2392 1599 2448 benedictionem
1625 2411 1637 2448 :

431 2477 586 2536 Deus
615 2479 1004 2552 omnipotens,
1035 2481 1134 2552 qui
1159 2497 1272 2536 non
1305 2481 1595 2538 immerito
1627 2498 1729 2553 per
1743 2480 1994 2553 Prophe-

359 2570 482 2624 tam
511 2566 573 2622 in
603 2567 820 2624 sanctis
851 2568 974 2624 suis
998 2583 1126 2624 esse
1152 2569 1440 2624 mirabilis
1470 2569 1997 2640 predicatur,mira

359 2654 614 2727 quadam
636 2654 1036 2712 inscrutabilis
1048 2655 1274 2712 consilii
1295 2657 1384 2711 sui
1401 2657 1996 2729 profunditatedispo-

359 2741 482 2800 nit:
518 2759 645 2816 qua
675 2744 816 2800 dum
837 2745 1205 2801 considerare
1231 2762 1344 2800 non
1369 2746 1585 2802 sufﬁcit
1606 2763 1770 2802 mens
1785 2746 1993 2802 huma-

356 2847 454 2932 na,
484 2831 614 2906 ipsa
639 2832 859 2890 suimet
887 2833 1223 2934 inﬁrmitate
1253 2833 1548 2900 deﬁciens,
1587 2835 1645 2890 in
1678 2835 1992 2938 quemdam
2025 2873 2073 2938 Β

353 2920 448 2978 sui
467 2937 771 2978 excessum
803 2921 927 2994 rapi
959 2921 1189 2994 cogitur
1216 2926 1274 2978 et
1300 2927 1619 2994 stuporem.
1665 2923 1826 2988 Quod
1878 2922 1992 2994 ipsi

351 3023 459 3063 nos
487 3024 675 3079 nuper
701 3009 939 3080 experti,
973 3013 1030 3065 et
1057 3010 1220 3065 vobis
1247 3010 1306 3064 in
1347 3010 1572 3066 Christo
1604 3010 1993 3078 charissimis,

353 3097 414 3150 et
441 3095 807 3151 universitati
835 3095 1096 3151 ﬁdelium
1114 3097 1484 3169 promulgare
1500 3097 1907 3170 compellimur
1926 3102 1990 3154 ut

361 3185 420 3239 et
448 3181 551 3238 Dei
581 3199 756 3256 opera
802 3184 1018 3256 pariter
1075 3184 1452 3240 admiremur.
1514 3186 1659 3241 Nam
1719 3203 1852 3241 cum
1891 3202 1994 3258 per

359 3270 704 3327 instantiam
722 3272 1081 3328 serenissimi
1095 3273 1463 3345 imperatoris
1477 3273 1702 3330 Henrici
1715 3275 1784 3330 ad
1801 3279 1992 3346 partes

359 3358 686 3416 Germania;
705 3359 1046 3428 visitandas,
1077 3377 1144 3416 ac
1175 3361 1460 3434 praecipue
1489 3363 1561 3418 ad
1615 3363 1820 3418 urbem
1864 3379 1990 3434 qua:

363 3446 578 3504 dicitur
604 3449 942 3522 Ratispona,
958 3449 1046 3506 vel
1065 3449 1461 3523 Regenspurg,
1486 3449 1702 3507 evocati
1727 3467 1991 3508 essemus

360 3534 432 3590 ad
479 3536 806 3593 venerabile
857 3554 1066 3611 corpus
1116 3538 1268 3593 beati
1325 3537 1655 3612 Wolfgangi
1725 3539 1988 3610 ejusdem

359 3623 526 3679 urbis
553 3623 807 3698 episcopi
837 3627 1328 3697 transferendum,
1355 3627 1464 3683 hoc
1511 3645 1579 3683 ea
1627 3645 1745 3700 qua
1793 3628 1990 3684 decuit

353 3711 677 3768 reverentia
695 3718 751 3768 et
777 3714 1078 3770 devotione
1108 3719 1361 3786 peracto,
1393 3715 1476 3769 tui
1502 3716 1854 3772 Francorum
1891 3733 1990 3772 rex

352 3797 412 3853 in
429 3798 678 3870 Christo,
703 3801 784 3857 ﬁli
802 3801 1280 3870 charissime,nos
1305 3803 1478 3875 legati
1499 3807 1852 3876 tuorumque
1870 3821 1990 3860 om-

349 3885 516 3944 nium
544 3889 667 3946 vice
694 3890 928 3947 solliciti
962 3895 1266 3964 rogarunt,
1299 3895 1588 3964 quatenus
1620 3891 1802 3958 litem,
1859 3909 1987 3964 qua:

346 3973 500 4031 inter
523 3993 627 4034 vos
651 3982 711 4034 et
740 3979 947 4035 urbem
979 3980 1314 4052 praadictam
1375 3996 1552 4051 super
1599 3983 1986 4039 sacrosanctis

346 4061 580 4146 ossibus
611 4065 928 4122 beatissimi
963 4067 1218 4139 Dionysii
1251 4068 1606 4140 Areopagitae
1653 4068 1986 4126 diutissime

341 4150 682 4208 ventilatam
711 4156 946 4210 veritate
975 4156 1249 4212 diucussa
1289 4156 1560 4212 dirimere
1619 4172 1977 4226 curaremus,

2029 1510 2085 1576 Α
2113 1507 2327 1580 scripta
2355 1505 2640 1578 Arnulphi
2661 1505 2908 1578 Augusti
2931 1505 3316 1578 ordinemque
3335 1507 3422 1562 rei
3447 1506 3790 1580 diligentis-

2111 1597 2258 1652 sime
2287 1595 2647 1668 perlegentes
2671 1613 2686 1663 ;
2720 1610 2823 1650 nec
2840 1611 2906 1650 eo
2929 1594 3208 1662 contenti,
3240 1594 3715 1667 capsas,thecas
3736 1601 3792 1651 et

2111 1683 2408 1753 scrinia,in
2423 1684 2637 1755 quibus
2651 1699 2828 1738 sacra
2845 1681 3106 1755 reliquias
3119 1683 3371 1738 conditas
3391 1683 3790 1751 dicebantur,

2109 1789 2174 1829 ac
2213 1771 2416 1828 titulos
2446 1789 2511 1827 ac
2540 1770 2966 1844 epigrammata
2993 1771 3364 1837 eorumdem,
3397 1771 3586 1828 oculo
3605 1776 3790 1828 tenus

2109 1860 2306 1917 solerti
2323 1861 2585 1917 examine
2601 1859 2966 1916 discutienda
2981 1858 3248 1931 nihilque
3267 1859 3609 1916 omittendo
3624 1861 3790 1933 quod

2109 1949 2180 2004 ad
2213 1949 2643 2021 indagationem
2667 1946 3036 2003 certitudinis
3061 1947 3338 2019 pertinet,
3360 1952 3485 2004 tam
3501 1948 3792 2022 imperia-

2106 2037 2262 2093 libus
2292 2054 2467 2110 quam
2498 2036 2806 2110 papalibus
2837 2040 3274 2092 antecessorum
3308 2039 3664 2094 nostrorum
3687 2036 3791 2092 lit-

2105 2126 2245 2182 teris
2267 2126 2625 2182 sufﬁcienter
2645 2123 3194 2196 instructi,picturis
3217 2141 3450 2198 quoque
3462 2125 3792 2198 parietum

2107 2214 2532 2287 multiplicibus
2553 2212 2941 2286 etsculpturis
2959 2212 3400 2282 vetustissimis,
3418 2213 3796 2285 exprimen-

2104 2303 2262 2359 tibus
2291 2303 2506 2359 indicia
2525 2301 2784 2358 veritatis
2813 2306 2870 2357 et
2894 2305 3095 2357 notas:
3116 2300 3448 2357 indubitata
3466 2301 3591 2358 ﬁde
3615 2317 3796 2359 com-

2104 2390 2385 2463 perimus,
2407 2390 2548 2446 dicti
2574 2389 2826 2446 doctoris
2851 2393 2908 2446 et
2929 2390 3207 2462 martyris
3221 2407 3359 2446 ossa
3379 2389 3791 2459 venerabilia,

2104 2483 2339 2550 excepta
2369 2477 2652 2550 particula
2683 2478 2856 2534 unica
2903 2477 3081 2534 simul
3129 2481 3188 2534 et
3240 2477 3492 2533 minima
3551 2493 3790 2536 manus

2101 2567 2494 2639 dextras,apud
2518 2576 2906 2622 memoratum
2919 2564 3414 2622 B.Emmerammi
3427 2567 3788 2623 cmnobium

2103 2655 2462 2728 integraliter
2499 2655 2804 2710 contineri.
2840 2654 3093 2722 Etenim,
3126 2670 3200 2710 ne
3247 2653 3608 2711 testimonia
3672 2655 3788 2712 ho-

2102 2743 2350 2814 minum,
2383 2761 2506 2816 quae
2531 2745 2653 2814 jam
2684 2743 2962 2810 diximus,
3003 2759 3121 2798 non
3160 2742 3535 2810 sufﬁcerent;
3562 2743 3785 2802 divina

2103 2847 2334 2903 quoque
2364 2849 2479 2888 non
2507 2832 2740 2891 defuere
2771 2831 3038 2904 prodigia
3065 2836 3126 2888 et
3154 2835 3432 2904 portenta
3460 2849 3597 2905 quae
3664 2833 3783 2890 du-

2102 2920 2454 2976 biumomne
2485 2920 2718 2992 penitus
2746 2920 3103 2992 abegerunt:
3163 2937 3294 2992 qua
3354 2937 3466 2976 nos
3525 2937 3784 2994 quoque

2099 3008 2384 3066 conscribi
2409 3009 2702 3079 jussimus
2731 3007 3061 3081 diligenter,
3111 3007 3396 3082 vobisque
3426 3010 3781 3067 transmitti

2100 3112 2202 3169 per
2230 3100 2450 3153 vestros
2470 3097 2706 3152 nuntios
2737 3113 2802 3152 ac
2823 3095 3064 3170 legatos,
3097 3113 3204 3152 nec
3268 3113 3387 3154 non
3450 3099 3614 3170 apud
3672 3115 3776 3156 ec-

2099 3183 2336 3240 clesiam
2360 3185 2692 3257 praedictam
2725 3190 3002 3258 perpetuo
3032 3185 3410 3254 conservari;
3459 3190 3528 3242 ut
3577 3191 3644 3242 et
3695 3191 3780 3244 ad

2100 3277 2361 3346 posteros
2410 3277 2582 3346 gestae
2613 3273 2695 3329 rei
2748 3273 2955 3330 notitia
3007 3273 3358 3343 deducatur,
3401 3277 3462 3330 et
3503 3272 3781 3332 ulterius

2098 3361 2364 3434 litigandi
2399 3362 2640 3417 materia
2678 3363 2910 3434 penitus
2938 3362 3339 3435 conquiescat.
3402 3362 3668 3436 Insuper
3714 3369 3784 3420 et

2097 3449 2360 3506 districto
2388 3449 2780 3522 praecipimus,
2839 3454 3165 3507 statuentes
3220 3455 3288 3507 ut
3339 3451 3781 3510 translationis

2098 3537 2282 3610 ipsius
2311 3539 2640 3594 veneranda
2667 3537 3030 3606 solemnitas,
3061 3551 3207 3608 tam,
3241 3556 3276 3596 a
3298 3531 3584 3596 fratribus
3601 3543 3661 3613 ej
3674 3559 3785 3599 us-

2098 3627 2230 3682 dem
2261 3627 2514 3683 ecclesiae
2554 3644 2733 3700 quam
2774 3628 2846 3684 ab
2888 3627 3178 3684 universis
3199 3629 3367 3685 urbis
3396 3629 3528 3700 jam
3557 3629 3780 3700 dicta,

2095 3715 2267 3772 annis
2295 3715 2564 3788 singulis,
2598 3733 2732 3772 cum
2788 3715 2948 3772 omni
2984 3716 3359 3787 jucunditate
3417 3721 3474 3773 et
3529 3720 3780 3790 gaudio

2094 3803 2434 3872 celebretur,
2485 3807 2720 3877 totaque
2773 3793 3056 3877 tripudiet
3111 3805 3272 3878 regio
3317 3809 3778 3866 Germanorum

2093 3893 2240 3947 tanti
2267 3892 2452 3948 Patris
2481 3896 2654 3964 atque
2683 3893 2910 3965 patroni
2941 3893 3216 3949 adventui
3236 3911 3357 3950 non
3387 3893 3647 3968 ingrata.

2162 3981 2278 4036 Vos
2298 3985 2494 4036 autem
2525 3981 2584 4036 in
2615 3980 2840 4037 Christo
2869 3980 3241 4040 dilectissimi
3273 3981 3404 4051 ﬁlii,
3437 3999 3540 4038 rex
3565 3984 3774 4042 Fran-

2093 4085 2290 4125 corum
2313 4069 2514 4141 tuique
2533 4069 2749 4136 ﬁdeles,
2780 4069 3048 4140 quamvis
3071 4069 3374 4127 invidendi
3404 4071 3775 4132 Teutonicas

2091 4156 2244 4229 genti
2274 4157 2578 4212 videamus
2599 4158 2827 4228 justam
2858 4157 3096 4228 quidem
3128 4157 3346 4214 habere
3405 4159 3770 4232 materiam,

343 4238 509 4295 vobis
539 4241 772 4312 quidem
815 4244 1017 4300 eadem
1074 4245 1225 4316 apud
1282 4261 1384 4299 vos
1441 4262 1568 4300 esse
1623 4245 1974 4315 dicentibus,
2009 4231 2051 4297 C
2089 4245 2169 4299 ita
2193 4251 2255 4300 ut
2277 4245 2494 4317 putatis
2519 4245 2724 4299 merito
2746 4245 2816 4300 de
2847 4243 3305 4301 Alamannorum
3336 4245 3504 4303 vobis
3535 4231 3773 4308 laetitia

337 4324 572 4400 _civibus
603 4333 796 4386 autem
829 4335 1003 4404 atque
1031 4331 1236 4388 incolis
1260 4334 1420 4388 urbis
1442 4334 1690 4404 przefataa
1713 4339 1978 4390 astruen-

343 4416 505 4474 tibus
533 4433 564 4474 e
591 4434 867 4475 converso
898 4437 965 4476 ea
996 4437 1097 4493 per
1125 4420 1573 4477 invictissimum
1608 4421 1976 4494 Arnulphum

340 4508 636 4584 quondam
665 4508 1074 4580 imperatorem
1096 4510 1167 4565 ad
1198 4509 1500 4566 ecclesiam
1533 4511 1976 4584 beatimartyris

339 4597 710 4656 Emmeranni
765 4613 893 4654 esse
947 4596 1250 4664 translata,
1302 4598 1637 4670 ibidemque
1703 4599 1975 4671 deinceps

337 4685 640 4745 contineri.
669 4687 802 4752 Qua
833 4686 1069 4758 quidem
1100 4685 1356 4742 Ecclesia
1385 4687 1526 4741 inibi
1551 4687 1662 4743 sita
1682 4693 1970 4760 est,atque

335 4775 409 4831 ab
438 4773 603 4831 omni
632 4773 881 4830 aliorum
909 4773 1266 4844 subiectione
1283 4791 1349 4830 ac
1367 4775 1972 4845 jurisdictionelibera

329 4867 390 4918 et
417 4865 675 4933 excepta,
707 4863 778 4918 ad
801 4863 904 4932 jus
933 4869 991 4916 et
1017 4861 1428 4933 proprietatem
1462 4865 1613 4920 beati
1645 4864 1794 4920 Petri
1827 4882 1967 4938 apo-

332 4949 550 5007 stolicze
607 4950 762 5006 sedis
826 4949 1162 5004 immediate
1223 4951 1512 5021 pertinere
1568 4953 1964 5026 dignoscitur:

333 5035 623 5093 oblatione
650 5035 915 5091 videlicet
942 5036 1408 5094 excellentissimi
1443 5041 1835 5097 Romanorum
1861 5043 1970 5097 im-

332 5123 614 5197 peretoris
641 5123 828 5180 Caroli
861 5124 1052 5195 Magni
1085 5143 1150 5181 ac
1191 5133 1550 5198 posterorum
1605 5130 1808 5200 ipsius,
1864 5133 1962 5201 qui

329 5213 520 5270 eidem
542 5213 825 5268 hactenus
845 5221 1274 5282 successerunt,
1297 5232 1397 5271 seu
1416 5218 1471 5271 in
1497 5217 1758 5284 imperio,
1782 5234 1883 5272 seu
1905 5219 1963 5274 in

332 5319 529 5375 regno.
566 5300 829 5373 ldipsum
864 5299 1244 5358 nihilominus
1275 5303 1620 5359 venerabilis
1652 5304 1832 5359 abbas
1856 5305 1964 5361 Re-

327 5391 673 5462 ginwardus
701 5406 768 5444 ac
800 5389 1004 5444 fratres
1033 5391 1296 5460 ejusdem
1329 5390 1598 5445 Ecclesiae
1653 5407 1786 5446 cum
1834 5395 1962 5447 uni-

327 5477 602 5534 versitate
624 5479 941 5549 Ratispona
971 5478 1397 5532 instantissime
1435 5477 1762 5548 petiverunt
1815 5481 1958 5536 ﬁeri.

2087 4332 2164 4388 sit
2191 4332 2996 4400 dolendum;considerantes
3042 4339 3238 4389 tamen
3269 4338 3325 4390 et
3387 4335 3489 4390 Dei
3539 4339 3762 4394 omni-

2085 4421 2339 4493 potentis
2368 4426 2425 4476 et
2455 4420 2648 4476 invicti
2683 4421 2952 4493 martyris
2977 4421 3070 4476 sui
3099 4421 3490 4490 voluntatem,
3555 4441 3761 4496 quem

2085 4509 2342 4564 ablatum
2375 4509 2668 4582 plangilis,
2715 4509 3132 4566 consolationis
3164 4511 3402 4566 tandem
3435 4512 3765 4572 admittite

2083 4597 2537 4669 placamentum,
2569 4603 2882 4669 pensantes
2927 4599 3211 4654 attentius
3241 4602 3395 4670 quod
3429 4616 3538 4656 nec
3569 4602 3762 4660 vobis

2081 4685 2312 4742 ablatus
2337 4692 2444 4754 est,
2479 4686 2692 4758 quippe
2723 4686 2822 4758 qui
2851 4686 3237 4742 charissimos
3297 4688 3766 4759 pradicationis

2081 4790 2198 4827 suae
2229 4777 2284 4829 et
2312 4773 2604 4844 passionis
2636 4781 2958 4842 consortes,
2990 4773 3296 4830 Rusticum
3336 4779 3394 4830 et
3456 4775 3760 4834 Eleuthe-

2079 4862 2252 4926 rium,
2285 4861 2343 4916 in
2374 4861 2706 4917 dilectionis
2737 4862 2929 4917 adhuc
2958 4867 3016 4917 et
3045 4862 3240 4918 tutela
3273 4862 3492 4936 pignus
3518 4869 3580 4920 et
3611 4881 3758 4923 cer-

2079 4943 2386 5006 titudinem
2420 4949 2764 5022 dereliquit:
2799 4966 2904 5006 nec
2934 4950 3142 5018 delete,
3169 4951 3219 5007 si
3250 4951 3582 5010 Germanos
3605 4955 3756 5026 jam

2076 5038 2307 5093 visitare
2328 5038 2602 5109 dignatus
2632 5042 2721 5093 est
2749 5037 2833 5093 vel
2865 5038 3203 5104 defunctus,
3227 5038 3331 5112 qui
3351 5039 3522 5096 vobis
3538 5043 3758 5101 adhuc

2075 5129 2270 5182 vivens
2303 5127 2652 5198 praedicavit,
2701 5133 2759 5182 et
2789 5128 2944 5198 apud
2992 5143 3093 5183 vos
3147 5128 3375 5183 bonum
3429 5134 3753 5190 certamen

2073 5216 2367 5280 certando,
2401 5232 2639 5270 cursum
2672 5216 3160 5283 consummando,
3194 5215 3373 5272 ﬁdem
3435 5221 3750 5279 servando

2072 5303 2119 5373 (1
2165 5305 2320 5358 Tim:
2359 5303 2456 5374 iv),
2517 5303 2886 5375 triumphum
2944 5305 3168 5376 peregit
3221 5303 3750 5366 victoriosissimm

2071 5391 2382 5462 passionis,
2416 5389 2775 5462 apostolatus
2807 5391 2898 5446 sui
2929 5409 3107 5464 super
3134 5408 3236 5448 vos
3285 5392 3458 5464 signa
3485 5398 3616 5451 tam
3675 5397 3748 5454 in

2069 5480 2188 5534 vita
2213 5479 2518 5551 perﬁciens
2549 5495 2729 5550 quam
2762 5481 2822 5535 in
2839 5486 3050 5536 morte.

398 5565 515 5618 Nos
543 5581 679 5636 ergo
702 5566 1003 5636 utriusque
1033 5565 1212 5634 partis
1247 5565 1510 5634 precibus
1534 5565 1819 5634 inclinati,
1853 5585 1958 5624 nec
1991 5589 2037 5651 Ι)
2140 5566 2246 5630 Qui
2279 5567 2456 5637 igitur
2510 5566 2915 5622 Alemanniam
2964 5568 3155 5640 ipsius
3185 5585 3320 5624 ossa
3352 5568 3548 5627 fovere
3609 5590 3745 5632 non

335 5648 593 5704 volentes
623 5651 867 5706 ulterius
897 5653 1072 5706 corda
1103 5649 1358 5704 ﬁdelium
1394 5651 1568 5721 hujus
1592 5653 1750 5708 dubii
1775 5656 1960 5710 ainbi-

333 5751 448 5806 guo
461 5733 728 5807 caligare,
749 5738 806 5791 in
838 5738 1421 5791 fratrumnostrorum
1447 5756 1510 5792 ac
1533 5738 1789 5810 plurium
1809 5743 1959 5813 epis-

334 5835 611 5890 coporum
669 5837 736 5876 ac
783 5820 1154 5892 prmlatorum
1212 5824 1516 5892 praesentia
1544 5830 1602 5882 et
1651 5833 1963 5900 conspectu

2071 5654 2414 5724 permittatis
2464 5654 2521 5708 in
2581 5653 2852 5710 solatium
2883 5661 2942 5710 et
2998 5654 3262 5724 tutelam,
3314 5673 3495 5728 quem
3555 5661 3745 5720 vobis

2073 5741 2326 5808 Athenas,
2350 5745 2414 5795 ut
2443 5741 2668 5797 Christo
2726 5741 3087 5799 lucrifaceret
3133 5759 3256 5810 vos,
3313 5744 3514 5800 vivum
3573 5751 3740 5806 ceci-

2072 5844 2225 5898 pere,
2259 5827 2458 5886 audire
2485 5833 2542 5886 et
2571 5829 2712 5886 cmlo
2744 5831 3141 5890 transmittere
3172 5831 3615 5905 permiserunt?
