3916 6364
385 423 506 489 m
1675 411 1742 476 s.
1785 362 2034 475 Litora:

2223 400 2478 470 PAPzE.
3731 389 3838 455 798

389 575 573 618 meum
599 572 765 632 prope
793 555 906 619 est:
933 553 1077 630 apud
1101 556 1153 612 te
1174 553 1318 627 facio
1349 549 1557 610 Pascha
1585 565 1710 606 cum
1735 545 2021 620 discipulis
2049 540 2105 607 A
2133 541 2531 601 manducabitis
2560 554 2758 614 panem
2786 535 2950 604 hunc,
2983 544 3035 594 et
3062 534 3301 594 calicem
3322 527 3579 601 bibetis,
3603 531 3832 585 mortem

389 625 758 722 meismtttth.
782 625 1054 718 xxvr.)vEt
1083 625 1214 717 post
1243 641 1522 716 pusillum
1547 658 1560 696 :
1593 641 1812 710 Vespere
1839 639 2020 692 autem
2133 635 2360 690 Domini
2383 629 2785 688 annuntiabitis
2815 627 2860 700 (ι
2887 630 3012 686 Cor.
3046 625 3148 697 χι).
3179 625 3424 698 Azymaa
3447 636 3617 677 vero
3647 634 3832 690 neque

389 711 952 814 facto‘discumbebat'
979 711 1104 790 cum
1147 711 1445 797 duodecim,
1495 737 1548 785 et
1590 728 1868 784 edentibus
1905 725 2022 780 illis
2130 719 2744 779 commemorationem
2775 717 2992 774 habent
3021 713 3278 782 Domini,
3308 726 3533 784 neque
3579 711 3830 764 mortem

391 796 573 886 dixit:
608 830 792 893 Amen,
841 839 1000 879 amen
1045 823 1164 877 dico
1203 821 1372 885 vobis,
1420 821 1550 890 quia
1603 832 1746 872 unus
1786 819 2024 870 vestrum
2128 809 2289 866 illius
2319 809 2668 865 annuntiant
2696 806 2848 862 sicut
2874 805 3200 877 Moysaicse,
3225 806 3286 859 et
3307 804 3462 858 ante
3488 796 3677 854 mille
3698 813 3829 868 qua-

505 885 806 974 traditurus
835 921 930 969 est.
966 911 1032 965 Et
1061 913 1190 981 post
1237 885 1540 980 pusillum,
1583 906 1807 961 dicente
1835 904 2018 958 Juda:
2131 899 2471 972 dringentos
2500 913 2684 952 annos
2701 912 2769 951 ex
2796 894 2923 967 lege
2943 892 3297 962 constitutas,
3329 893 3397 946 et
3431 905 3559 962 per
3604 885 3826 942 Novum

391 1005 748 1078 Nunquidego
775 1017 898 1058 sum
929 975 1097 1054 Rabbi
1115 1002 1140 1052 .9
1173 975 1308 1052 dicit
1353 998 1406 1050 ei
1429 1013 1442 1052 :
1492 997 1564 1050 Tu
1610 993 1804 1048 dixisti
1833 991 2022 1064 (lbid.)
2129 990 2588 1050 Testamentum,
2619 984 2727 1040 hoc
2755 987 2843 1040 est
2871 999 2974 1055 per
2993 984 3266 1038 sanctum
3296 975 3754 1050 Evangelium,
3779 979 3828 1029 et

389 1097 722 1164 Hucusque,
751 1107 782 1146 o
815 1089 910 1144 Dei
941 1087 1230 1154 homines,
1266 1085 1536 1140 universa
1558 1081 1760 1154 legalis
1789 1079 2022 1136 Pascha:

392 1187 564 1242 sunt:
601 1180 805 1236 deinde
849 1195 975 1250 quae
1024 1175 1248 1247 mystici
1303 1178 1358 1228 ct
1401 1171 1585 1228 nostri
1633 1174 1772 1225 sunt
1801 1168 2026 1224 addidit

389 1270 760 1344 evangelista,
791 1271 848 1322 et
885 1265 1063 1321 dicit:
1111 1263 1406 1319 Iideniibus
1453 1269 1633 1315 autem
1679 1259 1794 1314 illis
1823 1259 2026 1328 accepit

385 1365 538 1420 Jesus
564 1375 762 1432 panem
791 1357 955 1430 fregit
992 1362 1042 1410 et
1081 1353 1229 1408 dedit
1271 1352 1555 1422 discipulis
1601 1351 1716 1403 suis
1763 1351 1811 1402 ct
1841 1347 2020 1402 dixit:

389 1452 624 1523 Accipite
651 1451 701 1504 et
743 1445 1038 1510 comedite;
1073 1441 1170 1496 hoc
1197 1449 1275 1496 est
1300 1456 1495 1511 corpus
1542 1455 1722 1492 meum
1765 1436 1902 1507 quod
1929 1451 2026 1506 pro

391 1539 539 1596 vobis
586 1535 850 1590 tradetur.
887 1535 952 1588 Et
999 1532 1269 1601 accipiens
1313 1529 1536 1583 calicem
1581 1527 1787 1596 gratias
1831 1525 1938 1594 egit
1979 1527 2029 1578 et

391 1625 536 1684 dedit
565 1625 702 1692 illis,
733 1622 914 1677 dicens
944 1619 1120 1674 Bibite
1145 1635 1215 1673 ea:
1235 1634 1294 1673 eo
1337 1633 1517 1674 omnes
1565 1615 1654 1670 hic
1701 1618 1778 1669 est
1805 1615 2029 1681 sanguis

389 1729 542 1771 meus
567 1713 696 1767 novi
739 1709 1052 1764 testamenti
1099 1707 1314 1777 (lbid.).
1368 1705 1622 1760 Dicendo
1671 1703 1848 1770 enim,
1879 1703 2026 1767 novi,

394 1800 651 1860 ostendit
665 1797 955 1870 quomodo
968 1813 1033 1851 ea
1059 1813 1183 1866 quae
1204 1793 1431 1849 Veteris
1453 1794 1612 1848 fueru
1625 1795 1686 1846 nt
1704 1795 2031 1846 Testamen-

2133 1093 2236 1151 per
2257 1076 2552 1132 Christum
2585 1071 2906 1128 maledictis
2936 1073 2994 1126 et
3022 1068 3342 1126 derelictae.

2201 1195 2274 1248 At
2301 1191 2550 1247 Sabbata
2578 1205 2709 1245 vero
2741 1185 3034 1260 quomodo
3063 1183 3123 1240 in
3173 1180 3692 1255 Quadragesima
3725 1180 3820 1234 lu-

2134 1281 2296 1338 daice
2324 1277 2686 1336 observatis?
2716 1278 2832 1331 Aut
2861 1291 2977 1331 non
3006 1271 3256 1330 audistis
3283 1269 3710 1344 Evangelium
3740 1267 3815 1323 lo-

2135 1387 2319 1440 quens
2347 1369 2502 1442 quia,
2526 1368 2869 1423 transeuntes
2883 1361 3146 1434 discipuli
3160 1363 3216 1416 in
3239 1359 3517 1416 Sabbatis
3536 1361 3818 1429 coeperunt

2135 1462 2242 1515 iter
2269 1475 2444 1530 agere,
2475 1457 2756 1514 evellentes
2801 1453 2978 1525 spicas
3027 1459 3078 1505 et
3121 1447 3496 1504 comedentes.
3550 1447 3818 1502 Dicebant

2135 1551 2315 1604 autem
2341 1547 2527 1604 Judaei
2554 1544 2622 1600 ad
2654 1542 2928 1599 Christum
2954 1558 2967 1596 :
3008 1537 3158 1596 Vides
3179 1537 3314 1609 quid
3344 1537 3452 1592 isti
3479 1537 3726 1606 faciunt
3767 1537 3819 1589 in

2135 1638 2432 1694 Sabbatzs?
2479 1635 2584 1702 Qui
2623 1632 2802 1688 dixit:
2859 1629 3063 1684 Etiam.
3105 1609 3189 1682 An
3231 1626 3465 1680 nescitis
3516 1623 3668 1696 quid
3717 1627 3820 1696 egit

2136 1725 2308 1782 David
2337 1741 2454 1780 cum
2475 1724 2676 1780 esuriet
2706 1722 2840 1792 ipse,
2870 1726 2922 1775 et
2949 1718 3044 1791 qui
3072 1732 3197 1772 cum
3225 1730 3286 1770 eo
3316 1717 3507 1781 erant,
3545 1713 3824 1785 quomodo

2139 1815 2373 1871 intravit
2397 1815 2456 1868 in.
2477 1811 2757 1884 templum,
2776 1823 2948 1881 panes
2961 1805 3360 1879 propositionis
3380 1801 3686 1859 comedit?
3711 1805 3820 1858 etc.

393 1891 458 1962 τίν
509 1889 900 1946 cessaverunt
945 1883 1195 1956 Aspim"
1243 1881 1534 1974 quomodo
1581 1895 1788 1974 Ρθδηβπῖ
1821 1894 2030 1974 ῩῗτΡυδ
2058 1902 2106 1968 Β
2136 1906 2199 1960 Et
2229 1903 2359 1974 quia
2389 1881 2683 1956 Sabbatum
2707 1905 2930 1971 propter
2970 1895 3248 1951 hominem
3293 1895 3514 1964 factum
3567 1896 3685 1960 est,
3712 1908 3825 1948 non

393 1996 570 2038 suum
601 1977 709 2034 sub
737 1976 892 2032 Novo
915 1975 1280 2030 Testamento
1304 1971 1542 2036 vocavit,
1569 1970 1722 2024 sicut
1736 1965 2026 2022 viviﬁcum

395 2073 450 2125 et
478 2067 714 2142 plenum
747 2063 980 2137 spiritu,
1011 2065 1067 2117 et
1087 2058 1461 2117 sicutcaloris
1486 2054 2026 2113 demonstrativum.

395 2159 514 2214 Vos
527 2156 760 2229 quidem
778 2167 1120 2226 panem,nos
1149 2155 1315 2205 arton
1346 2147 1620 2202 dicimus.
1644 2147 1815 2200 Artos
1837 2147 2034 2198 autem

397 2247 810 2318 interpretatur
828 2242 1086 2305 elevatus,
1119 2241 1168 2294 et
1213 2253 1432 2292 sursum
1472 2233 2033 2308 portatusat'ermen-

396 2339 456 2394 to
503 2338 560 2390 et
607 2331 731 2390 sale
802 2329 1051 2386 calorem
1093 2324 2030 2393 etclevationemhabens;azyma:

397 2427 593 2482 autem
625 2419 706 2476 nil
737 2419 957 2474 distant
986 2434 1019 2472 a
1046 2415 1237 2488 lapide
1265 2413 1392 2470 sine
1421 2411 1634 2478 anima,
1667 2414 1724 2466 et
1752 2410 1873 2464 luto
1896 2407 2032 2464 late-

397 2512 480 2568 ris
509 2512 783 2566 deorsum
815 2508 1173 2576 consumptae
1195 2507 1381 2567 terrm,
1407 2505 1464 2556 et
1485 2500 1639 2555 sicco
1659 2498 1784 2554 luto
1806 2513 2033 2568 compa-

397 2605 557 2667 ratas,
589 2614 734 2670 quas
765 2611 896 2650 cum
929 2590 1419 2649 amaritudinibus
1469 2590 1694 2661 Moyses
1733 2585 2032 2642 comedere

396 2688 628 2747 miseris
655 2685 874 2743 Judaeis
907 2681 1083 2739 semel
1115 2681 1176 2735 in
1205 2696 1358 2736 anno
1386 2677 1570 2750 legem
1603 2674 1926 2742 constituit,
1951 2674 2034 2728 di-

395 2795 568 2836 cens:
1237 2768 1242 2772 ’

465 2864 748 2934 Quoniam
773 2861 937 2918 malae
960 2857 1249 2933 passionis
1270 2860 1325 2912 et
1346 2853 1742 2911 tribulationis
1771 2850 2034 2926 symbols

394 2959 552 3023 sunt,
583 2949 974 3026 significativas
1000 2949 1176 3003 sunt:
1209 2949 1266 3002 et
1321 2947 1591 3000 nostrum
1644 2941 1865 2998 Pascha
1897 2956 2035 3012 gau-

396 3045 581 3110 dium,
611 3045 668 3098 et
694 3038 894 3095 laetitia
917 3040 1105 3092 totum
1137 3039 1245 3100 est,
1277 3037 1334 3088 et
1361 3031 1584 3088 extollit
1612 3047 1716 3086 nos
1749 3029 1822 3085 ab
1852 3028 2032 3083 humo

395 3134 631 3206 prapter
643 3127 922 3201 gaudium
941 3125 1012 3180 ad
1033 3123 1262 3189 coelum,
1289 3121 1439 3176 sicut
1458 3123 1515 3175 et
1535 3119 1884 3175 fermentum
1906 3133 2034 3189 pro-

397 3223 525 3294 pter
554 3216 850 3291 proprium
885 3213 1134 3270 calorem
1165 3225 1399 3283 panem,
1421 3208 1519 3281 qui
1541 3208 1708 3280 panis
1731 3206 1886 3262 omni
1905 3222 2032 3262 sua-

399 3308 572 3364 vitate
599 3305 852 3378 repletus
881 3307 986 3358 est.
1019 3302 1243 3372 Azymae
1287 3315 1421 3354 vero
1469 3313 1654 3368 neque
1702 3295 1808 3363 sal,
1843 3310 2030 3366 neque
2059 3295 2090 3330 ις

397 3398 748 3454 fermentum
783 3391 1084 3457 habentes,
1119 3388 1306 3444 lutum
1339 3390 1426 3440 est
1471 3385 1719 3440 aridum.
1764 3385 1877 3438 Aut
1914 3399 2028 3438 non

397 3483 857 3542 audistisJesum
882 3480 1169 3535 dicentem
1183 3474 1490 3546 discipulis
1505 3473 1628 3529 suis
1645 3473 1782 3545 quia
1793 3489 1884 3528 vos
1905 3473 2030 3526 estis

395 3575 478 3631 sal
509 3581 664 3630 terrae
693 3567 984 3641 (Matth.v),
1033 3571 1091 3622 et
1137 3564 1414 3636 quoniam
1464 3563 1644 3618 simile
1690 3565 1770 3616 est
1804 3577 2034 3630 regnum

395 3663 654 3717 caelorum
680 3661 944 3730 fermento
974 3653 1114 3726 quod
1141 3654 1410 3724 accipiens
1437 3651 1639 3706 mulier
1665 3648 1947 3704 abscondit
1975 3649 2034 3703 in

397 3751 603 3820 farinae
629 3748 762 3802 satis
792 3745 984 3808 tribus,
1018 3757 1182 3812 usque
1210 3741 1341 3795 dum
1368 3742 1796 3808 [ennentarelur
1817 3736 2034 3792 totum?

398 3838 548 3909 (Luc.
581 3835 730 3903 xm.)
755 3831 1076 3896 Mulierem,
1102 3833 1362 3886 sanctam
1387 3825 1698 3882 Ecclesiam
1721 3827 1888 3880 vocat
1911 3842 1922 3892 ;
1952 3839 2039 3880 sa-

2137 1995 2294 2049 homo
2311 1994 2532 2063 prapter
2559 1989 2860 2044 Sabbatum
2888 1985 3077 2058 (Marc.
3111 1983 3174 2055 ιι)
3199 2001 3212 2040 :
3268 1983 3379 2052 Qui
3407 1986 3462 2037 et
3509 1981 3820 2038 dicebant:

2139 2081 2407 2151 Quoniam
2437 2078 2592 2134 homo
2622 2079 2724 2133 iste
2750 2091 2862 2132 non
2891 2078 2970 2130 est
2997 2089 3067 2130 ex
3093 2074 3200 2130 Deo
3231 2072 3330 2144 qui
3358 2070 3679 2127 Sabbatum
3709 2087 3824 2126 non

2137 2168 2370 2226 custodit
2397 2170 2576 2238 (Joan.
2609 2165 2709 2236 ιιι.)
2756 2163 2826 2220 Et
2866 2163 3081 2218 iterum
3125 2160 3404 2232 loquente
3453 2157 3716 2214 Christo
3763 2160 3821 2214 in

2140 2259 2412 2324 Sabbato,
2445 2259 2503 2312 et
2532 2254 2584 2311 ei
2617 2252 2714 2326 qui
2747 2268 2989 2308 manum
3021 2249 3253 2306 aridam
3283 2247 3538 2304 habebat
3583 2247 3820 2320 (Matth.

2141 2351 2284 2417 xm),
2319 2344 2588 2404 similiter
2616 2346 2672 2398 et
2699 2341 2750 2398 ei
2781 2341 2882 2414 qui
2911 2339 3197 2396 daemonis
3227 2336 3476 2410 spiritus
3513 2335 3818 2404 habebat,

2141 2438 2200 2493 in
2233 2436 2486 2492 Sabbato
2507 2431 2808 2501 mundata,
2834 2433 2892 2486 et
2932 2427 3452 2484 murmurantibus
3471 2424 3715 2482 Judaais
3763 2429 3821 2480 et

2139 2525 2328 2583 multa
2350 2520 2678 2579 dicentibus
2707 2519 2848 2575 dicit
2885 2517 3194 2574 Christus:
3248 2515 3580 2588 Hypocritz
3633 2531 3818 2569 unus-

2139 2617 2364 2688 quisque
2393 2619 2632 2668 vestrum
2647 2625 2757 2665 non
2786 2609 2946 2664 solvit
2973 2609 3198 2663 asinum
3217 2622 3253 2660 a
3275 2619 3532 2676 prmsepe
3573 2611 3682 2660 aut
3733 2604 3819 2659 bo-

2138 2719 2261 2758 vem
2289 2717 2468 2768 suum,
2501 2707 2550 2756 et
2579 2697 2727 2754 ducit
2754 2696 3032 2768 adaquare
3061 2696 3212 2767 (Luc.
3264 2694 3418 2764 xm.)
3468 2692 3544 2747 Et
3576 2692 3817 2766 paraly-

2140 2791 2256 2848 tico
2286 2789 2576 2854 similiter,
2609 2803 2784 2858 quem
2814 2801 3027 2840 sanum
3074 2782 3230 2839 fecit.
3277 2782 3351 2838 Et
3387 2781 3525 2837 ideo
3575 2781 3669 2846 hi,
3715 2781 3817 2854 qui

2141 2881 2395 2938 Sabbata
2423 2894 2558 2934 cum
2587 2874 2809 2949 azymis
2832 2872 3196 2944 custodiunt,
3231 2886 3429 2942 neque
3458 2869 3684 2936 Judaei,
3716 2885 3816 2924 ne-

2142 2985 2256 3042 que
2285 2964 2600 3024 Christiani
2631 2967 2790 3032 sunt,
2824 2961 2924 3018 sed
2955 2959 3182 3018 similes
3214 2962 3356 3016 suut
3389 2957 3714 3031 leopardo,
3745 2957 3818 3012 si-

2141 3062 2238 3114 cut
2267 3055 2406 3112 dicit
2434 3069 2682 3127 magnus
2731 3049 3004 3118 Basilius,
3053 3049 3226 3122 cujus
3271 3045 3471 3120 capilli
3510 3062 3626 3104 nec
3660 3045 3815 3118 nigri

2144 3148 2302 3212 sunt,
2337 3159 2441 3200 nec
2471 3141 2710 3199 omnino
2739 3139 2876 3197 albi.

2215 3249 2514 3318 Quomodo
2547 3251 2741 3304 autem
2769 3248 2828 3302 et
2857 3245 3141 3302 sufl'ocata
3168 3243 3229 3299 hi
3261 3241 3410 3299 tales
3461 3241 3812 3307 comedunt,

2140 3341 2200 3396 in
2231 3339 2448 3412 quibus
2479 3336 2720 3409 sanguis
2747 3337 2978 3390 tenetur
2996 3334 3026 3389 ‘l
3054 3336 3158 3389 aut
3187 3331 3459 3400 nescitis,
3489 3330 3662 3402 quod
3695 3346 3816 3386 om-

2140 3429 2233 3486 nis
2263 3426 2534 3485 animalis
2565 3423 2808 3497 sanguis
2836 3423 2914 3478 sit
2938 3421 3137 3478 anima
3165 3420 3376 3494 ipsius,
3400 3424 3461 3476 et
3485 3419 3596 3492 qui
3620 3435 3818 3476 come-

2139 3519 2292 3575 derit
2321 3515 2688 3588 sanguinem,
2728 3510 2987 3568 animam
3032 3509 3334 3566 comedit?
3381 3508 3544 3580 (Gen.
3601 3512 3715 3576 1x.)
3747 3509 3815 3564 Et

2139 3605 2354 3664 idcirco
2386 3602 2709 3660 secundum
2738 3599 2849 3656 hoc
2894 3615 3000 3656 nec
3043 3597 3292 3672 gentiles
3344 3613 3414 3653 ex
3461 3600 3589 3652 toto
3625 3600 3811 3663 sunt;

2141 3695 2226 3752 illi
2255 3698 2450 3751 autem
2479 3690 2770 3758 occidunt,
2801 3692 2904 3746 aut
2932 3687 3234 3761 plagantes
3265 3685 3616 3742 comedunt.

2215 3813 2282 3866 Et
2309 3809 2520 3864 iterum
2545 3824 2558 3860 :
2595 3803 2840 3862 Alleluia
2870 3805 2928 3858 in
2959 3801 3426 3874 Quadragesima
3447 3817 3572 3856 non
3607 3801 3820 3873 psalli-

663 3889 852 3978 tribus
878 3889 1089 3974 modiis
1115 3917 1370 3988 repletis,
1395 3917 1643 3978 Patrem,
1666 3917 1723 3968 et
1747 3889 2034 3978 Filium,et

2198 3918 2240 3967 s,
2273 3899 2374 3954 sed
2404 3894 2582 3953 semel
2612 3894 2673 3950 in
2706 3893 2928 3949 Pascha
2955 3891 3389 3956 tantummodo,
3423 3889 3593 3961 quod
3631 3890 3825 3946 inter-

397 3977 678 4086 épiritum
713 4012 1002 4076 sanctum,
1036 3977 1287 4079 quor-um
1321 3977 1694 4074 nequaquam
1745 3977 2038 4056 lutulentae
2148 3991 2428 4086 ρτειεξιιιν,
2458 3984 2720 4086 Βοηιίημ
2749 3982 2916 4049 venit,
2949 3979 3191 4086 laudate:
3221 3981 3494 4049 hymnum
3526 3977 3734 4045 dicite,
3779 3981 3829 4034 et

399 4066 610 4173 agymae
664 4105 800 4153 sunt
851 4066 1182 4168 participes.
1233 4092 1385 4148 Dicit
1426 4066 1604 4157 enim,
1658 4093 1714 4144 et
1765 4087 1943 4144 David
1969 4089 2040 4144 de
2149 4075 2442 4134 benedicite
2468 4089 2613 4128 eum.
2644 4071 2794 4143 Ergo
2823 4069 3149 4126 secundum
3177 4068 3307 4134 hoc,
3343 4082 3542 4139 neque
3574 4066 3830 4122 Domini

398 4153 660 4244 Christo:
699 4188 772 4242 Tu
801 4153 870 4241 es‘
883 4153 1128 4240 sacerdos
1157 4184 1217 4237 in
1247 4184 1520 4238 (aeternum
1549 4153 1847 4234 secundum
1885 4177 2039 4232 ordi-
2149 4165 2485 4228 Dominum,
2516 4175 2704 4232 neque
2732 4157 3076 4214 benedictus
3107 4157 3208 4229 qui
3240 4155 3401 4211 venit
3431 4153 3734 4226 psallitis.
3765 4155 3833 4210 Et

399 4294 527 4334 nem
571 4274 943 4332 Melchisedech
990 4271 1162 4343 (Psal.
1211 4269 1344 4340 cxx),
1396 4267 1496 4342 qui
1539 4270 1674 4322 ante
1721 4266 1954 4338 Moysen
1985 4269 2043 4320 et
2150 4253 2306 4310 istud
2339 4267 2472 4343 vero
2504 4247 2740 4343 alleluia
2766 4245 3045 4343 Hebraice
3073 4245 3296 4300 dictum
3315 4247 3565 4300 est.Cur
3585 4247 3832 4299 tantam

399 4363 690 4424 Abraham
723 4362 849 4418 coeli
881 4366 936 4417 et
963 4365 1129 4416 terra:
1162 4363 1219 4414 et
1249 4361 1588 4414 czeterarum
1637 4358 2039 4410 creaturarum
2149 4339 2547 4413 deceptionem
2579 4335 2789 4391 horum
2819 4333 3027 4389 talium
3059 4350 3176 4388 ῐιοῐι
3224 4331 3518 4404 αεΡίείιίερ
3579 4347 3702 4387 nec
3736 4331 3830 4386 in-

401 4469 723 4529 agnoscens
755 4450 1091 4514 Dominum,
1125 4461 1444 4518 exsurgens
1473 4442 1684 4500 obtulit
1713 4441 1796 4498 illi
1830 4458 2038 4514 panem
2149 4429 2434 4502 ιθιιίεὶῐὶε,
2469 4441 2656 4498 neque
2687 4422 2976 4496 corrigitis
3007 4421 3257 4494 ΡοΡυῙοε
3280 4423 3340 4476 εἴ
3387 4421 3831 4486 νοεωϐῐίῠεοεν

2187 4519 2197 4529 ,
2284 4521 2293 4529 ,
2423 4514 2435 4527 .
2487 4514 2502 4529 .
2543 4514 2556 4529 .
3081 4509 3171 4529 μ,
3207 4527 3224 4529 _
3265 4507 3429 4529 nua
3483 4508 3611 4529 νη,-
3663 4508 3800 4529 λῃ,

401 4507 711 4600 Si
742 4539 872 4594 Ideo
905 4537 1047 4594 dicit
1076 4507 1676 4605 divinustpostolus:
1707 4507 1974 4598 Quoniam
1991 4532 2041 4586 si
2152 4514 2440 4605 sicutqui
2469 4514 2684 4605 debent
2701 4509 2952 4605 judicari
2983 4525 3059 4605 ex
3081 4509 3176 4605 his
3201 4527 3236 4564 a
3265 4507 3429 4605 Deo?
3482 4508 3620 4562 Non
3657 4508 3834 4564 dere.

399 4597 795 4688 consummatio
819 4643 920 4698 per
947 4625 1243 4682 Leviticum
1293 4597 1656 4676 sacerdotium
1701 4597 1818 4674 erat
1857 4619 2038 4690 (Hebr.
2069 4631 2117 4697 Ι)
2147 4604 2414 4698 Ιξξιίῖιιὶιὶε
2445 4599 2862 4698 quoddicitur,
2907 4599 3086 4698 quod‘
3116 4597 3224 4653 hoc
3271 4597 3480 4698 Petrps
3503 4600 3598 4698 ‘et
3629 4597 3836 4654 Bene-

399 4683 1011 4788 vii),non,sccu‘ndum
1031 4711 1290 4769 ordinem
1312 4707 1754 4774 Melchisedech,
1774 4683 2045 4762 sacerdos
2069 4683 2113 4697 υ
2155 4694 2368 4788 ἀίει-ηδ’
2398 4695 2456 4746 et
2485 4687 2700 4788 ξευιιιδ
2726 4691 2786 4788 ξπ
2815 4687 3004 4786 οδῖιθῐςί
3051 4687 3383 4786 ξῘοοιιθΡυιιῐ
3401 4685 3430 4740 Ῡ
3485 4683 3834 4758 decepistis

402 4809 670 4866 Christus
699 4806 1005 4862 diceretur.
1039 4803 1108 4857 Et
1141 4801 1280 4873 quia
1307 4799 1573 4855 translato
1600 4797 1930 4862 sacerdotio,
1950 4812 2043 4852 ne-

402 4912 544 4952 cesse
573 4902 648 4950 est
675 4897 735 4949 ut
762 4894 892 4963 legis
921 4889 1210 4948 translatio
1239 4888 1336 4958 ﬁat
1367 4886 1574 4957 (Ibid),
1608 4901 1734 4958 quae
1764 4883 1857 4939 lex
1885 4883 2040 4940 lutu-

403 4983 564 5038 lenta
592 4981 896 5036 constituit
927 4994 1126 5052 azyma
1153 4974 1370 5031 Judaeis
1389 4975 1700 5030 custodire.
1731 4974 1888 5028 Idem
1918 4973 2044 5046 ipse

407 5086 660 5142 magnus
689 5067 907 5124 Paulus
937 5067 1008 5122 ad
1039 5063 1372 5122 Corinthios
1403 5063 1595 5136 prima
1623 5060 1804 5134 Epist.
1839 5062 1911 5117 de
1953 5062 2044 5118 his

408 5159 654 5231 loquens
683 5157 798 5212 ait:
833 5157 1063 5220 Fratres,
1096 5169 1192 5218 ego
1221 5155 1403 5224 accepi
1451 5169 1484 5206 a
1544 5151 1798 5214 Domino,
1831 5151 1968 5220 quod
1996 5155 2047 5207 et

408 5247 614 5305 tradidi
643 5245 828 5307 vobis;
860 5245 1116 5316 quoniam
1143 5244 1404 5298 Dominus
1427 5243 1483 5294 in
1505 5241 1676 5304 nocte,
1710 5253 1818 5308 qua
1871 5240 2050 5295 trade-

410 5338 590 5396 batur.
619 5335 828 5406 aecepit
851 5347 1068 5404 panem,
1101 5334 1151 5386 et
1180 5331 1391 5403 gratias
1411 5342 1578 5395 agens
1593 5327 1782 5396 fregit,
1805 5329 1855 5380 et
1873 5326 2008 5382 dicit
2035 5345 2048 5384 :

409 5426 649 5498 Accipite
673 5426 722 5478 et
751 5420 1032 5486 comedite,
1063 5421 1160 5474 hoc
1186 5422 1265 5474 est
1292 5431 1485 5486 corpus
1510 5429 1714 5480 meum,
1763 5414 1904 5484 quod
1950 5431 2050 5487 pro

411 5515 556 5568 vobis
597 5512 856 5566 tradetur.
906 5512 1010 5565 Hoc
1066 5511 1226 5578 [urite
1273 5507 1333 5559 in
1380 5517 1559 5558 meam
1586 5505 2054 5561 commemoratio-

413 5615 554 5652 nem.
589 5601 858 5654 Similiter
883 5602 934 5652 et
961 5597 1028 5650 de
1052 5599 1238 5648 entire.
1274 5592 1369 5647 Hic
1397 5598 1474 5645 est
1525 5591 1676 5646 calin:
1716 5594 1846 5647 novi
1887 5596 2054 5648 testa-

417 5687 586 5740 menti
631 5687 687 5739 in
743 5701 861 5740 meo
907 5684 1208 5750 sanguine;
1267 5680 1365 5733 hoc
1415 5679 1582 5749 facite
1632 5681 2057 5752 quotiescunque

427 5771 618 5828 bibetis
651 5776 711 5828 in
755 5787 934 5830 meam
979 5768 1562 5828 commemorationem.
1631 5769 2062 5844 Quotiescunque

2145 4781 2448 4852 vosipsos,
2480 4781 2539 4832 et
2568 4775 2850 4849 populum
2881 4775 2941 4831 in
2967 4775 3120 4830 istis.

2221 4889 2354 4953 Quae
2383 4900 2516 4940 vero
2546 4881 2750 4954 scripsi
2780 4898 2849 4938 ea
2879 4883 3020 4938 sunt
3056 4897 3186 4952 quas
3234 4880 3445 4936 Petrus
3500 4882 3567 4948 et
3597 4879 3835 4936 Paulus

2149 4981 2208 5034 et
2235 4973 2423 5032 caeteri
2452 4968 2720 5044 apostoli,
2745 4972 2802 5024 et
2819 4967 3088 5024 Christus
3110 4967 3403 5035 docuit,et
3415 4971 3638 5034 sancta
3651 4973 3838 5041 atque

2155 5062 2440 5122 catholica
2457 5057 2713 5116 Ecclesia
2737 5056 2997 5128 suscepit
3015 5059 3074 5112 et
3087 5055 3350 5112 custodit
3367 5054 3684 5128 religiose,
3709 5074 3837 5130 qua

2155 5159 2211 5211 et
2239 5169 2340 5209 vos
2371 5146 2618 5212 correcti
2647 5145 2955 5202 custodite.
2988 5146 3204 5218 Azyma
3231 5161 3390 5213 vero,
3423 5148 3483 5200 et
3512 5147 3838 5204 custodias

2155 5242 2546 5300 Sabbatorum
2577 5234 2844 5309 projicite
2873 5233 3106 5290 miseris
3134 5233 3355 5290 Judaeis
3381 5251 3396 5302 ;
3450 5233 3757 5291 similiter
3785 5241 3840 5290 et

2157 5331 2441 5389 suti'ocata
2469 5323 2732 5383 barbaris
2761 5322 3056 5397 gentibus,
3089 5327 3152 5378 ut
3172 5322 3390 5378 ﬁamus
3411 5323 3554 5394 puri
3579 5322 3647 5378 in
3677 5327 3840 5380 recta

2159 5413 2621 5477 etimmaculata
2671 5412 2805 5479 ﬁde,
2847 5417 2906 5468 et
2953 5428 3108 5467 unus
3157 5427 3298 5483 grex
3343 5410 3528 5466 unius
3565 5413 3839 5482 pastoris

2160 5505 2392 5566 Christi.
2428 5502 2607 5573 Cujus
2637 5499 2696 5554 in
2741 5515 2912 5556 cruce
2957 5497 3154 5555 divino
3203 5499 3498 5570 sanguine
3547 5499 3839 5556 inebriati

2162 5596 2475 5653 laudamus
2505 5588 2636 5662 puri
2666 5604 2810 5660 pure
2839 5589 3094 5654 Patrem,
3111 5591 3170 5644 et
3189 5587 3426 5656 Filium,
3451 5592 3512 5643 et
3531 5587 3838 5660 Spiritum

2165 5687 2433 5742 sanctum
2465 5679 2737 5735 universa
2765 5678 3028 5734 Mosaicae
3056 5677 3225 5750 legis,
3257 5680 3315 5732 et
3336 5665 3414 5733 ab.
3433 5678 3504 5733 eo
3527 5679 3839 5734 custodita

2167 5769 2634 5842 derelinquentes
2663 5765 2790 5824 sine
2815 5766 2930 5825 Deo
2959 5765 3203 5833 Judaeis,
3226 5766 3329 5838 qui
3345 5765 3509 5823 velut
3532 5767 3686 5824 caeci
3711 5783 3838 5840 per-
