3916 6378
395 445 517 510 ’199
1355 507 1360 510 ,
1781 441 1862 507 ηπ
1871 443 1941 506 G'l

2301 441 2417 506 tPA
3755 439 3847 508 800

400 575 778 634 vindicaverit
805 575 888 634 ita
915 579 981 632 ut
1019 575 1346 633 totusorbis
1379 575 1578 632 audiat
1607 581 1661 632 et
1693 574 2032 632 contremis-
2061 587 2118 654 Α
2147 592 2258 647 que
2289 573 2673 645 confundunt,
2707 573 2804 651 qui
2858 573 3146 634 abdicatis
3172 573 3438 651 legitimi
3489 571 3676 632 thori
3729 591 3848 634 con-

404 671 518 734 cat,
549 666 716 722 valde
746 667 1165 740 dcpretiabitur
1195 668 1468 722 Romanas
1501 665 1824 736 majestatis
1855 668 2050 720 aucto-
2163 665 2378 735 nubiis,
2419 663 2758 721 volutantur
2805 665 2863 721 in
2908 665 3235 722 inhonestis
3287 669 3346 723 et
3399 665 3848 739 consanguini-

404 756 571 824 ritas,
605 773 712 811 nec
747 757 856 811 erit
883 773 1026 828 gens
1057 755 1157 810 illa
1184 755 1720 811 Northmannorum
1758 753 1963 808 bellica
1992 753 2048 807 in
2159 757 2275 809 tate
2304 755 2531 810 fmdatis
2577 755 2871 811 thalamis.
2915 755 3061 812 Hinc
3091 755 3351 829 populus
3405 755 3670 824 sibilat,
3727 756 3848 813 hinc

401 850 596 900 vestra
643 845 920 900 ﬁdelitate
955 845 1094 899 adeo
1125 848 1396 916 prompta
1445 847 1500 897 et
1549 845 1772 898 devota.
1807 843 2054 897 Interest
2161 843 2302 897 mihi
2335 843 2523 914 quivis
2554 845 2844 916 pravicors
2893 843 3168 914 insultat;
3205 844 3379 914 mihi,
3415 844 3728 917 inquam,
3761 864 3848 920 pro

403 934 576 988 etiam
609 937 720 988 tuae
769 934 952 997 famae,
987 932 1072 986 vir
1117 932 1297 986 totius
1331 931 1700 987 liberalitatis
1730 937 1785 986 et
1829 930 2050 1003 gloriae,
2157 937 2347 987 vestro
2378 931 2594 987 honore
2615 933 2952 1000 decertanti,
2985 937 3044 988 et
3073 933 3225 988 hanc
3255 933 3708 990 consentionis
3739 951 3850 989 ma-

401 1020 562 1092 larga
596 1037 775 1075 manu
820 1024 1020 1074 nostra
1059 1020 1284 1091 perdita
1329 1025 1677 1086 restaurare,
1709 1021 1846 1091 quia
1897 1034 2046 1086 ecce,
2159 1020 2350 1075 culam
2395 1038 2428 1075 a
2471 1025 2660 1076 vestra
2706 1021 3038 1078 sinceritate
3088 1021 3422 1094 detergenti
3465 1038 3480 1077 :
3523 1027 3589 1078 et
3649 1027 3720 1077 ut
3767 1041 3848 1080 me

403 1115 467 1164 ut
488 1108 740 1178 jussisti,
777 1107 1036 1181 paschali
1069 1108 1317 1163 termino
1350 1109 1514 1163 adest
1553 1114 1750 1164 noster
1779 1110 2051 1179 nuntius,
2159 1110 2346 1181 magis
2393 1109 2770 1177 confundant,
2803 1115 2861 1166 et
2897 1109 3114 1166 infelici
3165 1110 3414 1166 victoria
3447 1111 3516 1166 in
3551 1111 3846 1185 suggilla-

402 1214 532 1252 cum
566 1198 798 1262 litteris,
822 1202 879 1252 ct
909 1202 1063 1252 certa
1087 1197 1353 1252 cautione
1385 1198 1760 1266 omissorum,
1786 1215 1910 1269 quae
1943 1214 2046 1270 ego
2155 1197 2369 1253 tionem
2400 1202 2600 1254 vestrae
2631 1199 2994 1256 auctoritatis
3019 1199 3394 1268 convincant,
3431 1200 3778 1272 objiciunt,
3801 1207 3848 1258 et

404 1305 514 1343 non
547 1287 660 1342 mei
696 1303 873 1342 causa
906 1286 1274 1342 solummodo
1307 1287 1642 1357 repeto,scd
1676 1304 1874 1341 eorum
1903 1303 2044 1358 quo-
2154 1285 2213 1340 in
2249 1286 2452 1342 faciem
2495 1288 2833 1353 ostendunt,
2877 1289 3034 1359 quod
3089 1287 3433 1344 Tcilbaldus
3485 1290 3692 1346 etiam
3725 1307 3846 1346 ves-

400 1394 529 1432 rum
562 1375 853 1432 devotioni
886 1375 1182 1440 condoleo,
1217 1375 1314 1445 qui
1365 1374 1484 1428 haec
1516 1380 1727 1430 sancta:
1779 1375 2044 1430 Trinitati
2153 1379 2308 1430 trum
2363 1375 2714 1447 colloquium
2775 1376 3013 1442 adierit,
3079 1376 3347 1450 nihilque
3405 1378 3686 1451 dignum
3743 1380 3846 1438 hac

399 1465 808 1537 delegaverant
838 1464 946 1518 sub
981 1481 1118 1518 meae
1151 1463 1280 1516 fidei
1315 1464 1672 1519 testimonio.
1709 1463 1808 1520 His
1839 1463 1919 1518 ita
1946 1465 2042 1519 de-
2153 1463 2324 1536 culpa
2354 1468 2545 1518 actum
2579 1463 2681 1534 sit;
2715 1463 2834 1520 imo
2877 1464 3067 1538 magis
3098 1465 3267 1538 quasi
3331 1467 3717 1524 auctoritate
3751 1485 3844 1526 vc-

401 1555 611 1620 cursis,
640 1570 752 1607 non
785 1569 1026 1624 possum
1055 1569 1167 1606 non
1199 1551 1456 1607 indicare
1488 1568 1611 1623 qua:
1643 1552 1814 1608 audio
1847 1554 1918 1608 de
1950 1554 2044 1608 do-
2153 1556 2273 1606 stra
2320 1553 2644 1624 roboratus,
2677 1551 2941 1626 lupinam
2991 1569 3180 1622 ovem,
3215 1553 3332 1610 dici
3389 1554 3624 1612 falsam
3681 1555 3842 1614 illam

401 1641 563 1697 mino
595 1657 724 1696 meo
769 1639 1083 1711 apostolico
1113 1640 1374 1695 ventilari
1409 1639 1647 1696 sinistra
1693 1640 2041 1712 interpreta-
2151 1643 2370 1713 Agnem
2401 1641 2460 1694 in
2495 1657 2601 1696 sua
2625 1641 2899 1710 vindicet,
2931 1645 2989 1698 et
3017 1641 3244 1698 vivente
3295 1644 3550 1710 marito,
3587 1655 3842 1720 usurpet

401 1731 754 1801 tione,quem
779 1745 882 1800 ego
906 1729 1222 1800 amplector
1243 1728 1474 1800 speciali
1496 1729 1841 1796 devtionc,et
1865 1747 2038 1801 quem
2150 1729 2485 1784 exsecrabili
2519 1733 2739 1802 stupro,
2774 1730 2924 1786 facto
2965 1728 3170 1785 illicito
3215 1731 3394 1786 licitae
3425 1735 3726 1808 conjugis
3759 1736 3842 1791 di-

401 1818 528 1874 volo
559 1822 750 1873 tutum
797 1834 924 1871 esse
974 1817 1123 1889 apud
1171 1818 1352 1872 Deum
1401 1822 1457 1872 et
1504 1818 1790 1873 homines.
1825 1819 2040 1874 Fabula
2147 1818 2349 1873 vortio.
2377 1819 2500 1882 Qua
2531 1819 2601 1873 de
2633 1835 2692 1872 re
2721 1819 3042 1892 perpendat
3071 1818 3217 1892 ipsc,
3242 1837 3451 1892 quaeso
3485 1824 3842 1896 prudentis-

401 1911 596 1963 autem
627 1907 747 1961 haec
772 1906 1249 1962 subsannationis
1272 1906 1513 1961 vertitur
1533 1908 1602 1961 de
1625 1906 1917 1962 Tedbaldo
1950 1925 2036 1963 co-
2071 1965 2111 1982 η
2149 1907 2334 1962 simus
2365 1906 2629 1975 antistes,
2657 1908 2794 1980 quid
2828 1907 3084 1980 postulet
3115 1925 3208 1964 res
3239 1907 3430 1982 hujus
3458 1913 3844 1970 emendatio-

401 1996 540 2052 mite
595 1999 653 2051 et
707 1996 1186 2068 Burgundionum
1237 1995 1515 2050 infrunito
1579 1997 1724 2050 duce
1774 1997 1862 2064 11.,
1914 1996 2032 2067 qui,
2067 1965 2113 2028 Β
2147 1995 2256 2062 nis,
2291 2012 2360 2050 ne
2391 1965 2744 2068 annulletur,
2777 1965 2848 2052 ne
2891 1996 3152 2053 irritetur
3199 1965 3382 2072 opera
3413 1965 3838 2059 fe-tﬁlstwudium

399 2101 858 2164 transgressores
888 2084 1305 2156 pontificalium
1330 2085 1715 2150 decretorum,
1744 2085 1826 2140 t'as
1855 2086 2039 2140 net’as-
2147 2083 2548 2139 ecclesiasticae
2581 2101 2697 2139 sua:
2731 2085 3072 2142 sanctionis.

2001 2261 2174 2354 ¹ΙΙΙ.

1289 2477 1834 2563 EPISTULA
1897 2477 1986 2564 S.
2057 2477 2391 2562 PETRI
2433 2475 2902 2563 DAMIANI

1734 2656 1836 2714 AD
1883 2657 1948 2716 S.
1996 2655 2317 2715 LEONEM
2363 2655 2462 2716 IX.

926 2818 1072 2890 (Vide
1102 2819 1243 2873 inter
1269 2816 1517 2888 epistolas
1548 2815 1602 2870 S.
1635 2815 1792 2870 Petri
1819 2814 2098 2882 Damiani,
2134 2812 2495 2885 Patrologias,
2525 2815 2669 2869 tom.
2703 2812 2938 2884 CLXIV,
2970 2814 3079 2871 col.
3113 2817 3270 2888 208.)

2499 3014 3812 3050 -ῂ-Ξ--ι--ᾲ-Ξ-ιυι

1775 3204 1940 3250 ANNO
1982 3203 2199 3251 DOMINI
2229 3204 2400 3250 ILVH

1080 3401 1958 3605 VICTOR
2085 3399 2260 3600 ΙΙ
2390 3398 2626 3600 PA

1521 3401 1958 3604 [ΟΒ
2085 3399 2260 3600 ΙΙ
2390 3398 3067 3602 ΡΑΡΑ.

1510 3812 1976 3902 ΝΟΤΙΤΙΑ
2034 3807 2668 3899 HISTORICA.

1458 3994 1771 4066 (Cucuom,
1809 3993 1944 4049 Vitae
1958 3989 2282 4062 pontiﬁcum
2305 3988 2724 4054 Romanorum.)

1890 4167 2284 4181 “—

472 4319 534 4372 In
568 4315 803 4372 nomine
843 4313 943 4368 Dei
989 4316 1046 4368 et
1091 4309 1404 4367 Salvatoris
1435 4308 1619 4364 nostri
1654 4307 1794 4363 Jesu
1841 4303 2052 4361 Christi
2083 4305 2124 4372 ρ
2161 4304 2292 4374 post
2323 4302 2569 4355 mortem
2601 4297 2804 4354 Leonis
2837 4303 3056 4367 exacto,
3086 4300 3336 4356 adduxit
3366 4301 3677 4376 Romam;
3711 4305 3844 4362 laeti-

397 4405 715 4464 bonedicti.
755 4409 954 4458 Amen.
2161 4390 2242 4445 tia
2271 4393 2327 4445 et
2375 4387 2574 4461 populi
2619 4387 2801 4442 totius
2856 4385 3066 4459 plausu
3127 4395 3429 4462 exceptus,
3467 4391 3530 4447 in
3595 4395 3850 4452 basilica

471 4497 607 4552 Post
641 4493 846 4550 Leonis
879 4509 1038 4566 papas
1071 4490 1140 4547 IX
1171 4490 1418 4555 obitum,
1446 4485 1807 4553 Eberardus,
1839 4483 2057 4555 episco-
2165 4478 2364 4534 Sancti
2415 4476 2562 4566 Pctri
2609 4476 2912 4566 Vaticana,
2954 4477 3380 4566 episcoporum
3435 4482 3850 4541 cardinalium

403 4603 514 4659 pus
550 4565 908 4650 Aistatensis,
931 4581 1019 4636 vir
1049 4579 1305 4652 prudens
1339 4582 1394 4633 et
1425 4576 1721 4643 eruditus,
1761 4572 1976 4645 pariter
2004 4581 2060 4632 eL
2167 4565 2513 4631 ministerio,
2539 4565 2784 4620 Romani
2805 4565 3202 4659 pontificatus,
3225 4567 3368 4622 feria
3391 4569 3622 4639 quinta
3647 4573 3716 4628 in
3740 4577 3854 4630 Cos-

403 4653 736 4746 opulentus,
761 4675 989 4726 creatus
1015 4674 1120 4726 est.
1149 4669 1278 4722 Fuit
1301 4667 1542 4722 natione
1565 4665 1909 4729 Germanus,
1933 4675 2062 4734 pro-
2168 4673 2244 4711 na
2268 4653 2514 4720 Domini,
2545 4653 2743 4709 Idibus
2766 4653 3007 4726 Aprilis,
3032 4655 3292 4728 insignia
3313 4673 3450 4712 cum
3473 4657 3762 4720 Victoris
3781 4680 3856 4720 se-

404 4742 592 4818 vincia
637 4760 864 4824 Suevia,
915 4775 981 4813 ex
1031 4757 1344 4813 comitibus
1392 4753 1780 4818 Cullensibus,
1823 4745 2060 4806 castello
2169 4745 2347 4802 eundi
2369 4743 2602 4798 nomine
2627 4742 2901 4814 suscepit,
2927 4759 3079 4798 anno
3109 4743 3519 4801 Domini1055
3551 4767 3678 4821 per
3701 4753 3856 4823 May.

408 4851 661 4922 llisprug
691 4853 872 4916 ortus,
898 4863 964 4903 ex
989 4845 1317 4919 prepinquo
1357 4843 1642 4916 sanguine
1669 4837 2059 4913 imperatoris,
2171 4835 2418 4888 nardum
2441 4837 2496 4886 S.
2519 4831 2790 4922 Romanae
2813 4831 3080 4922 Ecclesiae
3104 4833 3631 4908 archidiaconum,
3651 4845 3716 4896 et
3735 4839 3854 4897 lau-

411 4919 586 4992 natus
613 4919 876 5007 {patrem
898 4935 1102 4990 habuit
1127 4934 1470 5006 Arduigum,
1491 4933 1734 4986 matrem
1757 4925 2059 4986 Vitzelam,
2173 4922 2476 4978 datissime
2507 4919 2694 4976 eidem
2727 4937 2912 4976 annos
2945 4921 3093 4976 duos
3127 4937 3361 4978 menses
3395 4927 3546 4994 tres,
3575 4928 3723 4986 dies
3749 4947 3860 4986 sex-

410 5023 811 5080 nobilissimos
845 5029 1142 5096 parentes,
1169 5027 1225 5079 et
1262 5037 1601 5095 quanquam
1631 5023 1796 5074 aetate
1831 5013 2065 5089 juvenis
2173 5012 2383 5076 decim,
2415 5009 2658 5066 Henrico
2688 5009 2858 5066 tertio
2889 5013 2947 5065 et
2977 5011 3106 5082 ejus
3154 5010 3275 5067 ﬁlio
3323 5011 3590 5072 Henrico
3651 5023 3856 5092 quarto

399 5115 586 5178 esset,
634 5111 900 5166 doctrina
945 5117 1000 5167 et
1049 5111 1354 5184 sapientia,
1387 5124 1736 5180 morumque
1785 5105 2066 5179 gravitate
2173 5099 2468 5174 Augustis,
2505 5099 2753 5172 praefuit.
2787 5097 2972 5154 Urbes
3004 5099 3250 5172 aliquot,
3285 5117 3451 5157 arces
3502 5107 3566 5159 et
3617 5109 3858 5181 Oppida.

417 5199 934 5274 prudentissimus,
955 5201 1196 5256 senibus
1219 5199 1430 5272 (aquari
1459 5201 1699 5269 poterat.
1717 5194 1948 5249 Electus
1970 5211 2068 5249 au'
2173 5189 2438 5246 Ecclesiae
2469 5189 2739 5244 Romanae
2771 5187 3065 5260 prioribus
3091 5187 3324 5244 saeculis
3348 5191 3589 5249 amissa
3623 5213 3862 5271 recupe-

411 5295 532 5346 tem
563 5290 751 5346 fuerat
780 5290 1125 5345 Aistatensis
1173 5290 1489 5361 episcopus
1530 5300 1681 5339 anno
1715 5284 1872 5350 1052,
1907 5281 2062 5338 illius
2176 5280 2341 5334 ravit.
2369 5278 2468 5334 Hic
2491 5277 2698 5332 Leonis
2722 5276 3168 5348 praedecessoris
3190 5277 3280 5333 sui
3302 5279 3566 5353 vestigia
3590 5293 3860 5356 secutus,

411 5379 547 5437 cleri
580 5379 967 5449 consensu,in
993 5377 1248 5432 maxima
1267 5376 1426 5447 apud
1455 5387 1658 5428 omnes
1691 5369 1918 5442 imperii
1943 5387 2070 5442 pro-
2177 5373 2521 5440 praesentem
2572 5363 2840 5422 Ecclesiae
2890 5369 3110 5422 statum
3161 5367 3398 5424 firmare
3453 5377 3766 5446 perrexit,
3807 5392 3860 5432 ac

413 5485 570 5522 ceres
592 5467 932 5523 auctoritate
953 5467 1033 5520 ita
1070 5471 1132 5520 ut
1165 5463 1454 5536 praecipue
1486 5462 1614 5532 ejus
1638 5459 1879 5515 consilio
1911 5459 2066 5514 Hen-
2177 5461 2482 5530 propterea
2511 5455 2703 5510 subito
2744 5457 3100 5512 conventum
3132 5453 3438 5512 Florentite
3491 5459 3755 5535 indixit,
3787 5469 3860 5520 at-

415 5555 568 5607 ricus
611 5555 923 5626 imperator
971 5558 1243 5608 u‘eéetur.
1278 5551 1436 5605 Tulit
1488 5553 1724 5621 gravate
1755 5548 2065 5618 Henricus,
2178 5563 2290 5619 quc
2320 5563 2385 5602 eo
2417 5545 2594 5600 etiam
2625 5543 2938 5600 Henricum
2986 5544 3404 5618 imperatorem
3457 5547 3778 5624 invitavit,
3811 5553 3856 5608 in

415 5643 480 5692 ut
511 5645 737 5696 tantum
768 5643 956 5695 virum
991 5647 1036 5694 et
1079 5645 1196 5695 Hm
1233 5641 1412 5694 fidum
1447 5639 1702 5694 amicum
1747 5637 2065 5692 amitteret.
2182 5653 2295 5709 quo
2325 5635 2470 5708 ipse,
2503 5633 2604 5706 qui
2635 5633 2956 5690 acerrimus
2989 5632 3126 5689 cleri
3159 5649 3370 5692 censor
3407 5640 3468 5692 et
3501 5639 3858 5700 reformator

419 5725 583 5792 Hunc
611 5726 789 5798 igitur
814 5727 1264 5796 Hildebrandus,
1290 5726 1425 5786 licet
1457 5727 1727 5794 invitum,
1759 5741 1910 5782 anno
1935 5723 2062 5796 jam
2185 5728 2334 5794 erat;
2369 5739 2503 5781 cum
2534 5723 2850 5795 imperator
2879 5723 2989 5780 sub
3015 5723 3232 5780 festum
3255 5723 3663 5789 Pentecostes
3685 5733 3856 5791 venia-
