3898 6440
135 526 255 591 213

1362 533 1775 598 EXPOSI'I‘IO
1818 537 1965 600 PSA
1980 535 2329 603 LMORUM.

3356 508 3365 511 ’
3428 542 3547 606 ειη

135 659 421 761 auxilium
451 662 519 737 in
542 662 708 761 ferre.
735 661 1535 761 H-Auribus‘percipetaures
1556 666 1786 761 Domini
1817 674 1871 741 Α
1900 675 2042 748 quid
2073 674 2380 732 obstinatis
2399 676 2616 734 Judaeis
2642 674 2702 735 in
2723 674 2849 737 suis
2873 676 3191 738 sceleribus
3230 667 3547 761 persisten'

134 753 433 821 dicuntur,
455 754 691 828 quando
710 753 992 814 exaudire
1022 753 1316 829 dignatur.
1340 755 1381 812 C
1400 756 1505 813 Vel
1526 757 1787 830 auribus,

133 841 199 907 id
226 848 320 901 est
352 848 566 911 mente.

166 932 202 988 3
278 932 552 1001 Quoniam
579 933 754 989 alieni
788 934 1211 989 insurrexerunt
1255 934 1539 992 adversum
1576 952 1662 992 me
1692 954 1711 991 :
1741 943 1792 995 et

348 1022 513 1092 fortes
543 1022 885 1094 qnmierunt
912 1023 1160 1078 animam
1186 1039 1365 1078 meam
1392 1042 1412 1079 :

276 1111 345 1166 Et
371 1126 481 1166 non
497 1118 892 1183 proposuerunt
912 1112 1084 1167 Deum
1101 1115 1228 1167 ante
1246 1121 1582 1185 conspectum
1604 1130 1665 1168 su
1675 1131 1784 1169 um.

348 1200 684 1272 Diapsatma.

198 1290 240 1341 Ο
271 1287 488 1345 Verum
518 1287 614 1343 hic
644 1287 865 1345 alienos
909 1305 1025 1344 non
1054 1288 1181 1344 vult
1221 1290 1513 1363 peregrini
1556 1289 1787 1363 generis

128 1376 288 1435 viros
318 1375 586 1448 intelligi,
611 1377 713 1434 sed
744 1377 1019 1450 apex-ibus
1048 1394 1084 1434 a
1113 1378 1363 1434 Domino
1383 1378 1568 1435 factos
1599 1384 1785 1436 extra-

127 1481 292 1525 neos.
318 1466 521 1525 Merito
552 1465 694 1523 dum
726 1466 938 1538 Zipbzei
963 1467 1034 1521 de
1068 1467 1221 1521 tribu
1243 1466 1399 1523 Juda
1425 1468 1680 1535 fuerunt,
1714 1468 1786 1523 ab

127 1554 244 1609 illis
265 1553 553 1617 auxilium
580 1553 867 1626 quaesivit.
891 1554 1059 1626 Apud
1084 1554 1246 1627 ipsos
1271 1559 1465 1611 tamen
1491 1556 1679 1629 magis
1705 1557 1787 1612 in-

126 1642 313 1699 sidias
344 1643 694 1716 proditionis
725 1642 964 1705 invenit.
989 1643 1187 1698 Fortes
1232 1644 1411 1710 enim,
1435 1644 1668 1700 Saulem
1701 1645 1785 1700 in-

122 1730 325 1803 tellige
353 1747 492 1791 cum
522 1731 811 1789 ministris
841 1730 986 1795 suis.
1013 1731 1225 1788 Perditi
1263 1733 1392 1789 ideo
1422 1748 1537 1789 non
1572 1750 1783 1806 propo-

123 1825 278 1875 nunt
312 1823 498 1875 Deum
549 1823 682 1874 ante
712 1817 913 1875 oculos
957 1819 1272 1891 suos,quia
1300 1819 1468 1875 illum
1516 1820 1783 1893 ignorare

121 1909 380 1964 credunt
408 1925 539 1981 quae
564 1905 847 1973 scelerata
876 1912 1067 1964 mente
1096 1908 1451 1979 concipiunt.

154 1998 186 2053 4
268 2001 409 2055 Ecce
438 1998 587 2055 enim
618 2001 760 2054 Deus
786 1996 1011 2068 adjuvat
1034 2013 1117 2052 me
1147 2014 1166 2051 :

268 2089 342 2142 Et
369 2085 632 2143 Dominus
658 2093 936 2157 surceptor
960 2093 1038 2140 est
1068 2086 1268 2145 animte
1296 2102 1452 2141 mere.

184 2174 231 2232 Ο
262 2173 528 2247 adjuvat,
552 2172 699 2231 dixit
726 2174 943 2245 utique
973 2172 1355 2242 laborantem,
1382 2177 1446 2229 ut
1492 2175 1777 2246 potuisset

118 2262 267 2319 ferre
298 2278 433 2333 qua:
461 2276 640 2333 super
668 2278 804 2321 cum
835 2262 1168 2319 nitebantur
1204 2262 1370 2334 impii
1401 2278 1771 2335 congregare.

118 2351 404 2423 Sequitur
430 2349 606 2409 etiam
637 2350 791 2422 quod
824 2349 902 2406 sit
930 2350 1087 2405 istud
1117 2349 1497 2421 adjutorium,
1521 2351 1579 2406 id
1611 2354 1699 2407 est
1718 2355 1775 2408 et

116 2439 408 2497 Dominus
436 2442 529 2494 est
557 2442 865 2511 susceptor
893 2437 1103 2501 animas
1134 2454 1294 2494 meae.

148 2526 187 2601 5
255 2525 452 2585 Averte
481 2525 631 2583 mala
660 2526 903 2589 inimicis
933 2527 1065 2582 meis
1093 2543 1114 2581 :

256 2615 323 2671 In
351 2616 583 2675 veritate
610 2621 707 2671 tua
730 2613 978 2685 disperde
1007 2614 1150 2672 illos.

185 2701 228 2758 C
248 2702 395 2757 Orat
414 2719 552 2775 ergo
576 2701 881 2774 Propheta,
909 2705 972 2757 ut
999 2702 1154 2758 mala
1181 2701 1447 2758 voluntas
1478 2719 1764 2760 removea-

119 2796 213 2845 tur
238 2792 313 2847 ab
344 2790 607 2847 inimicis
630 2791 781 2861 ejus,
808 2791 961 2857 unde
982 2806 1080 2848 eos
1101 2796 1448 2863 cognoverat
1468 2791 1770 2865 ingravan-

116 2878 240 2935 dos.
261 2878 404 2935 Mali
427 2878 585 2933 enim
608 2893 741 2933 cum
769 2878 840 2933 ad
870 2878 1168 2935 veritatem
1192 2878 1450 2945 veniunt,
1471 2896 1505 2934 a
1524 2879 1771 2951 pristina

115 2967 420 3027 voluntate
448 2966 810 3047 dispereunt,
836 2970 893 3022 et
923 2966 1033 3021 nisi
1066 2984 1101 3020 a
1130 2966 1283 3023 mala
1306 2966 1626 3022 intentione
1656 2968 1771 3023 dis-

116 3056 346 3121 cedant,
382 3054 581 3113 locum
610 3053 670 3110 in
701 3054 872 3113 bonis
901 3054 1127 3111 actibus
1160 3072 1273 3110 non
1304 3054 1621 3111 habebunt.
1643 3056 1768 3111 Dis-

119 3148 313 3214 pereat
343 3143 511 3209 Saul,
535 3159 607 3203 ne
638 3147 1026 3216 persequatur
1053 3143 1385 3211 innoxium;
1436 3144 1771 3217 dispereunt

115 3231 327 3305 Ziphaei
363 3250 441 3290 ne
472 3232 723 3305 prodant
752 3230 1025 3289 celatum.

144 3321 179 3381 θ
253 3322 577 3381 Votuntarie
600 3321 921 3392 sacriﬁcabo
946 3321 1050 3379 tibi
1078 3338 1096 3374 :

248 3411 318 3466 Et
344 3410 649 3480 conﬁtebor
692 3410 910 3466 nomini
951 3416 1062 3480 tuo,
1094 3410 1338 3476 Domine,
1369 3410 1629 3480 quoniam
1676 3410 1764 3466 bo-

322 3514 468 3561 num
494 3504 592 3562 est.

177 3584 219 3641 Ο
237 3585 592 3649 Voluntaria
621 3584 738 3651 Deo
771 3584 1080 3651 sacriﬁcat,
1097 3585 1198 3658 qui
1228 3603 1330 3658 pro
1357 3585 1612 3643 inimicis
1643 3587 1768 3643 suis

111 3679 324 3739 exorat.
382 3674 731 3737 Sacriﬁcare
775 3672 1119 3741 voluntarie,
1152 3678 1242 3730 est
1288 3674 1403 3730 Deo
1449 3674 1764 3746 puritatem

110 3761 266 3819 bona
296 3762 629 3821 voluntatis
674 3762 899 3819 otl’erre.
921 3762 1194 3820 Conﬁteri
1232 3778 1483 3835 quoque,
1509 3762 1604 3819 hic
1635 3762 1764 3819 lau-

110 3849 241 3913 dare
268 3850 598 3924 signiﬁcat.
623 3848 794 3906 lllum
815 3851 974 3906 enim
995 3848 1138 3906 velle
1168 3848 1425 3919 laudare,
1449 3850 1765 3908 inaestima-

112 3936 215 3997 bile
242 3939 479 4002 bonum
532 3942 642 3999 est.
676 3937 840 3995 Unde
867 3942 923 3993 et
952 3954 1117 3995 mens
1176 3944 1378 3995 sancta
1423 3940 1681 3996 reﬁcitur
1707 3945 1765 3997 et

111 4026 293 4087 omnis
319 4026 661 4087 adversitas
691 4025 864 4085 istius
893 4025 1100 4083 mundi
1129 4027 1434 4099 ell'ugatur.

139 4114 170 4167 7
240 4117 537 4188 Quoniam
555 4132 628 4173 ea:
651 4116 806 4183 omni
828 4115 1184 4181 tribulatione
1210 4116 1462 4187 eripuisti
1487 4133 1574 4173 me
1606 4133 1617 4171 :

256 4210 315 4271 .9
362 4206 433 4260 ει
477 4211 493 4270 ;
544 4220 712 4276 super
765 4204 1020 4271 inimicos
1074 4220 1217 4260 meos
1279 4203 1525 4277 despexit
1578 4206 1766 4263 oculus

312 4307 496 4347 meus.

175 4376 214 4433 C
234 4378 314 4435 Ex
329 4379 625 4439 omnibus
639 4378 1121 4443 tribulationibus
1143 4396 1205 4436 se
1221 4383 1468 4437 testatur
1480 4380 1768 4452 Propheta

116 4471 395 4537 ereptum,
413 4468 585 4540 quod
602 4466 663 4523 in
682 4468 795 4525 isto
816 4466 1027 4531 saeculo
1046 4484 1161 4523 non
1182 4470 1371 4539 potest
1385 4467 1631 4535 evenire,
1650 4468 1765 4525 nisi

116 4553 191 4611 eis
225 4556 324 4629 qui
371 4557 434 4619 in
486 4555 724 4617 Domini
770 4555 1078 4617 dilectione
1123 4556 1463 4628 persistunt.
1498 4556 1768 4630 Respexit

119 4642 308 4707 oculus
328 4644 577 4713 Domini
597 4660 778 4716 super
794 4643 1065 4701 inimicos
1086 4644 1368 4712 Davidyid
1384 4648 1473 4701 est
1485 4644 1764 4721 Ziphaeos,

120 4732 337 4799 quando
365 4750 472 4799 eos
522 4731 783 4799 nefarias
812 4732 1139 4791 voluntates
1191 4731 1435 4789 minime
1481 4734 1768 4805 complere
1798 4755 1846 4821 ι)

123 4821 397 4890 permisit;
433 4822 779 4895 frequenter
820 4820 977 4885 enim
1029 4821 1314 4894 propitius
1362 4822 1516 4879 Deus
1563 4822 1768 4895 iniqua

126 4920 223 4969 non
251 4910 545 4982 permittit
573 4909 806 4975 efﬁcere
857 4912 924 4966 ut
969 4909 1303 4983 compuncti
1350 4910 1667 4968 debeamus
1695 4911 1765 4967 de

126 4998 319 5061 nostris
347 4998 661 5065 erroribus
690 4997 1044 5071 supplicare.

587 5102 796 5154 omne
834 5103 903 5145 sx
945 5103 1145 5143 psam.
1186 5103 1302 5145 LIII.

186 5173 467 5243 Selviﬁrea,
497 5174 774 5245 nomine,
803 5173 1115 5237 Ecclesiam
1164 5178 1346 5242 tuam,
1380 5173 1465 5230 tui
1511 5175 1765 5233 nominis

134 5264 530 5331 probationem
553 5262 959 5332 mnﬁtentem,
986 5267 1050 5320 ut
1069 5262 1356 5335 despectis
1385 5263 1661 5334 inimicis,
1674 5282 1766 5324 vo-

138 5343 360 5409 lentu-ia
396 5357 458 5417 te
500 5349 882 5417 confusione
929 5350 1280 5425 magniﬁcet.
1303 5352 1411 5409 Per
1453 5352 1766 5411 Dominum

140 5442 371 5505 nostrum
398 5441 619 5505 Iasum
647 5438 949 5505 Christum
978 5440 1191 5505 Filium
1221 5443 1413 5507 tuum,
1444 5444 1550 5499 etc.

702 5543 1021 5601 PSALMUS
1061 5546 1200 5601 LIV.

560 5631 973 5681 AMUWNTUDI
1011 5632 1169 5673 PSAL.
1210 5632 1322 5671 LIV.

203 5704 506 5773 Gabi-intus
536 5706 781 5765 Patrem
811 5703 976 5776 petit,
998 5720 1070 5761 ne
1098 5704 1227 5775 ejus
1255 5704 1612 5775 despiciatur
1640 5720 1765 5761 ora-

153 5788 400 5863 li0,quam
426 5812 497 5853 ex
527 5792 885 5853 inﬁrmitate
904 5792 1097 5849 carnis
1130 5792 1407 5864 probatur
1423 5797 1685 5865 expetere
1714 5798 1770 5849 et

1899 763 2056 820 tibus
2087 764 2294 821 debeat
2318 766 2542 822 evenire
2572 768 2844 825 ostendit.

1896 908 1907 915 ι
2004 871 2119 927 ΤΤ.
2146 875 2214 928 [η
2241 872 2405 942 ﬁnem
2436 875 2499 949 in
2531 875 2863 933 carminibus
2894 876 3193 935 intellectus
3223 876 3428 939 David.

1967 958 2008 1015 C
2036 958 2187 1015 Bene
2208 960 2341 1016 finis
2373 960 2586 1017 dicitur
2604 962 2890 1031 Christus,
2913 965 3051 1036 quia
3069 964 3353 1037 quidquid
3385 969 3538 1022 recte

1896 1063 1962 1104 ac
1993 1047 2241 1104 fideliter
2271 1048 2520 1121 agimus,
2555 1051 2626 1105 ad
2670 1050 2863 1123 ipsum
2894 1056 3121 1108 constat
3149 1052 3277 1108 sine
3303 1052 3535 1109 dubita-

1894 1135 2051 1191 tione
2081 1137 2469 1195 referendum.
2492 1137 2557 1193 In
2584 1138 2963 1211 carminibus,
2982 1140 3042 1196 in
3067 1139 3341 1197 laudibus
3369 1141 3531 1198 dicit.

1897 1223 2228 1281 Intellectus
2260 1225 2370 1282 iste
2398 1230 2590 1284 certus
2619 1231 2727 1296 est,
2750 1231 2816 1283 ut
2833 1243 2966 1284 cum
2988 1224 3163 1284 David
3194 1233 3421 1301 patrem
3448 1228 3533 1285 di-

1895 1327 2097 1367 camus
2130 1313 2358 1370 Domini
2388 1314 2600 1370 Christi
2624 1316 2710 1386 (ut
2739 1332 2925 1372 caecus
2952 1316 3011 1370 in
3040 1310 3347 1388 Evangelia
3378 1314 3392 1372 ξ
3426 1317 3532 1373 Mi-

1894 1415 2085 1456 serere
2114 1401 2226 1457 mei
2249 1401 2353 1457 ﬁlii
2374 1402 2553 1459 David
2576 1407 2724 1470 (Luc.
2748 1404 2931 1473 xvm),
2955 1404 3276 1460 secundum
3299 1419 3532 1469 carnem

1893 1487 2320 1562 intelligamus;
2352 1492 2673 1547 secundum
2716 1492 3077 1548 divinitatem
3114 1490 3269 1560 vero,
3300 1508 3533 1551 servum

1892 1577 2179 1634 fateamur
2206 1596 2331 1635 esse
2362 1581 2558 1652 ipsum
2601 1579 2781 1636 David
2814 1580 3051 1648 Christi,
3073 1582 3226 1636 sicut
3252 1579 3376 1654 ipse
3406 1579 3491 1645 ait
3514 1597 3528 1635 :

1890 1664 2041 1721 Dixit
2072 1669 2352 1725 Dominus
2382 1668 2627 1724 Domino
2659 1686 2786 1725 meo
2812 1670 2979 1742 (Psal.
3004 1670 3139 1740 cxx).

1924 1771 1950 1824 1
2030 1771 2264 1837 Exaudi,
2294 1775 2455 1839 Deus,
2485 1775 2790 1830 orationem
2829 1789 3004 1843 meam
3037 1791 3054 1827 :
3084 1779 3137 1830 et
3160 1790 3229 1829 ne
3273 1774 3529 1847 despons-

2098 1861 2175 1916 ris
2202 1860 2638 1933 deprecationem
2665 1879 2843 1917 meam
2872 1881 2891 1918 :

2026 1949 2245 2005 Intende
2270 1950 2412 2005 mihi
2437 1958 2488 2006 et
2514 1951 2718 2006 exaudi
2745 1968 2850 2007 me.

1807 2038 1852 2102 Β
1950 2036 1991 2092 C
2020 2036 2211 2093 Prima
2241 2042 2401 2110 parte
2430 2039 2576 2111 petit
2600 2038 2885 2111 Propheta
2913 2039 3170 2096 exaudiri
3203 2039 3522 2114 orationem

1883 2142 2072 2194 suam,
2097 2126 2305 2182 deinde
2334 2126 2593 2199 postulat
2624 2144 2695 2182 ne
2724 2128 2851 2200 ejus
2881 2128 3207 2200 deprecatio
3240 2116 3522 2201 despicia-

1883 2218 1997 2268 tur.
2021 2215 2066 2270 Η
2099 2216 2223 2281 Qua
2260 2214 2481 2271 ratione
2510 2214 2766 2289 intellige
2812 2216 3007 2284 homo,
3032 2217 3170 2288 quia
3217 2215 3329 2272 nisi
3379 2234 3525 2295 pura

1882 2302 2240 2359 conscientia
2281 2303 2607 2377 depreceris
2664 2309 2868 2373 Deum,
2900 2321 3140 2376 prorsus
3169 2320 3203 2359 a
3230 2304 3347 2361 Deo
3404 2321 3521 2385 non

1881 2391 2226 2448 exaudiaris.

1914 2502 1950 2553 2
2021 2500 2385 2555 Contristatus
2410 2515 2529 2553 sum
2563 2501 2618 2553 in
2649 2500 3033 2556 exercitatione
3060 2514 3182 2554 mea
3210 2518 3229 2554 :

2025 2591 2089 2643 Et
2116 2587 2464 2642 conturbatus
2510 2604 2632 2642 sum
2661 2604 2695 2642 a
2724 2602 2846 2643 voce
2896 2588 3114 2642 inimici
3140 2591 3193 2643 et
3219 2604 3255 2643 a
3282 2587 3516 2647 tribula-

2088 2678 2234 2733 tione
2256 2677 2568 2747 peccatoris.

1948 2764 1986 2818 C
2018 2762 2412 2819 Pulcherrime
2444 2764 2668 2820 Domini
2702 2781 2911 2821 cursus
2929 2764 3080 2831 vitae,
3104 2782 3219 2843 uno
3251 2781 3518 2837 sermone

1877 2852 2201 2923 exponitur.
2231 2852 2704 2909 Exercitationem
2736 2852 2985 2911 dicimus
3016 2870 3145 2927 quia
3192 2850 3351 2925 nullo
3397 2852 3515 2915 otio

1877 2939 2254 3012 conquiescit.
2285 2940 2717 2997 Exercitabatur
2763 2940 3061 3001 miraculis
3108 2946 3164 3003 et
3208 2942 3515 3015 sanctitate

1876 3027 2232 3094 doctrinae,et
2251 3028 2884 3100 contristabatur,quod
2903 3029 3410 3103 praedicationibus
3426 3047 3515 3105 sa-

1877 3115 2209 3172 luberrimis
2237 3116 2488 3191 vesania
2516 3116 2792 3172 obstinati
2834 3116 3033 3191 populi
3076 3134 3192 3175 non
3222 3118 3510 3195 credebat.

1874 3205 1921 3259 A
1940 3221 2072 3260 voce
2090 3203 2308 3263 inimici
2331 3204 2377 3260 Η
2399 3204 2642 3260 dicentis
2665 3221 2679 3271 ;
2704 3204 3105 3262 Samaritanus
3133 3222 3195 3261 es
3216 3209 3272 3277 et
3300 3206 3513 3283 daemo-

1876 3292 2045 3367 nium
2072 3292 2251 3353 habes
2283 3292 2459 3363 (Joan.
2480 3292 2623 3362 vuu),
2647 3292 3031 3349 conturbatus
3059 3307 3212 3349 sum.
3232 3276 3278 3349 C
3307 3276 3516 3367 Tribu-

1797 3389 1839 3457 ο
1873 3380 2011 3438 latio
2042 3362 2165 3441 erat
2195 3360 2534 3453 peccatoris,
2555 3360 2790 3451 quando
2810 3395 2945 3436 eum
2966 3396 3064 3437 ore
3090 3360 3514 3455 conspuebant,

1876 3469 2173 3525 caedebant
2201 3468 2403 3541 alapis,
2438 3472 2495 3524 et
2523 3468 2636 3524 alia
2666 3465 2854 3523 multa
2881 3467 3241 3541 ingerebant.

1908 3575 1943 3629 3
2017 3574 2285 3642 Quoniam
2311 3574 2721 3629 declinaverunt
2750 3575 2807 3628 in
2836 3589 2923 3633 me
2950 3574 3273 3645 iniquitates
3300 3589 3320 3628 :

2014 3663 2078 3717 Et
2110 3664 2170 3717 in
2200 3664 2287 3717 ira
2312 3663 2524 3717 molesti
2552 3670 2709 3718 erant
2737 3661 2898 3717 mihi.

1942 3752 1984 3806 C
2011 3750 2454 3806 Declinaverunt
2483 3749 2639 3806 enim
2678 3750 2737 3806 in
2780 3750 3090 3806 Dominum
3121 3748 3511 3822 iniquitatem,

1873 3838 2012 3910 quia
2041 3838 2261 3893 nullam
2291 3838 2548 3893 volentes
2568 3838 2822 3909 recipere
2850 3837 3513 3908 rationem,et!usionem

1872 3925 2178 3999 sanguinis
2194 3925 2519 3981 innocentis
2530 3926 2890 3997 expetebant.
2904 3926 3158 3981 Audiant
3172 3924 3513 3997 insipientes

1871 4014 2075 4082 Judaei,
2100 4018 2318 4069 tantam
2341 4031 2401 4069 se
2424 4012 2670 4070 Domino
2691 4014 2898 4069 fecisse
2919 4012 3247 4070 molestiam
3269 4028 3514 4069 accensa

1873 4102 1959 4157 ira
1978 4108 2044 4157 ut
2067 4102 2177 4157 sibi
2200 4107 2537 4173 perpetuam
2562 4104 2953 4174 praepararent
2975 4099 3226 4157 ruinam.
3248 4096 3381 4155 H'In
3403 4100 3510 4167 ira,

1871 4190 1959 4246 ira
1986 4191 2238 4256 festuca;
2268 4189 2450 4255 trabs,
2475 4189 2694 4245 odium.
2719 4190 2809 4243 lra
2851 4187 3180 4255 conturbat,
3211 4184 3375 4243 trabs
3415 4202 3509 4243 ex-

1873 4281 2064 4344 caecat,
2087 4280 2152 4331 ut
2180 4276 2321 4331 illud
2349 4293 2362 4331 :
2386 4276 2680 4331 Turbatus
2710 4280 2800 4331 est
2828 4290 2944 4347 pra:
2972 4274 3059 4330 ira
3085 4273 3291 4330 oculus
3319 4290 3508 4331 meus.

1874 4364 2173 4430 Molestus,
2198 4364 2252 4419 id
2286 4368 2375 4419 est
2399 4380 2603 4419 saevus.
2628 4364 2671 4419 Ο
2700 4363 2802 4418 Vel
2838 4356 3107 4418 molestia
3135 4367 3242 4433 est,
3275 4363 3510 4434 quando

1873 4452 2223 4526 procacitate
2252 4452 2548 4524 superﬂua
2575 4451 2880 4507 reddimur
2906 4451 3172 4522 inquieti.
3420 4448 3423 4451 ’

1910 4561 1941 4615 4
2017 4560 2127 4616 Cor
2153 4576 2335 4614 meum
2362 4559 2744 4614 conturbatum
2770 4560 2847 4613 est
2877 4557 2935 4611 in
2964 4573 3053 4612 me
3079 4574 3100 4611 :

2015 4649 2081 4703 Et
2106 4647 2339 4718 formido
2368 4647 2559 4702 mortis
2588 4645 2782 4701 cecidit
2807 4660 2971 4718 super
2995 4660 3101 4700 me.

1944 4736 1989 4791 H
2022 4735 2130 4791 Cor
2159 4753 2355 4791 meum
2388 4732 2797 4790 conturbatum
2828 4736 2915 4789 est
2948 4731 3007 4788 in
3039 4748 3152 4802 me,
3186 4732 3508 4791 secundum

1876 4824 2170 4880 hominem
2206 4842 2217 4878 :
2253 4823 2354 4880 sed
2386 4822 2593 4878 virtute
2641 4822 2839 4878 divina
2887 4820 3275 4878 confortatum
3307 4824 3414 4895 est.
3443 4821 3513 4878 Et

1874 4911 2264 4980 formido,etc.
2284 4912 2324 4968 C
2348 4916 2463 4967 Sua
2482 4912 2605 4966 suis
2628 4914 2759 4983 apte
2780 4910 3123 4977 redduntur,
3147 4924 3511 4980 consequens

1872 4999 2026 5055 enim
2058 5004 2199 5068 erat,
2235 5004 2300 5054 ut
2328 5000 2496 5070 cujus
2540 5014 2638 5053 cor
2682 4997 3091 5054 conturbatum
3138 4997 3347 5065 fuerat,
3375 5014 3509 5057 eum

1872 5088 2120 5145 formido
2164 5088 2368 5145 mortis
2416 5087 2729 5142 invaderet.
2754 5087 2971 5142 Revera
3016 5083 3242 5153 cecidit,
3277 5087 3510 5159 quando

1872 5194 2049 5249 super
2077 5193 2212 5232 eum
2251 5175 2427 5242 venit,
2461 5173 2709 5231 ulterius
2748 5190 2863 5229 non
2887 5172 3158 5241 valitura,
3189 5191 3315 5249 qua;
3345 5174 3509 5249 prius

1871 5263 2078 5338 potuit,
2111 5263 2249 5336 quia
2304 5266 2583 5336 perpetua
2634 5278 2791 5317 mors
2848 5266 3034 5318 morte
3091 5261 3305 5321 Christi
3358 5263 3511 5320 victa

1874 5358 1982 5411 est.

1908 5441 1944 5494 5
2018 5441 2196 5495 Timor
2221 5446 2273 5494 et
2299 5446 2500 5495 tremor
2526 5446 2788 5495 venerunt
2812 5455 2973 5512 super
2997 5454 3083 5497 me
3111 5458 3133 5494 .-

2016 5529 2080 5583 Et
2107 5531 2461 5583 contexerant
2484 5543 2571 5581 me
2600 5528 2855 5584 tenebrae.

1947 5616 1992 5670 Η
2023 5615 2287 5671 Humano
2329 5631 2485 5671 more
2522 5614 2802 5686 loquitur,
2817 5615 3033 5686 quibus
3059 5617 3149 5671 est
3175 5614 3352 5670 timor
3379 5608 3506 5664 ani-

1877 5721 2005 5771 mae,
2032 5708 2087 5759 ct
2113 5709 2331 5761 tremor
2350 5705 2625 5775 corporis.
2651 5702 2923 5758 Tenebrae
2948 5702 3222 5757 dicuntur
3241 5695 3379 5755 mali
3410 5694 3510 5747 ho-

1877 5792 2085 5861 mines,
2109 5794 2247 5865 quia
2275 5792 2374 5866 qui
2404 5792 2528 5850 odit
2567 5790 2805 5845 fratrem
2847 5804 3022 5846 suum
3052 5787 3112 5840 in
3143 5780 3396 5841 tenebris
3424 5778 3514 5828 est
