  <div class='ocr_page' id='page_1' title='image "/cluster/home/n/w/nwhite01/storage/ocr_20150623/142-143/uc1.31175018423130/1140.png"; bbox 0 0 3916 6404; ppageno 0'>
   <div class='ocr_carea' id='block_1_1' title="bbox 53 457 164 520">
    <p class='ocr_par' dir='ltr' id='par_1_1' title="bbox 53 457 164 520">
     <span class='ocr_line' id='line_1_1' title="bbox 53 457 164 520; baseline 0.036 -4"><span class='ocrx_word' id='word_1_1' title='bbox 53 457 164 520; x_wconf 82' lang='grc'>801</span> 
     </span>
    </p>
   </div>
   <div class='ocr_carea' id='block_1_2' title="bbox 1340 462 2150 528">
    <p class='ocr_par' dir='ltr' id='par_1_2' title="bbox 1340 462 2150 528">
     <span class='ocr_line' id='line_1_2' title="bbox 1340 462 2150 528; baseline -0.004 -3"><span class='ocrx_word' id='word_1_2' title='bbox 1340 463 1660 527; x_wconf 82' lang='grc' dir='ltr'>ΝΟΤΙΤΙΑ</span> <span class='ocrx_word' id='word_1_3' title='bbox 1706 462 2150 528; x_wconf 80' lang='lat' dir='ltr'>HISTORICA.</span> 
     </span>
    </p>
   </div>
   <div class='ocr_carea' id='block_1_3' title="bbox 3333 466 3450 533">
    <p class='ocr_par' dir='ltr' id='par_1_3' title="bbox 3333 466 3450 533">
     <span class='ocr_line' id='line_1_3' title="bbox 3333 466 3450 533; baseline 0.043 -5"><span class='ocrx_word' id='word_1_4' title='bbox 3333 466 3450 533; x_wconf 71' lang='lat'>802</span> 
     </span>
    </p>
   </div>
   <div class='ocr_carea' id='block_1_4' title="bbox 0 593 3458 670">
    <p class='ocr_par' dir='ltr' id='par_1_4' title="bbox 0 593 3458 670">
     <span class='ocr_line' id='line_1_4' title="bbox 0 593 3458 670; baseline 0.003 -24"><span class='ocrx_word' id='word_1_5' title='bbox 0 663 1 670; x_wconf 11' lang='grc' dir='ltr'>γ</span> <span class='ocrx_word' id='word_1_6' title='bbox 54 597 144 647; x_wconf 91' lang='lat' dir='ltr'>set</span> <span class='ocrx_word' id='word_1_7' title='bbox 175 610 324 648; x_wconf 84' lang='lat' dir='ltr'>anno</span> <span class='ocrx_word' id='word_1_8' title='bbox 357 594 495 648; x_wconf 87' lang='grc'>1056</span> <span class='ocrx_word' id='word_1_9' title='bbox 523 597 580 648; x_wconf 93' lang='lat' dir='ltr'>et</span> <span class='ocrx_word' id='word_1_10' title='bbox 608 593 856 650; x_wconf 91' lang='lat' dir='ltr'>concilio</span> <span class='ocrx_word' id='word_1_11' title='bbox 886 593 1263 664; x_wconf 82' lang='lat' dir='ltr'>interfuisset,</span> <span class='ocrx_word' id='word_1_12' title='bbox 1292 597 1508 652; x_wconf 88' lang='lat' dir='ltr'>multos</span> <span class='ocrx_word' id='word_1_13' title='bbox 1548 599 1699 669; x_wconf 88' lang='lat' dir='ltr'>epis-</span> <span class='ocrx_word' id='word_1_14' title='bbox 1729 599 1782 664; x_wconf 86' lang='grc' dir='ltr'><strong>Α</strong></span> <span class='ocrx_word' id='word_1_15' title='bbox 1817 597 2043 664; x_wconf 81' lang='lat' dir='ltr'>lmit,ac</span> <span class='ocrx_word' id='word_1_16' title='bbox 2072 599 2443 667; x_wconf 78' lang='lat' dir='ltr'>tertiumjam</span> <span class='ocrx_word' id='word_1_17' title='bbox 2473 597 2803 669; x_wconf 82' lang='lat' dir='ltr'>Berengarii</span> <span class='ocrx_word' id='word_1_18' title='bbox 2823 597 3156 670; x_wconf 80' lang='lat' dir='ltr'>opinionem</span> <span class='ocrx_word' id='word_1_19' title='bbox 3173 600 3458 657; x_wconf 84' lang='lat' dir='ltr'>detestan-</span> 
     </span>
    </p>
   </div>
   <div class='ocr_carea' id='block_1_5' title="bbox 51 681 1718 753">
    <p class='ocr_par' dir='ltr' id='par_1_5' title="bbox 51 681 1718 753">
     <span class='ocr_line' id='line_1_5' title="bbox 51 681 1718 753; baseline 0.002 -18"><span class='ocrx_word' id='word_1_20' title='bbox 51 697 249 753; x_wconf 90' lang='lat' dir='ltr'>copos,</span> <span class='ocrx_word' id='word_1_21' title='bbox 286 681 618 740; x_wconf 86' lang='lat' dir='ltr'>Simoniaca</span> <span class='ocrx_word' id='word_1_22' title='bbox 661 683 791 739; x_wconf 87' lang='lat' dir='ltr'>labe</span> <span class='ocrx_word' id='word_1_23' title='bbox 823 682 1077 749; x_wconf 72' lang='lat' dir='ltr'>affectos,</span> <span class='ocrx_word' id='word_1_24' title='bbox 1115 689 1170 738; x_wconf 87' lang='lat' dir='ltr'>et</span> <span class='ocrx_word' id='word_1_25' title='bbox 1217 685 1274 739; x_wconf 90' lang='lat' dir='ltr'>in</span> <span class='ocrx_word' id='word_1_26' title='bbox 1325 686 1718 740; x_wconf 77' lang='lat' dir='ltr'>fornicatione</span> 
     </span>
    </p>
   </div>
   <div class='ocr_carea' id='block_1_6' title="bbox 55 770 1702 848">
    <p class='ocr_par' dir='ltr' id='par_1_6' title="bbox 55 770 1702 848">
     <span class='ocr_line' id='line_1_6' title="bbox 55 770 1702 848; baseline 0.003 -25"><span class='ocrx_word' id='word_1_27' title='bbox 55 770 452 841; x_wconf 88' lang='lat' dir='ltr'>deprehensos</span> <span class='ocrx_word' id='word_1_28' title='bbox 483 772 892 844; x_wconf 80' lang='lat' dir='ltr'>convictosque</span> <span class='ocrx_word' id='word_1_29' title='bbox 919 773 1233 841; x_wconf 78' lang='lat' dir='ltr'>damnavit,</span> <span class='ocrx_word' id='word_1_30' title='bbox 1265 791 1328 829; x_wconf 88' lang='lat' dir='ltr'>ac</span> <span class='ocrx_word' id='word_1_31' title='bbox 1359 774 1702 848; x_wconf 88' lang='lat' dir='ltr'>episcopati-</span> 
     </span>
    </p>
   </div>
   <div class='ocr_carea' id='block_1_7' title="bbox 49 859 1701 935">
    <p class='ocr_par' dir='ltr' id='par_1_7' title="bbox 49 859 1701 935">
     <span class='ocr_line' id='line_1_7' title="bbox 49 859 1701 935; baseline 0.004 -23"><span class='ocrx_word' id='word_1_32' title='bbox 49 859 163 914; x_wconf 89' lang='lat' dir='ltr'>bus</span> <span class='ocrx_word' id='word_1_33' title='bbox 193 861 426 915; x_wconf 80' lang='lat' dir='ltr'>amovit.</span> <span class='ocrx_word' id='word_1_34' title='bbox 465 861 818 934; x_wconf 87' lang='lat' dir='ltr'>Clerumque</span> <span class='ocrx_word' id='word_1_35' title='bbox 861 861 1087 917; x_wconf 90' lang='lat' dir='ltr'>monuit</span> <span class='ocrx_word' id='word_1_36' title='bbox 1137 863 1274 934; x_wconf 92' lang='lat' dir='ltr'>quid</span> <span class='ocrx_word' id='word_1_37' title='bbox 1330 863 1701 935; x_wconf 85' lang='lat' dir='ltr'>potissimum</span> 
     </span>
    </p>
   </div>
   <div class='ocr_carea' id='block_1_8' title="bbox 49 947 1703 1023">
    <p class='ocr_par' dir='ltr' id='par_1_8' title="bbox 49 947 1703 1023">
     <span class='ocr_line' id='line_1_8' title="bbox 49 947 1703 1023; baseline 0.003 -21"><span class='ocrx_word' id='word_1_38' title='bbox 49 947 142 1002; x_wconf 91' lang='lat' dir='ltr'>sui</span> <span class='ocrx_word' id='word_1_39' title='bbox 191 948 452 1004; x_wconf 91' lang='lat' dir='ltr'>muneris</span> <span class='ocrx_word' id='word_1_40' title='bbox 504 955 677 1015; x_wconf 82' lang='lat' dir='ltr'>esset,</span> <span class='ocrx_word' id='word_1_41' title='bbox 713 968 883 1023; x_wconf 79' lang='lat' dir='ltr'>pmna</span> <span class='ocrx_word' id='word_1_42' title='bbox 933 949 1126 1023; x_wconf 83' lang='lat' dir='ltr'>legum</span> <span class='ocrx_word' id='word_1_43' title='bbox 1177 951 1703 1008; x_wconf 89' lang='lat' dir='ltr'>ecclesiasticarum</span> 
     </span>
    </p>
   </div>
   <div class='ocr_carea' id='block_1_9' title="bbox 48 1038 895 1111">
    <p class='ocr_par' dir='ltr' id='par_1_9' title="bbox 48 1038 895 1111">
     <span class='ocr_line' id='line_1_9' title="bbox 48 1038 895 1111; baseline 0.006 -21"><span class='ocrx_word' id='word_1_44' title='bbox 48 1038 591 1108; x_wconf 87' lang='lat' dir='ltr'>transgressoribus</span> <span class='ocrx_word' id='word_1_45' title='bbox 622 1040 895 1111; x_wconf 82' lang='lat' dir='ltr'>irrogata.</span> 
     </span>
    </p>
   </div>
   <div class='ocr_carea' id='block_1_10' title="bbox 117 1125 1703 1200">
    <p class='ocr_par' dir='ltr' id='par_1_10' title="bbox 117 1125 1703 1200">
     <span class='ocr_line' id='line_1_10' title="bbox 117 1125 1703 1200; baseline 0.002 -21"><span class='ocrx_word' id='word_1_46' title='bbox 117 1125 334 1181; x_wconf 86' lang='lat' dir='ltr'>Eodem</span> <span class='ocrx_word' id='word_1_47' title='bbox 388 1127 563 1182; x_wconf 91' lang='lat' dir='ltr'>etiam</span> <span class='ocrx_word' id='word_1_48' title='bbox 614 1132 894 1200; x_wconf 90' lang='lat' dir='ltr'>tempore,</span> <span class='ocrx_word' id='word_1_49' title='bbox 925 1128 1384 1184; x_wconf 87' lang='lat' dir='ltr'>Hildebrandum</span> <span class='ocrx_word' id='word_1_50' title='bbox 1435 1129 1507 1184; x_wconf 92' lang='lat' dir='ltr'>ob</span> <span class='ocrx_word' id='word_1_51' title='bbox 1557 1129 1614 1182; x_wconf 90' lang='lat' dir='ltr'>id</span> <span class='ocrx_word' id='word_1_52' title='bbox 1645 1127 1703 1182; x_wconf 90' lang='lat' dir='ltr'>in</span> 
     </span>
    </p>
   </div>
   <div class='ocr_carea' id='block_1_11' title="bbox 46 1214 1708 1290">
    <p class='ocr_par' dir='ltr' id='par_1_11' title="bbox 46 1214 1708 1290">
     <span class='ocr_line' id='line_1_11' title="bbox 46 1214 1708 1290; baseline 0.003 -23"><span class='ocrx_word' id='word_1_53' title='bbox 46 1214 355 1270; x_wconf 79' lang='lat' dir='ltr'>Franciam</span> <span class='ocrx_word' id='word_1_54' title='bbox 388 1234 421 1271; x_wconf 90' lang='lat' dir='ltr'>a</span> <span class='ocrx_word' id='word_1_55' title='bbox 448 1216 676 1272; x_wconf 87' lang='lat' dir='ltr'>Victore</span> <span class='ocrx_word' id='word_1_56' title='bbox 708 1216 958 1288; x_wconf 83' lang='lat' dir='ltr'>legatus,</span> <span class='ocrx_word' id='word_1_57' title='bbox 986 1234 1188 1290; x_wconf 82' lang='lat' dir='ltr'>graves</span> <span class='ocrx_word' id='word_1_58' title='bbox 1221 1218 1497 1274; x_wconf 90' lang='lat' dir='ltr'>adversus</span> <span class='ocrx_word' id='word_1_59' title='bbox 1523 1217 1708 1273; x_wconf 91' lang='lat' dir='ltr'>Simo-</span> 
     </span>
    </p>
   </div>
   <div class='ocr_carea' id='block_1_12' title="bbox 42 1302 1708 1378">
    <p class='ocr_par' dir='ltr' id='par_1_12' title="bbox 42 1302 1708 1378">
     <span class='ocr_line' id='line_1_12' title="bbox 42 1302 1708 1378; baseline 0.003 -21"><span class='ocrx_word' id='word_1_60' title='bbox 42 1302 250 1358; x_wconf 90' lang='lat' dir='ltr'>niacos</span> <span class='ocrx_word' id='word_1_61' title='bbox 292 1309 349 1358; x_wconf 89' lang='lat' dir='ltr'>et</span> <span class='ocrx_word' id='word_1_62' title='bbox 387 1304 719 1372; x_wconf 88' lang='lat' dir='ltr'>Nicolaitas,</span> <span class='ocrx_word' id='word_1_63' title='bbox 764 1307 1111 1377; x_wconf 66' lang='lat' dir='ltr'>queestiones</span> <span class='ocrx_word' id='word_1_64' title='bbox 1159 1308 1434 1375; x_wconf 87' lang='lat' dir='ltr'>exercuit,</span> <span class='ocrx_word' id='word_1_65' title='bbox 1455 1323 1708 1378; x_wconf 89' lang='lat' dir='ltr'>cumque</span> 
     </span>
    </p>
   </div>
   <div class='ocr_carea' id='block_1_13' title="bbox 43 1393 1706 1466">
    <p class='ocr_par' dir='ltr' id='par_1_13' title="bbox 43 1393 1706 1466">
     <span class='ocr_line' id='line_1_13' title="bbox 43 1393 1706 1466; baseline 0.003 -20"><span class='ocrx_word' id='word_1_66' title='bbox 43 1408 148 1446; x_wconf 85' lang='lat' dir='ltr'>sex</span> <span class='ocrx_word' id='word_1_67' title='bbox 183 1393 492 1466; x_wconf 86' lang='lat' dir='ltr'>episcopos</span> <span class='ocrx_word' id='word_1_68' title='bbox 526 1393 734 1449; x_wconf 90' lang='lat' dir='ltr'>horum</span> <span class='ocrx_word' id='word_1_69' title='bbox 786 1395 1099 1451; x_wconf 87' lang='lat' dir='ltr'>criminum</span> <span class='ocrx_word' id='word_1_70' title='bbox 1149 1397 1492 1452; x_wconf 84' lang='lat' dir='ltr'>manifestos</span> <span class='ocrx_word' id='word_1_71' title='bbox 1540 1397 1706 1451; x_wconf 88' lang='lat' dir='ltr'>dam-</span> 
     </span>
    </p>
   </div>
   <div class='ocr_carea' id='block_1_14' title="bbox 42 1483 1707 1558">
    <p class='ocr_par' dir='ltr' id='par_1_14' title="bbox 42 1483 1707 1558">
     <span class='ocr_line' id='line_1_14' title="bbox 42 1483 1707 1558; baseline 0.003 -24"><span class='ocrx_word' id='word_1_72' title='bbox 42 1486 270 1550; x_wconf 87' lang='lat' dir='ltr'>nasset,</span> <span class='ocrx_word' id='word_1_73' title='bbox 322 1483 796 1539; x_wconf 87' lang='lat' dir='ltr'>Ebrcduncnsem</span> <span class='ocrx_word' id='word_1_74' title='bbox 858 1485 1392 1558; x_wconf 85' lang='lat' dir='ltr'>archiepiscopum,</span> <span class='ocrx_word' id='word_1_75' title='bbox 1445 1485 1707 1541; x_wconf 79' lang='lat' dir='ltr'>simonize</span> 
     </span>
    </p>
   </div>
   <div class='ocr_carea' id='block_1_15' title="bbox 43 1572 1710 1647">
    <p class='ocr_par' dir='ltr' id='par_1_15' title="bbox 43 1572 1710 1647">
     <span class='ocr_line' id='line_1_15' title="bbox 43 1572 1710 1647; baseline 0.005 -25"><span class='ocrx_word' id='word_1_76' title='bbox 43 1585 242 1630; x_wconf 90' lang='lat' dir='ltr'>reum.</span> <span class='ocrx_word' id='word_1_77' title='bbox 285 1575 340 1625; x_wconf 91' lang='lat' dir='ltr'>et</span> <span class='ocrx_word' id='word_1_78' title='bbox 390 1572 762 1644; x_wconf 89' lang='lat' dir='ltr'>impudenter</span> <span class='ocrx_word' id='word_1_79' title='bbox 810 1573 1186 1643; x_wconf 78' lang='lat' dir='ltr'>inficientem,</span> <span class='ocrx_word' id='word_1_80' title='bbox 1230 1592 1405 1647; x_wconf 90' lang='lat' dir='ltr'>quem</span> <span class='ocrx_word' id='word_1_81' title='bbox 1458 1575 1710 1630; x_wconf 82' lang='lat' dir='ltr'>testibus</span> 
     </span>
    </p>
   </div>
   <div class='ocr_carea' id='block_1_16' title="bbox 41 1663 1709 1735">
    <p class='ocr_par' dir='ltr' id='par_1_16' title="bbox 41 1663 1709 1735">
     <span class='ocr_line' id='line_1_16' title="bbox 41 1663 1709 1735; baseline 0.005 -24"><span class='ocrx_word' id='word_1_82' title='bbox 41 1674 368 1730; x_wconf 83' lang='lat' dir='ltr'>coarguere</span> <span class='ocrx_word' id='word_1_83' title='bbox 410 1678 524 1716; x_wconf 91' lang='lat' dir='ltr'>non</span> <span class='ocrx_word' id='word_1_84' title='bbox 573 1667 821 1735; x_wconf 83' lang='lat' dir='ltr'>poterat,</span> <span class='ocrx_word' id='word_1_85' title='bbox 857 1667 980 1719; x_wconf 88' lang='lat' dir='ltr'>arte</span> <span class='ocrx_word' id='word_1_86' title='bbox 1030 1663 1296 1720; x_wconf 88' lang='lat' dir='ltr'>convicit.</span> <span class='ocrx_word' id='word_1_87' title='bbox 1321 1665 1709 1728; x_wconf 89' lang='lat' dir='ltr'>Quemadmo-</span> 
     </span>
    </p>
   </div>
   <div class='ocr_carea' id='block_1_17' title="bbox 42 1747 1711 1808">
    <p class='ocr_par' dir='ltr' id='par_1_17' title="bbox 42 1747 1711 1808">
     <span class='ocr_line' id='line_1_17' title="bbox 42 1747 1711 1808; baseline 0.004 -8"><span class='ocrx_word' id='word_1_88' title='bbox 42 1747 194 1800; x_wconf 91' lang='lat' dir='ltr'>dum</span> <span class='ocrx_word' id='word_1_89' title='bbox 230 1765 360 1803; x_wconf 92' lang='lat' dir='ltr'>cum</span> <span class='ocrx_word' id='word_1_90' title='bbox 396 1749 506 1804; x_wconf 89' lang='lat' dir='ltr'>sibi</span> <span class='ocrx_word' id='word_1_91' title='bbox 562 1768 833 1807; x_wconf 89' lang='lat' dir='ltr'>narrasse</span> <span class='ocrx_word' id='word_1_92' title='bbox 865 1751 1068 1808; x_wconf 87' lang='lat' dir='ltr'>Petrus</span> <span class='ocrx_word' id='word_1_93' title='bbox 1098 1752 1366 1806; x_wconf 88' lang='lat' dir='ltr'>Damiani</span> <span class='ocrx_word' id='word_1_94' title='bbox 1418 1752 1711 1806; x_wconf 67' lang='lat' dir='ltr'>memoriae</span> 
     </span>
    </p>
   </div>
   <div class='ocr_carea' id='block_1_18' title="bbox 42 1836 1710 1912">
    <p class='ocr_par' dir='ltr' id='par_1_18' title="bbox 42 1836 1710 1912">
     <span class='ocr_line' id='line_1_18' title="bbox 42 1836 1710 1912; baseline 0.002 -22"><span class='ocrx_word' id='word_1_95' title='bbox 42 1836 312 1907; x_wconf 87' lang='lat' dir='ltr'>prodidit</span> <span class='ocrx_word' id='word_1_96' title='bbox 344 1857 356 1892; x_wconf 92' lang='lat'><strong>:</strong></span> <span class='ocrx_word' id='word_1_97' title='bbox 389 1838 603 1892; x_wconf 90' lang='lat' dir='ltr'>etenim</span> <span class='ocrx_word' id='word_1_98' title='bbox 657 1841 710 1893; x_wconf 92' lang='lat' dir='ltr'>in</span> <span class='ocrx_word' id='word_1_99' title='bbox 761 1845 1076 1911; x_wconf 90' lang='lat' dir='ltr'>conspectu</span> <span class='ocrx_word' id='word_1_100' title='bbox 1128 1840 1448 1894; x_wconf 91' lang='lat' dir='ltr'>multorum</span> <span class='ocrx_word' id='word_1_101' title='bbox 1475 1859 1490 1894; x_wconf 90' lang='lat'><strong><em>:</em></strong></span> <span class='ocrx_word' id='word_1_102' title='bbox 1516 1865 1541 1887; x_wconf 91' lang='grc'><strong><em>‹‹</em></strong></span> <span class='ocrx_word' id='word_1_103' title='bbox 1571 1844 1710 1912; x_wconf 81' lang='lat' dir='ltr'>Age,</span> 
     </span>
    </p>
   </div>
   <div class='ocr_carea' id='block_1_19' title="bbox 41 1923 1715 1998">
    <p class='ocr_par' dir='ltr' id='par_1_19' title="bbox 41 1923 1715 1998">
     <span class='ocr_line' id='line_1_19' title="bbox 41 1923 1715 1998; baseline 0.002 -20"><span class='ocrx_word' id='word_1_104' title='bbox 41 1924 221 1990; x_wconf 91' lang='lat' dir='ltr'>dum,</span> <span class='ocrx_word' id='word_1_105' title='bbox 255 1923 467 1995; x_wconf 90' lang='lat' dir='ltr'>inquit,</span> <span class='ocrx_word' id='word_1_106' title='bbox 521 1928 755 1998; x_wconf 87' lang='lat' dir='ltr'>quando</span> <span class='ocrx_word' id='word_1_107' title='bbox 791 1933 846 1982; x_wconf 88' lang='lat' dir='ltr'>te</span> <span class='ocrx_word' id='word_1_108' title='bbox 878 1928 1169 1983; x_wconf 86' lang='lat' dir='ltr'>insontem</span> <span class='ocrx_word' id='word_1_109' title='bbox 1220 1927 1402 1998; x_wconf 88' lang='lat' dir='ltr'>hujus</span> <span class='ocrx_word' id='word_1_110' title='bbox 1453 1928 1715 1983; x_wconf 84' lang='lat' dir='ltr'>criminis</span> 
     </span>
    </p>
   </div>
   <div class='ocr_carea' id='block_1_20' title="bbox 31 2013 1712 2088">
    <p class='ocr_par' dir='ltr' id='par_1_20' title="bbox 31 2013 1712 2088">
     <span class='ocr_line' id='line_1_20' title="bbox 31 2013 1712 2088; baseline 0.002 -20"><span class='ocrx_word' id='word_1_111' title='bbox 31 2013 278 2082; x_wconf 88' lang='lat' dir='ltr'>jactas,</span> <span class='ocrx_word' id='word_1_112' title='bbox 331 2014 398 2067; x_wconf 90' lang='lat' dir='ltr'>ad</span> <span class='ocrx_word' id='word_1_113' title='bbox 460 2016 690 2070; x_wconf 88' lang='lat' dir='ltr'>noxiam</span> <span class='ocrx_word' id='word_1_114' title='bbox 752 2017 1100 2088; x_wconf 73' lang='lat' dir='ltr'>expiandum</span> <span class='ocrx_word' id='word_1_115' title='bbox 1160 2017 1474 2088; x_wconf 88' lang='lat' dir='ltr'>pronuntia</span> <span class='ocrx_word' id='word_1_116' title='bbox 1531 2018 1712 2072; x_wconf 79' lang='lat' dir='ltr'>Gloria</span> 
     </span>
    </p>
   </div>
   <div class='ocr_carea' id='block_1_21' title="bbox 39 2102 1712 2178">
    <p class='ocr_par' dir='ltr' id='par_1_21' title="bbox 39 2102 1712 2178">
     <span class='ocr_line' id='line_1_21' title="bbox 39 2102 1712 2178; baseline 0.004 -24"><span class='ocrx_word' id='word_1_117' title='bbox 39 2102 236 2166; x_wconf 85' lang='lat' dir='ltr'>Patri,</span> <span class='ocrx_word' id='word_1_118' title='bbox 283 2106 334 2156; x_wconf 85' lang='lat' dir='ltr'>et</span> <span class='ocrx_word' id='word_1_119' title='bbox 377 2104 518 2157; x_wconf 84' lang='lat' dir='ltr'>Filio</span> <span class='ocrx_word' id='word_1_120' title='bbox 569 2112 620 2158; x_wconf 76' lang='lat' dir='ltr'>et</span> <span class='ocrx_word' id='word_1_121' title='bbox 668 2105 907 2175; x_wconf 78' lang='lat' dir='ltr'>Spiritui</span> <span class='ocrx_word' id='word_1_122' title='bbox 953 2109 1155 2159; x_wconf 78' lang='lat' dir='ltr'>sancto.</span> <span class='ocrx_word' id='word_1_123' title='bbox 1189 2105 1334 2160; x_wconf 92' lang='lat' dir='ltr'>Tum</span> <span class='ocrx_word' id='word_1_124' title='bbox 1382 2105 1712 2178; x_wconf 89' lang='lat' dir='ltr'>episcopus,</span> 
     </span>
    </p>
   </div>
   <div class='ocr_carea' id='block_1_22' title="bbox 36 2192 1711 2265">
    <p class='ocr_par' dir='ltr' id='par_1_22' title="bbox 36 2192 1711 2265">
     <span class='ocr_line' id='line_1_22' title="bbox 36 2192 1711 2265; baseline 0.003 -21"><span class='ocrx_word' id='word_1_125' title='bbox 36 2195 217 2245; x_wconf 89' lang='lat' dir='ltr'>ratus</span> <span class='ocrx_word' id='word_1_126' title='bbox 253 2208 312 2246; x_wconf 91' lang='lat' dir='ltr'>se</span> <span class='ocrx_word' id='word_1_127' title='bbox 341 2209 405 2246; x_wconf 92' lang='lat' dir='ltr'>eo</span> <span class='ocrx_word' id='word_1_128' title='bbox 437 2192 590 2248; x_wconf 90' lang='lat' dir='ltr'>dicto</span> <span class='ocrx_word' id='word_1_129' title='bbox 636 2194 917 2264; x_wconf 78' lang='lat' dir='ltr'>gravioris</span> <span class='ocrx_word' id='word_1_130' title='bbox 950 2193 1189 2265; x_wconf 85' lang='lat' dir='ltr'>periculi</span> <span class='ocrx_word' id='word_1_131' title='bbox 1215 2193 1505 2265; x_wconf 84' lang='lat' dir='ltr'>judicium</span> <span class='ocrx_word' id='word_1_132' title='bbox 1541 2211 1711 2249; x_wconf 91' lang='lat' dir='ltr'>omne</span> 
     </span>
    </p>
   </div>
   <div class='ocr_carea' id='block_1_23' title="bbox 37 2279 1714 2353">
    <p class='ocr_par' dir='ltr' id='par_1_23' title="bbox 37 2279 1714 2353">
     <span class='ocr_line' id='line_1_23' title="bbox 37 2279 1714 2353; baseline 0.002 -19"><span class='ocrx_word' id='word_1_133' title='bbox 37 2279 509 2349; x_wconf 89' lang='lat' dir='ltr'>declinaturum,</span> <span class='ocrx_word' id='word_1_134' title='bbox 538 2284 917 2353; x_wconf 84' lang='lat' dir='ltr'>pronuntiare</span> <span class='ocrx_word' id='word_1_135' title='bbox 949 2282 1218 2350; x_wconf 88' lang='lat' dir='ltr'>instituit,</span> <span class='ocrx_word' id='word_1_136' title='bbox 1249 2300 1313 2338; x_wconf 92' lang='lat' dir='ltr'>ac</span> <span class='ocrx_word' id='word_1_137' title='bbox 1344 2284 1524 2338; x_wconf 85' lang='lat' dir='ltr'>Gloria</span> <span class='ocrx_word' id='word_1_138' title='bbox 1557 2286 1714 2338; x_wconf 77' lang='lat' dir='ltr'>Patri</span> 
     </span>
    </p>
   </div>
   <div class='ocr_carea' id='block_1_24' title="bbox 37 2369 1709 2444">
    <p class='ocr_par' dir='ltr' id='par_1_24' title="bbox 37 2369 1709 2444">
     <span class='ocr_line' id='line_1_24' title="bbox 37 2369 1709 2444; baseline 0.003 -21"><span class='ocrx_word' id='word_1_139' title='bbox 37 2374 91 2423; x_wconf 84' lang='lat' dir='ltr'>et</span> <span class='ocrx_word' id='word_1_140' title='bbox 125 2369 280 2423; x_wconf 83' lang='lat' dir='ltr'>Filio</span> <span class='ocrx_word' id='word_1_141' title='bbox 313 2369 459 2424; x_wconf 81' lang='lat' dir='ltr'>dixit</span> <span class='ocrx_word' id='word_1_142' title='bbox 493 2387 505 2424; x_wconf 75' lang='grc' dir='ltr'>ε</span> <span class='ocrx_word' id='word_1_143' title='bbox 541 2373 781 2443; x_wconf 82' lang='lat' dir='ltr'>Spiritui</span> <span class='ocrx_word' id='word_1_144' title='bbox 818 2381 1024 2439; x_wconf 80' lang='lat' dir='ltr'>sancto,</span> <span class='ocrx_word' id='word_1_145' title='bbox 1059 2389 1396 2443; x_wconf 90' lang='lat' dir='ltr'>quanquam</span> <span class='ocrx_word' id='word_1_146' title='bbox 1437 2390 1586 2444; x_wconf 69' lang='lat' dir='ltr'>saepe</span> <span class='ocrx_word' id='word_1_147' title='bbox 1618 2391 1709 2428; x_wconf 88' lang='lat' dir='ltr'>co-</span> 
     </span>
    </p>
   </div>
   <div class='ocr_carea' id='block_1_25' title="bbox 38 2459 1715 2532">
    <p class='ocr_par' dir='ltr' id='par_1_25' title="bbox 38 2459 1715 2532">
     <span class='ocr_line' id='line_1_25' title="bbox 38 2459 1715 2532; baseline 0.002 -20"><span class='ocrx_word' id='word_1_148' title='bbox 38 2462 258 2521; x_wconf 90' lang='lat' dir='ltr'>natus,</span> <span class='ocrx_word' id='word_1_149' title='bbox 291 2459 559 2530; x_wconf 83' lang='lat' dir='ltr'>expedire</span> <span class='ocrx_word' id='word_1_150' title='bbox 603 2477 714 2515; x_wconf 89' lang='lat' dir='ltr'>non</span> <span class='ocrx_word' id='word_1_151' title='bbox 752 2461 955 2532; x_wconf 88' lang='lat' dir='ltr'>potuit.</span> <span class='ocrx_word' id='word_1_152' title='bbox 992 2461 1405 2532; x_wconf 89' lang='lat' dir='ltr'>Creditumque</span> <span class='ocrx_word' id='word_1_153' title='bbox 1437 2465 1543 2525; x_wconf 85' lang='lat' dir='ltr'>est,</span> <span class='ocrx_word' id='word_1_154' title='bbox 1577 2461 1715 2532; x_wconf 88' lang='lat' dir='ltr'>quia</span> 
     </span>
    </p>
   </div>
   <div class='ocr_carea' id='block_1_26' title="bbox 35 2546 1714 2621">
    <p class='ocr_par' dir='ltr' id='par_1_26' title="bbox 35 2546 1714 2621">
     <span class='ocr_line' id='line_1_26' title="bbox 35 2546 1714 2621; baseline 0.002 -21"><span class='ocrx_word' id='word_1_155' title='bbox 35 2546 101 2601; x_wconf 90' lang='lat' dir='ltr'>in</span> <span class='ocrx_word' id='word_1_156' title='bbox 141 2547 580 2603; x_wconf 89' lang='lat' dir='ltr'>nundinatione</span> <span class='ocrx_word' id='word_1_157' title='bbox 609 2553 966 2615; x_wconf 88' lang='lat' dir='ltr'>sanctorum,</span> <span class='ocrx_word' id='word_1_158' title='bbox 994 2549 1295 2621; x_wconf 83' lang='lat' dir='ltr'>speciatim</span> <span class='ocrx_word' id='word_1_159' title='bbox 1325 2549 1557 2605; x_wconf 67' lang='lat' dir='ltr'>laeditur</span> <span class='ocrx_word' id='word_1_160' title='bbox 1586 2551 1714 2621; x_wconf 81' lang='lat' dir='ltr'>Spi-</span> 
     </span>
    </p>
   </div>
   <div class='ocr_carea' id='block_1_27' title="bbox 36 2635 1714 2710">
    <p class='ocr_par' dir='ltr' id='par_1_27' title="bbox 36 2635 1714 2710">
     <span class='ocr_line' id='line_1_27' title="bbox 36 2635 1714 2710; baseline 0.002 -20"><span class='ocrx_word' id='word_1_161' title='bbox 36 2635 204 2690; x_wconf 89' lang='lat' dir='ltr'>ritus</span> <span class='ocrx_word' id='word_1_162' title='bbox 242 2639 507 2700; x_wconf 88' lang='lat' dir='ltr'>sanctus,</span> <span class='ocrx_word' id='word_1_163' title='bbox 543 2640 605 2692; x_wconf 93' lang='lat' dir='ltr'>ut</span> <span class='ocrx_word' id='word_1_164' title='bbox 637 2638 764 2707; x_wconf 84' lang='lat' dir='ltr'>ejus</span> <span class='ocrx_word' id='word_1_165' title='bbox 797 2637 978 2708; x_wconf 62' lang='lat' dir='ltr'>culpae</span> <span class='ocrx_word' id='word_1_166' title='bbox 1012 2637 1350 2710; x_wconf 87' lang='lat' dir='ltr'>participem</span> <span class='ocrx_word' id='word_1_167' title='bbox 1384 2639 1575 2693; x_wconf 89' lang='lat' dir='ltr'>dicere</span> <span class='ocrx_word' id='word_1_168' title='bbox 1610 2655 1714 2694; x_wconf 84' lang='lat' dir='ltr'>ne—</span> 
     </span>
    </p>
   </div>
   <div class='ocr_carea' id='block_1_28' title="bbox 37 2724 1717 2798">
    <p class='ocr_par' dir='ltr' id='par_1_28' title="bbox 37 2724 1717 2798">
     <span class='ocr_line' id='line_1_28' title="bbox 37 2724 1717 2798; baseline 0.001 -18"><span class='ocrx_word' id='word_1_169' title='bbox 37 2724 277 2797; x_wconf 89' lang='lat' dir='ltr'>quivit;</span> <span class='ocrx_word' id='word_1_170' title='bbox 314 2725 604 2796; x_wconf 89' lang='lat' dir='ltr'>siquidem</span> <span class='ocrx_word' id='word_1_171' title='bbox 632 2731 830 2798; x_wconf 78' lang='lat' dir='ltr'>postea</span> <span class='ocrx_word' id='word_1_172' title='bbox 853 2744 1029 2798; x_wconf 88' lang='lat' dir='ltr'>quam</span> <span class='ocrx_word' id='word_1_173' title='bbox 1060 2731 1360 2798; x_wconf 89' lang='lat' dir='ltr'>peccatum</span> <span class='ocrx_word' id='word_1_174' title='bbox 1386 2744 1558 2782; x_wconf 91' lang='lat' dir='ltr'>suum</span> <span class='ocrx_word' id='word_1_175' title='bbox 1585 2745 1717 2782; x_wconf 85' lang='lat' dir='ltr'>con-</span> 
     </span>
    </p>
   </div>
   <div class='ocr_carea' id='block_1_29' title="bbox 39 2814 1610 2888">
    <p class='ocr_par' dir='ltr' id='par_1_29' title="bbox 39 2814 1610 2888">
     <span class='ocr_line' id='line_1_29' title="bbox 39 2814 1610 2888; baseline 0.002 -20"><span class='ocrx_word' id='word_1_176' title='bbox 39 2814 258 2870; x_wconf 83' lang='lat' dir='ltr'>fessus</span> <span class='ocrx_word' id='word_1_177' title='bbox 289 2817 396 2880; x_wconf 91' lang='lat' dir='ltr'>est,</span> <span class='ocrx_word' id='word_1_178' title='bbox 432 2814 558 2870; x_wconf 89' lang='lat' dir='ltr'>sine</span> <span class='ocrx_word' id='word_1_179' title='bbox 590 2814 710 2871; x_wconf 92' lang='lat' dir='ltr'>ulla</span> <span class='ocrx_word' id='word_1_180' title='bbox 739 2814 1108 2871; x_wconf 89' lang='lat' dir='ltr'>cunctatione</span> <span class='ocrx_word' id='word_1_181' title='bbox 1139 2816 1610 2888; x_wconf 85' lang='lat' dir='ltr'>pronuntiavit.»</span> 
     </span>
    </p>
   </div>
   <div class='ocr_carea' id='block_1_30' title="bbox 116 2902 1717 2976">
    <p class='ocr_par' dir='ltr' id='par_1_30' title="bbox 116 2902 1717 2976">
     <span class='ocr_line' id='line_1_30' title="bbox 116 2902 1717 2976; baseline 0.002 -21"><span class='ocrx_word' id='word_1_182' title='bbox 116 2902 334 2960; x_wconf 88' lang='lat' dir='ltr'>Victor</span> <span class='ocrx_word' id='word_1_183' title='bbox 367 2903 645 2975; x_wconf 83' lang='lat' dir='ltr'>pontifex,</span> <span class='ocrx_word' id='word_1_184' title='bbox 680 2920 814 2958; x_wconf 89' lang='lat' dir='ltr'>cum</span> <span class='ocrx_word' id='word_1_185' title='bbox 849 2904 1261 2976; x_wconf 90' lang='lat' dir='ltr'>Berengarium</span> <span class='ocrx_word' id='word_1_186' title='bbox 1308 2909 1441 2976; x_wconf 89' lang='lat' dir='ltr'>post</span> <span class='ocrx_word' id='word_1_187' title='bbox 1473 2909 1717 2960; x_wconf 91' lang='lat' dir='ltr'>mortem</span> 
     </span>
    </p>
   </div>
   <div class='ocr_carea' id='block_1_31' title="bbox 42 2992 1718 3066">
    <p class='ocr_par' dir='ltr' id='par_1_31' title="bbox 42 2992 1718 3066">
     <span class='ocr_line' id='line_1_31' title="bbox 42 2992 1718 3066; baseline 0.001 -19"><span class='ocrx_word' id='word_1_188' title='bbox 42 2992 276 3051; x_wconf 88' lang='lat' dir='ltr'>Leonis</span> <span class='ocrx_word' id='word_1_189' title='bbox 308 2993 378 3047; x_wconf 90' lang='lat' dir='ltr'>ad</span> <span class='ocrx_word' id='word_1_190' title='bbox 421 2993 686 3048; x_wconf 88' lang='lat' dir='ltr'>eamdem</span> <span class='ocrx_word' id='word_1_191' title='bbox 740 2993 928 3048; x_wconf 88' lang='lat' dir='ltr'>redire</span> <span class='ocrx_word' id='word_1_192' title='bbox 977 2992 1268 3048; x_wconf 89' lang='lat' dir='ltr'>insaniam</span> <span class='ocrx_word' id='word_1_193' title='bbox 1318 2995 1718 3066; x_wconf 89' lang='lat' dir='ltr'>comperisset,</span> 
     </span>
    </p>
   </div>
   <div class='ocr_carea' id='block_1_32' title="bbox 53 3081 1722 3154">
    <p class='ocr_par' dir='ltr' id='par_1_32' title="bbox 53 3081 1722 3154">
     <span class='ocr_line' id='line_1_32' title="bbox 53 3081 1722 3154; baseline -0.001 -17"><span class='ocrx_word' id='word_1_194' title='bbox 53 3087 250 3154; x_wconf 88' lang='lat' dir='ltr'>atque</span> <span class='ocrx_word' id='word_1_195' title='bbox 284 3081 358 3137; x_wconf 92' lang='lat' dir='ltr'>ab</span> <span class='ocrx_word' id='word_1_196' title='bbox 388 3098 453 3137; x_wconf 90' lang='lat' dir='ltr'>eo</span> <span class='ocrx_word' id='word_1_197' title='bbox 487 3081 704 3136; x_wconf 90' lang='lat' dir='ltr'>multos</span> <span class='ocrx_word' id='word_1_198' title='bbox 736 3081 791 3136; x_wconf 93' lang='lat' dir='ltr'>in</span> <span class='ocrx_word' id='word_1_199' title='bbox 829 3082 1071 3137; x_wconf 85' lang='lat' dir='ltr'>Francia</span> <span class='ocrx_word' id='word_1_200' title='bbox 1114 3082 1171 3136; x_wconf 92' lang='lat' dir='ltr'>in</span> <span class='ocrx_word' id='word_1_201' title='bbox 1221 3099 1474 3138; x_wconf 87' lang='lat' dir='ltr'>errorem</span> <span class='ocrx_word' id='word_1_202' title='bbox 1527 3082 1722 3137; x_wconf 90' lang='lat' dir='ltr'>induci</span> 
     </span>
    </p>
   </div>
   <div class='ocr_carea' id='block_1_33' title="bbox 46 3169 1725 3241">
    <p class='ocr_par' dir='ltr' id='par_1_33' title="bbox 46 3169 1725 3241">
     <span class='ocr_line' id='line_1_33' title="bbox 46 3169 1725 3241; baseline 0.001 -16"><span class='ocrx_word' id='word_1_203' title='bbox 46 3169 322 3236; x_wconf 87' lang='lat' dir='ltr'>audiret,</span> <span class='ocrx_word' id='word_1_204' title='bbox 359 3169 649 3241; x_wconf 87' lang='lat' dir='ltr'>profectus</span> <span class='ocrx_word' id='word_1_205' title='bbox 681 3186 746 3225; x_wconf 90' lang='lat' dir='ltr'>eo</span> <span class='ocrx_word' id='word_1_206' title='bbox 779 3174 1125 3226; x_wconf 90' lang='lat' dir='ltr'>conventum</span> <span class='ocrx_word' id='word_1_207' title='bbox 1158 3171 1216 3224; x_wconf 89' lang='lat' dir='ltr'>in</span> <span class='ocrx_word' id='word_1_208' title='bbox 1249 3171 1586 3226; x_wconf 90' lang='lat' dir='ltr'>Turonibus</span> <span class='ocrx_word' id='word_1_209' title='bbox 1618 3171 1725 3226; x_wconf 88' lang='lat' dir='ltr'>ha—</span> 
     </span>
    </p>
   </div>
   <div class='ocr_carea' id='block_1_34' title="bbox 1812 685 3457 759">
    <p class='ocr_par' dir='ltr' id='par_1_34' title="bbox 1812 685 3457 759">
     <span class='ocr_line' id='line_1_34' title="bbox 1812 685 3457 759; baseline 0.005 -21"><span class='ocrx_word' id='word_1_210' title='bbox 1812 689 1926 739; x_wconf 73' lang='lat' dir='ltr'>tem</span> <span class='ocrx_word' id='word_1_211' title='bbox 1958 688 2298 740; x_wconf 67' lang='lat' dir='ltr'>(ontutznit.</span> <span class='ocrx_word' id='word_1_212' title='bbox 2334 685 2466 742; x_wconf 87' lang='lat' dir='ltr'>Fuit</span> <span class='ocrx_word' id='word_1_213' title='bbox 2496 686 2590 742; x_wconf 89' lang='lat' dir='ltr'>hic</span> <span class='ocrx_word' id='word_1_214' title='bbox 2635 687 3022 759; x_wconf 86' lang='lat' dir='ltr'>Berengarius</span> <span class='ocrx_word' id='word_1_215' title='bbox 3065 689 3251 759; x_wconf 85' lang='lat' dir='ltr'>patria</span> <span class='ocrx_word' id='word_1_216' title='bbox 3275 692 3457 746; x_wconf 86' lang='lat' dir='ltr'>Turo—</span> 
     </span>
    </p>
   </div>
   <div class='ocr_carea' id='block_1_35' title="bbox 1813 774 3461 850">
    <p class='ocr_par' dir='ltr' id='par_1_35' title="bbox 1813 774 3461 850">
     <span class='ocr_line' id='line_1_35' title="bbox 1813 774 3461 850; baseline 0.005 -23"><span class='ocrx_word' id='word_1_217' title='bbox 1813 774 2032 838; x_wconf 85' lang='lat' dir='ltr'>nensis,</span> <span class='ocrx_word' id='word_1_218' title='bbox 2084 774 2531 830; x_wconf 82' lang='lat' dir='ltr'>archidiaconus</span> <span class='ocrx_word' id='word_1_219' title='bbox 2586 775 3040 847; x_wconf 83' lang='lat' dir='ltr'>Andegavensis,</span> <span class='ocrx_word' id='word_1_220' title='bbox 3089 779 3186 848; x_wconf 86' lang='lat' dir='ltr'>qui</span> <span class='ocrx_word' id='word_1_221' title='bbox 3236 778 3461 850; x_wconf 87' lang='lat' dir='ltr'>primus</span> 
     </span>
    </p>
   </div>
   <div class='ocr_carea' id='block_1_36' title="bbox 1811 862 3458 935">
    <p class='ocr_par' dir='ltr' id='par_1_36' title="bbox 1811 862 3458 935">
     <span class='ocr_line' id='line_1_36' title="bbox 1811 862 3458 935; baseline 0.004 -19"><span class='ocrx_word' id='word_1_222' title='bbox 1811 862 2076 917; x_wconf 70' lang='lat' dir='ltr'>haeresim</span> <span class='ocrx_word' id='word_1_223' title='bbox 2109 868 2308 920; x_wconf 88' lang='lat' dir='ltr'>contra</span> <span class='ocrx_word' id='word_1_224' title='bbox 2355 864 2612 919; x_wconf 90' lang='lat' dir='ltr'>divinam</span> <span class='ocrx_word' id='word_1_225' title='bbox 2667 863 3081 920; x_wconf 77' lang='lat' dir='ltr'>eucharistiam</span> <span class='ocrx_word' id='word_1_226' title='bbox 3133 867 3458 935; x_wconf 72' lang='lat' dir='ltr'>suscitavit,</span> 
     </span>
    </p>
   </div>
   <div class='ocr_carea' id='block_1_37' title="bbox 1813 952 3462 1021">
    <p class='ocr_par' dir='ltr' id='par_1_37' title="bbox 1813 952 3462 1021">
     <span class='ocr_line' id='line_1_37' title="bbox 1813 952 3462 1021; baseline 0.004 -16"><span class='ocrx_word' id='word_1_227' title='bbox 1813 967 1988 1021; x_wconf 89' lang='lat' dir='ltr'>quam</span> <span class='ocrx_word' id='word_1_228' title='bbox 2019 952 2190 1006; x_wconf 84' lang='lat' dir='ltr'>toties</span> <span class='ocrx_word' id='word_1_229' title='bbox 2221 954 2580 1018; x_wconf 87' lang='lat' dir='ltr'>damnatam,</span> <span class='ocrx_word' id='word_1_230' title='bbox 2609 952 2784 1008; x_wconf 88' lang='lat' dir='ltr'>etiam</span> <span class='ocrx_word' id='word_1_231' title='bbox 2823 960 3018 1008; x_wconf 80' lang='lat' dir='ltr'>nostro</span> <span class='ocrx_word' id='word_1_232' title='bbox 3049 955 3262 1012; x_wconf 64' lang='lat' dir='ltr'>saeculo</span> <span class='ocrx_word' id='word_1_233' title='bbox 3289 957 3462 1012; x_wconf 91' lang='lat' dir='ltr'>Zuin-</span> 
     </span>
    </p>
   </div>
   <div class='ocr_carea' id='block_1_38' title="bbox 1813 1038 3466 1111">
    <p class='ocr_par' dir='ltr' id='par_1_38' title="bbox 1813 1038 3466 1111">
     <span class='ocr_line' id='line_1_38' title="bbox 1813 1038 3466 1111; baseline 0.007 -19"><span class='ocrx_word' id='word_1_234' title='bbox 1813 1038 1987 1110; x_wconf 81' lang='lat' dir='ltr'>glius,</span> <span class='ocrx_word' id='word_1_235' title='bbox 2010 1039 2478 1111; x_wconf 64' lang='lat' dir='ltr'>.‘Ecolampadius</span> <span class='ocrx_word' id='word_1_236' title='bbox 2503 1045 2555 1095; x_wconf 90' lang='lat' dir='ltr'>et</span> <span class='ocrx_word' id='word_1_237' title='bbox 2574 1041 2846 1096; x_wconf 84' lang='lat' dir='ltr'>Calvinus</span> <span class='ocrx_word' id='word_1_238' title='bbox 2872 1044 3273 1108; x_wconf 69' lang='lat' dir='ltr'>restituerunt,</span> <span class='ocrx_word' id='word_1_239' title='bbox 3294 1062 3466 1102; x_wconf 83' lang='lat' dir='ltr'>auxe-</span> 
     </span>
    </p>
   </div>
   <div class='ocr_carea' id='block_1_39' title="bbox 1814 1130 3461 1204">
    <p class='ocr_par' dir='ltr' id='par_1_39' title="bbox 1814 1130 3461 1204">
     <span class='ocr_line' id='line_1_39' title="bbox 1814 1130 3461 1204; baseline 0.005 -23"><span class='ocrx_word' id='word_1_240' title='bbox 1814 1131 1951 1182; x_wconf 88' lang='lat' dir='ltr'>runt</span> <span class='ocrx_word' id='word_1_241' title='bbox 1978 1132 2033 1182; x_wconf 91' lang='lat' dir='ltr'>et</span> <span class='ocrx_word' id='word_1_242' title='bbox 2063 1134 2471 1200; x_wconf 86' lang='lat' dir='ltr'>propagarunt.</span> <span class='ocrx_word' id='word_1_243' title='bbox 2498 1130 2641 1185; x_wconf 87' lang='lat' dir='ltr'>Data</span> <span class='ocrx_word' id='word_1_244' title='bbox 2667 1134 2756 1184; x_wconf 88' lang='lat' dir='ltr'>est</span> <span class='ocrx_word' id='word_1_245' title='bbox 2787 1130 3133 1202; x_wconf 69' lang='lat' dir='ltr'>Berengnrio</span> <span class='ocrx_word' id='word_1_246' title='bbox 3165 1134 3326 1204; x_wconf 90' lang='lat' dir='ltr'>optio</span> <span class='ocrx_word' id='word_1_247' title='bbox 3356 1135 3461 1190; x_wconf 86' lang='lat' dir='ltr'>de-</span> 
     </span>
    </p>
   </div>
   <div class='ocr_carea' id='block_1_40' title="bbox 1816 1216 3458 1289">
    <p class='ocr_par' dir='ltr' id='par_1_40' title="bbox 1816 1216 3458 1289">
     <span class='ocr_line' id='line_1_40' title="bbox 1816 1216 3458 1289; baseline 0.005 -20"><span class='ocrx_word' id='word_1_248' title='bbox 1816 1216 2086 1270; x_wconf 83' lang='lat' dir='ltr'>fendendi</span> <span class='ocrx_word' id='word_1_249' title='bbox 2119 1217 2449 1288; x_wconf 87' lang='lat' dir='ltr'>opinionem</span> <span class='ocrx_word' id='word_1_250' title='bbox 2501 1236 2697 1285; x_wconf 88' lang='lat' dir='ltr'>suam;</span> <span class='ocrx_word' id='word_1_251' title='bbox 2733 1236 2903 1289; x_wconf 81' lang='lat' dir='ltr'>quam</span> <span class='ocrx_word' id='word_1_252' title='bbox 2956 1237 3086 1275; x_wconf 91' lang='lat' dir='ltr'>cum</span> <span class='ocrx_word' id='word_1_253' title='bbox 3143 1222 3458 1279; x_wconf 85' lang='lat' dir='ltr'>defenden-</span> 
     </span>
    </p>
   </div>
   <div class='ocr_carea' id='block_1_41' title="bbox 1815 1305 3453 1376">
    <p class='ocr_par' dir='ltr' id='par_1_41' title="bbox 1815 1305 3453 1376">
     <span class='ocr_line' id='line_1_41' title="bbox 1815 1305 3453 1376; baseline 0.007 -18"><span class='ocrx_word' id='word_1_254' title='bbox 1815 1305 1950 1359; x_wconf 86' lang='lat' dir='ltr'>dam</span> <span class='ocrx_word' id='word_1_255' title='bbox 1983 1306 2279 1376; x_wconf 88' lang='lat' dir='ltr'>suscipere</span> <span class='ocrx_word' id='word_1_256' title='bbox 2326 1323 2439 1362; x_wconf 90' lang='lat' dir='ltr'>non</span> <span class='ocrx_word' id='word_1_257' title='bbox 2489 1307 2745 1374; x_wconf 72' lang='lat' dir='ltr'>auderet,</span> <span class='ocrx_word' id='word_1_258' title='bbox 2781 1310 3079 1364; x_wconf 80' lang='lat' dir='ltr'>confessus</span> <span class='ocrx_word' id='word_1_259' title='bbox 3125 1315 3213 1365; x_wconf 85' lang='lat' dir='ltr'>est</span> <span class='ocrx_word' id='word_1_260' title='bbox 3259 1327 3453 1370; x_wconf 85' lang='lat' dir='ltr'>coram</span> 
     </span>
    </p>
   </div>
   <div class='ocr_carea' id='block_1_42' title="bbox 1818 1392 3016 1451">
    <p class='ocr_par' dir='ltr' id='par_1_42' title="bbox 1818 1392 3016 1451">
     <span class='ocr_line' id='line_1_42' title="bbox 1818 1392 3016 1451; baseline 0.003 -3"><span class='ocrx_word' id='word_1_261' title='bbox 1818 1392 2089 1448; x_wconf 86' lang='lat' dir='ltr'>omnibus</span> <span class='ocrx_word' id='word_1_262' title='bbox 2121 1409 2492 1448; x_wconf 91' lang='lat' dir='ltr'>communem</span> <span class='ocrx_word' id='word_1_263' title='bbox 2529 1395 2790 1450; x_wconf 65' lang='lat' dir='ltr'>Ecclesiae</span> <span class='ocrx_word' id='word_1_264' title='bbox 2825 1397 3016 1451; x_wconf 73' lang='lat' dir='ltr'>ﬁdem.</span> 
     </span>
    </p>
   </div>
   <div class='ocr_carea' id='block_1_43' title="bbox 1891 1483 3458 1557">
    <p class='ocr_par' dir='ltr' id='par_1_43' title="bbox 1891 1483 3458 1557">
     <span class='ocr_line' id='line_1_43' title="bbox 1891 1483 3458 1557; baseline 0.006 -21"><span class='ocrx_word' id='word_1_265' title='bbox 1891 1483 2029 1536; x_wconf 91' lang='lat' dir='ltr'>Inde</span> <span class='ocrx_word' id='word_1_266' title='bbox 2059 1483 2393 1538; x_wconf 89' lang='lat' dir='ltr'>Turonibus</span> <span class='ocrx_word' id='word_1_267' title='bbox 2420 1483 2479 1536; x_wconf 93' lang='lat' dir='ltr'>in</span> <span class='ocrx_word' id='word_1_268' title='bbox 2507 1483 2812 1537; x_wconf 81' lang='lat' dir='ltr'>Saxoniam</span> <span class='ocrx_word' id='word_1_269' title='bbox 2839 1485 2908 1537; x_wconf 85' lang='lat' dir='ltr'>ab</span> <span class='ocrx_word' id='word_1_270' title='bbox 2934 1486 3278 1557; x_wconf 75' lang='lat' dir='ltr'>imperatore</span> <span class='ocrx_word' id='word_1_271' title='bbox 3305 1489 3458 1546; x_wconf 86' lang='lat' dir='ltr'>Hen-</span> 
     </span>
    </p>
   </div>
   <div class='ocr_carea' id='block_1_44' title="bbox 1819 1569 3460 1648">
    <p class='ocr_par' dir='ltr' id='par_1_44' title="bbox 1819 1569 3460 1648">
     <span class='ocr_line' id='line_1_44' title="bbox 1819 1569 3460 1648; baseline 0.005 -24"><span class='ocrx_word' id='word_1_272' title='bbox 1819 1570 1937 1624; x_wconf 91' lang='lat' dir='ltr'>rico</span> <span class='ocrx_word' id='word_1_273' title='bbox 1971 1569 2266 1638; x_wconf 90' lang='lat' dir='ltr'>invitatus,</span> <span class='ocrx_word' id='word_1_274' title='bbox 2293 1576 2469 1642; x_wconf 87' lang='lat' dir='ltr'>atque</span> <span class='ocrx_word' id='word_1_275' title='bbox 2490 1571 2817 1625; x_wconf 76' lang='lat' dir='ltr'>admirabili</span> <span class='ocrx_word' id='word_1_276' title='bbox 2844 1573 3104 1629; x_wconf 86' lang='lat' dir='ltr'>omnium</span> <span class='ocrx_word' id='word_1_277' title='bbox 3135 1576 3460 1648; x_wconf 82' lang='lat' dir='ltr'>principum</span> 
     </span>
    </p>
   </div>
   <div class='ocr_carea' id='block_1_45' title="bbox 1821 1659 3466 1731">
    <p class='ocr_par' dir='ltr' id='par_1_45' title="bbox 1821 1659 3466 1731">
     <span class='ocr_line' id='line_1_45' title="bbox 1821 1659 3466 1731; baseline 0.005 -17"><span class='ocrx_word' id='word_1_278' title='bbox 1821 1675 2104 1714; x_wconf 88' lang='lat' dir='ltr'>concursu</span> <span class='ocrx_word' id='word_1_279' title='bbox 2157 1665 2452 1731; x_wconf 82' lang='lat' dir='ltr'>exceptus,</span> <span class='ocrx_word' id='word_1_280' title='bbox 2488 1659 2781 1723; x_wconf 69' lang='lat' dir='ltr'>Goslariaz,</span> <span class='ocrx_word' id='word_1_281' title='bbox 2816 1679 2946 1715; x_wconf 88' lang='lat' dir='ltr'>cum</span> <span class='ocrx_word' id='word_1_282' title='bbox 2979 1679 3045 1716; x_wconf 90' lang='lat' dir='ltr'>eo</span> <span class='ocrx_word' id='word_1_283' title='bbox 3096 1663 3466 1722; x_wconf 83' lang='lat' dir='ltr'>Nativitatem</span> 
     </span>
    </p>
   </div>
   <div class='ocr_carea' id='block_1_46' title="bbox 1818 1747 3471 1822">
    <p class='ocr_par' dir='ltr' id='par_1_46' title="bbox 1818 1747 3471 1822">
     <span class='ocr_line' id='line_1_46' title="bbox 1818 1747 3471 1822; baseline 0.006 -22"><span class='ocrx_word' id='word_1_284' title='bbox 1818 1747 2075 1820; x_wconf 86' lang='lat' dir='ltr'>Virginis</span> <span class='ocrx_word' id='word_1_285' title='bbox 2108 1748 2435 1804; x_wconf 86' lang='lat' dir='ltr'>celebravit.</span> <span class='ocrx_word' id='word_1_286' title='bbox 2470 1749 2668 1820; x_wconf 81' lang='lat' dir='ltr'>Neque</span> <span class='ocrx_word' id='word_1_287' title='bbox 2700 1749 2776 1802; x_wconf 84' lang='lat' dir='ltr'>ita</span> <span class='ocrx_word' id='word_1_288' title='bbox 2820 1749 2992 1820; x_wconf 79' lang='lat' dir='ltr'>paulo</span> <span class='ocrx_word' id='word_1_289' title='bbox 3024 1756 3158 1822; x_wconf 88' lang='lat' dir='ltr'>post</span> <span class='ocrx_word' id='word_1_290' title='bbox 3187 1753 3471 1812; x_wconf 85' lang='lat' dir='ltr'>Henricus</span> 
     </span>
    </p>
   </div>
   <div class='ocr_carea' id='block_1_47' title="bbox 1822 1837 3474 1909">
    <p class='ocr_par' dir='ltr' id='par_1_47' title="bbox 1822 1837 3474 1909">
     <span class='ocr_line' id='line_1_47' title="bbox 1822 1837 3474 1909; baseline 0.005 -18"><span class='ocrx_word' id='word_1_291' title='bbox 1822 1854 1968 1891; x_wconf 71' lang='lat' dir='ltr'>saevo</span> <span class='ocrx_word' id='word_1_292' title='bbox 2020 1838 2222 1892; x_wconf 87' lang='lat' dir='ltr'>morbo</span> <span class='ocrx_word' id='word_1_293' title='bbox 2271 1837 2612 1909; x_wconf 88' lang='lat' dir='ltr'>implicitus,</span> <span class='ocrx_word' id='word_1_294' title='bbox 2652 1856 2712 1892; x_wconf 87' lang='lat' dir='ltr'>III</span> <span class='ocrx_word' id='word_1_295' title='bbox 2767 1857 2949 1894; x_wconf 81' lang='lat' dir='ltr'>nonas</span> <span class='ocrx_word' id='word_1_296' title='bbox 2999 1840 3285 1909; x_wconf 82' lang='lat' dir='ltr'>Octobris,</span> <span class='ocrx_word' id='word_1_297' title='bbox 3318 1860 3474 1900; x_wconf 89' lang='lat' dir='ltr'>anno</span> 
     </span>
    </p>
   </div>
   <div class='ocr_carea' id='block_1_48' title="bbox 1824 1925 3470 2001">
    <p class='ocr_par' dir='ltr' id='par_1_48' title="bbox 1824 1925 3470 2001">
     <span class='ocr_line' id='line_1_48' title="bbox 1824 1925 3470 2001; baseline 0.004 -21"><span class='ocrx_word' id='word_1_298' title='bbox 1824 1925 2044 1980; x_wconf 81' lang='lat' dir='ltr'>Domini</span> <span class='ocrx_word' id='word_1_299' title='bbox 2081 1927 2237 1992; x_wconf 86' lang='grc'>1056,</span> <span class='ocrx_word' id='word_1_300' title='bbox 2274 1930 2516 1980; x_wconf 88' lang='lat' dir='ltr'>mortem</span> <span class='ocrx_word' id='word_1_301' title='bbox 2570 1927 2691 1998; x_wconf 77' lang='lat' dir='ltr'>ipse</span> <span class='ocrx_word' id='word_1_302' title='bbox 2739 1929 3008 1998; x_wconf 78' lang='lat' dir='ltr'>oppetiit;</span> <span class='ocrx_word' id='word_1_303' title='bbox 3060 1931 3214 2001; x_wconf 90' lang='lat' dir='ltr'>apud</span> <span class='ocrx_word' id='word_1_304' title='bbox 3271 1931 3470 1988; x_wconf 87' lang='lat' dir='ltr'>Folde-</span> 
     </span>
    </p>
   </div>
   <div class='ocr_carea' id='block_1_49' title="bbox 1821 2013 3466 2091">
    <p class='ocr_par' dir='ltr' id='par_1_49' title="bbox 1821 2013 3466 2091">
     <span class='ocr_line' id='line_1_49' title="bbox 1821 2013 3466 2091; baseline 0.004 -23"><span class='ocrx_word' id='word_1_305' title='bbox 1821 2031 1949 2068; x_wconf 91' lang='lat' dir='ltr'>rum</span> <span class='ocrx_word' id='word_1_306' title='bbox 1997 2014 2055 2068; x_wconf 88' lang='lat' dir='ltr'>in</span> <span class='ocrx_word' id='word_1_307' title='bbox 2103 2015 2366 2080; x_wconf 72' lang='lat' dir='ltr'>Saxonis,</span> <span class='ocrx_word' id='word_1_308' title='bbox 2404 2013 2589 2068; x_wconf 65' lang='lat' dir='ltr'>aetatis</span> <span class='ocrx_word' id='word_1_309' title='bbox 2621 2017 2706 2068; x_wconf 76' lang='lat'>30.</span> <span class='ocrx_word' id='word_1_310' title='bbox 2742 2016 2928 2083; x_wconf 81' lang='lat' dir='ltr'>Hujus</span> <span class='ocrx_word' id='word_1_311' title='bbox 2980 2033 3192 2090; x_wconf 87' lang='lat' dir='ltr'>corpus</span> <span class='ocrx_word' id='word_1_312' title='bbox 3238 2018 3466 2091; x_wconf 89' lang='lat' dir='ltr'>Spiram</span> 
     </span>
    </p>
   </div>
   <div class='ocr_carea' id='block_1_50' title="bbox 1825 2103 3466 2177">
    <p class='ocr_par' dir='ltr' id='par_1_50' title="bbox 1825 2103 3466 2177">
     <span class='ocr_line' id='line_1_50' title="bbox 1825 2103 3466 2177; baseline 0.004 -19"><span class='ocrx_word' id='word_1_313' title='bbox 1825 2103 2010 2169; x_wconf 83' lang='lat' dir='ltr'>evehi,</span> <span class='ocrx_word' id='word_1_314' title='bbox 2044 2120 2109 2156; x_wconf 88' lang='lat' dir='ltr'>ac</span> <span class='ocrx_word' id='word_1_315' title='bbox 2139 2103 2266 2174; x_wconf 91' lang='lat' dir='ltr'>ipso</span> <span class='ocrx_word' id='word_1_316' title='bbox 2298 2107 2578 2174; x_wconf 66' lang='lat' dir='ltr'>praesente</span> <span class='ocrx_word' id='word_1_317' title='bbox 2625 2104 2936 2160; x_wconf 77' lang='lat' dir='ltr'>honoriﬁce</span> <span class='ocrx_word' id='word_1_318' title='bbox 2969 2105 3214 2177; x_wconf 88' lang='lat' dir='ltr'>sepelire</span> <span class='ocrx_word' id='word_1_319' title='bbox 3245 2107 3378 2164; x_wconf 81' lang='lat' dir='ltr'>fecit</span> <span class='ocrx_word' id='word_1_320' title='bbox 3407 2110 3466 2164; x_wconf 93' lang='lat' dir='ltr'>in</span> 
     </span>
    </p>
   </div>
   <div class='ocr_carea' id='block_1_51' title="bbox 1825 2191 3468 2269">
    <p class='ocr_par' dir='ltr' id='par_1_51' title="bbox 1825 2191 3468 2269">
     <span class='ocr_line' id='line_1_51' title="bbox 1825 2191 3468 2269; baseline 0.005 -24"><span class='ocrx_word' id='word_1_321' title='bbox 1825 2191 2043 2263; x_wconf 86' lang='lat' dir='ltr'>templo</span> <span class='ocrx_word' id='word_1_322' title='bbox 2073 2192 2253 2246; x_wconf 85' lang='lat' dir='ltr'>beatae</span> <span class='ocrx_word' id='word_1_323' title='bbox 2285 2191 2537 2263; x_wconf 80' lang='lat' dir='ltr'>Virginis</span> <span class='ocrx_word' id='word_1_324' title='bbox 2578 2192 2648 2245; x_wconf 84' lang='lat' dir='ltr'>ab</span> <span class='ocrx_word' id='word_1_325' title='bbox 2701 2208 2762 2245; x_wconf 84' lang='lat' dir='ltr'>se</span> <span class='ocrx_word' id='word_1_326' title='bbox 2811 2199 3124 2261; x_wconf 80' lang='lat' dir='ltr'>exstructo,</span> <span class='ocrx_word' id='word_1_327' title='bbox 3152 2196 3323 2266; x_wconf 82' lang='lat' dir='ltr'>juxta</span> <span class='ocrx_word' id='word_1_328' title='bbox 3367 2214 3468 2269; x_wconf 90' lang='lat' dir='ltr'>pa-</span> 
     </span>
    </p>
   </div>
   <div class='ocr_carea' id='block_1_52' title="bbox 1820 2279 3471 2353">
    <p class='ocr_par' dir='ltr' id='par_1_52' title="bbox 1820 2279 3471 2353">
     <span class='ocr_line' id='line_1_52' title="bbox 1820 2279 3471 2353; baseline 0.004 -19"><span class='ocrx_word' id='word_1_329' title='bbox 1820 2284 1966 2334; x_wconf 89' lang='lat' dir='ltr'>trem</span> <span class='ocrx_word' id='word_1_330' title='bbox 2002 2296 2174 2334; x_wconf 89' lang='lat' dir='ltr'>suum</span> <span class='ocrx_word' id='word_1_331' title='bbox 2207 2279 2500 2350; x_wconf 87' lang='lat' dir='ltr'>sepultum</span> <span class='ocrx_word' id='word_1_332' title='bbox 2525 2285 2629 2334; x_wconf 76' lang='lat' dir='ltr'>est.</span> <span class='ocrx_word' id='word_1_333' title='bbox 2657 2280 2883 2351; x_wconf 80' lang='lat' dir='ltr'>Imperii</span> <span class='ocrx_word' id='word_1_334' title='bbox 2922 2282 3124 2338; x_wconf 84' lang='lat' dir='ltr'>titulos</span> <span class='ocrx_word' id='word_1_335' title='bbox 3157 2284 3284 2353; x_wconf 90' lang='lat' dir='ltr'>ejus</span> <span class='ocrx_word' id='word_1_336' title='bbox 3313 2285 3471 2342; x_wconf 85' lang='lat' dir='ltr'>filius</span> 
     </span>
    </p>
   </div>
   <div class='ocr_carea' id='block_1_53' title="bbox 1824 2368 3373 2444">
    <p class='ocr_par' dir='ltr' id='par_1_53' title="bbox 1824 2368 3373 2444">
     <span class='ocr_line' id='line_1_53' title="bbox 1824 2368 3373 2444; baseline 0.004 -22"><span class='ocrx_word' id='word_1_337' title='bbox 1824 2369 2104 2423; x_wconf 83' lang='lat' dir='ltr'>Henricus</span> <span class='ocrx_word' id='word_1_338' title='bbox 2139 2368 2209 2421; x_wconf 89' lang='lat' dir='ltr'>IV</span> <span class='ocrx_word' id='word_1_339' title='bbox 2240 2368 2499 2439; x_wconf 87' lang='lat' dir='ltr'>suscepit</span> <span class='ocrx_word' id='word_1_340' title='bbox 2529 2369 2831 2439; x_wconf 78' lang='lat' dir='ltr'>tenuitque</span> <span class='ocrx_word' id='word_1_341' title='bbox 2862 2387 3047 2426; x_wconf 85' lang='lat' dir='ltr'>annos</span> <span class='ocrx_word' id='word_1_342' title='bbox 3076 2388 3257 2444; x_wconf 90' lang='lat' dir='ltr'>prope</span> <span class='ocrx_word' id='word_1_343' title='bbox 3284 2374 3373 2428; x_wconf 89' lang='grc'>50.</span> 
     </span>
    </p>
   </div>
   <div class='ocr_carea' id='block_1_54' title="bbox 1897 2456 3480 2533">
    <p class='ocr_par' dir='ltr' id='par_1_54' title="bbox 1897 2456 3480 2533">
     <span class='ocr_line' id='line_1_54' title="bbox 1897 2456 3480 2533; baseline 0.005 -22"><span class='ocrx_word' id='word_1_344' title='bbox 1897 2457 2177 2511; x_wconf 65' lang='lat' dir='ltr'>Ca‘terum</span> <span class='ocrx_word' id='word_1_345' title='bbox 2209 2456 2408 2510; x_wconf 90' lang='lat' dir='ltr'>Victor</span> <span class='ocrx_word' id='word_1_346' title='bbox 2437 2457 2612 2511; x_wconf 90' lang='lat' dir='ltr'>rebus</span> <span class='ocrx_word' id='word_1_347' title='bbox 2656 2458 2924 2512; x_wconf 74' lang='lat' dir='ltr'>Ecclesiae</span> <span class='ocrx_word' id='word_1_348' title='bbox 2972 2463 3138 2516; x_wconf 88' lang='lat' dir='ltr'>trans</span> <span class='ocrx_word' id='word_1_349' title='bbox 3184 2461 3377 2533; x_wconf 89' lang='lat' dir='ltr'>Alpes,</span> <span class='ocrx_word' id='word_1_350' title='bbox 3411 2468 3480 2519; x_wconf 81' lang='lat' dir='ltr'>ut</span> 
     </span>
    </p>
   </div>
   <div class='ocr_carea' id='block_1_55' title="bbox 1824 2544 3484 2625">
    <p class='ocr_par' dir='ltr' id='par_1_55' title="bbox 1824 2544 3484 2625">
     <span class='ocr_line' id='line_1_55' title="bbox 1824 2544 3484 2625; baseline 0.005 -25"><span class='ocrx_word' id='word_1_351' title='bbox 1824 2551 1950 2600; x_wconf 80' lang='lat' dir='ltr'>tum</span> <span class='ocrx_word' id='word_1_352' title='bbox 1984 2544 2150 2599; x_wconf 89' lang='lat' dir='ltr'>licuit</span> <span class='ocrx_word' id='word_1_353' title='bbox 2179 2545 2542 2613; x_wconf 89' lang='lat' dir='ltr'>constitutis,</span> <span class='ocrx_word' id='word_1_354' title='bbox 2577 2544 2821 2600; x_wconf 89' lang='lat' dir='ltr'>solemni</span> <span class='ocrx_word' id='word_1_355' title='bbox 2873 2547 3137 2603; x_wconf 88' lang='lat' dir='ltr'>natalitio</span> <span class='ocrx_word' id='word_1_356' title='bbox 3181 2566 3314 2606; x_wconf 88' lang='lat' dir='ltr'>cum</span> <span class='ocrx_word' id='word_1_357' title='bbox 3346 2567 3484 2625; x_wconf 86' lang='lat' dir='ltr'>rege</span> 
     </span>
    </p>
   </div>
   <div class='ocr_carea' id='block_1_56' title="bbox 1818 2633 3482 2707">
    <p class='ocr_par' dir='ltr' id='par_1_56' title="bbox 1818 2633 3482 2707">
     <span class='ocr_line' id='line_1_56' title="bbox 1818 2633 3482 2707; baseline 0.005 -19"><span class='ocrx_word' id='word_1_358' title='bbox 1818 2636 2034 2704; x_wconf 85' lang='lat' dir='ltr'>juvene</span> <span class='ocrx_word' id='word_1_359' title='bbox 2066 2634 2402 2700; x_wconf 90' lang='lat' dir='ltr'>constituto,</span> <span class='ocrx_word' id='word_1_360' title='bbox 2431 2633 2761 2706; x_wconf 76' lang='lat' dir='ltr'>Ratisponze</span> <span class='ocrx_word' id='word_1_361' title='bbox 2784 2640 3037 2705; x_wconf 88' lang='lat' dir='ltr'>peracto,</span> <span class='ocrx_word' id='word_1_362' title='bbox 3065 2636 3311 2707; x_wconf 89' lang='lat' dir='ltr'>Italiam,</span> <span class='ocrx_word' id='word_1_363' title='bbox 3333 2641 3482 2705; x_wconf 82' lang='lat' dir='ltr'>Qua-</span> 
     </span>
    </p>
   </div>
   <div class='ocr_carea' id='block_1_57' title="bbox 1827 2722 3480 2794">
    <p class='ocr_par' dir='ltr' id='par_1_57' title="bbox 1827 2722 3480 2794">
     <span class='ocr_line' id='line_1_57' title="bbox 1827 2722 3480 2794; baseline 0.005 -19"><span class='ocrx_word' id='word_1_364' title='bbox 1827 2722 2158 2794; x_wconf 82' lang='lat' dir='ltr'>dragesimo</span> <span class='ocrx_word' id='word_1_365' title='bbox 2205 2722 2440 2777; x_wconf 88' lang='lat' dir='ltr'>ineunte</span> <span class='ocrx_word' id='word_1_366' title='bbox 2488 2723 2735 2794; x_wconf 89' lang='lat' dir='ltr'>repetiit,</span> <span class='ocrx_word' id='word_1_367' title='bbox 2767 2728 2942 2794; x_wconf 89' lang='lat' dir='ltr'>atque</span> <span class='ocrx_word' id='word_1_368' title='bbox 2991 2724 3291 2782; x_wconf 64' lang='lat' dir='ltr'>Florentia:</span> <span class='ocrx_word' id='word_1_369' title='bbox 3337 2728 3480 2784; x_wconf 89' lang='lat' dir='ltr'>sub-</span> 
     </span>
    </p>
   </div>
   <div class='ocr_carea' id='block_1_58' title="bbox 1829 2811 3473 2877">
    <p class='ocr_par' dir='ltr' id='par_1_58' title="bbox 1829 2811 3473 2877">
     <span class='ocr_line' id='line_1_58' title="bbox 1829 2811 3473 2877; baseline 0.004 -11"><span class='ocrx_word' id='word_1_370' title='bbox 1829 2812 1998 2877; x_wconf 84' lang='lat' dir='ltr'>stitit,</span> <span class='ocrx_word' id='word_1_371' title='bbox 2031 2811 2128 2865; x_wconf 91' lang='lat' dir='ltr'>ubi</span> <span class='ocrx_word' id='word_1_372' title='bbox 2189 2815 2307 2865; x_wconf 87' lang='lat' dir='ltr'>tota</span> <span class='ocrx_word' id='word_1_373' title='bbox 2356 2811 2472 2866; x_wconf 83' lang='lat' dir='ltr'>fere</span> <span class='ocrx_word' id='word_1_374' title='bbox 2504 2817 2670 2867; x_wconf 68' lang='lat' dir='ltr'>aetate</span> <span class='ocrx_word' id='word_1_375' title='bbox 2715 2817 3128 2870; x_wconf 85' lang='lat' dir='ltr'>commoratus.</span> <span class='ocrx_word' id='word_1_376' title='bbox 3155 2819 3324 2872; x_wconf 79' lang='lat' dir='ltr'>Anno</span> <span class='ocrx_word' id='word_1_377' title='bbox 3364 2817 3473 2873; x_wconf 86' lang='lat' dir='ltr'>Do-</span> 
     </span>
    </p>
   </div>
   <div class='ocr_carea' id='block_1_59' title="bbox 1830 2899 3475 2976">
    <p class='ocr_par' dir='ltr' id='par_1_59' title="bbox 1830 2899 3475 2976">
     <span class='ocr_line' id='line_1_59' title="bbox 1830 2899 3475 2976; baseline 0.005 -23"><span class='ocrx_word' id='word_1_378' title='bbox 1830 2900 2056 2954; x_wconf 83' lang='lat' dir='ltr'>minicae</span> <span class='ocrx_word' id='word_1_379' title='bbox 2099 2899 2416 2954; x_wconf 86' lang='lat' dir='ltr'>nativitatis</span> <span class='ocrx_word' id='word_1_380' title='bbox 2464 2901 2620 2967; x_wconf 86' lang='grc'>1057,</span> <span class='ocrx_word' id='word_1_381' title='bbox 2646 2919 2682 2956; x_wconf 87' lang='grc' dir='ltr'><strong>ν</strong></span> <span class='ocrx_word' id='word_1_382' title='bbox 2711 2901 2833 2956; x_wconf 84' lang='lat' dir='ltr'>Kal.</span> <span class='ocrx_word' id='word_1_383' title='bbox 2866 2903 3134 2975; x_wconf 85' lang='lat' dir='ltr'>Augusti,</span> <span class='ocrx_word' id='word_1_384' title='bbox 3165 2921 3316 2976; x_wconf 91' lang='lat' dir='ltr'>papa</span> <span class='ocrx_word' id='word_1_385' title='bbox 3344 2906 3475 2962; x_wconf 88' lang='lat' dir='ltr'>Vic-</span> 
     </span>
    </p>
   </div>
   <div class='ocr_carea' id='block_1_60' title="bbox 1831 2987 3482 3064">
    <p class='ocr_par' dir='ltr' id='par_1_60' title="bbox 1831 2987 3482 3064">
     <span class='ocr_line' id='line_1_60' title="bbox 1831 2987 3482 3064; baseline 0.005 -22"><span class='ocrx_word' id='word_1_386' title='bbox 1831 2995 1919 3044; x_wconf 88' lang='lat' dir='ltr'>tor</span> <span class='ocrx_word' id='word_1_387' title='bbox 1949 2989 1994 3044; x_wconf 89' lang='lat' dir='ltr'>II</span> <span class='ocrx_word' id='word_1_388' title='bbox 2028 2987 2325 3043; x_wconf 71' lang='lat' dir='ltr'>Florentia:</span> <span class='ocrx_word' id='word_1_389' title='bbox 2356 2990 2681 3044; x_wconf 90' lang='lat' dir='ltr'>Tuscorum</span> <span class='ocrx_word' id='word_1_390' title='bbox 2733 2995 2998 3048; x_wconf 88' lang='lat' dir='ltr'>mortuus</span> <span class='ocrx_word' id='word_1_391' title='bbox 3047 2998 3154 3048; x_wconf 90' lang='lat' dir='ltr'>est.</span> <span class='ocrx_word' id='word_1_392' title='bbox 3184 2994 3322 3064; x_wconf 83' lang='lat' dir='ltr'>Ejus</span> <span class='ocrx_word' id='word_1_393' title='bbox 3350 3012 3482 3051; x_wconf 88' lang='lat' dir='ltr'>cor-</span> 
     </span>
    </p>
   </div>
   <div class='ocr_carea' id='block_1_61' title="bbox 1835 3077 3482 3152">
    <p class='ocr_par' dir='ltr' id='par_1_61' title="bbox 1835 3077 3482 3152">
     <span class='ocr_line' id='line_1_61' title="bbox 1835 3077 3482 3152; baseline 0.004 -19"><span class='ocrx_word' id='word_1_394' title='bbox 1835 3095 1946 3150; x_wconf 88' lang='lat' dir='ltr'>pus</span> <span class='ocrx_word' id='word_1_395' title='bbox 1986 3078 2043 3132; x_wconf 90' lang='lat' dir='ltr'>in</span> <span class='ocrx_word' id='word_1_396' title='bbox 2076 3077 2318 3132; x_wconf 87' lang='lat' dir='ltr'>ecclesia</span> <span class='ocrx_word' id='word_1_397' title='bbox 2363 3077 2681 3133; x_wconf 88' lang='lat' dir='ltr'>cathedrali</span> <span class='ocrx_word' id='word_1_398' title='bbox 2729 3079 2788 3135; x_wconf 90' lang='lat' dir='ltr'>S.</span> <span class='ocrx_word' id='word_1_399' title='bbox 2839 3081 3131 3152; x_wconf 57' lang='lat' dir='ltr'>Separatze</span> <span class='ocrx_word' id='word_1_400' title='bbox 3181 3083 3482 3140; x_wconf 71' lang='lat' dir='ltr'>Florentiae</span> 
     </span>
    </p>
   </div>
   <div class='ocr_carea' id='block_1_62' title="bbox 1839 3166 3198 3241">
    <p class='ocr_par' dir='ltr' id='par_1_62' title="bbox 1839 3166 3198 3241">
     <span class='ocr_line' id='line_1_62' title="bbox 1839 3166 3198 3241; baseline 0.003 -19"><span class='ocrx_word' id='word_1_401' title='bbox 1839 3166 2135 3240; x_wconf 90' lang='lat' dir='ltr'>sepultum</span> <span class='ocrx_word' id='word_1_402' title='bbox 2169 3171 2277 3221; x_wconf 90' lang='lat' dir='ltr'>est.</span> <span class='ocrx_word' id='word_1_403' title='bbox 2307 3166 2546 3222; x_wconf 87' lang='lat' dir='ltr'>Vacavit</span> <span class='ocrx_word' id='word_1_404' title='bbox 2577 3168 2744 3224; x_wconf 88' lang='lat' dir='ltr'>sedes</span> <span class='ocrx_word' id='word_1_405' title='bbox 2774 3168 2898 3224; x_wconf 90' lang='lat' dir='ltr'>dies</span> <span class='ocrx_word' id='word_1_406' title='bbox 2928 3174 3198 3241; x_wconf 88' lang='lat' dir='ltr'>quatuor.</span> 
     </span>
    </p>
   </div>
   <div class='ocr_carea' id='block_1_63' title="bbox 1272 3447 2262 3536">
    <p class='ocr_par' dir='ltr' id='par_1_63' title="bbox 1272 3447 2262 3536">
     <span class='ocr_line' id='line_1_63' title="bbox 1272 3447 2262 3536; baseline -0.007 0"><span class='ocrx_word' id='word_1_407' title='bbox 1272 3447 1737 3536; x_wconf 77' lang='lat' dir='ltr'><strong>NOTITIA</strong></span> <span class='ocrx_word' id='word_1_408' title='bbox 1795 3448 2262 3533; x_wconf 80' lang='lat' dir='ltr'>ALTERA.</span> 
     </span>
    </p>
   </div>
   <div class='ocr_carea' id='block_1_64' title="bbox 1048 3595 2494 3670">
    <p class='ocr_par' dir='ltr' id='par_1_64' title="bbox 1048 3595 2494 3670">
     <span class='ocr_line' id='line_1_64' title="bbox 1048 3595 2494 3670; baseline -0.001 -18"><span class='ocrx_word' id='word_1_409' title='bbox 1048 3598 1238 3670; x_wconf 87' lang='lat' dir='ltr'>(Apud</span> <span class='ocrx_word' id='word_1_410' title='bbox 1271 3598 1481 3663; x_wconf 76' lang='lat' dir='ltr'>MANSI,</span> <span class='ocrx_word' id='word_1_411' title='bbox 1514 3597 1886 3653; x_wconf 81' lang='lat' dir='ltr'>Conciliorum</span> <span class='ocrx_word' id='word_1_412' title='bbox 1907 3596 2143 3662; x_wconf 58' lang='lat' dir='ltr'>collect,</span> <span class='ocrx_word' id='word_1_413' title='bbox 2171 3595 2317 3666; x_wconf 83' lang='lat' dir='ltr'>XIX,</span> <span class='ocrx_word' id='word_1_414' title='bbox 2344 3595 2494 3665; x_wconf 87' lang='grc'>833.)</span> 
     </span>
    </p>
   </div>
   <div class='ocr_carea' id='block_1_65' title="bbox 116 3826 3487 3902">
    <p class='ocr_par' dir='ltr' id='par_1_65' title="bbox 116 3826 3487 3902">
     <span class='ocr_line' id='line_1_65' title="bbox 116 3826 3487 3902; baseline 0.001 -17"><span class='ocrx_word' id='word_1_415' title='bbox 116 3831 358 3896; x_wconf 89' lang='lat' dir='ltr'>Victor,</span> <span class='ocrx_word' id='word_1_416' title='bbox 394 3829 488 3885; x_wconf 90' lang='lat' dir='ltr'>cui</span> <span class='ocrx_word' id='word_1_417' title='bbox 520 3847 730 3886; x_wconf 90' lang='lat' dir='ltr'>nomen</span> <span class='ocrx_word' id='word_1_418' title='bbox 765 3829 1143 3884; x_wconf 64' lang='lat' dir='ltr'>Gel_;e&#39;;iardus</span> <span class='ocrx_word' id='word_1_419' title='bbox 1179 3835 1303 3884; x_wconf 88' lang='lat' dir='ltr'>erat</span> <span class='ocrx_word' id='word_1_420' title='bbox 1343 3828 1725 3899; x_wconf 72' lang='lat' dir='ltr'>Ecclesiaeque</span> <span class='ocrx_word' id='word_1_421' title='bbox 1757 3832 1800 3897; x_wconf 85' lang='lat' dir='ltr'>C</span> <span class='ocrx_word' id='word_1_422' title='bbox 1839 3843 2048 3898; x_wconf 88' lang='lat' dir='ltr'>passus</span> <span class='ocrx_word' id='word_1_423' title='bbox 2079 3831 2167 3882; x_wconf 88' lang='lat' dir='ltr'>est</span> <span class='ocrx_word' id='word_1_424' title='bbox 2188 3826 2539 3882; x_wconf 89' lang='lat' dir='ltr'>horrendam</span> <span class='ocrx_word' id='word_1_425' title='bbox 2563 3827 2971 3899; x_wconf 90' lang='lat' dir='ltr'>proditionem,</span> <span class='ocrx_word' id='word_1_426' title='bbox 2995 3845 3128 3884; x_wconf 90' lang='lat' dir='ltr'>cum</span> <span class='ocrx_word' id='word_1_427' title='bbox 3153 3831 3220 3885; x_wconf 93' lang='lat' dir='ltr'>ad</span> <span class='ocrx_word' id='word_1_428' title='bbox 3245 3831 3372 3902; x_wconf 91' lang='lat' dir='ltr'>ejus</span> <span class='ocrx_word' id='word_1_429' title='bbox 3403 3833 3487 3888; x_wconf 90' lang='lat' dir='ltr'>in-</span> 
     </span>
    </p>
   </div>
   <div class='ocr_carea' id='block_1_66' title="bbox 35 3917 1721 3991">
    <p class='ocr_par' dir='ltr' id='par_1_66' title="bbox 35 3917 1721 3991">
     <span class='ocr_line' id='line_1_66' title="bbox 35 3917 1721 3991; baseline -0.001 -17"><span class='ocrx_word' id='word_1_430' title='bbox 35 3919 387 3975; x_wconf 87' lang='lat' dir='ltr'>Eistetensi</span> <span class='ocrx_word' id='word_1_431' title='bbox 436 3935 652 3991; x_wconf 85' lang='lat' dir='ltr'>magna</span> <span class='ocrx_word' id='word_1_432' title='bbox 683 3937 812 3973; x_wconf 89' lang='lat' dir='ltr'>cum</span> <span class='ocrx_word' id='word_1_433' title='bbox 860 3918 1109 3973; x_wconf 88' lang='lat' dir='ltr'>utilitate</span> <span class='ocrx_word' id='word_1_434' title='bbox 1156 3917 1522 3990; x_wconf 76' lang='lat' dir='ltr'>praesidebat,</span> <span class='ocrx_word' id='word_1_435' title='bbox 1545 3919 1721 3988; x_wconf 89' lang='lat' dir='ltr'>jussu</span> 
     </span>
    </p>
   </div>
   <div class='ocr_carea' id='block_1_67' title="bbox 32 4007 1722 4079">
    <p class='ocr_par' dir='ltr' id='par_1_67' title="bbox 32 4007 1722 4079">
     <span class='ocr_line' id='line_1_67' title="bbox 32 4007 1722 4079; baseline -0.002 -16"><span class='ocrx_word' id='word_1_436' title='bbox 32 4008 190 4064; x_wconf 82' lang='lat' dir='ltr'>cieri</span> <span class='ocrx_word' id='word_1_437' title='bbox 228 4008 483 4063; x_wconf 81' lang='lat' dir='ltr'>Romani</span> <span class='ocrx_word' id='word_1_438' title='bbox 517 4025 618 4079; x_wconf 86' lang='lat' dir='ltr'>per</span> <span class='ocrx_word' id='word_1_439' title='bbox 643 4007 1126 4070; x_wconf 76' lang='lat' dir='ltr'>IIiLIebrandum,</span> <span class='ocrx_word' id='word_1_440' title='bbox 1148 4007 1414 4061; x_wconf 77' lang='lat' dir='ltr'>Ecclesize</span> <span class='ocrx_word' id='word_1_441' title='bbox 1448 4007 1722 4060; x_wconf 72' lang='lat' dir='ltr'>Romana:</span> 
     </span>
    </p>
   </div>
   <div class='ocr_carea' id='block_1_68' title="bbox 32 4095 1722 4168">
    <p class='ocr_par' dir='ltr' id='par_1_68' title="bbox 32 4095 1722 4168">
     <span class='ocr_line' id='line_1_68' title="bbox 32 4095 1722 4168; baseline -0.002 -15"><span class='ocrx_word' id='word_1_442' title='bbox 32 4098 523 4167; x_wconf 86' lang='lat' dir='ltr'>subdiaconum,</span> <span class='ocrx_word' id='word_1_443' title='bbox 559 4097 629 4151; x_wconf 78' lang='lat' dir='ltr'>ab</span> <span class='ocrx_word' id='word_1_444' title='bbox 684 4098 1032 4168; x_wconf 82' lang='lat' dir='ltr'>imperatore</span> <span class='ocrx_word' id='word_1_445' title='bbox 1084 4095 1435 4168; x_wconf 84' lang='lat' dir='ltr'>postulatus,</span> <span class='ocrx_word' id='word_1_446' title='bbox 1478 4095 1722 4150; x_wconf 83' lang='lat' dir='ltr'>Romam</span> 
     </span>
    </p>
   </div>
   <div class='ocr_carea' id='block_1_69' title="bbox 30 4183 1726 4254">
    <p class='ocr_par' dir='ltr' id='par_1_69' title="bbox 30 4183 1726 4254">
     <span class='ocr_line' id='line_1_69' title="bbox 30 4183 1726 4254; baseline -0.002 -13"><span class='ocrx_word' id='word_1_447' title='bbox 30 4187 404 4254; x_wconf 81' lang='lat' dir='ltr'>adducitur,</span> <span class='ocrx_word' id='word_1_448' title='bbox 427 4189 484 4240; x_wconf 91' lang='lat' dir='ltr'>et</span> <span class='ocrx_word' id='word_1_449' title='bbox 512 4203 801 4241; x_wconf 89' lang='lat' dir='ltr'>consensu</span> <span class='ocrx_word' id='word_1_450' title='bbox 831 4184 1084 4240; x_wconf 88' lang='lat' dir='ltr'>universi</span> <span class='ocrx_word' id='word_1_451' title='bbox 1110 4183 1248 4239; x_wconf 89' lang='lat' dir='ltr'>cleri</span> <span class='ocrx_word' id='word_1_452' title='bbox 1275 4201 1342 4239; x_wconf 89' lang='lat' dir='ltr'>ac</span> <span class='ocrx_word' id='word_1_453' title='bbox 1367 4183 1563 4254; x_wconf 88' lang='lat' dir='ltr'>populi</span> <span class='ocrx_word' id='word_1_454' title='bbox 1588 4200 1726 4254; x_wconf 84' lang='lat' dir='ltr'>pon-</span> 
     </span>
    </p>
   </div>
   <div class='ocr_carea' id='block_1_70' title="bbox 31 4272 1725 4344">
    <p class='ocr_par' dir='ltr' id='par_1_70' title="bbox 31 4272 1725 4344">
     <span class='ocr_line' id='line_1_70' title="bbox 31 4272 1725 4344; baseline 0 -15"><span class='ocrx_word' id='word_1_455' title='bbox 31 4275 214 4340; x_wconf 85' lang='lat' dir='ltr'>tifex,</span> <span class='ocrx_word' id='word_1_456' title='bbox 257 4291 419 4328; x_wconf 87' lang='lat' dir='ltr'>anno</span> <span class='ocrx_word' id='word_1_457' title='bbox 451 4274 682 4330; x_wconf 89' lang='lat' dir='ltr'>Domini</span> <span class='ocrx_word' id='word_1_458' title='bbox 710 4275 865 4339; x_wconf 86' lang='lat'>1055,</span> <span class='ocrx_word' id='word_1_459' title='bbox 891 4278 1153 4344; x_wconf 88' lang='lat' dir='ltr'>tempore</span> <span class='ocrx_word' id='word_1_460' title='bbox 1183 4272 1414 4327; x_wconf 86' lang='lat' dir='ltr'>Henrici</span> <span class='ocrx_word' id='word_1_461' title='bbox 1447 4273 1518 4327; x_wconf 89' lang='lat' dir='ltr'><strong>III</strong></span> <span class='ocrx_word' id='word_1_462' title='bbox 1548 4272 1725 4343; x_wconf 90' lang='lat' dir='ltr'>impe-</span> 
     </span>
    </p>
   </div>
   <div class='ocr_carea' id='block_1_71' title="bbox 31 4360 1727 4434">
    <p class='ocr_par' dir='ltr' id='par_1_71' title="bbox 31 4360 1727 4434">
     <span class='ocr_line' id='line_1_71' title="bbox 31 4360 1727 4434; baseline -0.001 -17"><span class='ocrx_word' id='word_1_463' title='bbox 31 4363 306 4430; x_wconf 86' lang='lat' dir='ltr'>ratoris,</span> <span class='ocrx_word' id='word_1_464' title='bbox 328 4361 584 4434; x_wconf 89' lang='lat' dir='ltr'>eligitur,</span> <span class='ocrx_word' id='word_1_465' title='bbox 619 4367 674 4417; x_wconf 91' lang='lat' dir='ltr'>et</span> <span class='ocrx_word' id='word_1_466' title='bbox 704 4362 762 4416; x_wconf 91' lang='lat' dir='ltr'>in</span> <span class='ocrx_word' id='word_1_467' title='bbox 796 4362 886 4416; x_wconf 90' lang='lat' dir='ltr'>die</span> <span class='ocrx_word' id='word_1_468' title='bbox 919 4379 1090 4417; x_wconf 67' lang='lat' dir='ltr'>coma&quot;:</span> <span class='ocrx_word' id='word_1_469' title='bbox 1124 4361 1356 4416; x_wconf 90' lang='lat' dir='ltr'>Domini</span> <span class='ocrx_word' id='word_1_470' title='bbox 1387 4360 1727 4416; x_wconf 88' lang='lat' dir='ltr'>solemniter</span> 
     </span>
    </p>
   </div>
   <div class='ocr_carea' id='block_1_72' title="bbox 1835 3915 3484 3991">
    <p class='ocr_par' dir='ltr' id='par_1_72' title="bbox 1835 3915 3484 3991">
     <span class='ocr_line' id='line_1_72' title="bbox 1835 3915 3484 3991; baseline 0.004 -21"><span class='ocrx_word' id='word_1_471' title='bbox 1835 3915 2068 3970; x_wconf 87' lang='lat' dir='ltr'>teritum</span> <span class='ocrx_word' id='word_1_472' title='bbox 2094 3916 2495 3972; x_wconf 87' lang='lat' dir='ltr'>subdiaconus</span> <span class='ocrx_word' id='word_1_473' title='bbox 2517 3916 2754 3988; x_wconf 90' lang='lat' dir='ltr'>quidam</span> <span class='ocrx_word' id='word_1_474' title='bbox 2776 3934 3082 3988; x_wconf 86' lang='lat' dir='ltr'>venenum,</span> <span class='ocrx_word' id='word_1_475' title='bbox 3100 3919 3254 3974; x_wconf 88' lang='lat' dir='ltr'>dictu</span> <span class='ocrx_word' id='word_1_476' title='bbox 3279 3938 3484 3991; x_wconf 88' lang='lat' dir='ltr'>paven-</span> 
     </span>
    </p>
   </div>
   <div class='ocr_carea' id='block_1_73' title="bbox 1834 4004 3481 4080">
    <p class='ocr_par' dir='ltr' id='par_1_73' title="bbox 1834 4004 3481 4080">
     <span class='ocr_line' id='line_1_73' title="bbox 1834 4004 3481 4080; baseline 0.003 -22"><span class='ocrx_word' id='word_1_477' title='bbox 1834 4004 2005 4059; x_wconf 84' lang='lat' dir='ltr'>dum!</span> <span class='ocrx_word' id='word_1_478' title='bbox 2042 4004 2098 4058; x_wconf 91' lang='lat' dir='ltr'>in</span> <span class='ocrx_word' id='word_1_479' title='bbox 2133 4021 2366 4059; x_wconf 87' lang='lat' dir='ltr'>sacrum</span> <span class='ocrx_word' id='word_1_480' title='bbox 2392 4004 2632 4059; x_wconf 90' lang='lat' dir='ltr'>calicem</span> <span class='ocrx_word' id='word_1_481' title='bbox 2665 4005 2929 4060; x_wconf 89' lang='lat' dir='ltr'>immisit.</span> <span class='ocrx_word' id='word_1_482' title='bbox 2956 4006 3064 4061; x_wconf 91' lang='lat' dir='ltr'>Sed</span> <span class='ocrx_word' id='word_1_483' title='bbox 3089 4007 3243 4062; x_wconf 92' lang='lat' dir='ltr'>Deus</span> <span class='ocrx_word' id='word_1_484' title='bbox 3265 4008 3481 4080; x_wconf 90' lang='lat' dir='ltr'>duplici</span> 
     </span>
    </p>
   </div>
   <div class='ocr_carea' id='block_1_74' title="bbox 1835 4091 3484 4164">
    <p class='ocr_par' dir='ltr' id='par_1_74' title="bbox 1835 4091 3484 4164">
     <span class='ocr_line' id='line_1_74' title="bbox 1835 4091 3484 4164; baseline 0.003 -17"><span class='ocrx_word' id='word_1_485' title='bbox 1835 4091 2116 4148; x_wconf 87' lang='lat' dir='ltr'>miraculo</span> <span class='ocrx_word' id='word_1_486' title='bbox 2148 4109 2218 4147; x_wconf 92' lang='lat' dir='ltr'>ne</span> <span class='ocrx_word' id='word_1_487' title='bbox 2249 4093 2507 4164; x_wconf 84' lang='lat' dir='ltr'>pontifex</span> <span class='ocrx_word' id='word_1_488' title='bbox 2527 4092 2748 4149; x_wconf 87' lang='lat' dir='ltr'>biberet</span> <span class='ocrx_word' id='word_1_489' title='bbox 2768 4094 3017 4164; x_wconf 89' lang='lat' dir='ltr'>obstitit,</span> <span class='ocrx_word' id='word_1_490' title='bbox 3042 4101 3101 4150; x_wconf 90' lang='lat' dir='ltr'>et</span> <span class='ocrx_word' id='word_1_491' title='bbox 3131 4097 3279 4152; x_wconf 89' lang='lat' dir='ltr'>tanti</span> <span class='ocrx_word' id='word_1_492' title='bbox 3301 4098 3484 4152; x_wconf 88' lang='lat' dir='ltr'>sacri-</span> 
     </span>
    </p>
   </div>
   <div class='ocr_carea' id='block_1_75' title="bbox 1833 4180 3486 4257">
    <p class='ocr_par' dir='ltr' id='par_1_75' title="bbox 1833 4180 3486 4257">
     <span class='ocr_line' id='line_1_75' title="bbox 1833 4180 3486 4257; baseline 0.004 -22"><span class='ocrx_word' id='word_1_493' title='bbox 1833 4180 1966 4253; x_wconf 88' lang='lat' dir='ltr'>legii</span> <span class='ocrx_word' id='word_1_494' title='bbox 2001 4187 2298 4237; x_wconf 87' lang='lat' dir='ltr'>auctorem</span> <span class='ocrx_word' id='word_1_495' title='bbox 2331 4183 2564 4237; x_wconf 86' lang='lat' dir='ltr'>detexit.</span> <span class='ocrx_word' id='word_1_496' title='bbox 2600 4183 2945 4240; x_wconf 85' lang='lat' dir='ltr'>Lambertus</span> <span class='ocrx_word' id='word_1_497' title='bbox 2991 4202 3110 4239; x_wconf 86' lang='lat' dir='ltr'>rem</span> <span class='ocrx_word' id='word_1_498' title='bbox 3144 4191 3370 4257; x_wconf 88' lang='lat' dir='ltr'>gestam</span> <span class='ocrx_word' id='word_1_499' title='bbox 3402 4187 3486 4242; x_wconf 88' lang='lat' dir='ltr'>sic</span> 
     </span>
    </p>
   </div>
   <div class='ocr_carea' id='block_1_76' title="bbox 1834 4271 3484 4346">
    <p class='ocr_par' dir='ltr' id='par_1_76' title="bbox 1834 4271 3484 4346">
     <span class='ocr_line' id='line_1_76' title="bbox 1834 4271 3484 4346; baseline 0.005 -23"><span class='ocrx_word' id='word_1_500' title='bbox 1834 4271 2110 4326; x_wconf 85' lang='lat' dir='ltr'>describit</span> <span class='ocrx_word' id='word_1_501' title='bbox 2144 4288 2156 4326; x_wconf 91' lang='lat'><strong>:</strong></span> <span class='ocrx_word' id='word_1_502' title='bbox 2185 4292 2211 4320; x_wconf 89' lang='grc'>‹‹</span> <span class='ocrx_word' id='word_1_503' title='bbox 2240 4271 2406 4338; x_wconf 87' lang='lat' dir='ltr'>Huic,</span> <span class='ocrx_word' id='word_1_504' title='bbox 2453 4288 2662 4343; x_wconf 90' lang='lat' dir='ltr'>nempe</span> <span class='ocrx_word' id='word_1_505' title='bbox 2692 4271 2904 4328; x_wconf 82' lang='lat' dir='ltr'>Victori</span> <span class='ocrx_word' id='word_1_506' title='bbox 2957 4291 3138 4346; x_wconf 66' lang='lat' dir='ltr'>papae,</span> <span class='ocrx_word' id='word_1_507' title='bbox 3175 4276 3484 4332; x_wconf 87' lang='lat' dir='ltr'>subdiaco-</span> 
     </span>
    </p>
   </div>
   <div class='ocr_carea' id='block_1_77' title="bbox 1835 4360 3489 4436">
    <p class='ocr_par' dir='ltr' id='par_1_77' title="bbox 1835 4360 3489 4436">
     <span class='ocr_line' id='line_1_77' title="bbox 1835 4360 3489 4436; baseline 0.004 -22"><span class='ocrx_word' id='word_1_508' title='bbox 1835 4377 1945 4415; x_wconf 89' lang='lat' dir='ltr'>nus</span> <span class='ocrx_word' id='word_1_509' title='bbox 1977 4360 2233 4415; x_wconf 88' lang='lat' dir='ltr'>toxicum</span> <span class='ocrx_word' id='word_1_510' title='bbox 2265 4360 2322 4414; x_wconf 91' lang='lat' dir='ltr'>in</span> <span class='ocrx_word' id='word_1_511' title='bbox 2350 4360 2587 4415; x_wconf 87' lang='lat' dir='ltr'>calicem</span> <span class='ocrx_word' id='word_1_512' title='bbox 2611 4361 2802 4427; x_wconf 87' lang='lat' dir='ltr'>misit;</span> <span class='ocrx_word' id='word_1_513' title='bbox 2837 4379 3011 4433; x_wconf 90' lang='lat' dir='ltr'>quem</span> <span class='ocrx_word' id='word_1_514' title='bbox 3036 4380 3167 4418; x_wconf 90' lang='lat' dir='ltr'>cum</span> <span class='ocrx_word' id='word_1_515' title='bbox 3201 4364 3325 4435; x_wconf 90' lang='lat' dir='ltr'>ipse</span> <span class='ocrx_word' id='word_1_516' title='bbox 3354 4370 3489 4436; x_wconf 88' lang='lat' dir='ltr'>post</span> 
     </span>
    </p>
   </div>
   <div class='ocr_carea' id='block_1_78' title="bbox 27 4449 1723 4522">
    <p class='ocr_par' dir='ltr' id='par_1_78' title="bbox 27 4449 1723 4522">
     <span class='ocr_line' id='line_1_78' title="bbox 27 4449 1723 4522; baseline -0.002 -16"><span class='ocrx_word' id='word_1_517' title='bbox 27 4453 465 4508; x_wconf 81' lang='lat' dir='ltr'>consecratur.</span> <span class='ocrx_word' id='word_1_518' title='bbox 511 4451 600 4505; x_wconf 80' lang='lat' dir='ltr'>Ab</span> <span class='ocrx_word' id='word_1_519' title='bbox 647 4452 996 4522; x_wconf 88' lang='lat' dir='ltr'>imperatore</span> <span class='ocrx_word' id='word_1_520' title='bbox 1043 4466 1177 4506; x_wconf 89' lang='lat' dir='ltr'>eum</span> <span class='ocrx_word' id='word_1_521' title='bbox 1229 4449 1339 4504; x_wconf 91' lang='lat' dir='ltr'>sibi</span> <span class='ocrx_word' id='word_1_522' title='bbox 1388 4450 1723 4522; x_wconf 64' lang='lat' dir='ltr'>praesentari</span> 
     </span>
    </p>
   </div>
   <div class='ocr_carea' id='block_1_79' title="bbox 23 4538 1722 4613">
    <p class='ocr_par' dir='ltr' id='par_1_79' title="bbox 23 4538 1722 4613">
     <span class='ocr_line' id='line_1_79' title="bbox 23 4538 1722 4613; baseline -0.002 -17"><span class='ocrx_word' id='word_1_523' title='bbox 23 4540 469 4613; x_wconf 84' lang='lat' dir='ltr'>postularunt,</span> <span class='ocrx_word' id='word_1_524' title='bbox 503 4540 779 4611; x_wconf 89' lang='lat' dir='ltr'>quoniam</span> <span class='ocrx_word' id='word_1_525' title='bbox 821 4539 879 4593; x_wconf 93' lang='lat' dir='ltr'>in</span> <span class='ocrx_word' id='word_1_526' title='bbox 929 4538 1186 4595; x_wconf 86' lang='lat' dir='ltr'>Ecclesia</span> <span class='ocrx_word' id='word_1_527' title='bbox 1226 4538 1508 4608; x_wconf 84' lang='lat' dir='ltr'>Romana,</span> <span class='ocrx_word' id='word_1_528' title='bbox 1541 4541 1606 4593; x_wconf 91' lang='lat' dir='ltr'>ut</span> <span class='ocrx_word' id='word_1_529' title='bbox 1635 4538 1722 4592; x_wconf 91' lang='lat' dir='ltr'>in-</span> 
     </span>
    </p>
   </div>
   <div class='ocr_carea' id='block_1_80' title="bbox 21 4626 1722 4702">
    <p class='ocr_par' dir='ltr' id='par_1_80' title="bbox 21 4626 1722 4702">
     <span class='ocr_line' id='line_1_80' title="bbox 21 4626 1722 4702; baseline -0.002 -17"><span class='ocrx_word' id='word_1_530' title='bbox 21 4630 173 4702; x_wconf 83' lang='lat' dir='ltr'>quit.</span> <span class='ocrx_word' id='word_1_531' title='bbox 238 4629 364 4684; x_wconf 86' lang='lat' dir='ltr'>Leo</span> <span class='ocrx_word' id='word_1_532' title='bbox 411 4627 706 4694; x_wconf 85' lang='lat' dir='ltr'>ostiensis,</span> <span class='ocrx_word' id='word_1_533' title='bbox 757 4644 1006 4700; x_wconf 88' lang='lat' dir='ltr'>persona</span> <span class='ocrx_word' id='word_1_534' title='bbox 1055 4628 1127 4682; x_wconf 88' lang='lat' dir='ltr'>ad</span> <span class='ocrx_word' id='word_1_535' title='bbox 1179 4630 1407 4682; x_wconf 87' lang='lat' dir='ltr'>tantum</span> <span class='ocrx_word' id='word_1_536' title='bbox 1465 4626 1722 4682; x_wconf 79' lang='lat' dir='ltr'>officium</span> 
     </span>
    </p>
   </div>
   <div class='ocr_carea' id='block_1_81' title="bbox 23 4716 977 4788">
    <p class='ocr_par' dir='ltr' id='par_1_81' title="bbox 23 4716 977 4788">
     <span class='ocr_line' id='line_1_81' title="bbox 23 4716 977 4788; baseline -0.002 -16"><span class='ocrx_word' id='word_1_537' title='bbox 23 4720 274 4775; x_wconf 77' lang='lat' dir='ltr'>idonea</span> <span class='ocrx_word' id='word_1_538' title='bbox 311 4716 552 4788; x_wconf 87' lang='lat' dir='ltr'>reperiri</span> <span class='ocrx_word' id='word_1_539' title='bbox 587 4733 702 4773; x_wconf 92' lang='lat' dir='ltr'>non</span> <span class='ocrx_word' id='word_1_540' title='bbox 734 4721 977 4788; x_wconf 88' lang='lat' dir='ltr'>poterat.</span> 
     </span>
    </p>
   </div>
   <div class='ocr_carea' id='block_1_82' title="bbox 103 4803 1723 4877">
    <p class='ocr_par' dir='ltr' id='par_1_82' title="bbox 103 4803 1723 4877">
     <span class='ocr_line' id='line_1_82' title="bbox 103 4803 1723 4877; baseline -0.003 -14"><span class='ocrx_word' id='word_1_541' title='bbox 103 4808 206 4863; x_wconf 85' lang='lat' dir='ltr'>Ad</span> <span class='ocrx_word' id='word_1_542' title='bbox 248 4804 638 4877; x_wconf 83' lang='lat' dir='ltr'>corrigendos</span> <span class='ocrx_word' id='word_1_543' title='bbox 687 4821 894 4877; x_wconf 83' lang='lat' dir='ltr'>pravos</span> <span class='ocrx_word' id='word_1_544' title='bbox 942 4821 1088 4860; x_wconf 90' lang='lat' dir='ltr'>usus</span> <span class='ocrx_word' id='word_1_545' title='bbox 1119 4803 1383 4859; x_wconf 66' lang='lat' dir='ltr'>Ecclesiae</span> <span class='ocrx_word' id='word_1_546' title='bbox 1417 4803 1723 4859; x_wconf 70' lang='lat' dir='ltr'>Gallicanae</span> 
     </span>
    </p>
   </div>
   <div class='ocr_carea' id='block_1_83' title="bbox 23 4893 1725 4966">
    <p class='ocr_par' dir='ltr' id='par_1_83' title="bbox 23 4893 1725 4966">
     <span class='ocr_line' id='line_1_83' title="bbox 23 4893 1725 4966; baseline -0.002 -15"><span class='ocrx_word' id='word_1_547' title='bbox 23 4911 402 4965; x_wconf 78' lang='lat' dir='ltr'>causasque</span> <span class='ocrx_word' id='word_1_548' title='bbox 423 4895 814 4966; x_wconf 88' lang='lat' dir='ltr'>quorumdam</span> <span class='ocrx_word' id='word_1_549' title='bbox 837 4893 1246 4965; x_wconf 87' lang='lat' dir='ltr'>episcoporum</span> <span class='ocrx_word' id='word_1_550' title='bbox 1268 4894 1725 4964; x_wconf 86' lang='lat' dir='ltr'>cognoscendas,</span> 
     </span>
    </p>
   </div>
   <div class='ocr_carea' id='block_1_84' title="bbox 21 4981 1725 5051">
    <p class='ocr_par' dir='ltr' id='par_1_84' title="bbox 21 4981 1725 5051">
     <span class='ocr_line' id='line_1_84' title="bbox 21 4981 1725 5051; baseline -0.003 -11"><span class='ocrx_word' id='word_1_551' title='bbox 21 4983 556 5051; x_wconf 83' lang='lat' dir='ltr'>Hildebrandum,</span> <span class='ocrx_word' id='word_1_552' title='bbox 579 4983 854 5039; x_wconf 67' lang='lat' dir='ltr'>Romanae</span> <span class='ocrx_word' id='word_1_553' title='bbox 875 4982 1139 5038; x_wconf 63' lang='lat' dir='ltr'>Ecclesia:</span> <span class='ocrx_word' id='word_1_554' title='bbox 1161 4981 1588 5037; x_wconf 90' lang='lat' dir='ltr'>subdiaconum</span> <span class='ocrx_word' id='word_1_555' title='bbox 1607 4998 1725 5036; x_wconf 90' lang='lat' dir='ltr'>car-</span> 
     </span>
    </p>
   </div>
   <div class='ocr_carea' id='block_1_85' title="bbox 19 5070 1725 5145">
    <p class='ocr_par' dir='ltr' id='par_1_85' title="bbox 19 5070 1725 5145">
     <span class='ocr_line' id='line_1_85' title="bbox 19 5070 1725 5145; baseline -0.003 -14"><span class='ocrx_word' id='word_1_556' title='bbox 19 5074 354 5141; x_wconf 83' lang='lat' dir='ltr'>dinalem,</span> <span class='ocrx_word' id='word_1_557' title='bbox 387 5072 489 5143; x_wconf 91' lang='lat' dir='ltr'>qui</span> <span class='ocrx_word' id='word_1_558' title='bbox 535 5077 739 5145; x_wconf 89' lang='lat' dir='ltr'>postea</span> <span class='ocrx_word' id='word_1_559' title='bbox 786 5073 978 5127; x_wconf 86' lang='lat' dir='ltr'>factus</span> <span class='ocrx_word' id='word_1_560' title='bbox 1023 5075 1113 5126; x_wconf 92' lang='lat' dir='ltr'>est</span> <span class='ocrx_word' id='word_1_561' title='bbox 1158 5070 1434 5143; x_wconf 83' lang='lat' dir='ltr'>pontifex,</span> <span class='ocrx_word' id='word_1_562' title='bbox 1489 5071 1725 5126; x_wconf 88' lang='lat' dir='ltr'>nomine</span> 
     </span>
    </p>
   </div>
   <div class='ocr_carea' id='block_1_86' title="bbox 19 5158 1721 5238">
    <p class='ocr_par' dir='ltr' id='par_1_86' title="bbox 19 5158 1721 5238">
     <span class='ocr_line' id='line_1_86' title="bbox 19 5158 1721 5238; baseline -0.006 -16"><span class='ocrx_word' id='word_1_563' title='bbox 19 5163 389 5238; x_wconf 79' lang='lat' dir='ltr'>Gregorius</span> <span class='ocrx_word' id='word_1_564' title='bbox 418 5161 542 5229; x_wconf 90' lang='lat' dir='ltr'><strong>VII,</strong></span> <span class='ocrx_word' id='word_1_565' title='bbox 563 5161 820 5233; x_wconf 88' lang='lat' dir='ltr'>legatum</span> <span class='ocrx_word' id='word_1_566' title='bbox 844 5179 877 5216; x_wconf 89' lang='lat' dir='ltr'>a</span> <span class='ocrx_word' id='word_1_567' title='bbox 896 5160 1074 5216; x_wconf 88' lang='lat' dir='ltr'>latere</span> <span class='ocrx_word' id='word_1_568' title='bbox 1093 5159 1151 5214; x_wconf 91' lang='lat' dir='ltr'>in</span> <span class='ocrx_word' id='word_1_569' title='bbox 1175 5159 1391 5214; x_wconf 79' lang='lat' dir='ltr'>Gallias</span> <span class='ocrx_word' id='word_1_570' title='bbox 1412 5158 1721 5229; x_wconf 84' lang='lat' dir='ltr'>ablegavit,</span> 
     </span>
    </p>
   </div>
   <div class='ocr_carea' id='block_1_87' title="bbox 18 5245 2253 5325">
    <p class='ocr_par' dir='ltr' id='par_1_87' title="bbox 18 5245 2253 5325">
     <span class='ocr_line' id='line_1_87' title="bbox 18 5245 2253 5325; baseline -0.003 -16"><span class='ocrx_word' id='word_1_571' title='bbox 18 5255 135 5325; x_wconf 90' lang='lat' dir='ltr'>qui</span> <span class='ocrx_word' id='word_1_572' title='bbox 173 5250 478 5323; x_wconf 82' lang='lat' dir='ltr'>Lugduni</span> <span class='ocrx_word' id='word_1_573' title='bbox 512 5251 588 5321; x_wconf 86' lang='grc'>(1)</span> <span class='ocrx_word' id='word_1_574' title='bbox 618 5249 836 5306; x_wconf 88' lang='lat' dir='ltr'>indicto</span> <span class='ocrx_word' id='word_1_575' title='bbox 875 5248 1119 5305; x_wconf 92' lang='lat' dir='ltr'>concilio</span> <span class='ocrx_word' id='word_1_576' title='bbox 1154 5248 1514 5319; x_wconf 90' lang='lat' dir='ltr'>episcopum,</span> <span class='ocrx_word' id='word_1_577' title='bbox 1547 5249 1616 5302; x_wconf 90' lang='lat' dir='ltr'>de</span> <span class='ocrx_word' id='word_1_578' title='bbox 1647 5247 1724 5301; x_wconf 92' lang='lat' dir='ltr'>si-</span> <span class='ocrx_word' id='word_1_579' title='bbox 1760 5245 1804 5272; x_wconf 78' lang='grc' dir='ltr'><em>υ</em></span> <span class='ocrx_word' id='word_1_580' title='bbox 1837 5245 2004 5301; x_wconf 90' lang='lat' dir='ltr'>aliive</span> <span class='ocrx_word' id='word_1_581' title='bbox 2035 5246 2253 5318; x_wconf 89' lang='lat' dir='ltr'>plures.</span> 
     </span>
    </p>
   </div>
   <div class='ocr_carea' id='block_1_88' title="bbox 15 5333 3482 5409">
    <p class='ocr_par' dir='ltr' id='par_1_88' title="bbox 15 5333 3482 5409">
     <span class='ocr_line' id='line_1_88' title="bbox 15 5333 3482 5409; baseline -0.001 -9"><span class='ocrx_word' id='word_1_582' title='bbox 15 5342 254 5400; x_wconf 82' lang='lat' dir='ltr'>monia</span> <span class='ocrx_word' id='word_1_583' title='bbox 293 5344 664 5406; x_wconf 82' lang='lat' dir='ltr'>accusatum,</span> <span class='ocrx_word' id='word_1_584' title='bbox 701 5338 1054 5394; x_wconf 87' lang='lat' dir='ltr'>miraculose</span> <span class='ocrx_word' id='word_1_585' title='bbox 1092 5337 1163 5392; x_wconf 91' lang='lat' dir='ltr'>ad</span> <span class='ocrx_word' id='word_1_586' title='bbox 1200 5335 1497 5407; x_wconf 89' lang='lat' dir='ltr'>propriam</span> <span class='ocrx_word' id='word_1_587' title='bbox 1530 5333 1726 5390; x_wconf 88' lang='lat' dir='ltr'>delicti</span> <span class='ocrx_word' id='word_1_588' title='bbox 1905 5336 1990 5390; x_wconf 86' lang='lat' dir='ltr'>Ab</span> <span class='ocrx_word' id='word_1_589' title='bbox 2022 5335 2267 5391; x_wconf 89' lang='lat' dir='ltr'>Henrico</span> <span class='ocrx_word' id='word_1_590' title='bbox 2311 5337 2666 5408; x_wconf 88' lang='lat' dir='ltr'>imperatore</span> <span class='ocrx_word' id='word_1_591' title='bbox 2699 5339 2886 5395; x_wconf 82' lang='lat' dir='ltr'>Roma</span> <span class='ocrx_word' id='word_1_592' title='bbox 2927 5346 3216 5409; x_wconf 85' lang='lat' dir='ltr'>evocatus,</span> <span class='ocrx_word' id='word_1_593' title='bbox 3251 5342 3310 5396; x_wconf 91' lang='lat' dir='ltr'>in</span> <span class='ocrx_word' id='word_1_594' title='bbox 3340 5342 3482 5396; x_wconf 88' lang='lat' dir='ltr'>Ger-</span> 
     </span>
    </p>
   </div>
   <div class='ocr_carea' id='block_1_89' title="bbox 17 5423 3476 5498">
    <p class='ocr_par' dir='ltr' id='par_1_89' title="bbox 17 5423 3476 5498">
     <span class='ocr_line' id='line_1_89' title="bbox 17 5423 3476 5498; baseline -0.002 -9"><span class='ocrx_word' id='word_1_595' title='bbox 17 5427 502 5488; x_wconf 81' lang='lat' dir='ltr'>confessionem</span> <span class='ocrx_word' id='word_1_596' title='bbox 536 5427 748 5498; x_wconf 83' lang='lat' dir='ltr'>adegit,</span> <span class='ocrx_word' id='word_1_597' title='bbox 772 5427 914 5482; x_wconf 90' lang='lat' dir='ltr'>dum</span> <span class='ocrx_word' id='word_1_598' title='bbox 939 5427 1146 5497; x_wconf 87' lang='lat' dir='ltr'>jussus</span> <span class='ocrx_word' id='word_1_599' title='bbox 1169 5424 1411 5480; x_wconf 86' lang='lat' dir='ltr'>recitare</span> <span class='ocrx_word' id='word_1_600' title='bbox 1439 5423 1723 5495; x_wconf 82' lang='lat' dir='ltr'>hymnum</span> <span class='ocrx_word' id='word_1_601' title='bbox 1835 5425 2095 5479; x_wconf 87' lang='lat' dir='ltr'>maniam</span> <span class='ocrx_word' id='word_1_602' title='bbox 2137 5425 2376 5480; x_wconf 91' lang='lat' dir='ltr'>veniens</span> <span class='ocrx_word' id='word_1_603' title='bbox 2427 5442 2580 5481; x_wconf 89' lang='lat' dir='ltr'>anno</span> <span class='ocrx_word' id='word_1_604' title='bbox 2634 5427 3008 5498; x_wconf 84' lang='lat' dir='ltr'>pontiﬁcatus</span> <span class='ocrx_word' id='word_1_605' title='bbox 3060 5430 3153 5484; x_wconf 90' lang='lat' dir='ltr'>sui</span> <span class='ocrx_word' id='word_1_606' title='bbox 3200 5430 3476 5495; x_wconf 90' lang='lat' dir='ltr'>secundo,</span> 
     </span>
    </p>
   </div>
   <div class='ocr_carea' id='block_1_90' title="bbox 1834 4448 3484 4523">
    <p class='ocr_par' dir='ltr' id='par_1_90' title="bbox 1834 4448 3484 4523">
     <span class='ocr_line' id='line_1_90' title="bbox 1834 4448 3484 4523; baseline 0.004 -21"><span class='ocrx_word' id='word_1_607' title='bbox 1834 4448 2328 4503; x_wconf 90' lang='lat' dir='ltr'>consecrationem</span> <span class='ocrx_word' id='word_1_608' title='bbox 2361 4448 2549 4504; x_wconf 88' lang='lat' dir='ltr'>levare</span> <span class='ocrx_word' id='word_1_609' title='bbox 2580 4449 2772 4518; x_wconf 88' lang='lat' dir='ltr'>vellet,</span> <span class='ocrx_word' id='word_1_610' title='bbox 2798 4467 2901 4506; x_wconf 89' lang='lat' dir='ltr'>nec</span> <span class='ocrx_word' id='word_1_611' title='bbox 2940 4457 3162 4523; x_wconf 72' lang='lat' dir='ltr'>posset,</span> <span class='ocrx_word' id='word_1_612' title='bbox 3183 4469 3218 4508; x_wconf 90' lang='lat' dir='ltr'>a</span> <span class='ocrx_word' id='word_1_613' title='bbox 3248 4453 3484 4510; x_wconf 90' lang='lat' dir='ltr'>domino</span> 
     </span>
    </p>
   </div>
   <div class='ocr_carea' id='block_1_91' title="bbox 1834 4537 3482 4611">
    <p class='ocr_par' dir='ltr' id='par_1_91' title="bbox 1834 4537 3482 4611">
     <span class='ocr_line' id='line_1_91' title="bbox 1834 4537 3482 4611; baseline 0.004 -19"><span class='ocrx_word' id='word_1_614' title='bbox 1834 4553 2072 4592; x_wconf 88' lang='lat' dir='ltr'>causam</span> <span class='ocrx_word' id='word_1_615' title='bbox 2117 4537 2252 4591; x_wconf 84' lang='lat' dir='ltr'>facti</span> <span class='ocrx_word' id='word_1_616' title='bbox 2301 4537 2872 4608; x_wconf 86' lang='lat' dir='ltr'>inquisiturus,cum</span> <span class='ocrx_word' id='word_1_617' title='bbox 2921 4539 3133 4611; x_wconf 91' lang='lat' dir='ltr'>populo</span> <span class='ocrx_word' id='word_1_618' title='bbox 3164 4541 3235 4596; x_wconf 89' lang='lat' dir='ltr'>ad</span> <span class='ocrx_word' id='word_1_619' title='bbox 3269 4541 3482 4598; x_wconf 88' lang='lat' dir='ltr'>oratio-</span> 
     </span>
    </p>
   </div>
   <div class='ocr_carea' id='block_1_92' title="bbox 1835 4626 3482 4697">
    <p class='ocr_par' dir='ltr' id='par_1_92' title="bbox 1835 4626 3482 4697">
     <span class='ocr_line' id='line_1_92' title="bbox 1835 4626 3482 4697; baseline 0.004 -17"><span class='ocrx_word' id='word_1_620' title='bbox 1835 4643 1968 4680; x_wconf 91' lang='lat' dir='ltr'>nem</span> <span class='ocrx_word' id='word_1_621' title='bbox 2010 4626 2417 4697; x_wconf 87' lang='lat' dir='ltr'>prosternitur,</span> <span class='ocrx_word' id='word_1_622' title='bbox 2449 4626 2764 4697; x_wconf 87' lang='lat' dir='ltr'>statimque</span> <span class='ocrx_word' id='word_1_623' title='bbox 2817 4629 3094 4684; x_wconf 78' lang='lat' dir='ltr'>toxicator</span> <span class='ocrx_word' id='word_1_624' title='bbox 3141 4646 3176 4683; x_wconf 89' lang='lat' dir='ltr'>a</span> <span class='ocrx_word' id='word_1_625' title='bbox 3221 4630 3482 4686; x_wconf 66' lang='lat' dir='ltr'>diemone</span> 
     </span>
    </p>
   </div>
   <div class='ocr_carea' id='block_1_93' title="bbox 1835 4715 3483 4787">
    <p class='ocr_par' dir='ltr' id='par_1_93' title="bbox 1835 4715 3483 4787">
     <span class='ocr_line' id='line_1_93' title="bbox 1835 4715 3483 4787; baseline 0.004 -18"><span class='ocrx_word' id='word_1_626' title='bbox 1835 4715 2130 4786; x_wconf 90' lang='lat' dir='ltr'>arripitur.</span> <span class='ocrx_word' id='word_1_627' title='bbox 2183 4716 2270 4769; x_wconf 89' lang='lat' dir='ltr'>Ita</span> <span class='ocrx_word' id='word_1_628' title='bbox 2325 4715 2504 4787; x_wconf 86' lang='lat' dir='ltr'>igitur</span> <span class='ocrx_word' id='word_1_629' title='bbox 2552 4732 2729 4771; x_wconf 86' lang='lat' dir='ltr'>causa</span> <span class='ocrx_word' id='word_1_630' title='bbox 2787 4718 3174 4784; x_wconf 83' lang='lat' dir='ltr'>manifestata,</span> <span class='ocrx_word' id='word_1_631' title='bbox 3226 4719 3483 4775; x_wconf 88' lang='lat' dir='ltr'>domnus</span> 
     </span>
    </p>
   </div>
   <div class='ocr_carea' id='block_1_94' title="bbox 1834 4802 3482 4874">
    <p class='ocr_par' dir='ltr' id='par_1_94' title="bbox 1834 4802 3482 4874">
     <span class='ocr_line' id='line_1_94' title="bbox 1834 4802 3482 4874; baseline 0.002 -16"><span class='ocrx_word' id='word_1_632' title='bbox 1834 4819 1984 4874; x_wconf 87' lang='lat' dir='ltr'>papa</span> <span class='ocrx_word' id='word_1_633' title='bbox 2005 4802 2241 4858; x_wconf 90' lang='lat' dir='ltr'>calicem</span> <span class='ocrx_word' id='word_1_634' title='bbox 2266 4819 2400 4858; x_wconf 88' lang='lat' dir='ltr'>cum</span> <span class='ocrx_word' id='word_1_635' title='bbox 2424 4803 2712 4874; x_wconf 83' lang='lat' dir='ltr'>sanguine</span> <span class='ocrx_word' id='word_1_636' title='bbox 2728 4804 3029 4860; x_wconf 88' lang='lat' dir='ltr'>Dominico</span> <span class='ocrx_word' id='word_1_637' title='bbox 3052 4805 3288 4862; x_wconf 87' lang='lat' dir='ltr'>cuidam</span> <span class='ocrx_word' id='word_1_638' title='bbox 3310 4806 3482 4862; x_wconf 88' lang='lat' dir='ltr'>altari</span> 
     </span>
    </p>
   </div>
   <div class='ocr_carea' id='block_1_95' title="bbox 1824 4892 3481 4967">
    <p class='ocr_par' dir='ltr' id='par_1_95' title="bbox 1824 4892 3481 4967">
     <span class='ocr_line' id='line_1_95' title="bbox 1824 4892 3481 4967; baseline 0.004 -21"><span class='ocrx_word' id='word_1_639' title='bbox 1824 4892 2009 4962; x_wconf 90' lang='lat' dir='ltr'>jussit</span> <span class='ocrx_word' id='word_1_640' title='bbox 2037 4892 2277 4959; x_wconf 88' lang='lat' dir='ltr'>includi,</span> <span class='ocrx_word' id='word_1_641' title='bbox 2311 4898 2369 4946; x_wconf 89' lang='lat' dir='ltr'>et</span> <span class='ocrx_word' id='word_1_642' title='bbox 2417 4910 2519 4963; x_wconf 91' lang='lat' dir='ltr'>pro</span> <span class='ocrx_word' id='word_1_643' title='bbox 2569 4892 2834 4964; x_wconf 90' lang='lat' dir='ltr'>reliquiis</span> <span class='ocrx_word' id='word_1_644' title='bbox 2873 4893 2933 4948; x_wconf 90' lang='lat' dir='ltr'>in</span> <span class='ocrx_word' id='word_1_645' title='bbox 2967 4900 3311 4967; x_wconf 87' lang='lat' dir='ltr'>perpetuum</span> <span class='ocrx_word' id='word_1_646' title='bbox 3342 4913 3481 4952; x_wconf 88' lang='lat' dir='ltr'>con-</span> 
     </span>
    </p>
   </div>
   <div class='ocr_carea' id='block_1_96' title="bbox 1833 4980 3485 5054">
    <p class='ocr_par' dir='ltr' id='par_1_96' title="bbox 1833 4980 3485 5054">
     <span class='ocr_line' id='line_1_96' title="bbox 1833 4980 3485 5054; baseline 0.005 -19"><span class='ocrx_word' id='word_1_647' title='bbox 1833 4980 2072 5036; x_wconf 84' lang='lat' dir='ltr'>servari.</span> <span class='ocrx_word' id='word_1_648' title='bbox 2107 4981 2325 5036; x_wconf 88' lang='lat' dir='ltr'>Deinde</span> <span class='ocrx_word' id='word_1_649' title='bbox 2354 4980 2565 5037; x_wconf 89' lang='lat' dir='ltr'>iterum</span> <span class='ocrx_word' id='word_1_650' title='bbox 2596 4998 2728 5036; x_wconf 87' lang='lat' dir='ltr'>cum</span> <span class='ocrx_word' id='word_1_651' title='bbox 2762 4983 2976 5054; x_wconf 91' lang='lat' dir='ltr'>populo</span> <span class='ocrx_word' id='word_1_652' title='bbox 3009 4986 3216 5040; x_wconf 78' lang='lat' dir='ltr'>tamdiu</span> <span class='ocrx_word' id='word_1_653' title='bbox 3248 4985 3320 5042; x_wconf 87' lang='lat' dir='ltr'>ad</span> <span class='ocrx_word' id='word_1_654' title='bbox 3351 5003 3485 5042; x_wconf 79' lang='lat' dir='ltr'>ora-</span> 
     </span>
    </p>
   </div>
   <div class='ocr_carea' id='block_1_97' title="bbox 1833 5068 3487 5143">
    <p class='ocr_par' dir='ltr' id='par_1_97' title="bbox 1833 5068 3487 5143">
     <span class='ocr_line' id='line_1_97' title="bbox 1833 5068 3487 5143; baseline 0.005 -21"><span class='ocrx_word' id='word_1_655' title='bbox 1833 5068 2049 5124; x_wconf 89' lang='lat' dir='ltr'>tionem</span> <span class='ocrx_word' id='word_1_656' title='bbox 2090 5071 2498 5140; x_wconf 90' lang='lat' dir='ltr'>prosternitur,</span> <span class='ocrx_word' id='word_1_657' title='bbox 2527 5087 2834 5143; x_wconf 90' lang='lat' dir='ltr'>quousque</span> <span class='ocrx_word' id='word_1_658' title='bbox 2875 5072 3276 5130; x_wconf 87' lang='lat' dir='ltr'>subdiaconus</span> <span class='ocrx_word' id='word_1_659' title='bbox 3307 5092 3341 5130; x_wconf 87' lang='lat' dir='ltr'>a</span> <span class='ocrx_word' id='word_1_660' title='bbox 3371 5075 3487 5131; x_wconf 73' lang='lat' dir='ltr'>daa-</span> 
     </span>
    </p>
   </div>
   <div class='ocr_carea' id='block_1_98' title="bbox 1835 5157 3484 5238">
    <p class='ocr_par' dir='ltr' id='par_1_98' title="bbox 1835 5157 3484 5238">
     <span class='ocr_line' id='line_1_98' title="bbox 1835 5157 3484 5238; baseline 0.007 -27"><span class='ocrx_word' id='word_1_661' title='bbox 1835 5157 2029 5212; x_wconf 93' lang='lat' dir='ltr'>monio</span> <span class='ocrx_word' id='word_1_662' title='bbox 2060 5157 2480 5215; x_wconf 83' lang='lat' dir='ltr'>liberaretur.»</span> <span class='ocrx_word' id='word_1_663' title='bbox 2511 5160 2639 5215; x_wconf 81' lang='lat' dir='ltr'>Haec</span> <span class='ocrx_word' id='word_1_664' title='bbox 2685 5161 3035 5219; x_wconf 89' lang='lat' dir='ltr'>Lambertus</span> <span class='ocrx_word' id='word_1_665' title='bbox 3076 5163 3484 5238; x_wconf 83' lang='lat' dir='ltr'>Uspergensis,</span> 
     </span>
    </p>
   </div>
   <div class='ocr_carea' id='block_1_99' title="bbox 1760 5209 1804 5272">
    <p class='ocr_par' dir='ltr' id='par_1_99' title="bbox 1760 5209 1804 5272">
     <span class='ocr_line' id='line_1_99' title="bbox 1760 5209 1804 5272; baseline 0 0"><span class='ocrx_word' id='word_1_666' title='bbox 1760 5209 1804 5272; x_wconf 91' lang='lat' dir='ltr'>D</span> 
     </span>
    </p>
   </div>
   <div class='ocr_carea' id='block_1_100' title="bbox 13 5511 3475 5595">
    <p class='ocr_par' dir='ltr' id='par_1_100' title="bbox 13 5511 3475 5595">
     <span class='ocr_line' id='line_1_100' title="bbox 13 5511 3475 5595; baseline -0.001 -19"><span class='ocrx_word' id='word_1_667' title='bbox 13 5515 535 5595; x_wconf 78' lang='lat' dir='ltr'>gloriﬁcationis,</span> <span class='ocrx_word' id='word_1_668' title='bbox 569 5515 630 5571; x_wconf 92' lang='lat' dir='ltr'>in</span> <span class='ocrx_word' id='word_1_669' title='bbox 661 5531 749 5585; x_wconf 92' lang='lat' dir='ltr'>eo,</span> <span class='ocrx_word' id='word_1_670' title='bbox 779 5523 831 5571; x_wconf 83' lang='lat' dir='ltr'>et</span> <span class='ocrx_word' id='word_1_671' title='bbox 869 5517 1105 5587; x_wconf 82' lang='lat' dir='ltr'>Spiritui</span> <span class='ocrx_word' id='word_1_672' title='bbox 1139 5521 1323 5569; x_wconf 80' lang='lat' dir='ltr'>sancto</span> <span class='ocrx_word' id='word_1_673' title='bbox 1351 5527 1723 5584; x_wconf 89' lang='lat' dir='ltr'>nequaquam</span> <span class='ocrx_word' id='word_1_674' title='bbox 1831 5511 2043 5567; x_wconf 89' lang='lat' dir='ltr'>Christi</span> <span class='ocrx_word' id='word_1_675' title='bbox 2072 5513 2479 5586; x_wconf 84' lang='lat' dir='ltr'>Redemptoris</span> <span class='ocrx_word' id='word_1_676' title='bbox 2515 5516 2909 5587; x_wconf 81' lang='lat' dir='ltr'>1056,invenit</span> <span class='ocrx_word' id='word_1_677' title='bbox 2928 5535 3058 5573; x_wconf 91' lang='lat' dir='ltr'>eum</span> <span class='ocrx_word' id='word_1_678' title='bbox 3084 5517 3238 5588; x_wconf 87' lang='lat' dir='ltr'>gravi</span> <span class='ocrx_word' id='word_1_679' title='bbox 3272 5515 3475 5571; x_wconf 91' lang='lat' dir='ltr'>morbo</span> 
     </span>
    </p>
   </div>
   <div class='ocr_carea' id='block_1_101' title="bbox 13 5600 3476 5683">
    <p class='ocr_par' dir='ltr' id='par_1_101' title="bbox 13 5600 3476 5683">
     <span class='ocr_line' id='line_1_101' title="bbox 13 5600 3476 5683; baseline -0.001 -18"><span class='ocrx_word' id='word_1_680' title='bbox 13 5602 456 5683; x_wconf 71' lang='lat' dir='ltr'>pronuntiem</span> <span class='ocrx_word' id='word_1_681' title='bbox 479 5604 967 5676; x_wconf 81' lang='lat' dir='ltr'>potuisset.Anno</span> <span class='ocrx_word' id='word_1_682' title='bbox 993 5602 1366 5676; x_wconf 82' lang='lat' dir='ltr'>pontificatus</span> <span class='ocrx_word' id='word_1_683' title='bbox 1389 5602 1479 5659; x_wconf 86' lang='lat' dir='ltr'>sui</span> <span class='ocrx_word' id='word_1_684' title='bbox 1511 5601 1723 5674; x_wconf 89' lang='lat' dir='ltr'>primo,</span> <span class='ocrx_word' id='word_1_685' title='bbox 1832 5600 2217 5671; x_wconf 86' lang='lat' dir='ltr'>laborantem,</span> <span class='ocrx_word' id='word_1_686' title='bbox 2251 5603 2455 5675; x_wconf 81' lang='lat' dir='ltr'>etjam</span> <span class='ocrx_word' id='word_1_687' title='bbox 2486 5603 2744 5661; x_wconf 87' lang='lat' dir='ltr'>animam</span> <span class='ocrx_word' id='word_1_688' title='bbox 2775 5611 3058 5678; x_wconf 87' lang='lat' dir='ltr'>agentem.</span> <span class='ocrx_word' id='word_1_689' title='bbox 3078 5602 3296 5659; x_wconf 88' lang='lat' dir='ltr'>Accidit</span> <span class='ocrx_word' id='word_1_690' title='bbox 3328 5601 3476 5661; x_wconf 89' lang='lat' dir='ltr'>illud</span> 
     </span>
    </p>
   </div>
   <div class='ocr_carea' id='block_1_102' title="bbox 89 5743 2037 5838">
    <p class='ocr_par' dir='ltr' id='par_1_102' title="bbox 89 5743 2037 5838">
     <span class='ocr_line' id='line_1_102' title="bbox 89 5743 2037 5838; baseline -0.006 -25"><span class='ocrx_word' id='word_1_691' title='bbox 89 5754 183 5838; x_wconf 82' lang='grc'>(1)</span> <span class='ocrx_word' id='word_1_692' title='bbox 221 5750 307 5813; x_wconf 87' lang='lat' dir='ltr'><strong>In</strong></span> <span class='ocrx_word' id='word_1_693' title='bbox 351 5745 536 5810; x_wconf 85' lang='lat' dir='ltr'>Gallia</span> <span class='ocrx_word' id='word_1_694' title='bbox 566 5747 805 5825; x_wconf 84' lang='lat' dir='ltr'>quidem</span> <span class='ocrx_word' id='word_1_695' title='bbox 835 5745 1244 5824; x_wconf 78' lang='lat' dir='ltr'>Lugdunensi;</span> <span class='ocrx_word' id='word_1_696' title='bbox 1277 5745 1380 5805; x_wconf 88' lang='lat' dir='ltr'>sed</span> <span class='ocrx_word' id='word_1_697' title='bbox 1408 5761 1520 5821; x_wconf 86' lang='lat' dir='ltr'>quo</span> <span class='ocrx_word' id='word_1_698' title='bbox 1550 5744 1694 5817; x_wconf 86' lang='lat' dir='ltr'>loco,</span> <span class='ocrx_word' id='word_1_699' title='bbox 1726 5743 2037 5803; x_wconf 85' lang='lat' dir='ltr'>incertum.</span> 
     </span>
    </p>
   </div>
  </div>
