3916 6368
349 457 464 526 803
1670 439 2036 509 VICTORIS
2078 441 2133 504 II
2174 436 2402 502 PAPE
3669 425 3794 492 801

351 597 478 651 sine
507 589 684 649 dubio
724 581 1008 662 singulari
1054 581 1157 642 Dei
1205 581 1410 658 gratia.
1450 581 1594 636 Nam
1646 577 1815 650 paulo
1859 581 1986 649 post
2015 591 2067 657 Α
2097 575 2469 638 Theotimum,
2504 571 2603 642 qui
2647 566 2868 644 legatos
2892 563 3404 638 Constantinopoli
3435 563 3792 620 redeuntes

353 699 530 757 quam
579 695 772 736 coram
832 675 1102 750 pontiﬁce
1150 674 1514 744 peccatorum
1565 666 1985 723 confessionem
2097 662 2465 735 spoliaverat.

351 743 588 845 egisset,
610 767 803 824 ablata
823 743 1282 827 restituisset,ab
1301 756 1628 813 astantibus
1647 755 1873 810 veniam
1897 769 1988 825 pe-
2169 751 2356 822 Hujus
2399 747 2784 822 temporibus,
2823 762 3038 819 magno
3087 745 3270 801 totius
3319 743 3794 845 Germanorum

351 827 596 923 tivisset',
628 853 937 922 liliumque
965 847 1278 904 Henricum
1309 844 1500 899 adhuc
1528 842 1988 914 quinquennem,
2099 838 2359 896 Ecclesia:
2389 837 2687 902 beneﬁcio,
2720 839 2960 891 sanctus
2988 837 3154 890 Anno
3185 834 3245 889 in
3279 831 3587 888 cathedra
3621 827 3798 886 Colo-

353 947 426 1005 ab
447 919 792 1002 electoribus
809 919 947 994 tunc
969 935 1352 1009 praesentibus
1373 947 1565 1002 regem
1584 930 1988 997 constitutum,
2099 927 2286 984 niensi
2317 926 2630 983 collocatur
2673 923 3173 996 archiepiscopus;
3207 921 3311 993 qui
3368 920 3644 976 Henrico
3676 919 3800 974 im-

353 1037 743 1103 Romanmque
771 1027 1036 1085 Ecclesiae
1069 1022 1564 1086 commendatum,
1603 1017 1810 1074 Victori
1850 1034 1990 1089 pon-
2099 1016 2371 1090 peratori,
2421 1032 2456 1070 a
2500 1030 2616 1086 quo
2671 1012 2924 1085 graviter
2976 1011 3407 1084 exagitabatur,
3448 1011 3797 1082 propterea

353 1124 492 1180 tiﬁci
520 1095 847 1185 obtulisset,
881 1130 1092 1187 magno
1121 1111 1224 1168 Dei
1263 1109 1542 1166 beneficio
1573 1125 1674 1180 per
1719 1107 1992 1163 eumdem
2099 1104 2255 1176 quod
2299 1103 2478 1158 libere
2525 1118 2657 1158 eum
2707 1099 3176 1173 reprehenderet,
3209 1099 3490 1154 futurum
3539 1095 3791 1153 obitum

351 1213 610 1269 animam
641 1216 810 1264 suam
854 1205 964 1260 Deo
1007 1199 1240 1266 obtulit,
1275 1214 1409 1253 cum
1458 1196 1628 1252 annis
1675 1193 1993 1251 octodecim
2100 1191 2383 1265 praedixit.

348 1301 407 1356 in
440 1297 684 1371 imperio
715 1295 1034 1365 regnasset.
1067 1291 1282 1362 Agnes,
1317 1289 1603 1357 Augusta,
1639 1288 1826 1338 mater
1853 1297 1992 1354 pue-
2172 1281 2490 1336 Defunctus
2520 1283 2610 1334 est
2635 1278 2831 1334 Victor
2862 1294 3014 1350 papa
3041 1275 3369 1344 Florentia,
3404 1291 3576 1331 anno
3611 1273 3794 1330 Chri-

350 1405 480 1444 rum
513 1363 748 1459 quidem
781 1363 1047 1453 religiose
1097 1377 1343 1432 educare
1373 1373 1576 1444 erepit;
1618 1372 1717 1427 sed
1765 1387 1895 1426 cum
1926 1386 1995 1425 ex
2102 1369 2200 1437 sti,
2233 1370 2388 1434 1057,
2421 1368 2514 1423 die
2555 1370 2626 1422 28
2665 1365 2827 1433 Julii,
2861 1382 2995 1425 cum
3043 1365 3296 1420 sedisset
3343 1380 3550 1419 annos
3605 1363 3790 1426 duos,

349 1449 589 1550 ephebis
619 1449 984 1534 excessisset,
1025 1466 1356 1522 abstractus
1387 1479 1422 1517 a
1453 1464 1656 1529 matre,
1690 1460 1877 1514 factus
1907 1463 1997 1514 est
2102 1473 2335 1512 menses
2363 1461 2503 1523 tres,
2535 1459 2592 1511 et
2623 1455 2747 1510 dies
2777 1453 3112 1526 quindecim
3147 1471 3161 1509 :
3203 1452 3489 1525 sepultus
3521 1455 3628 1508 est
3658 1449 3793 1507 loco

349 1541 538 1621 hostis
568 1561 840 1616 Romana:
887 1553 1176 1618 Ecclesiae,
1204 1553 1373 1623 cujus
1402 1547 1700 1614 beneficio,
1734 1562 1834 1619 per
1861 1546 1992 1600 Vic-
2103 1545 2305 1601 eodem
2339 1561 2454 1616 quo
2503 1543 2741 1600 obierat.
2775 1543 3036 1598 Cessavit
3079 1541 3496 1614 episcopatus,
3533 1544 3795 1596 auctore

348 1658 536 1710 torem
583 1649 932 1711 Romanum,
983 1657 1226 1714 regnum
1280 1637 1600 1694 Germaniae
1648 1639 1994 1691 consecutus
2107 1634 2431 1700 Lamberto,
2462 1650 2497 1687 a
2539 1631 2824 1705 vigesima
2869 1635 3071 1688 octava
3114 1629 3260 1686 Julii
3309 1630 3388 1686 ad
3441 1628 3793 1686 secundam

352 1742 560 1798 fuerat.
592 1738 756 1792 Anno
787 1735 1082 1804 sequente,
1114 1745 1181 1784 ex
1225 1725 1541 1783 Germania
1569 1724 1628 1778 in
1662 1723 1874 1778 Urbem
1905 1739 1993 1778 re-
2101 1721 2351 1796 Augusti
2383 1738 2485 1793 per
2511 1721 2634 1777 dies
2663 1721 2945 1794 quinque.

350 1843 588 1897 versus,
653 1819 1172 1879 excommunicavit
1231 1813 1691 1870 Trasimundum
1720 1811 1992 1866 comitem

1387 2083 1846 2170 NOTI'I‘IA
1907 2079 2656 2167 DIPLOMATICA
2677 2147 2695 2166 .

1253 2263 1468 2333 (δέδηε,
1500 2261 1724 2330 Hegesia
1745 2257 2064 2328 pontiﬁcum
2093 2260 2487 2319 Romanorum,
2521 2271 2650 2328 pag.
2683 2256 2831 2326 379.)

1875 2413 2234 2429 Ψ

428 2531 630 2605 Sigillo
662 2528 837 2601 quod,
859 2523 1089 2582 Gattula
1131 2527 1299 2586 teste,
1330 2517 1578 2574 Victoris
1606 2515 1768 2572 bulla
1797 2515 1864 2570 18
1886 2513 1996 2568 im-
2026 2515 2074 2580 B
2174 2515 2413 2586 Scriptis
2441 2513 2612 2570 bullis
2643 2518 2782 2569 sunt
2812 2529 2914 2585 per
2945 2529 3185 2568 manum
3221 2529 3235 2570 :

360 2601 628 2696 pressum
651 2617 711 2672 in
733 2615 970 2688 plumbo
993 2611 1242 2674 exhibet,
1263 2608 1372 2662 hoc
1394 2607 1612 2662 dictum
1633 2605 1992 2666 continetur;
2181 2606 2424 2675 Gregorii
2451 2605 2660 2659 notarii
2690 2607 2739 2657 et
2765 2603 3030 2656 scrinarz‘i
3059 2601 3114 2657 S.
3147 2603 3209 2657 R.
3243 2603 3306 2656 Ε.

361 2713 448 2767 Tu
483 2725 592 2764 Ριὶο
621 2723 702 2762 ME
733 2719 923 2760 ΝΑνΕΜ
955 2715 1220 2763 LIQUISTI,
1253 2712 1488 2752 suscws
1519 2711 1758 2749 CLAVEM.
2179 2697 2332 2752 Data
2365 2709 2466 2766 per
2494 2708 2733 2746 manum
2767 2708 2779 2744 :

427 2797 836 2870 Episcosorum
861 2787 1364 2858 cardinaliumque
1386 2783 1541 2838 sedis
1563 2782 1834 2839 Romanis
1865 2787 2000 2842 sub-
2180 2781 2538 2840 Hildebrandi
2563 2781 2618 2835 8.
2653 2781 2712 2834 R.
2739 2781 2800 2834 E.
2832 2779 3135 2834 cardinalis
3161 2779 3523 2836 subdiacom’.

360 2867 726 2960 scriptiones,
756 2897 882 2954 quae
913 2876 1282 2950 superiorum
1315 2871 1654 2946 pontificum
1678 2872 1853 2930 bullis
1883 2891 1998 2930 non
2181 2868 2534 2928 Hildcbrandi
2579 2867 2635 2924 S.
2681 2868 2743 2924 Β.
2791 2869 2850 2923 Ε.
2900 2867 3243 2934 subdiacom',
3291 2869 3416 2924 vice
3468 2870 3800 2926 Hermanni

360 2957 500 3032 sunt
527 2973 640 3028 nisi
671 2967 970 3026 rarissime
1001 2964 1297 3036 apposita,
1319 2961 1444 3032 jam
1474 2960 1834 3032 frequentius
1864 2963 1998 3018 addi
2250 2967 2419 3033 apost.
2452 2957 2561 3013 sed.
2609 2957 3088 3013 archicanccllarii
3114 2961 3304 3026 (num.
3335 2959 3396 3029 7)
3447 2959 3800 3016 cancellarii

361 3063 472 3121 sub
501 3059 728 3116 Victore
759 3057 808 3112 Il
839 3058 1035 3126 cmptaa
1067 3055 1232 3120 sunt;
1264 3049 1323 3104 in
1355 3049 1525 3120 cujus
1550 3047 1766 3105 tabulis
1793 3048 2001 3122 legun-
2248 3053 2299 3104 et
2348 3046 2746 3102 bz'iilmlhecarii
2785 3045 2840 3101 8.
2876 3045 2998 3100 Sed.
3033 3049 3205 3118 apost.
3247 3047 3576 3104 Hermanni
3627 3051 3794 3108 Colo-

364 3159 460 3208 tur
489 3166 504 3204 :
2248 3138 2459 3192 m'cnsis
2485 3135 2880 3206 archiepiscopi
2908 3135 3003 3205 (5).

432 3236 771 3308 Bonifacius,
801 3230 1128 3288 Albanensis
1155 3229 1452 3300 episcopus.

2177 3225 2442 3281 Friderici
2469 3224 2526 3279 8.
2557 3225 2618 3278 R.
2653 3224 2712 3277 Ε.
2745 3222 3081 3278 cancellarii.

434 3327 779 3388 Humbertus,
811 3321 986 3375 dictus
1031 3317 1332 3373 cardinalis
1360 3319 1410 3370 et
1439 3317 1714 3386 episcopus
1833 3317 1998 3370 eccle-
2178 3315 2434 3370 Aribom’s
2479 3311 2699 3366 diaconi
2743 3312 2858 3366 vice
2896 3312 3148 3367 Annonis
3189 3313 3702 3372 archicanceuarii
3729 3317 3788 3372 S,

502 3416 608 3471 six
637 3411 804 3467 Sil-vc?
835 3407 1121 3465 Candida}.

2254 3405 2314 3459 Β.
2347 3403 2432 3465 Ε..
2464 3400 2796 3456 Coloniensis
2825 3399 3233 3471 archiepiscopi.

432 3499 856 3566 Hildebrandus,
887 3497 940 3552 8.
973 3497 1034 3551 Ε.
1068 3496 1130 3550 R.
1157 3493 1540 3549 subdiaconus.

1157 3493 1540 3549 subdiaconus.
2181 3491 2430 3546 Aribonis
2457 3489 2691 3544 diaconi.

433 3591 762 3656 Fridericus,
793 3585 1096 3643 cardinalis
1125 3583 1180 3638 S.
1211 3582 1562 3654 Chrysogoni.

361 3731 3799 3770 Μ

1263 3857 2052 3960 VICTORIS
2143 3861 2273 3956 II
2359 3855 2852 3958 PAPE

816 4054 1460 4150 EPISTOLZE
1531 4041 1686 4147 ET
1757 4053 2484 4147 DIPLOMATA
2553 4051 3303 4150 PONTIFICIA.

1161 4357 1204 4412 Ι.
2035 4357 2076 4425 C
2115 4359 2302 4410 strum
2352 4369 2659 4410 assensum
2691 4357 2748 4408 et
2783 4353 2969 4410 solitae
3015 4355 3354 4426 apostolicae
3405 4361 3810 4418 auctoritatis

367 4449 1012 4530 priuilegium_Vic_toris
1057 4463 1214 4520 papas
1241 4447 1291 4530 Ii
1317 4446 1386 4502 ad
1416 4453 1688 4530 nsancium
1733 4445 2012 4526 Iiugmzem
2123 4441 2454 4514 exposcitur
2509 4440 2865 4514 prmsidium,
2931 4441 3082 4498 ultro
3136 4444 3528 4518 benignitatis
3559 4448 3813 4506 intuitu

434 4517 686 4609 αὸὺᾳῖεηξ
718 4517 1802 4609 Clunfaf'mséiﬂsf‘yf_0g’}ﬁff'}‘ff_f’ﬂl'}ff
1821 4531 2014 4609 313730“
2125 4548 2230 4586 nos
2259 4529 2524 4586 convenit
2562 4530 2892 4599 subvenire,
2921 4535 2984 4586 et
3011 4535 3200 4588 ratum
3252 4517 3358 4606 pro
3407 4534 3657 4609 integra
3709 4555 3812 4594 se-

433 4600 624 4664 steria,
657 4595 795 4650 bona
824 4601 876 4649 et
897 4593 1034 4664 jura
1061 4589 1298 4646 coenobio
1329 4589 1684 4644 Cluniacensi
1710 4601 1974 4642 concessa.

999 4681 1045 4696 ,.
1160 4695 1173 4696 ,
1220 4678 1348 4696 ,ηρ-
1384 4677 1395 4696 ς

2269 4622 2367 4675 ,ate
2397 4617 2666 4686 solidare,
2698 4622 2782 4696 ut,
2817 4589 2890 4674 en
2914 4617 3023 4674 hoc
3068 4589 3815 4696 nobis‘quoque‘potis—si-

994 4681 1182 4793 (A290
1505 4776 1564 4793 ω
1601 4777 1608 4789 η
2126 4724 2289 4764 mum
2337 4705 2642 4780 praemium
2691 4693 2738 4762 α’
2775 4706 3072 4764 conditore
3101 4677 3372 4766 omnium
3408 4677 3578 4768 ἶ)θοΓ
3599 4713 3669 4770 in
3727 4677 3818 4770 si-

781 4779 1018 4852 [Βυίίανο
1052 4777 1298 4832 ειυηίαεο
1333 4791 1465 4848 Pag-
1500 4776 1609 4844 13'}
2128 4776 2600 4852 dorsis-arcibus
2647 4795 3068 4852 conscribatur.
3100 4797 3172 4852 Et
3218 4797 3348 4854 ideo
3379 4799 3528 4870 quia
3581 4807 3821 4874 postu-

437 4898 654 4954 VICTOR
683 4895 1020 4966 episcopus,
1051 4909 1254 4948 servus
1298 4905 1599 4947 servorum
1637 4887 1735 4944 Dei
1765 4886 2019 4943 dilectis-
2128 4883 2258 4940 lasti
2290 4902 2324 4940 a
2353 4883 2522 4940 nobis
2553 4887 2616 4938 ut
2644 4883 2949 4956 praefatum
2988 4885 3411 4942 monasterium
3445 4889 3820 4960 apostolica

371 4987 523 5042 simo
557 4981 676 5037 ﬁlio
711 4983 936 5036 Hucom
985 4981 1180 5036 abbati
1217 4977 1556 5035 monasterii
1605 4977 1761 5050 quod
1811 4975 2023 5031 dicitur
2133 4973 2496 5028 auctoritatis
2525 4971 2672 5028 serie
2712 4973 3100 5041 muniremus,
3132 4977 3191 5030 et
3219 4975 3423 5030 omnia
3469 4977 3618 5048 ejus
3673 4995 3822 5052 per-

371 5071 712 5128 Cluniacum
748 5068 806 5122 in
837 5068 1056 5124 honore
1104 5067 1408 5122 beatorum
1441 5065 1840 5137 apostolorum
1871 5062 2026 5125 Petri
2131 5061 2376 5116 tinentia
2409 5059 2642 5133 perenni
2689 5061 2818 5131 jure
2855 5060 3070 5117 ibidem
3104 5061 3528 5120 inviolabiliter
3556 5082 3824 5138 perma-

373 5165 432 5216 et
461 5155 623 5215 Pauli
653 5161 1080 5224 consecratum,
1108 5155 1168 5210 in
1201 5155 1477 5210 comitatu
1519 5151 1920 5208 Matisconensi
1953 5150 2028 5206 si.
2132 5149 2323 5206 nendo
2370 5151 2870 5216 conﬁrmaremus,
2900 5154 2958 5206 et
3003 5151 3230 5224 absque
3276 5151 3439 5207 omni
3481 5153 3653 5228 jugo
3710 5173 3826 5214 seu

376 5253 526 5314 tum,
547 5249 606 5302 et
634 5261 737 5317 per
765 5247 820 5298 te
841 5244 1068 5298 cunctis
1099 5241 1534 5298 successoribus
1565 5237 1680 5294 tuis
1712 5238 2026 5294 abbatibus
2134 5239 2350 5294 ditione
2375 5238 2662 5310 cujusque
2708 5254 2968 5309 personae
3019 5238 3393 5296 constabilire
3441 5243 3652 5300 nostri
3689 5247 3827 5317 pri-

375 5337 437 5393 in
469 5337 836 5410 perpetuum.
2132 5324 2327 5399 vilegii
2373 5325 2586 5400 pagina
2633 5325 3094 5382 corroboremus.
3129 5327 3440 5400 Propterea
3487 5331 3626 5388 tuis
3682 5333 3828 5390 ﬂexi

449 5422 815 5483 Desideria“,
847 5421 1002 5494 quod
1047 5417 1452 5491 religiosorum
1496 5414 1942 5489 praepositorum
1973 5419 2030 5472 et
2136 5415 2406 5486 precibus
2463 5430 2566 5486 per
2623 5413 2803 5485 hujus
2858 5419 3068 5470 nostra;
3127 5417 3500 5475 auctoritatis
3561 5421 3829 5494 privile-

384 5517 718 5570 sanctorum
749 5508 1009 5566 locorum
1043 5505 1354 5564 stabilitate
1377 5508 1716 5579 permanere
1742 5507 2030 5559 monstra-
2136 5503 2298 5575 gium
2329 5504 2670 5570 statuentes,
2695 5502 3062 5560 decernimus
3091 5507 3158 5559 ut
3181 5509 3398 5562 cuncta
3423 5505 3561 5565 loca
3597 5515 3664 5567 et
3701 5529 3830 5568 mo-

386 5604 486 5654 tur
511 5597 636 5653 sine
665 5597 864 5670 aliqua
887 5601 975 5654 est
1002 5596 1118 5652 Deo
1150 5598 1384 5650 auctore
1415 5591 1690 5649 dilatione
1734 5591 2031 5662 perficien'
2137 5590 2391 5648 nasteria
2414 5591 2487 5647 ad
2518 5591 2922 5664 supradictum
2947 5591 3260 5650 Cluniense
3287 5595 3648 5656 coenobium
3683 5618 3830 5674 per-

389 5686 552 5742 dum.
585 5683 652 5741 Et
680 5685 906 5759 quoties
949 5686 1008 5743 in
1041 5699 1159 5742 suae
1201 5679 1468 5739 utilitatis
1499 5677 1874 5738 commodum
1925 5695 2028 5737 no-
2142 5679 2382 5740 liuentia
2423 5695 2551 5753 quae
2598 5679 2670 5737 ab
2700 5679 2994 5754 aliquibus
3043 5679 3412 5744 ﬁdelissimis
3439 5685 3832 5752 Christianis
