3952 6350
107 456 213 517 805

1034 447 1434 516 EPISTOL/E
1478 455 1577 515 ET
1621 453 2078 516 DIPLOMATA
2125 448 2597 516 PONTIFICIA.

3397 459 3514 519 806

107 570 354 658 regibus,
389 583 715 658 episcopis,
738 585 1008 652 ducibus,
1036 602 1142 642 seu
1171 585 1536 658 principibus
1567 587 1754 642 eidem
1783 589 1839 654 Α
1873 588 2093 642 riacum
2127 604 2255 642 cum
2291 588 2565 642 omnibus
2589 589 2712 642 suis
2739 586 3136 660 pertinentiis:
3158 585 3364 642 cellam
3390 605 3518 644 san-

107 675 222 731 loco
251 689 543 730 concessa
569 680 730 742 sunt,
764 678 820 730 et
842 674 914 731 ab
934 675 1402 731 antecessoribus
1428 675 1544 730 tuis
1575 676 1752 730 abba-

107 764 254 819 tibus
275 762 576 835 acquisita
595 766 756 828 sunt,
781 763 1042 818 Bernone
1059 762 1344 831 videlicet,
1361 763 1559 819 Odone
1583 767 1757 836 atque

109 852 414 925 Aymardo,
449 856 509 905 et
537 851 724 906 beatae
760 850 1178 907 recordationis
1217 858 1419 908 sancto
1465 850 1672 909 Maiolo
1703 855 1760 907 et

109 946 298 996 sancto
329 939 584 995 Odilone
618 939 1146 1011 praedecessoribus
1179 941 1317 1007 tuis,
1351 941 1440 995 vel
1485 957 1757 1013 quaecun-

111 1046 214 1102 que
241 1030 312 1084 ad
343 1029 632 1084 eumdem
660 1027 855 1084 locum
886 1029 1174 1100 pertinere
1205 1029 1501 1100 videntur,
1536 1030 1760 1101 absque

111 1118 278 1174 ullius
309 1117 782 1173 contradictione
799 1134 934 1172 cum
953 1133 1169 1190 magna
1186 1118 1502 1174 securitate
1525 1119 1760 1190 quietus

115 1208 312 1262 debeas
344 1205 676 1278 possidere,
711 1210 768 1260 et
797 1221 898 1276 per
913 1210 968 1261 te
999 1205 1253 1261 universi
1276 1223 1644 1263 successores
1673 1207 1761 1262 tui

115 1297 167 1350 in
183 1299 557 1367 perpetuum.
583 1294 703 1350 Hoc
715 1298 804 1349 est
816 1293 1013 1366 ipsum
1027 1293 1336 1351 Cluniense
1354 1297 1715 1350 cmnobrium
1729 1313 1763 1351 a

115 1383 517 1455 potentissimo
552 1382 698 1438 olim
728 1383 875 1438 duce
894 1381 1189 1438 Willelmo
1220 1384 1280 1438 in
1311 1400 1458 1456 pago
1491 1384 1761 1440 Matisco-

115 1472 268 1528 nensi
305 1473 655 1538 fundatum,
705 1487 840 1527 cum
889 1471 1165 1528 omnibus
1216 1473 1392 1528 rebus
1423 1472 1480 1527 in
1513 1472 1761 1529 circuitu

116 1562 366 1632 ejusdem
411 1559 526 1616 loci
561 1566 622 1615 et
663 1559 796 1616 aliis
843 1559 1178 1632 regionibus
1209 1560 1414 1632 positis
1462 1561 1534 1616 ad
1565 1561 1763 1632 ipsum

116 1649 293 1706 locum
323 1648 791 1722 pertinentibus.
814 1649 877 1704 In
894 1648 1172 1705 comitatu
1203 1648 1469 1705 videlicet
1500 1649 1762 1705 Matisco-

118 1740 268 1794 nensi
312 1737 528 1794 cellam
589 1739 650 1792 in
695 1737 914 1793 honore
951 1739 1135 1793 sancti
1187 1737 1420 1794 Martini
1452 1743 1761 1806 sacratam,

117 1827 406 1884 ecclesiam
439 1842 687 1899 quoque
722 1828 893 1897 juxta
929 1828 1184 1898 positam
1218 1827 1275 1880 in
1308 1827 1527 1882 honore
1577 1828 1763 1883 sancti

117 1917 342 1972 Joannis
363 1915 738 1984 dedicatam;
761 1914 928 1971 villas
948 1915 1126 1970 etiam
1144 1915 1409 1972 Covinias
1427 1932 1561 1971 cum
1584 1916 1761 1972 eccle-

119 2005 224 2073 sia;
258 2004 690 2061 Solestriacum
722 2003 890 2058 villos
929 2021 1065 2059 cum
1109 2003 1392 2072 ecclesia;
1439 2005 1765 2061 Escutiolas

118 2111 233 2150 cum
262 2094 539 2162 ecclesia;
573 2092 962 2149 Galliniacum
984 2109 1118 2148 cum
1149 2092 1428 2162 ecclesia;
1456 2094 1762 2150 Rutiacum

119 2200 236 2239 cum
263 2183 554 2250 ecclesia;
591 2181 851 2237 Masilias
873 2198 1006 2237 cum
1033 2181 1308 2250 ecclesia;
1340 2182 1759 2250 Clairmanum,

123 2275 552 2345 Barjeserenarn
582 2271 819 2338 villam;
853 2271 1129 2327 Curtilias
1179 2270 1412 2340 villam;
1462 2274 1760 2328 Petronia-

123 2379 273 2429 cum;
314 2360 714 2434 Arpasicum;
785 2359 1248 2428 Darboniacum;
1302 2361 1760 2430 Besurniacum;

123 2451 342 2508 ecclesia
370 2455 602 2507 sancta:
643 2448 970 2517 Columbae;
1017 2449 1360 2517 Vitreziam;
1417 2450 1760 2523 Burgulien-

124 2557 228 2595 sem
257 2539 484 2608 villam;
519 2537 836 2597 ecclesiam
869 2538 1066 2594 Sancti
1098 2537 1423 2607 Laurentii;
1449 2539 1760 2606 Castrum;

126 2629 477 2696 Lurdonum;
535 2626 936 2694 Blanuscum;
969 2626 1168 2683 villam
1207 2626 1442 2684 nomine
1494 2627 1761 2697 Cottam;

127 2718 525 2774 monasterium
567 2715 744 2772 etiam
775 2715 930 2787 quod
961 2719 1197 2772 vocatur
1227 2717 1402 2772 Catus
1419 2717 1604 2773 Locus
1626 2733 1761 2772 cum

127 2806 373 2862 omnibus
432 2806 506 2861 ad
569 2821 632 2860 se
681 2804 1145 2875 pertinentibus;
1199 2804 1504 2860 ecclesiam
1564 2805 1762 2861 Sancti

127 2894 346 2952 Victoris
381 2912 516 2950 eum
562 2893 837 2949 omnibus
865 2909 1004 2964 quae
1034 2893 1115 2948 ibi
1149 2894 1406 2972 aspicere
1454 2894 1758 2964 videntur;

129 2983 306 3040 cellam
335 2998 583 3056 quoque
613 2982 672 3036 in
696 2981 914 3038 honore
937 2982 1133 3038 Sancti
1157 2983 1404 3039 Victoris
1425 2999 1557 3038 cum
1581 2982 1764 3038 omni-

131 3072 219 3128 bus
246 3073 366 3129 suis
388 3070 798 3145 appendiciis;
830 3070 1104 3126 ecclesias
1135 3071 1311 3127 etiam
1342 3077 1400 3127 et
1429 3076 1612 3128 terras
1635 3089 1762 3144 quae

129 3161 267 3230 juxta
282 3161 443 3218 illam
476 3166 648 3227 sunt,
681 3175 784 3231 pro
817 3159 1032 3230 quibus
1055 3160 1191 3214 data
1223 3164 1311 3216 est
1343 3161 1640 3232 quondam
1674 3177 1761 3216 ec-

132 3247 280 3306 clesia
298 3251 495 3307 Sancti
519 3247 796 3321 Gengulﬁ
819 3265 832 3316 ;
857 3248 1253 3319 Eguirandam
1275 3266 1508 3322 quoque
1536 3255 1759 3306 curtem

133 3354 243 3394 cum
272 3339 515 3396 ecclesia
570 3337 767 3393 Sancti
797 3338 1038 3392 Andreae
1077 3336 1346 3410 apostoli,
1379 3343 1435 3394 et
1464 3356 1598 3394 cum
1631 3340 1760 3396 aliis

136 3427 368 3484 ecclesiis
386 3433 440 3484 et
462 3426 751 3484 omnibus
764 3426 890 3481 suis
903 3427 1265 3499 appendiciis
1283 3444 1295 3495 ;
1311 3443 1515 3484 omnes
1530 3445 1762 3500 quoque

131 3516 375 3573 ecclesias
400 3522 458 3574 et
473 3520 692 3583 terras,
712 3531 813 3570 seu
832 3514 1028 3570 omnia
1051 3532 1178 3586 quae
1204 3517 1580 3587 supradictus
1600 3517 1762 3574 locus

131 3603 333 3661 videtur
361 3607 586 3662 habere
618 3603 676 3658 in
701 3605 826 3674 jam
858 3603 1011 3658 dicto
1040 3604 1340 3659 comitatu.
1376 3604 1437 3659 In
1479 3605 1759 3661 comitatu

131 3708 244 3749 vero
283 3693 661 3752 Cabilonensi
711 3692 916 3748 cellam
947 3692 1019 3748 de
1050 3691 1411 3748 Bellomonte
1451 3693 1510 3748 in
1542 3694 1760 3750 honore

133 3786 317 3838 sancta:
347 3784 543 3839 Maria:
577 3786 997 3850 constructam,
1031 3799 1161 3837 cum
1203 3783 1478 3838 omnibus
1528 3801 1653 3855 quae
1685 3786 1757 3841 ad

132 3869 297 3941 ipsam
345 3873 611 3945 aspicere
654 3870 950 3939 videntur;
999 3876 1220 3927 curtem
1269 3872 1444 3928 etiam
1478 3873 1757 3930 vocabulo

129 3959 392 4018 Juliacum
441 3979 584 4018 cum
617 3958 879 4015 ecclesiis
911 3965 966 4016 et
995 3960 1165 4016 terris
1198 3960 1385 4018 eidem
1418 3961 1542 4018 loco
1574 3979 1756 4034 quon-

134 4047 246 4104 dam
274 4052 341 4106 ab
371 4052 650 4124 episcolio
675 4049 943 4106 Manasse
973 4049 1220 4118 collatis,
1254 4053 1311 4106 et
1340 4067 1543 4107 omnes
1575 4052 1756 4108 eccle-

133 4135 229 4193 sias
248 4143 299 4194 et
317 4144 525 4210 terras,
541 4144 601 4195 et
617 4154 982 4210 quaecunque
1016 4138 1392 4211 supradictus
1415 4141 1576 4197 locus
1600 4143 1757 4200 vide-

134 4227 212 4278 tur
232 4226 434 4285 habere
467 4229 528 4284 in
553 4229 683 4300 jam
706 4226 859 4282 dicto
891 4227 1203 4297 comitatu;
1229 4227 1535 4285 ecclesiam
1559 4231 1756 4286 Sancti

133 4311 365 4388 Gengulfi
415 4335 554 4373 cum
586 4317 711 4372 suis
742 4315 1102 4388 appendiciis
1130 4316 1218 4372 vel
1261 4318 1652 4389 pertinentiis.
1689 4319 1751 4376 In

135 4404 443 4478 episcopatu
499 4422 637 4462 vero
672 4405 1191 4477 Augustodunensi
1231 4404 1438 4462 cellam
1474 4407 1754 4478 Ojadellis

132 4497 498 4550 constructam
529 4494 589 4550 in
624 4493 843 4549 honore
875 4499 1088 4550 sanctae
1131 4494 1233 4550 Dei
1265 4495 1582 4552 Genitricis
1615 4514 1749 4554 eum

131 4581 373 4640 omnibus
420 4584 550 4640 suis
580 4582 973 4655 appendiciis:
1009 4582 1140 4639 illas
1170 4583 1345 4638 etiam
1385 4583 1665 4641 ecclesias
1697 4591 1755 4641 et

1793 1959 1840 2023 B

1866 681 2090 731 ciorum
2126 681 2448 748 martyrum
2481 677 2700 733 Cosmae
2722 681 2780 732 et
2802 676 3092 742 Damiani,
3129 681 3183 730 et
3216 681 3516 732 monaste-

1866 765 2019 819 rium
2053 765 2247 819 Sancti
2264 765 2518 820 Marcelli
2541 766 2965 821 cumomnibus
2997 764 3121 821 suis
3152 765 3518 836 pertinentiis

1867 853 1926 907 in
1951 853 2230 908 suburbio
2253 853 2646 909 Cabilonensi.
2672 859 2734 908 In
2757 853 3036 909 cornitatu
3069 854 3516 925 quoqueArver-

1868 941 2036 997 nensi
2067 941 2440 996 Silviniacum
2475 942 2924 1008 monasterium,
2952 942 3048 997 ubi
3079 942 3161 996 tui
3197 943 3516 1014 praedeces-

1869 1046 2030 1086 sores
2062 1035 2302 1085 sanctus
2334 1031 2581 1086 Maiolus
2604 1037 2659 1086 et
2681 1037 2923 1087 sanctus
2955 1031 3118 1086 Odilo
3143 1032 3520 1102 requiescunt

1869 1135 2002 1174 cum
2041 1119 2315 1175 omnibus
2346 1120 2418 1175 ad
2438 1137 2571 1175 eum
2601 1121 3049 1191 pertinentibus.
3076 1119 3365 1177 Etcellam
3392 1139 3518 1193 quae

1867 1212 2108 1263 vocatur
2139 1208 2413 1264 Firmitas
2443 1227 2575 1264 cum
2609 1210 2881 1265 omnibus
2915 1211 2986 1265 ad
3023 1210 3296 1264 eumdem
3322 1209 3517 1266 locum

1871 1296 2542 1367 pertinentibus.Cellam
2561 1315 2793 1368 quoque
2807 1317 2932 1369 quae
2947 1301 3182 1354 vocatur
3199 1298 3453 1354 Scuriola
3465 1315 3512 1354 s.

1870 1384 2189 1440 Ecclesiam
2202 1385 2380 1440 etiam
2396 1385 2454 1440 in
2474 1386 2691 1440 honore
2723 1388 2906 1440 sancti
2922 1386 3165 1458 Sulpicii
3186 1387 3436 1442 dicatam
3457 1387 3516 1442 in

1868 1473 2136 1545 villaquaa
2159 1474 2374 1530 dicitur
2402 1474 2738 1545 Langiacus.
2767 1475 3260 1546 Etcellulamquae
3282 1480 3521 1531 vocatur

1873 1564 1944 1618 ad
1959 1563 2208 1618 Boscum
2232 1563 2290 1617 in
2308 1565 2524 1618 honore
2548 1563 2729 1618 sancti
2755 1563 2904 1618 Petri
2926 1567 3347 1620 consecratam.
3379 1567 3522 1619 Cur-

1871 1656 1990 1707 tem
2030 1652 2206 1706 etiam
2247 1668 2424 1724 quam
2464 1657 2669 1707 vocant
2708 1655 2766 1706 in
2801 1653 3030 1723 Frigido
3077 1653 3290 1710 Monte.
3324 1653 3523 1708 Mona-

1873 1740 2114 1796 sterium
2145 1757 2378 1813 quoque
2403 1742 2555 1812 quod
2575 1741 2787 1796 dicitur
2817 1742 2996 1806 Rivis,
3031 1732 3522 1797 consecratumin

1874 1829 2091 1884 honore
2122 1835 2334 1885 sanctae
2367 1830 2467 1884 Dei
2508 1830 2838 1895 Genitricis,
2880 1847 3012 1885 cum
3064 1835 3228 1886 curte
3259 1829 3524 1903 Lipsiaco

1873 1923 1930 1974 et
1961 1935 2093 1974 cum
2144 1919 2419 1974 omnibus
2452 1919 2576 1974 suis
2608 1918 2993 1990 appendiciis.
3044 1919 3363 1976 Ecclesium
3395 1935 3523 1991 qua)

1874 2013 2111 2063 vocatur
2133 2009 2470 2079 Marengum
2486 2024 2616 2062 cum
2634 2008 2763 2062 aliis
2785 2009 2947 2063 terris
2966 2008 3154 2064 cidem
3169 2008 3522 2066 monasterio

1873 2098 1944 2152 ab
1970 2096 2270 2169 Eustergio
2289 2095 2656 2152 nobilissimo
2671 2098 2791 2152 viro
2812 2097 3060 2155 traditis.
3081 2097 3366 2155 Cellulam
3386 2114 3526 2170 quo-

1875 2202 1988 2258 que
2009 2187 2181 2256 juxta
2217 2185 2490 2257 positam,
2525 2185 2582 2240 in
2616 2186 2741 2256 ipso
2773 2187 3052 2242 comitatu
3096 2187 3292 2256 sitam,
3326 2187 3386 2242 in
3417 2186 3522 2243 ho-

1874 2291 2013 2330 nore
2043 2279 2257 2330 sanctae
2289 2274 2392 2329 Dei
2428 2273 2734 2330 Genitricis
2774 2279 3085 2343 sacratam,
3125 2292 3254 2347 qua:
3283 2280 3526 2332 vocatur

1874 2363 1945 2418 ad
1972 2363 2218 2418 Montes.
2252 2363 2671 2418 Monasterium
2707 2368 2900 2418 autem
2921 2363 3360 2422 Celcinianense
3387 2381 3522 2423 cum
3573 2379 3578 2385 ‘

1873 2451 2156 2519 ecclesiis,
2184 2451 2337 2507 villis
2359 2456 2416 2507 et
2446 2451 2639 2519 terris,
2675 2452 3020 2508 Carniacum
3051 2453 3339 2522 videlicet,
3379 2447 3524 2511 Bur-

1873 2540 2221 2607 nunculum,
2255 2539 2654 2606 Alboniacum,
2689 2540 3072 2610 ,Ginniaeum,
3109 2539 3519 2611 Cardonetum,

1873 2634 1929 2684 et
1958 2647 2091 2684 cum
2123 2629 2397 2684 omnibus
2429 2628 2688 2684 ecclesiis
2726 2634 2782 2683 et
2813 2630 2981 2684 terris
3021 2630 3091 2684 ad
3125 2629 3318 2700 ipsum
3351 2630 3526 2685 Celei-

1874 2719 2154 2774 nianense
2185 2717 2606 2773 monasterium
2641 2717 3090 2787 pertinentibus.
3125 2716 3345 2772 Cellam
3375 2735 3520 2789 quo-

1873 2824 1985 2876 que
2020 2809 2078 2862 in
2110 2806 2237 2878 ipso
2269 2808 2550 2861 comitatu
2575 2805 2770 2872 sitam,
2805 2805 2904 2860 ubi
2936 2805 3250 2876 requiescit
3278 2809 3519 2862 sanctus

1874 2896 2097 2963 Florus,
2131 2911 2309 2966 quam
2338 2893 2584 2948 tradidit
2623 2893 2956 2965 supradicto
3007 2893 3133 2949 loco
3174 2894 3520 2967 Eustorgius

1873 2983 2139 3052 clericus,
2165 3000 2298 3039 cum
2326 2982 2600 3038 omnibus
2623 2983 2693 3038 ad
2712 2999 2839 3038 eam
2859 2981 3330 3054 pertinentibus..
3356 2983 3518 3040 Man-

1875 3074 2074 3130 siones
2104 3089 2337 3144 quoque
2367 3071 2425 3126 in
2450 3071 2765 3128 Brivatensi
2788 3071 2910 3127 vico
2941 3071 3302 3143 pertinentes
3335 3073 3407 3128 ad
3431 3090 3524 3129 su-

1873 3163 2205 3235 pradictum
2226 3161 2450 3228 locum;
2476 3160 2903 3218 monasterium
2921 3161 3094 3216 etiam
3120 3161 3275 3232 quod
3308 3161 3523 3217 dicitur

1872 3253 2040 3308 Volta
2073 3253 2130 3306 in
2162 3252 2380 3306 honore
2410 3254 2622 3305 sanctae
2654 3249 2865 3316 crucis,
2909 3254 3334 3315 consecratum,
3369 3250 3521 3305 sicut

1793 3323 1835 3391 ί]
1875 3343 2266 3414 praedecessor
2308 3345 2443 3395 tuus
2493 3338 2657 3393 Odilo
2691 3338 2748 3392 in
2783 3339 2997 3408 prsidio
3032 3341 3342 3408 parentum
3376 3355 3518 3392 suo-

1875 3449 2003 3486 rum
2023 3427 2346 3485 construxit
2365 3443 2500 3482 cum
2525 3427 2800 3481 omnibus
2828 3425 2951 3481 suis
2971 3425 3358 3496 pertinentiis.
3391 3425 3515 3480 Cel-

1870 3520 1987 3575 lam
2012 3519 2186 3574 etiam
2207 3516 2525 3572 Reiliacum
2549 3531 2682 3569 cum
2720 3518 2881 3568 curte
2912 3519 2970 3568 et
2998 3513 3274 3569 omnibus
3297 3515 3368 3569 ad
3383 3531 3516 3570 eum

1871 3606 2332 3681 pertinentibus;
2368 3604 2572 3660 cellam
2604 3603 2780 3659 etiam
2813 3604 2870 3657 in
2895 3603 3112 3658 honore
3153 3607 3368 3659 sanctae
3397 3605 3520 3660 Ma-

1871 3700 1968 3754 ria
2017 3699 2438 3762 consecratam,
2468 3711 2596 3766 quae
2640 3697 2881 3748 vocatur
2908 3689 2978 3748 ad
3011 3692 3269 3748 Pentem.
3303 3693 3521 3750 Omnes

1869 3802 2102 3859 quoque
2131 3783 2408 3841 ecclesias
2441 3787 2501 3838 et
2530 3787 2732 3848 terras,
2765 3799 2868 3837 seu
2909 3798 3272 3854 quiscunque
3293 3783 3524 3838 videtur

1869 3875 2244 3949 supradictus
2274 3872 2438 3928 locus
2459 3871 2776 3928 Cluniacus
2807 3870 3106 3943 possidere
3127 3870 3184 3924 in
3205 3871 3330 3941 jam
3364 3871 3518 3926 dicto

1868 3966 2167 4021 comitatu.
2185 3963 2249 4017 In
2269 3961 2606 4034 episcOpatu
2622 3960 2800 4015 etiam
2814 3959 3152 4015 Nivernensi
3168 3958 3374 4014 cellam
3393 3976 3518 4031 quae

1869 4053 2082 4110 dicitur
2139 4051 2336 4108 Sancti
2372 4048 2671 4106 Reveriani
2709 4065 2842 4104 eum
2876 4048 3151 4104 omnibus
3183 4048 3310 4104 suis
3341 4048 3519 4121 perti-

1868 4143 2079 4200 nentis.
2123 4139 2442 4197 Eeelesiam
2483 4138 2659 4194 etiam
2709 4153 2835 4209 quae
2886 4137 3100 4193 dicitur
3146 4137 3518 4210 Superciaeo,

1867 4250 2045 4306 quam
2077 4229 2496 4287 Frotimundus
2527 4227 2687 4284 dedit
2726 4244 2860 4282 cum
2892 4227 3166 4284 omnibus
3199 4227 3324 4283 suis
3357 4225 3520 4300 peni-

1864 4322 2084 4379 tentiis.
2107 4322 2169 4376 In
2191 4319 2527 4392 episcopatu
2549 4317 2726 4372 etiam
2748 4316 3069 4372 Vivariensi
3087 4315 3290 4372 cellam
3313 4315 3519 4373 Mizos-

1865 4428 2000 4467 cum
2059 4426 2192 4465 cum
2234 4407 2511 4464 omnibus
2561 4423 2688 4478 quae
2722 4405 2802 4460 ibi
2834 4405 3145 4477 aspiciunt.
3197 4404 3414 4460 Cellam
3446 4405 3517 4460 de

1866 4501 2172 4572 Rumpono
2209 4481 2445 4563 monte;
2469 4493 2676 4550 cellam
2701 4495 2768 4550 ad
2807 4495 3048 4561 Fontes;
3083 4492 3290 4549 cellam
3315 4493 3516 4548 Rioms

1865 4606 1999 4646 cum
2031 4588 2308 4645 omnibus
2326 4602 2451 4657 quae
2470 4585 2683 4639 habere
2705 4582 3320 4655 videtursupradictus
3349 4581 3516 4638 locus

133 4668 290 4760 terras
331 4689 478 4744 quas
519 4672 846 4728 Teotardus
885 4672 1132 4728 clericus
1171 4672 1416 4728 contulit
1437 4675 1564 4745 jam
1597 4675 1751 4732 dicto
1783 4696 1829 4760 D
1865 4679 2178 4734 Cluuiacus
2226 4676 2284 4730 in
2320 4676 2446 4746 jam
2479 4673 2631 4730 dicto
2665 4672 3024 4744 epis00patu.
3075 4673 3137 4726 [n
3176 4670 3515 4760 episcopatu

131 4754 396 4816 Cluniensi
419 4761 708 4817 coenobio.
732 4761 1163 4818 Conﬁrmamus
1181 4767 1376 4818 autem
1398 4768 1456 4819 et
1477 4765 1750 4821 corrobo-

132 4859 304 4903 ramus
320 4855 522 4907 nostra
542 4849 861 4923 apostolica
877 4851 1222 4907 auctoritate
1234 4850 1396 4907 illam
1411 4854 1752 4909 convenien-

131 4931 246 4990 tiam
260 4953 432 5008 quam
449 4939 585 4994 fecit
603 4941 858 4994 domnus
877 4939 1754 5013 WalteriusAugustodunensis

130 5017 366 5080 Ecclesiae
379 5027 695 5100 episcopus
707 5029 778 5083 de
794 5028 1145 5085 monasterio
1160 5031 1313 5101 quod
1334 5030 1550 5086 dicitur
1564 5031 1754 5105 Maga-

131 5105 311 5169 brense
331 5116 403 5171 ad
436 5133 610 5171 suam
633 5116 943 5173 ecclesiam
975 5118 1300 5189 pertinente
1326 5136 1458 5174 cum
1476 5121 1752 5178 omnibus

133 5196 190 5250 ad
208 5198 389 5271 ipsum
412 5205 872 5277 pertinentibus:
891 5206 1304 5262 Marciniacum
1328 5225 1457 5262 eum
1475 5209 1752 5268 omnibus

133 5287 236 5342 suis
255 5292 512 5361 pertinen
523 5293 638 5360 tiis,
663 5294 815 5350 sicut
830 5295 1003 5350 frater
1018 5300 1156 5350 tuus
1178 5295 1525 5352 Gauﬁ‘redus
1546 5303 1748 5355 sancto

133 5369 268 5432 Petro
296 5384 349 5436 et
377 5381 488 5438 tibi
519 5381 699 5437 dedit.
724 5382 1041 5440 Ecclesiam
1067 5384 1138 5438 de
1156 5383 1440 5440 Varennis
1467 5385 1619 5442 sicut
1645 5388 1749 5442 Ar-

134 5461 300 5523 taldus
320 5470 479 5526 dedit
501 5487 637 5527 cum
657 5471 932 5528 omnibus
952 5472 1078 5528 suis
1095 5472 1492 5545 pertinentiis;
1516 5490 1748 5532 omnes-

132 5563 222 5634 que
247 5557 538 5627 ecclesias,
569 5564 628 5616 et
658 5563 865 5629 terras,
889 5566 947 5617 et
976 5577 1336 5634 quaecunque
1361 5578 1538 5634 supra
1558 5562 1750 5620 dictus

131 5633 270 5699 locus
297 5646 612 5706 Cluniacus
638 5649 868 5705 videtur
889 5649 1102 5708 habere
1123 5651 1182 5706 in
1207 5633 1334 5722 jam
1361 5633 1514 5706 dicto
1535 5651 1751 5724 episco-

132 5733 266 5796 Palu.
317 5736 376 5793 In
430 5737 726 5802 territorio
767 5753 899 5798 vero
956 5739 1287 5799 Divionensi
1333 5740 1567 5800 Curtem
1607 5741 1750 5803 ϐίη-ο

1865 4767 2117 4824 Uticensi
2133 4764 2560 4821 monasterium
2581 4761 2640 4817 in
2659 4761 2876 4816 honore
2894 4761 3078 4816 sancti
3094 4759 3316 4815 Petriet
3329 4759 3518 4817 sancti

1865 4855 2165 4912 Saturnini
2213 4854 2495 4919 dicatum,
2544 4869 2716 4923 super
2762 4851 2952 4922 ripam
2995 4848 3260 4905 Rhodani
3309 4848 3514 4918 situm,

1865 4962 1999 5001 cum
2021 4948 2211 5001 castro
2228 4940 2542 4997 colonellas
2561 4945 2617 4996 et
2637 4937 3055 5007 curteTulleta,
3081 4954 3216 4993 cum
3238 4937 3518 4994 omnibus

1865 5035 1934 5090 ad
1968 5051 2029 5090 se
2062 5031 2489 5105 pertinentibus
2538 5047 2606 5085 ex
2637 5034 2887 5101 utraque
2925 5031 3090 5100 parte
3121 5026 3411 5084 fluminis.
3454 5027 3518 5083 1n

1865 5123 2209 5179 Trecassino
2223 5121 2560 5193 episcopatu
2577 5118 2783 5174 cellam
2799 5119 2857 5173 in
2870 5118 3088 5174 honore
3107 5117 3513 5173 sanetiAman-

1863 5214 1921 5268 di
1939 5218 2356 5267 constructam.
2385 5212 2444 5264 ln
2465 5209 2804 5280 episcopatu
2821 5208 3092 5264 Arausico
3108 5205 3310 5263 cellam
3334 5205 3392 5259 in
3411 5205 3515 5261 ΡΟ-

1859 5301 1954 5357 dio
1973 5298 2250 5356 Odoleno.
2272 5297 2691 5354 Monasterium
2706 5297 2765 5354 in
2779 5297 2997 5353 honore
3010 5295 3193 5352 sancti
3212 5293 3512 5348 Pantaleo-

1858 5390 1952 5446 nis
1969 5390 2530 5452 constructum,cum
2547 5386 2820 5441 omnibus
2833 5382 3254 5457 pertinentibus
3266 5379 3335 5432 ad
3351 5395 3509 5432 eum.

1862 5480 1923 5535 In
1954 5476 2260 5548 Vapicensi
2284 5475 2630 5547 episcopatu
2650 5474 2855 5530 cellam
2872 5476 2929 5529 in
2953 5474 3167 5527 honore
3187 5465 3372 5521 sancti
3392 5469 3510 5521 An-

1858 5569 2007 5623 dreae
2051 5569 2448 5622 constructam
2488 5565 2613 5635 jam
2665 5564 2818 5619 dicto
2851 5553 3211 5617 Cluniacensi
3243 5554 3510 5611 coenobio

1860 5671 2199 5712 concessam
2227 5671 2260 5710 a
2281 5653 2543 5726 Rigaudo
2565 5651 2775 5708 clerico
2797 5667 2929 5707 cum
2953 5639 3370 5726 omnibusrsuis
3401 5657 3505 5715 ap-

1858 5743 2164 5818 pendiciis.
2201 5724 2642 5816 Cana—gobiense
2673 5754 2906 5816 quoque
2939 5724 3413 5790 monasteriolum
3447 5735 3508 5788 et
