3916 6368
358 385 475 447 807
1678 380 2038 444 VICTORIS

2083 381 2136 446 ΙΙ
2181 383 2427 444 ΡΑΡΛΕ.
3681 383 3810 450 808

356 521 578 570 curtom
617 512 1024 584 Valentiolam,
1077 521 1134 571 et
1162 517 1357 572 omnia
1387 532 1511 586 quae
1543 515 1764 568 videtur
1814 531 1988 584 supra
2021 515 2068 579 Α
2103 515 2232 569 hate
2255 516 2638 586 ejusdcmloci
2659 517 2938 573 invitatus
2955 517 3358 588 fuerit,venire
3375 519 3452 576 ad
3467 521 3804 592 agendum

357 605 548 659 dictus
579 604 740 659 locus
757 604 1070 659 Cluniacus
1087 609 1300 670 tenere,
1322 612 1376 658 et
1403 606 1556 676 quod
1581 604 1992 670 debethaLcI-e,

355 693 622 749 videlicet
649 693 719 749 de
750 694 962 765 quibus
995 694 1168 748 rebus
1209 694 1380 748 habet
1408 693 1778 748 donationem
1810 697 1864 746 et
1896 694 1990 746 dc-

354 782 758 854 scriptionem;
792 787 962 853 atque
995 783 1066 836 de
1103 781 1240 836 villa
1270 787 1326 836 et
1367 785 1563 836 Castro
1593 781 1900 846 Sarrianis,
1938 786 1994 834 et

353 871 424 926 de
455 871 730 926 omnibus
761 887 884 942 qua:
919 871 972 923 in
1021 871 1204 940 patria
1233 888 1358 940 quas
1393 876 1628 924 vocatur
1671 869 1989 931 Provincia,

353 959 548 1015 habet.
583 960 642 1014 ln
665 959 1062 1014 Valentinensi
1093 959 1429 1030 episcopatu
1455 959 1561 1013 hoc
1584 961 1736 1029 quod
1763 959 1992 1012 videtur

353 1048 567 1104 habere
596 1047 924 1104 Cluniensis
948 1046 1106 1101 locus
1131 1048 1186 1100 in
1215 1047 1350 1102 villa
1372 1065 1495 1118 quae
1518 1049 1728 1102 dicitur
1748 1048 1900 1112 Ales,
1935 1055 1989 1103 et

353 1137 410 1191 in
443 1135 739 1192 Montcsio.
776 1136 1191 1190 Monasterium
1215 1137 1408 1190 Sancti
1437 1136 1686 1191 Marcelli
1719 1139 1872 1208 quod
1901 1135 1986 1191 di-

351 1225 503 1280 citur
529 1225 598 1279 ad
627 1223 914 1280 Salcelum
936 1241 1068 1278 cum
1093 1223 1365 1279 omnibus
1389 1225 1748 1294 appendiciis
1765 1225 1846 1279 vel
1867 1241 1988 1296 per-

349 1313 612 1368 tinentiis
625 1313 770 1378 suis,
787 1314 1193 1384 etomniaquze
1215 1313 1442 1367 videtur
1463 1313 1672 1368 habere
1691 1315 1985 1385 ipselocus

346 1402 404 1456 in
435 1401 534 1457 illo
555 1401 910 1472 episcopatu.
937 1401 999 1454 In
1016 1401 1352 1472 episcopatu
1365 1401 1678 1456 Viennensi
1695 1407 1982 1458 monaste-

345 1491 501 1545 rium
531 1491 686 1562 quod
725 1495 962 1544 vocatur
1009 1491 1455 1555 Taderniacum,
1489 1507 1621 1545 cum
1671 1491 1814 1546 cella
1857 1509 1983 1563 quae

346 1579 560 1634 dicitur
587 1579 870 1640 Causella,
903 1583 960 1634 et
999 1577 1137 1634 villa
1176 1595 1300 1650 qua:
1349 1584 1586 1634 vocatur
1625 1580 1878 1642 Bracost,
1928 1585 1984 1635 et

345 1666 482 1722 villa
527 1682 670 1744 quaa-
705 1666 919 1720 dieitur
965 1665 1182 1730 Insula,
1219 1683 1350 1720 cum
1385 1668 1659 1721 omnibus
1698 1668 1979 1734 ecclesiis,

343 1752 498 1808 villis
528 1759 586 1808 et
614 1753 784 1808 terris
812 1770 938 1823 qum
967 1753 1194 1808 videtur
1221 1751 1568 1823 haberejam
1603 1755 1798 1809 dictus
1817 1755 1980 1810 locus

345 1843 402 1896 in
435 1841 730 1896 nominato
749 1841 1104 1912 episcopatu.
1144 1843 1204 1895 In
1237 1842 1572 1912 episcopatu
1599 1843 1972 1913 Lugdunensi
2003 1875 2048 1938 Β

342 1929 544 1986 cellam
577 1930 754 1984 beatae
785 1929 978 1983 Mariae
1010 1947 1134 2000 quae
1167 1930 1379 1984 dicitur
1407 1930 1722 1984 'l‘aluzatis.
1755 1931 1970 1986 Cellam

343 2016 676 2086 Polliacum,
701 2021 756 2072 et
772 2017 1036 2072 cellulam
1067 2017 1494 2085 Arthedunum;
1520 2018 1720 2072 cellam
1742 2035 1971 2089 quoque

339 2105 782 2162 Ambertensem
814 2121 946 2159 cum
986 2105 1265 2172 ecclesiis,
1297 2105 1470 2171 villis,
1503 2113 1556 2160 et
1579 2107 1750 2160 terris
1781 2107 1851 2160 ad
1884 2108 1970 2177 ip-

339 2211 463 2249 sam
502 2193 951 2265 pertinentibus.
983 2193 1196 2248 Cellam
1228 2211 1460 2264 quoque
1493 2195 1882 2258 Saviniaeum,
1915 2201 1972 2249 et

337 2288 558 2338 curtem
593 2281 1019 2346 Ambariacum,
1051 2281 1427 2336 etecclesiam
1459 2283 1654 2337 Sancti
1676 2282 1966 2346 Andreoli,

336 2374 393 2426 et
419 2368 726 2425 ecclesiam
757 2385 882 2439 quae
921 2375 1159 2423 vocatur
1190 2370 1620 2424 Adoretorium:
1655 2375 1874 2425 curtem
1899 2371 1969 2426 de

339 2449 638 2523 Romanis,
658 2455 1260 2523 oellamCavariacum;
1278 2456 1547 2512 cellulam
1571 2459 1964 2524 Luviniacum;

337 2545 532 2602 villam
561 2545 928 2600 Tusciacum.
970 2544 1183 2599 Omnes
1215 2562 1444 2616 quoque
1475 2546 1769 2611 ecclesias,
1803 2547 1967 2602 villas

337 2639 392 2688 et
421 2639 604 2688 terras
635 2650 762 2704 quae
793 2632 1144 2688 Wichardus
1173 2634 1428 2688 moriens
1460 2635 1645 2689 eidem
1677 2634 1799 2689 loco
1834 2636 1966 2689 Clu-

336 2722 526 2777 niensi
553 2719 821 2787 contulit,
855 2737 986 2775 cum
1011 2722 1283 2776 omnibus
1316 2739 1441 2792 quae
1473 2723 1697 2778 videtur
1725 2723 1964 2793 [tenere]

335 2810 706 2882 supradictus
727 2809 886 2864 locus
908 2809 964 2864 in
981 2811 1100 2878 jam
1115 2810 1268 2864 dicto
1289 2811 1644 2881 episcOpatu.
1675 2811 1964 2866 Monaste-

334 2899 484 2954 rium
510 2915 643 2954 vero
664 2899 1061 2954 Peterniacum
1088 2899 1158 2952 ab
1177 2898 1445 2953 Adeleide
1463 2900 1542 2952 im
1551 2899 1758 2970 peratri
1769 2917 1829 2954 ce
1851 2907 1964 2954 Au-

334 2991 506 3058 gusta
533 2991 956 3056 constructum,
998 2991 1055 3040 et
1085 3003 1118 3040 a
1151 2987 1410 3041 Conrado
1443 3003 1593 3056 rege,
1627 2993 1683 3041 et
1713 2988 1829 3042 filio
1861 3005 1966 3043 suo

341 3073 646 3144 Rodulpho
673 3089 804 3145 rege
838 3074 1023 3128 eidem
1047 3073 1340 3128 Cluniensi
1381 3074 1669 3140 Coenobio,
1695 3092 1794 3146 per
1825 3093 1964 3146 prae-

332 3166 500 3234 cepta
527 3160 746 3234 regalia
773 3161 1076 3230 traditum,
1109 3179 1243 3216 cum
1276 3162 1550 3217 omnibus
1584 3180 1710 3234 quae
1741 3164 1968 3218 videtur

337 3223 550 3306 habere
583 3223 642 3304 in
699 3223 1072 3321 Burgundia,
1111 3253 1168 3305 et
1207 3266 1338 3304 cum
1377 3223 1648 3306 omnibus
1696 3268 1821 3321 quae
1861 3253 1972 3323 ipsi
2005 3223 2046 3288 C

345 3337 698 3394 monasterio
721 3337 778 3392 in
797 3337 1316 3394 Alsatiadederunt
1337 3338 1712 3410 imperatores
1733 3342 1974 3411 Augusti

335 3427 596 3483 Ottenes.
619 3426 1034 3481 Monasterium
1069 3427 1225 3498 quod
1250 3427 1464 3481 dicitur
1490 3428 1814 3482 Romanum
1839 3446 1970 3483 eum

346 3515 619 3570 omnibus
649 3515 718 3570 ad
755 3531 815 3569 se
855 3515 1280 3586 pertinentibus
1311 3515 1438 3584 jam
1483 3515 1633 3569 dicto
1679 3516 1974 3572 Cluniensi

335 3603 616 3668 coenobio,
641 3607 698 3658 et
723 3603 826 3657 tibi
858 3603 1094 3674 tuisque
1133 3604 1572 3658 successoribus
1603 3604 1813 3660 habere
1843 3622 1972 3659 con-

333 3692 597 3746 cedimus
617 3690 676 3744 in
699 3695 1068 3762 perpetuum.
1097 3691 1522 3745 Conﬁrmamus
1553 3697 1608 3746 et
1638 3695 1970 3748 corrobora-

337 3797 468 3833 mus
499 3779 672 3834 etiam
706 3783 904 3834 nostra
923 3777 1242 3849 apostolica
1271 3780 1612 3833 auctoritate
1643 3779 1802 3834 illam
1835 3798 1967 3835 con-

336 3867 682 3922 venientiam
723 3883 898 3938 quam
933 3867 1066 3921 fecit
1115 3868 1366 3921 domnus
1407 3871 1570 3937 llugo
1620 3868 1966 3922 Genetrix-Fc

337 3955 595 4010 Ecclesia:
618 3956 944 4025 episcopus,
969 3955 1239 4008 laudante
1264 3961 1322 4009 et
1337 3955 1730 4010 consentiente
1754 3957 1967 4010 Πυιιυι-

337 4043 450 4114 pho
481 4059 611 4112 rege
629 4047 686 4096 et
706 4043 944 4098 domina
959 4041 1227 4097 Adeleide
1251 4042 1612 4113 imperatrice
1634 4045 1703 4098 de
1725 4045 1970 4100 ecclesia

337 4129 532 4185 Sancti
562 4130 812 4186 Victoris
857 4131 1147 4201 martyris,
1179 4147 1316 4185 cum
1345 4131 1618 4186 omnibus
1657 4133 1726 4186 ad
1781 4133 1966 4203 ipsam

338 4217 779 4290 pertinentibus.
813 4218 940 4272 Haec
961 4218 1157 4272 omnia
1177 4235 1356 4290 supra
1379 4219 1594 4290 scripta
1617 4220 1740 4274 loca
1759 4227 1814 4274 et
1841 4237 1966 4276 mo-

339 4305 592 4361 nasteria
619 4323 752 4360 cum
775 4305 957 4372 cellis,
977 4305 1256 4372 ecclesiis,
1288 4307 1568 4374 curtibus,
1593 4308 1762 4374 villis,
1795 4309 1965 4363 villu-

339 4394 429 4456 lis,
463 4397 644 4450 servis
667 4399 723 4450 et
753 4395 1000 4462 ancillis,
1032 4394 1214 4461 silvis,
1246 4395 1449 4462 vineis,
1483 4401 1724 4467 campis,
1762 4399 1965 4467 pratis,

337 4482 528 4554 aquis,
547 4500 897 4554 aquarumve
919 4483 1282 4552 decursibus,
1303 4489 1356 4539 et
1373 4484 1644 4538 omnibus
1669 4483 1834 4538 terris
1855 4485 1968 4539 rul-

2107 609 2440 674 prazsumat;
2465 606 2564 660 sed
2579 605 2752 661 liceat
2772 607 3073 663 monachis
3095 607 3286 680 ipsius
3309 607 3424 664 loci
3445 609 3806 680 cujuscun-

2104 709 2214 762 que
2231 693 2517 748 voluerint
2534 693 2914 750 ordinationis
2931 696 3179 766 gradum
3199 697 3512 768 suscipere
3533 697 3810 753 ubicun-

2103 795 2213 850 que
2244 781 2350 835 tibi
2385 783 2618 854 tuisque
2665 783 3104 840 successoribus
3157 783 3468 856 placuerit.
3521 785 3808 842 Abbates

2102 883 2354 938 namque
2373 869 2468 939 qui
2493 871 3140 942 consecrandiieruntdc
3155 873 3282 943 ipsa
3303 875 3808 946 congregatione

2101 971 2233 1009 cum
2277 956 2518 1011 consilio
2553 959 2797 1013 fratrum
2829 959 3222 1015 communiter
3239 959 3580 1032 eligantur,
3623 967 3690 1016 et
3725 963 3800 1016 ad

2097 1059 2196 1097 eos
2217 1047 2639 1101 consecrandos
2661 1063 3073 1120 quemcunque
3095 1047 3388 1103 voluerint
3410 1049 3796 1121 episcopum

2098 1133 2395 1188 advocent.
2431 1137 2820 1205 Quascunque
2857 1152 2990 1190 vero
3021 1143 3206 1192 terras
3250 1154 3408 1192 nunc
3465 1141 3678 1205 tenes,
3737 1144 3796 1194 et

2096 1237 2242 1290 quas
2272 1225 2331 1274 tu
2383 1222 2583 1292 tuique
2608 1239 2974 1278 successores
2997 1225 3300 1294 acquirere
3323 1225 3696 1297 potueritis,
3733 1227 3794 1282 in

2095 1314 2438 1378 perpetuum
2476 1311 2860 1381 possidendas
2891 1313 3270 1367 concedimus
3299 1313 3494 1369 vobis.
3535 1314 3606 1369 Si
3645 1315 3792 1386 quis

2093 1401 2286 1450 autem
2317 1397 2621 1453 temerario
2664 1417 2812 1454 ausu
2859 1399 3038 1470 (quod
3069 1399 3194 1454 fieri
3243 1417 3360 1456 non
3404 1402 3788 1475 credimus),

2093 1488 2293 1538 contra
2305 1484 2481 1554 hujus
2497 1491 2704 1540 nostra:
2719 1487 3048 1558 apostolica:
3061 1489 3540 1545 conﬁrmationis
3553 1492 3792 1548 seriem

2089 1573 2282 1627 venire
2314 1579 2415 1628 aut
2460 1591 2629 1644 agere
2661 1575 2984 1640 tentaverit,
3021 1577 3169 1631 sciat
3211 1593 3274 1632 se
3307 1577 3546 1632 domini
3583 1581 3790 1635 nostri

2089 1660 2483 1731 apostolorum
2511 1663 2790 1734 principis
2813 1663 2964 1718 Petri
2987 1665 3386 1720 anathematis
3411 1666 3672 1722 vinculo
3693 1668 3788 1723 in-

2091 1749 2390 1814 nodatum,
2417 1755 2624 1803 etcum
2647 1750 2877 1804 diabolo
2895 1751 3142 1822 ejusque
3165 1753 3570 1809 atrocissimis
3595 1773 3784 1827 pom-

2089 1837 2197 1906 pis,
2233 1841 2404 1906 atque
2427 1853 2559 1891 cum
2589 1838 2743 1892 Juda
2773 1839 3052 1894 traditore
3086 1841 3318 1896 Domini
3347 1845 3406 1896 et
3427 1841 3788 1900 Salvator-is

2079 1923 2261 1978 nostri
2273 1924 2410 1978 Jesu
2425 1925 2630 1979 Christi
2647 1925 2704 1980 in
2719 1931 2998 1982 internum
3013 1928 3210 1999 ignem
3227 1933 3790 2007 concremandum,

2089 2011 2383 2082 simulque
2415 2013 2471 2066 in
2495 2014 2828 2084 voraginem
2852 2020 3287 2087 tartareumque
3309 2018 3490 2074 chaos
3517 2021 3782 2077 demer-

2081 2115 2216 2154 sum
2249 2116 2382 2153 cum
2433 2101 2630 2171 impiis
2681 2102 3093 2158 deﬁciendum.
3127 2105 3238 2169 Qui
3271 2121 3402 2161 vero
3451 2111 3679 2164 custos
3717 2115 3786 2165 et

2079 2188 2415 2242 observator
2441 2189 2642 2258 ~hujus
2673 2191 2857 2244 nostri
2891 2191 3183 2263 privilegii
3215 2193 3516 2260 exstiterit,
3561 2195 3784 2251 bene-

2079 2273 2348 2329 dictionis
2382 2278 2628 2346 gratiam
2647 2281 2702 2331 et
2725 2278 2899 2333 vitam
2929 2283 3208 2335 aeternam
3231 2299 3266 2336 a
3287 2281 3568 2350 Domino,
3613 2301 3784 2341 con-

2081 2379 2178 2433 seq
2191 2369 2378 2418 uatur.
2413 2366 2562 2418 Bene
2593 2364 2794 2420 valete.

2149 2451 2359 2505 Datum
2411 2469 2472 2505 ιιι
2513 2452 2650 2506 Idus
2697 2453 2905 2508 Junius
2955 2472 3058 2526 per
3103 2471 3318 2511 manus
3359 2456 3776 2515 Hildebrandi

2079 2539 2394 2595 cardinalis
2454 2541 2798 2595 subdiaconi
2874 2548 3087 2596 sauciae
3161 2544 3504 2615 apostolica
3571 2549 3777 2616 sedis,

2085 2643 2236 2681 anno
2285 2627 2470 2698 primo
2521 2629 2718 2682 domni
2761 2629 3012 2685 Victoris
3049 2632 3294 2686 secundi
3333 2649 3526 2706 papa,
3563 2635 3778 2692 indic-

2077 2715 2236 2769 tione
2269 2733 2454 2770 nona.

2865 2832 2932 2886 II.

2156 2964 2329 3018 Victor
2355 2964 2408 3018 II
2433 2967 2718 3020 canonicos
2763 2965 3140 3044 Ferrarienses
3165 2967 3400 3044 tuendos
3429 2973 3694 3044 suscipit

2502 3055 2528 3090 υ
2551 3053 2793 3106 ρ”υηιηηε
2827 3037 2963 3092 bona
3001 3037 3314 3094 conﬁrmat.

2703 3171 2889 3238 (Anno
2915 3169 3100 3240 1055.)

2419 3298 2708 3369 [UGIIELLI,
2741 3301 2902 3356 Italia
2929 3317 3104 3372 sacra,
3139 3303 3206 3374 Il,
3238 3303 3394 3376 533.]

2151 3441 2364 3494 V'ic'ron
2391 3439 2718 3512 episcopus,
2743 3459 2946 3496 servus
2969 3459 3272 3499 servorum
3304 3445 3432 3512 Dei,
3459 3447 3770 3506 Gsnaano

2080 3529 2600 3599 archipresbytero,
2633 3533 2690 3583 et
2713 3529 2888 3584 Lsom
2913 3531 3349 3598 archidiacono,
3373 3534 3773 3610 reliquisque

2081 3617 2374 3671 canonicis
2404 3621 2458 3670 S.
2497 3617 2881 3672 Ferrariensis
2915 3619 3182 3674 Ecclesia:
3216 3621 3464 3694 suisque
3495 3641 3772 3682 succes-

2079 3705 2333 3766 soribus,
2369 3705 2425 3757 in
2461 3709 2827 3775 perpetuum.

2149 3793 2204 3846 Si
2234 3793 2412 3860 justis
2445 3809 2740 3847 servorum
2793 3795 2891 3848 Dei
2939 3795 3324 3865 petitionibus
3375 3798 3766 3858 satisfeceri-

2081 3897 2230 3940 mus.
2277 3880 2470 3950 procul
2505 3880 2681 3934 dubio
2711 3881 3030 3952 apostolica
3059 3890 3348 3956 precepts
3391 3902 3760 3946 servamus.

2079 3974 2438 4039 Quapropter
2463 3968 2727 4022 inclinati
2765 3970 3033 4039 precibus
3079 3973 3311 4038 vestris,
3351 3973 3454 4028 filii
3507 3975 3760 4034 charis-

2075 4057 2232 4122 simi,
2267 4057 2682 4110 conﬁrmamus
2714 4061 2888 4128 atque
2919 4059 3368 4118 corroboramus
3403 4063 3597 4128 vobis,
3641 4083 3755 4121 ve-

2071 4145 2326 4214 strisque
2346 4144 2777 4200 successoribus
2807 4147 3125 4212 canonicis,
3160 4151 3452 4221 quidquid
3485 4168 3596 4222 per
3619 4169 3750 4226 pa-

2075 4233 2271 4304 ginam
2315 4232 2706 4287 concessionis
2737 4237 2794 4288 et
2821 4234 3286 4292 confirmationis
3323 4239 3489 4306 juste
3526 4243 3760 4312 acqui-

2075 4320 2255 4386 sistis,
2307 4321 2394 4375 vel
2434 4320 2775 4392 acquisituri
2826 4323 2986 4390 estis,
3020 4327 3084 4377 ut
3114 4325 3296 4394 quieti
3341 4331 3398 4381 et
3427 4330 3636 4383 securi
3675 4331 3760 4386 ab

2075 4409 2232 4463 omni
2265 4408 2496 4463 laesione
2525 4425 2866 4479 permanere
2891 4409 3154 4466 valeatis.
3190 4413 3494 4470 Desiderio
3529 4416 3762 4489 itaque

2077 4511 2141 4548 ac
2175 4495 2437 4565 petitioni
2471 4500 2690 4560 vestrae,
2716 4501 2780 4549 ut
2807 4495 3086 4562 diximus,
3114 4499 3406 4566 inclinati,
3439 4517 3572 4574 vos,
3609 4521 3758 4560 ves-

341 4573 415 4627 tis
443 4575 501 4627 et
529 4572 766 4628 incultis
796 4573 866 4627 ad
895 4573 1262 4642 supradictas
1295 4579 1610 4642 poti-states
1635 4573 1970 4641 pertinenti-
2007 4584 2050 4646 ι)
2081 4591 2316 4652 trosque
2343 4598 2708 4638 successores
2737 4585 2846 4638 sub
2885 4590 3098 4640 nostra:
3129 4593 3320 4658 apost.
3367 4572 3762 4650 defensionis

339 4661 474 4726 bus,
491 4660 600 4732 ipsi
615 4659 738 4716 loco
754 4660 1069 4726 Cluniensi,
1087 4660 1309 4730 tibique
1325 4667 1382 4714 et
1404 4661 1516 4712 tuis
1537 4661 1972 4716 successoribus

342 4765 440 4819 per
477 4747 656 4819 hujus
689 4749 870 4804 nostri
907 4748 1190 4819 privilegii
1219 4747 1616 4802 auctoritatem
1660 4750 1972 4804 toneniiaet

344 4835 688 4905 possidenda
717 4837 1090 4892 concedimus
1115 4836 1170 4889 in
1195 4841 1534 4907 perpetuum
1561 4837 1674 4892 :ita
1692 4839 1753 4890 ut
1774 4836 1974 4892 nullus

340 4923 666 4994 dux,neque
693 4923 1216 4996 episcopus,neque
1247 4925 1458 4994 aliquis
1489 4925 1972 4996 princeps,neque

341 5011 611 5082 qualibet
631 5027 842 5082 magna
865 5027 1152 5081 parvaque
1171 5029 1414 5082 persona
1437 5013 1506 5066 de
1519 5015 1972 5080 praetbtis'omni-

343 5100 450 5156 bus
479 5101 652 5156 rebus
672 5103 726 5153 et
747 5098 1010 5166 decimis,
1035 5116 1159 5170 qua:
1193 5100 1334 5156 inibi
1368 5102 1652 5170 pertinere
1683 5101 1971 5171 videntur,

343 5189 553 5244 audeat
579 5185 1006 5252 molestare,vel
1035 5189 1374 5258 inquietare.
1411 5189 1640 5240 Necnon
1665 5188 1773 5242 sub
1798 5190 1972 5244 divini

332 5275 542 5348 judicii
573 5275 1034 5346 promulgatione
1055 5283 1112 5332 et
1129 5279 1270 5332 forte
1293 5275 1733 5338 contestatione,
1757 5283 1974 5332 contir-

345 5365 596 5420 matione
611 5368 668 5419 et
687 5363 1074 5420 anathematis
1105 5363 1510 5418 interdictione
1535 5363 1974 5420 corroborantes

342 5451 800 5516 decernimus,ut
816 5452 1010 5508 nullus
1023 5451 1329 5522 episcoPus
1344 5466 1442 5504 seu
1464 5448 1705 5520 quilibet
1719 5453 1978 5509 sacerdo-

347 5545 470 5592 tum
493 5537 550 5592 in
567 5539 766 5594 eodem
793 5538 1102 5594 venerabili
1125 5537 1384 5594 coenobio
1401 5554 1503 5607 pro
1529 5535 1724 5608 aliqua
1742 5541 1974 5596 ordina-

347 5623 524 5688 tione,
549 5639 650 5678 seu
663 5626 1094 5681 consecratione
1111 5624 1382 5690 ecclesiae,
1399 5625 1866 5696 presbyterorum
1887 5629 1976 5685 vel

351 5709 746 5780 dissonarum,
769 5712 1200 5786 minarumque
1217 5711 1624 5782 celebratione,
1641 5711 1754 5772 nisi
1775 5715 1846 5774 ab
1875 5719 1976 5776 ab-

2081 4671 2407 4726 munimine
2454 4671 2832 4742 suscipimus,
2867 4677 2923 4727 et
2970 4675 3121 4729 bona
3150 4677 3368 4742 omnia,
3411 4680 3762 4750 qumjuste

2081 4757 2276 4822 habet,
2325 4757 2410 4812 vel
2459 4757 2734 4813 habitura
2791 4765 2880 4814 est
2927 4761 3055 4832 ipsa
3109 4763 3410 4828 canonica,
3459 4766 3762 4824 videlicet

2079 4845 2298 4912 villam,
2334 4862 2460 4916 quae
2491 4847 2707 4901 dicitur
2744 4848 3111 4917 Quartisana,
3141 4855 3201 4904 et
3239 4851 3492 4906 fundum
3529 4864 3760 4913 contra

2081 4933 2324 5000 Padum,
2357 4939 2411 4988 et
2441 4933 2634 4990 locum
2682 4937 2911 5003 Guculi,
2943 4942 3000 4991 et
3029 4943 3205 5008 caput
3235 4939 3426 5006 Redae,
3463 4941 3754 5012 Baniolo,

2081 5027 2137 5077 et
2182 5021 2610 5088 Wartiaticum,
2663 5027 2716 5078 et
2767 5025 3013 5078 fundum
3067 5026 3366 5092 Pecorille,
3410 5032 3470 5082 et
3526 5037 3758 5089 cetera

2083 5127 2209 5180 qua}
2257 5110 2382 5180 jam
2431 5111 2595 5164 dictae
2641 5109 2893 5166 ecclesiae
2940 5113 3009 5166 ad
3050 5119 3274 5184 partem
3305 5117 3758 5176 canonioorum

2083 5197 2585 5268 pertinent,villas,
2619 5203 2824 5264 terras,
2857 5199 3074 5266 vincas,
3111 5207 3294 5272 prata,
3329 5219 3508 5274 agros
3543 5207 3758 5265 cultos

2081 5291 2138 5340 et
2182 5285 2453 5353 incultos,
2494 5301 2697 5356 aquas,
2741 5303 3146 5358 aquarumque
3195 5290 3506 5357 decursus,
3551 5295 3758 5365 pisca-

2081 5373 2290 5440 tiones,
2321 5373 2674 5440 venationes,
2722 5390 2820 5429 seu
2869 5375 3220 5444 molendina,
3267 5393 3489 5444 servos,
3545 5387 3612 5436 et.
3651 5401 3758 5439 an-

2081 5460 2268 5529 cillas,
2299 5461 2556 5517 aldiones
2587 5465 2644 5516 et
2661 5462 2946 5530 aldianas,
2973 5481 3075 5519 seu
3089 5469 3329 5520 cunctas
3355 5481 3451 5522 res
3475 5469 3756 5529 mobiles

2082 5553 2138 5604 et
2167 5549 2497 5604 immobiles
2545 5566 2670 5619 quis
2721 5551 2834 5606 dici
2877 5561 2933 5606 et
2971 5553 3262 5608 nominari
3295 5561 3580 5625 possunt,
3641 5577 3754 5616 seu

2083 5637 2370 5709 quidquid
2399 5642 2618 5706 tenent,
2663 5638 2982 5710 possident,
3028 5639 3248 5696 habent
3275 5647 3398 5696 tam
3441 5643 3520 5698 de
3571 5653 3760 5718 parte

2083 5723 2358 5796 ecclesiis,
2389 5740 2566 5806 quam
2603 5725 2677 5786 de
2695 5727 2840 5802 suis,
2867 5743 3228 5806 suorumque
3249 5733 3576 5810 parentum
3623 5733 3758 5804 ho-
