3952 6338
455 535 577 598 819

1779 528 2147 598 VICTORIS
2182 528 2236 593 Il
2279 529 2537 594 ΡΑΡᾸΞ.

3774 526 3875 590 820

455 671 716 743 invinere
740 686 969 743 semper
995 674 1304 737 mereatur,
1337 674 1393 729 et
1413 667 1567 745 apud
1591 687 1815 736 omnes,
1839 684 2104 741 quoeun-
2133 668 2191 737 Α
2219 664 2381 722 nium
2403 662 3405 738 obmlistis,dignumjudicavimus
3427 661 3877 734 annuerepreci-

455 778 570 834 que
590 777 825 817 necesse
847 760 1038 830 fuerit,
1062 761 1256 834 gloria:
1296 769 1496 817 vestris
1530 759 1739 815 solatia
1768 774 2090 829 consequa-

452 853 552 907 tur
570 866 635 906 ac
658 866 934 922 magnam
957 850 1013 904 in
1041 851 1202 905 vobis
1233 847 1973 906 consolationeminveniat
1998 865 2011 916 ;
2037 850 2095 900 et

453 955 527 994 ne
556 936 789 994 cuidam
818 938 1037 1008 injuste
1073 938 1259 1009 possit
1295 937 1593 991 afﬂictioni
1637 934 1721 990 vel
1771 934 2095 1007 gravamini

455 1027 777 1098 subjacere,
800 1026 1245 1098 magniﬁcentiae
1267 1030 1467 1081 vestrae
1490 1024 1774 1079 celsitudo
1798 1024 2091 1095 disponat.

453 1115 747 1179 Quantum
778 1118 1054 1186 praeterea
1083 1113 1536 1169 sollicitudinem
1569 1112 1721 1167 circa
1742 1110 2098 1166 monasteria

455 1202 796 1274 exhibeatis,
810 1218 877 1258 su
887 1219 987 1275 per
999 1201 1284 1275 religiosis
1298 1200 1755 1272 irreligiosisque
1770 1198 2094 1262 monachis,

454 1295 512 1347 et
531 1307 707 1363 quam
730 1292 1099 1363 omnipotens
1125 1297 1275 1345 Deus
1296 1291 1450 1361 apud
1477 1289 1744 1343 homines
1777 1288 1912 1342 inde
1933 1286 2098 1342 vobis

453 1379 700 1453 gloriam
731 1380 1038 1444 concessit,
1088 1383 1153 1433 ut
1193 1379 1305 1433 sub
1347 1378 1598 1432 tuitione
1645 1379 1837 1432 vestra
1867 1374 2097 1447 religio-

454 1468 611 1523 siora
639 1467 965 1523 consistant
993 1466 1274 1533 cmnobia,
1316 1466 1467 1536 quod
1523 1464 1854 1537 misericors
1884 1464 2036 1518 Deus
2066 1480 2100 1518 a

456 1571 573 1626 quo
594 1558 803 1611 cuncta
823 1555 975 1609 bona
997 1555 1318 1625 procedunt
1346 1552 1691 1625 multiplicet
1726 1553 1887 1607 vobis
1908 1569 2098 1623 usque

455 1642 517 1697 in
546 1643 703 1699 diem
749 1641 1172 1704 retributionis,
1224 1642 1498 1714 praedicto
1540 1642 1657 1697 filio
1706 1645 1905 1698 nostro
1951 1640 2097 1696 refe-

457 1734 639 1798 rente,
672 1731 1070 1804 cognovimus.
1100 1730 1301 1786 Eidem
1330 1746 1565 1802 quoque
1590 1730 1969 1794 monasterio,
2004 1728 2095 1783 cui

456 1823 682 1891 praeest,
699 1823 982 1891 quantum
1008 1819 1225 1891 profuit
1244 1823 1444 1883 vestrm
1470 1818 1698 1890 pietatis
1734 1818 2095 1890 magnitudo,

457 1908 818 1963 obsecrando
847 1914 906 1964 et
935 1907 1229 1979 arguendo
1261 1908 1488 1966 fratres.
1521 1908 1581 1962 et
1621 1907 1679 1960 in
1710 1907 1875 1961 villas
1917 1910 1975 1960 et
2003 1921 2098 1960 ec-

457 1994 664 2051 clesias
694 2012 830 2051 cum
862 1994 1233 2060 molendinis,
1264 2010 1516 2066 cumque
1540 1994 1718 2049 variis
1758 1994 1932 2048 rebus
1964 1994 2099 2048 red-

459 2084 672 2150 dendo,
702 2088 760 2139 et
788 2084 964 2139 etiam
1005 2085 1065 2138 in
1114 2083 1565 2141 reconstruendo
1606 2087 1813 2154 pontes
1843 2083 1916 2137 ad
1947 2082 2101 2137 idem

461 2172 791 2229 coenobium
825 2172 1198 2244 pertinentes,
1223 2188 1399 2241 super
1435 2172 1650 2243 quibus
1690 2172 1884 2241 plures
1905 2171 2100 2226 laetan-

459 2266 579 2328 tur,
597 2261 851 2317 maxime
869 2261 1049 2316 maris
1068 2258 1292 2316 insulas
1316 2260 1666 2326 habitantes,
1695 2258 1916 2314 scilicet
1948 2259 2102 2314 Scoti

459 2355 520 2406 et
554 2349 746 2422 Angli,
786 2353 844 2405 et
869 2348 1121 2425 qualiter
1137 2346 1465 2418 vosdnjusti
1491 2352 1831 2425 arguuntut
1859 2346 2102 2402 desista-

457 2437 557 2502 tis,
590 2453 724 2492 cum
763 2416 1123 2508 lacrymans”,2
1146 2440 1272 2490 tum
1303 2416 1579 2505 gaudens:
1608 2416 1775 2489 nobis
1818 2439 2101 2506 praesente

461 2524 783 2581 multorum
816 2524 1184 2580 attestatione
1200 2524 1497 2589 l.uarravit.
1534 2523 1696 2578 Unde
1725 2523 1932 2578 uberes
1972 2539 2101 2595 gra-

458 2613 576 2670 tias
605 2614 914 2670 referentes
938 2613 1212 2683 petimus,
1246 2628 1493 2683 quaeque
1524 2612 1913 2666 admonentur
1939 2611 2103 2666 vobis

459 2718 495 2758 a
522 2701 693 2758 bonis
722 2701 998 2773 cperibus
1037 2700 1294 2771 praeditis
1346 2698 1594 2755 libenter
1639 2701 1860 2761 audite.
1905 2700 2105 2755 devote

459 2789 634 2862 agite,
679 2789 741 2845 in
789 2789 1073 2844 memoria
1118 2792 1439 2854 reservate;
1474 2788 1613 2858 quia
1651 2788 1700 2842 si
1748 2804 1851 2859 pro
1887 2792 1996 2843 Deo
2028 2788 2104 2843 lo-

457 2883 704 2950 quentes
721 2876 956 2942 auditis,
981 2892 1084 2946 pro
1104 2876 1269 2930 vobis
1289 2882 1523 2931 orantes
1545 2876 1928 2947 Omnipotens
1948 2876 2100 2931 idem

457 2965 746 3021 exaudiet.
772 2964 1012 3035 Propter
1032 2965 1137 3019 hoc
1158 2964 1530 3034 omnipotens
1552 2968 1703 3018 Deus
1722 2964 1906 3018 bonos
1928 2980 2103 3035 quos-

461 3068 576 3125 que
604 3050 678 3107 ad
708 3051 1055 3123 populorum
1088 3050 1376 3121 regimina
1423 3050 1705 3121 perducit,
1752 3054 1815 3106 ut
1856 3069 1958 3121 per
2006 3068 2105 3109 eos

462 3139 739 3196 omnibus
759 3139 975 3211 quibus
998 3137 1217 3209 praelati
1239 3139 1475 3200 fuerint,
1498 3138 1650 3193 dona
1663 3155 1785 3194 suae
1801 3141 2105 3210 potestatis

463 3227 784 3300 impendat.
807 3226 998 3282 Facite
1019 3227 1171 3298 quod
1199 3225 1299 3281 Dei
1322 3229 1432 3291 est,
1473 3232 1529 3281 et
1566 3225 1722 3283 Dous
1746 3227 1916 3282 faciet
1947 3228 2103 3298 quod

459 3320 719 3373 vestrum
746 3318 854 3372 est.
886 3314 1271 3386 Omnipotens
1301 3314 1453 3370 Deus
1484 3330 1591 3369 sua
1620 3330 1721 3369 vos
1751 3315 2104 3387 protectione

2202 756 2313 811 bus
2328 756 2537 812 vestris
2551 760 2927 827 vestrumque
2954 772 3059 827 per
3079 754 3284 811 omnia
3300 752 3576 826 implere
3599 752 3877 810 affectum.

2202 846 2631 901 Contirmamus
2660 845 2858 917 igitur,
2904 850 3081 915 atque
3120 844 3453 900 beatorum
3486 839 3878 914 apostolorum

2204 933 2356 988 Petri
2386 938 2442 989 et
2472 933 2630 989 Pauli
2678 934 3025 991 auctoritate
3069 932 3273 1004 ipsum
3328 928 3783 986 monasterium
3818 929 3886 983 ita

2204 1023 2536 1094 specialiter
2554 1023 3027 1089 corroboramus,
3072 1024 3377 1093 quatenus
3423 1019 3593 1074 inter
3616 1018 3813 1090 prima
3839 1022 3886 1072 et

2205 1110 2533 1183 apostolica
2564 1111 2722 1167 sedis
2753 1111 3097 1183 pontiﬁcem
3130 1113 3189 1166 et
3217 1107 3601 1163 venerabilis
3632 1105 3742 1162 loci
3768 1106 3887 1161 Vin-

2205 1199 2541 1256 docinensis
2556 1200 2829 1257 abbatem
2843 1199 3007 1255 nulla
3027 1200 3457 1270 cujuscunque
3473 1194 3787 1269 dignitatis
3804 1194 3877 1250 vel

2205 1288 2426 1344 ordinis
2457 1305 2706 1359 persona
2737 1288 2832 1356 sit,
2866 1288 3062 1344 media
3092 1287 3419 1343 habeatur.
3458 1285 3635 1351 Quod
3675 1284 3727 1340 si
3758 1285 3886 1339 torte

2206 1377 2510 1448 contigerit
2533 1377 2791 1450 legatum
2844 1377 3125 1433 Romanae
3174 1374 3489 1442 Ecclesia,
3546 1372 3879 1447 praedictum

2206 1467 2355 1522 beati
2392 1466 2537 1522 Petri
2572 1465 2763 1522 locum
2795 1466 3052 1531 visitare,
3086 1464 3164 1520 ibi
3200 1480 3339 1519 cum
3381 1463 3556 1519 omni
3613 1461 3883 1517 charitate

2206 1555 2581 1626 suscipiatur,
2613 1561 2671 1611 et
2699 1555 2755 1609 in
2789 1558 3077 1626 quantum
3112 1552 3496 1625 possibilitas
3531 1550 3645 1606 loci
3681 1551 3880 1623 permi-

2207 1644 2367 1708 serit,
2417 1661 2544 1716 quse
2591 1643 2817 1715 corpori
2860 1647 3036 1699 erunt
3097 1641 3450 1697 necessaria
3496 1640 3554 1695 ei
3605 1639 3883 1695 subminio

2207 1736 2466 1787 strentur
2494 1749 2528 1787 a
2559 1732 2859 1787 fratribus.
2890 1731 3022 1802 Ipse
3053 1746 3190 1785 vero
3220 1730 3283 1783 in
3318 1729 3546 1785 eodem
3590 1727 3722 1783 loco
3752 1724 3882 1781 nihil

2208 1835 2312 1892 per
2337 1836 2401 1875 se
2428 1819 2513 1876 vel
2547 1820 2834 1891 corrigere
2864 1804 3210 1887 audeat,'vel
3237 1817 3566 1874 occasione
3586 1815 3882 1888 legationis

2207 1912 2490 1963 rectorem
2511 1906 2623 1962 loci
2650 1908 2770 1963 sive
2792 1907 3005 1963 fratres
3028 1905 3352 1962 molestare
3392 1908 3750 1977 praesumat.
3782 1901 3881 1957 Sed

2202 1996 2413 2068 siquid
2439 1996 2649 2052 viderit
2669 1996 3083 2069 corrigendum
3120 2011 3288 2066 papae
3322 1993 3547 2049 litteris
3589 1992 3879 2048 notiﬁeare

2210 2084 2428 2153 licebit,
2460 2086 2519 2139 in
2551 2085 2720 2156 cujus
2751 2085 2941 2141 solius
2978 2087 3268 2156 potestate
3297 2083 3499 2154 ipsius
3543 2080 3877 2137 monasterii

2209 2173 2499 2229 ordinatio
2528 2173 2651 2229 sive
2690 2173 2970 2229 correctio
3021 2172 3305 2228 universa
3353 2169 3649 2226 consistit.
3682 2167 3877 2224 Abbas

2211 2265 2405 2317 autem
2439 2261 2540 2334 qui
2568 2261 2884 2316 alodiarius
2932 2262 3211 2317 Romana
3262 2258 3545 2314 Ecclesiae
3596 2254 3875 2317 noscitur,

2211 2352 2282 2405 ad
2330 2349 2643 2406 concilium
2691 2355 2948 2415 coactus,
3012 2364 3120 2405 nec
3184 2348 3412 2414 veniat,
3465 2363 3575 2403 nec
3619 2348 3868 2410 vocetur,

2211 2439 2363 2509 quod
2399 2439 2472 2494 ab
2505 2438 2630 2510 ipso
2660 2438 2990 2510 apostolicae
3013 2438 3175 2493 sedis
3197 2451 3444 2493 summo
3466 2433 3743 2507 pontiﬁce
3764 2448 3869 2487 non

2211 2527 2384 2581 fuerit
2427 2526 2804 2591 celebratum,
2853 2526 2954 2580 sed
3001 2529 3257 2580 matrem
3322 2540 3505 2580 suam
3558 2523 3868 2578 Romanam

2210 2615 2525 2670 Ecclesiam
2548 2632 2650 2687 per
2669 2631 2732 2670 se
2753 2613 2838 2669 vel
2866 2631 2968 2687 per
2988 2614 3271 2669 nuntium
3295 2629 3481 2669 suum
3503 2611 3742 2667 visitare
3763 2615 3872 2663 stu-

2211 2704 2364 2772 deat,
2400 2703 2596 2776 ibique
2625 2702 2876 2776 singulis
2895 2703 3068 2758 annis
3088 2718 3363 2768 censum,
3386 2700 3707 2757 duodecim
3726 2696 3869 2753 scili-

2212 2797 2301 2847 cet
2331 2791 2547 2848 solidos
2578 2810 2697 2848 sure
2728 2794 2972 2847 monetae
3003 2792 3073 2846 ad
3109 2791 3537 2853 concinnanda
3565 2785 3865 2843 luminaria

2212 2885 2345 2936 ante
2373 2880 2702 2936 venerabile
2732 2897 2943 2952 corpus
2986 2879 3314 2935 beatissimi
3368 2879 3535 2935 Petri
3571 2874 3861 2949 persolvat.

2213 2969 2493 3024 Praeterea
2512 2969 2829 3024 statuimus
2844 2974 2928 3037 ut,
2947 2969 3224 3024 defuncto
3239 2968 3463 3023 abbate
3476 2963 3861 3038 congregatio-

2214 3057 2305 3113 nis
2328 3057 2535 3129 ipsius,
2558 3074 2861 3114 successor
2885 3057 2933 3113 ei
2956 3056 3211 3131 eligatur
3231 3056 3304 3111 de
3324 3058 3540 3112 eadem
3566 3067 3858 3127 congrega-

2211 3146 2387 3214 tione,
2412 3146 2696 3219 s'ydignus
2724 3145 3436 3219 praelationeinveniatur.
3461 3144 3630 3209 Quod
3649 3142 3695 3199 si
3717 3139 3856 3213 apud

2212 3251 2311 3289 eos
2341 3252 2458 3290 non
2487 3234 2657 3291 fuerit
2685 3235 2976 3302 inventus,
3011 3235 3168 3307 quod
3199 3233 3375 3302 absit,
3414 3251 3455 3290 a
3483 3231 3754 3289 Cluniaco
3782 3227 3860 3283 vel

2212 3339 2245 3377 a
2276 3323 2480 3395 Majori
2521 3324 2894 3392 monasterio,
2943 3322 3032 3379 vel
3078 3323 3483 3394 undecunque
3530 3319 3749 3378 melius
3769 3331 3856 3388 po-

465 3420 597 3461 eum
629 3403 766 3460 filiis
784 3409 843 3461 et
861 3403 1229 3476 omnijdomo
1258 3409 1447 3458 vestra
1481 3403 1552 3458 ab
1575 3405 1731 3458 omni
1756 3404 2101 3459 adversitate
2131 3392 2174 3458 C
2212 3392 2447 3479 tulerint,
2480 3411 2747 3467 monachi
2785 3412 2898 3468 sibi
2943 3411 3164 3485 eligant
3209 3392 3490 3467 abbatem
3548 3405 3857 3467 secundum

453 3496 689 3550 tueatur
716 3497 890 3565 atque
914 3492 1225 3559 custodiat,
1255 3492 1534 3563 vobisque
1556 3498 1613 3548 et
1644 3493 1949 3563 praesentis
1969 3494 2113 3573 vitta

454 3582 901 3654 presperitatem
933 3586 989 3637 et
1017 3581 1277 3636 laetitiam
1308 3581 1516 3636 futurae
1549 3582 1845 3636 concedat.

453 3785 617 3842 Bulla
671 3786 895 3842 Victoris
948 3785 1001 3840 ΙΙ
1047 3800 1148 3857 pro
1211 3696 1671 3865 ίξὲῐάοεὶηοηεηςθ
1741 3788 2090 3873 monastqio.

1025 3890 1207 3961 (Anno
1240 3890 1519 3961 l055-57.)
2026 3970 2037 3979 .

520 3998 684 4071 [GalL
719 3997 944 4066 Christ,
977 4001 1119 4053 tom.
1148 3997 1298 4066 VIII,
1350 3997 1654 4093 Instrum‘”
1704 4016 1836 4071 pag.
1871 4001 2018 4072 418.]

523 4117 737 4169 νισι-οη
779 4113 1112 4183 episeOpus,
1172 4129 1376 4167 servus
1418 4128 1715 4168 servorum
1767 4114 1888 4176 Dei,
1937 4116 2089 4171 GAU-

448 4217 632 4257 rasno
676 4200 990 4258 venerabili
1033 4198 1232 4255 comiti
1267 4201 1732 4271 Andegavorum,
1785 4208 1842 4256 et
1884 4206 2088 4274 Agneti

446 4288 758 4346 comitissae
786 4289 1020 4361 conjugi
1052 4290 1201 4359 ejus,
1232 4289 1481 4344 salutem
1513 4295 1570 4345 et
1591 4290 1967 4362 apostolicam
1996 4294 2090 4348 be-

444 4377 856 4437 nedictionem.

514 4467 801 4546 omnibus
822 4466 969 4523 votis
990 4484 1116 4538 quae
1139 4467 1209 4522 de
1230 4483 1374 4538 puro
1396 4475 1453 4522 et
1468 4467 1627 4535 justo
1650 4467 1936 4524 desiderio
1962 4486 2086 4540 pro-

440 4557 674 4625 cedunt,
707 4572 1046 4613 succurrere
1068 4573 1174 4613 nos
1205 4556 1414 4611 debere
1443 4556 1572 4627 ipsa
1590 4556 1909 4627 apostolica
1939 4573 2081 4613 cen-

438 4660 579 4702 sura
614 4662 935 4703 movemur.
967 4647 1192 4710 Quanto
1223 4645 1379 4700 enim
1416 4646 1667 4716 quisque
1720 4644 1872 4701 alius
1914 4647 2082 4702 offert

2206 3501 2308 3557 Dei
2338 3498 2606 3556 timorem
2638 3506 2696 3556 et
2723 3500 2873 3556 beati
2908 3500 3204 3556 Benedicti
3233 3498 3534 3571 regulam,
3584 3503 3773 3553 tamen
3803 3490 3853 3545 in

2204 3589 2470 3662 eligendo
2503 3588 2612 3644 sibi
2646 3593 2876 3660 pastore
2904 3589 3085 3645 trium
3117 3587 3401 3643 abbatum
3426 3585 3678 3644 concilio
3705 3587 3856 3638 utan-

2204 3681 2324 3745 tur,
2354 3694 2501 3750 quos
2532 3677 2922 3748 religiosiores
2946 3678 3005 3731 in
3037 3675 3247 3732 vicinis
3283 3675 3432 3730 locis
3466 3673 3729 3731 invenire
3758 3685 3848 3741 po-

2204 3766 2441 3821 tuerint.
2498 3765 2999 3821 Consecrationem
3042 3781 3197 3832 vero,
3249 3779 3323 3819 ne
3357 3765 3566 3820 statim
3618 3762 3848 3817 Romam

2201 3854 2396 3909 venire
2426 3852 2715 3927 fatigetur,
2748 3853 2966 3908 electus
2998 3868 3033 3907 a
3061 3851 3409 3908 Carnotensi
3454 3848 3709 3924 praesule
3736 3847 3853 3902 sine

2201 3941 2361 3997 omni
2393 3941 2773 4012 subjectione,
2801 3940 2890 3995 vel
2920 3940 3185 4011 qualibet
3204 3940 3532 4008 exactione,
3558 3934 3852 4007 suscipiat.

2199 4031 2250 4086 si
2274 4029 2481 4102 praesul
2504 4030 2657 4085 idem
2680 4028 2955 4084 canonice
2980 4028 3389 4100 episcopatum
3432 4023 3777 4098 susceperit,
3802 4025 3855 4075 et
3950 4028 3952 4041 '

2201 4119 2248 4174 si
2281 4135 2418 4191 erga
2446 4117 2612 4172 illurn
2648 4118 2796 4172 beati
2831 4110 2982 4172 Petri
3012 4116 3207 4173 locum
3236 4133 3305 4172 se
3354 4115 3712 4172 malevolum
3745 4125 3849 4165 non

2197 4206 2524 4262 exhibuerit
2552 4205 2636 4260 vel
2682 4211 3044 4276 suspectum,
3096 4204 3328 4277 aliquin
3381 4205 3457 4261 ad
3507 4219 3615 4260 nos
3662 4198 3745 4255 vel
3783 4197 3849 4253 ad

2198 4299 2431 4350 nostros
2462 4309 2829 4349 successores
2868 4299 3130 4348 recurrat
3160 4297 3216 4349 et
3247 4309 3283 4348 a
3312 4294 3455 4349 sede
3506 4289 3659 4349 beati
3685 4285 3847 4350 Petri.

2197 4383 2367 4452 cujus
2397 4388 2485 4438 est
2509 4382 2685 4451 juris,
2719 4380 2995 4437 baculum
3028 4386 3085 4435 et
3125 4381 3637 4439 consecrationem
3667 4374 3849 4433 susci-

2195 4471 2336 4543 piat.
2368 4471 2644 4526 Ordinato
2674 4484 2806 4523 vero
2840 4470 3071 4535 abbate,
3120 4470 3418 4542 quomodo
3471 4467 3562 4525 vel
3612 4462 3850 4538 qualiter

2194 4559 2370 4614 fuerit
2395 4560 2546 4614 facta
2577 4558 2868 4612 ordinatio
2898 4557 3179 4614 studeant
3233 4563 3353 4613 tam
3404 4559 3651 4615 abbates
3681 4565 3845 4624 quam

2192 4647 2365 4703 etiam
2397 4647 2667 4702 monachi
2699 4646 2967 4714 ejusdem
2988 4645 3098 4701 loci
3133 4663 3300 4719 papa
3323 4646 3540 4703 litteris
3563 4643 3844 4699 intimare.

438 4734 637 4791 oculos
668 4735 884 4791 mentis
910 4736 982 4790 ad
1015 4734 1221 4789 divina
1253 4732 1501 4805 speciem
1548 4734 2076 4805 contemplationis,
2110 4755 2154 4820 ι)
2192 4740 2257 4791 ut
2278 4741 2379 4791 aut
2399 4736 2687 4802 emendet,
2713 4734 2763 4789 si
2787 4750 2937 4806 opus
2962 4734 3136 4789 fuerit
3167 4736 3638 4798 emendandum,
3676 4734 3773 4784 aut
3802 4725 3847 4781 si

435 4824 598 4877 tanto
628 4838 736 4878 nos
764 4822 893 4892 ejus
937 4820 1320 4877 intentionem
1370 4821 1692 4877 studiosius
1730 4822 1991 4878 animare
2020 4830 2075 4880 et

436 4908 690 4965 exaltare
709 4896 1012 4981 debemus,
1031 4909 1179 4964 utad
1201 4907 1366 4964 illum
1386 4910 1483 4981 qui
1499 4916 1583 4966 est
1599 4911 1823 4967 fructus
1844 4916 1901 4966 et
1922 4928 2071 4967 mer-

434 5011 530 5052 ces
559 5011 802 5067 operum
833 4996 1121 5053 bonorum
1151 4996 1337 5068 possit
1374 4999 1671 5068 pervenire
1721 5000 2072 5057 desiderium

432 5083 676 5139 bonum.
715 5085 789 5138 At
817 5100 943 5150 vos,
968 5083 1066 5138 ﬁlii
1096 5084 1449 5152 charissimi,
1472 5087 1611 5158 quia
1635 5088 1975 5144 decrevistis
1999 5090 2072 5145 ab

431 5172 774 5229 auctoritate
829 5172 987 5229 sedis
1044 5173 1335 5240 Romanae,
1385 5174 1479 5229 cui
1527 5175 1642 5231 Deo
1692 5177 2072 5247 praesidemus

429 5265 684 5343 auctore,
734 5260 985 5334 supplici
1036 5262 1338 5343 devotione
1387 5267 1580 5334 petere
1637 5270 1692 5318 et
1755 5264 2070 5337 pastulare,

428 5342 720 5424 quatenus
767 5350 1086 5425 apostolica
1131 5342 1341 5407 virtute
1388 5351 1890 5413 conﬁrmaremus,
1930 5359 1999 5407 .et
2042 5373 2076 5410 a

427 5440 654 5496 cunctis
683 5439 990 5497 hominum
1022 5440 1308 5512 personis,
1343 5437 1455 5492 nisi
1486 5454 1521 5490 a
1548 5436 1671 5492 solo
1695 5438 1895 5509 primae
1919 5444 2074 5499 sedis

425 5527 715 5599 pontifice,
738 5528 987 5585 liberum
1030 5530 1352 5584 faceremus
1394 5525 1816 5580 monasterium
1846 5528 2073 5586 Sanctae

425 5613 727 5673 Trinitatis
755 5618 907 5689 apud
948 5622 1205 5674 castrum
1228 5613 1649 5670 Vindocinense
1685 5614 1888 5682 situm,
1919 5621 2074 5689 quod

427 5701 649 5759 scilicet
668 5704 739 5759 de
759 5705 966 5759 vestris
988 5705 1157 5758 bonis
1190 5703 1261 5758 de
1300 5716 1444 5757 novo
1486 5701 1795 5770 fundastis,
1830 5709 1886 5759 et
1905 5706 2072 5763 beato

429 5789 598 5845 Petro
617 5789 861 5861 ejusque
882 5790 1323 5845 successoribus
1352 5789 1411 5843 in
1435 5787 1692 5845 alodium
1718 5797 1774 5845 et
1800 5793 2073 5863 patrimo-

2187 4824 2360 4879 fuerit
2376 4823 2699 4880 secundum
2716 4826 2986 4878 nostrum
3011 4823 3314 4879 decretum
3338 4821 3495 4879 facta
3516 4819 3718 4879 electio
3734 4814 3844 4871 sive

2182 4912 2491 4977 ordinatio,
2526 4912 2676 4965 bono
2723 4910 2918 4966 studio
2967 4909 3436 4983 eongratuletur.
3488 4907 3638 4965 Illud
3676 4905 3838 4961 etiam

2182 4999 2554 5072 praecipimus
2566 5003 2631 5054 ut
2644 5014 2839 5055 comes
2855 4999 2977 5053 And
2987 4997 3296 5071 egavensis
3317 4997 3391 5054 ab
3405 4997 3570 5054 omni
3590 5000 3840 5064 tempore
3858 5028 3873 5045 ν

2181 5090 2260 5144 sit
2278 5090 2345 5143 ad
2351 5090 2509 5159 jutor
2530 5092 2587 5143 et
2607 5087 2874 5142 defensor
2912 5085 3368 5143 Vindocinensis
3400 5079 3739 5143 monasterii
3769 5075 3835 5133 ad

2182 5176 2461 5234 honorem
2495 5176 2826 5247 apostolica!
2859 5174 3038 5241 sedis,
3072 5175 3201 5247 ipse
3229 5180 3434 5233 tamen
3480 5171 3568 5230 vel
3599 5166 3838 5242 quilibet

2181 5282 2521 5322 sueccssoru
2535 5281 2585 5319 m
2605 5262 2827 5318 nullam
2842 5263 3206 5319 exactionem
3221 5262 3342 5319 sive
3358 5256 3830 5320 consuetudinem

2183 5354 2541 5411 monasterio
2570 5351 2659 5407 vel
2691 5352 3031 5408 monasterii
3062 5353 3240 5409 rebus
3271 5352 3514 5418 inferat,
3547 5364 3653 5406 nec
3678 5346 3734 5400 in
3755 5341 3833 5398 eis

2183 5442 2403 5515 aliquid
2456 5441 2751 5495 vindicare
2794 5450 3134 5512 praesumat,
3189 5446 3402 5513 prmter
3453 5431 3827 5513 patrocinium

2184 5532 2405 5600 solum,
2429 5528 2582 5601 quod
2615 5528 2665 5582 ei
2697 5529 2769 5583 ad
2801 5528 3083 5586 honorem
3113 5528 3447 5602 apostolicae
3495 5525 3653 5584 sedis
3681 5524 3736 5576 et
3762 5515 3826 5572 ad

2184 5620 2395 5676 anima:
2423 5634 2543 5673 sua:
2574 5614 2825 5673 salutem
2857 5617 3132 5675 exhibere
3172 5615 3538 5691 permissum
3585 5615 3689 5669 est.
3719 5606 3824 5663 Hoc

2183 5708 2359 5763 etiam
2393 5705 2705 5776 adjicimus
2737 5710 2802 5760 ut
2823 5709 2943 5761 tam
2966 5707 3026 5762 in
3052 5704 3475 5762 Vindocinensi
3496 5704 3642 5768 loco,
3660 5709 3823 5770 quam

2184 5796 2244 5850 in
2266 5794 2461 5850 Sancti
2484 5793 2802 5850 Salvatoris
2816 5794 2980 5865 juxta
2998 5793 3328 5867 Andegavis
3343 5810 3554 5852 muros
3575 5782 3820 5848 ecclesia.
