3898 6430
339 555 458 618 215

1253 547 1316 609 s.
1366 520 1766 608 BItUNONIS
1811 519 2432 601 HEHBIPOLENSIS
2475 531 2854 596 EPISCOPI.

3644 519 3759 584 216

321 646 388 764 ι(ι
411 689 569 747 Joan.
601 685 685 760 ιι).
709 655 1102 742 Contexerunt
1129 682 1382 755 quidem.
1400 679 1500 738 sed
1524 678 1662 752 quia
1692 676 1788 733 lux
1809 692 1992 742 cram,
2025 673 2079 742 Α
2107 670 2252 728 talia
2279 670 2462 726 fuisse
2493 667 2974 738 commissa,quae
3018 660 3108 718 lex
3137 657 3336 718 divina
3363 656 3688 725 damnavit,
3716 655 3758 712 Η

345 795 464 834 non
496 775 1086 849 comprehenderunt.

379 868 415 924 6
486 867 552 923 Et
577 866 701 922 dixi
727 883 749 920 :
781 865 912 934 Quis
963 862 1113 919 dabit
1159 861 1300 918 mihi
1343 875 1552 932 pennas
1578 864 1634 925 σί-
1673 858 1812 915 sicut
1851 863 1866 920 ζ
1909 871 1998 912 co-

565 947 764 1002 lumba
795 963 815 1002 :

489 1029 557 1084 Et
583 1026 771 1083 volabo
803 1029 856 1082 et
887 1025 1256 1096 requiescam?

421 1117 464 1173 C
485 1115 626 1183 Quis
649 1114 810 1172 dabit
834 1113 1000 1181 mihi,
1023 1111 1244 1168 scilicet
1265 1111 1376 1167 nisi
1406 1116 1465 1166 tu
1491 1111 1658 1166 Pater
1679 1107 1778 1181 qui
1801 1107 2005 1163 huma-

353 1223 490 1265 nam
511 1208 783 1262 naturam
805 1204 878 1260 ad
900 1201 1179 1258 cmlorum
1214 1217 1393 1274 regna
1415 1199 1706 1273 perducis.
1731 1199 1940 1254 Pennas
1971 1213 2006 1250 a

351 1294 628 1371 pendendo
685 1293 871 1350 dictae.
921 1290 1146 1364 Inspice
1202 1306 1335 1346 vero
1393 1290 1548 1362 quod
1608 1305 1830 1360 pennas
1888 1302 2006 1341 non

352 1383 582 1458 aquilae,
616 1399 730 1440 non
752 1380 1046 1454 accipitris
1065 1380 1370 1453 petiit,sed
1395 1378 1832 1449 columhzn,quzc
1855 1375 2010 1430 dicta

353 1479 441 1534 est
470 1473 639 1547 quasi
682 1471 838 1528 cellae
883 1470 1143 1538 alumna,
1178 1469 1300 1524 avis
1340 1469 1644 1534 innocens,
1679 1471 2006 1530 mansueta,

355 1581 480 1637 qua
511 1563 572 1618 in
603 1560 832 1618 nullum
877 1559 1094 1616 animal
1137 1559 1317 1614 fellita
1346 1557 1641 1613 voluntate
1685 1554 2010 1625 consurgit,

358 1652 566 1708 merito
595 1650 755 1708 illius
785 1667 1008 1723 pennas
1027 1648 1299 1704 Christus
1331 1646 1514 1720 petiit,
1539 1645 1599 1701 in
1628 1645 1798 1716 cujus
1821 1643 2013 1715 specie

360 1757 540 1814 super
573 1757 706 1796 eum
754 1738 1006 1811 Spiritus
1055 1741 1296 1794 sanctus
1347 1735 1620 1809 apparuit
1651 1735 1871 1804 (Matth.
1905 1735 2011 1799 ιιι).

359 1829 604 1897 Volabo,
626 1828 684 1884 id
715 1833 806 1884 est
833 1826 1134 1884 celerrima
1165 1843 1256 1882 me
1282 1825 1578 1882 voluntate
1607 1828 2013 1895 transponam,

365 1922 430 1974 ut
457 1919 532 1974 ab
571 1934 773 1973 eorum
831 1917 1142 1990 iniquitate
1172 1915 1475 1988 quiescam
1525 1913 1624 1986 qui
1671 1928 1766 1968 me
1824 1928 2015 1984 perse—

366 2010 648 2081 quuntur‘
681 2005 902 2064 scilicet
930 2006 1290 2062 Judaeorum.

398 2100 435 2152 7
509 2098 640 2152 Ecce
666 2097 919 2168 elongavi
944 2096 1180 2167 fugiens.

509 2180 577 2234 Et
603 2179 788 2233 mansi
814 2177 876 2231 in
901 2175 1214 2231 solitudine.
1246 2174 1584 2245 Diapsalma.

441 2268 488 2324 Η
519 2268 662 2324 Ecce
691 2263 953 2338 elongavi
977 2281 1012 2320 a
1039 2263 1280 2330 Judaeis,
1304 2261 1528 2318 scilicet
1566 2261 1707 2334 quia
1736 2260 1906 2334 longe
1936 2266 2026 2317 est

371 2375 405 2413 ιι
436 2354 841 2430 peccatoribus
873 2351 1055 2409 salus.
1087 2353 1160 2408 Et
1205 2368 1339 2407 cum
1386 2351 1660 2423 gentibus
1708 2349 2026 2407 incredulis

373 2445 587 2511 mansi,
613 2462 760 2518 quas
791 2443 850 2498 in
885 2443 1134 2499 adventu
1169 2457 1298 2496 meo
1324 2441 1528 2496 ﬂorere
1557 2440 1683 2495 feci.
1709 2440 1788 2495 De
1813 2439 2027 2513 quibus

374 2535 528 2592 alius
585 2534 668 2590 ait
723 2531 1056 2605 propheta:
1090 2531 1342 2586 Laetetur
1379 2534 1435 2586 et
1483 2530 1684 2586 ﬂoreat
1731 2531 2026 2585 desertum

378 2623 530 2696 (lsai.
553 2620 750 2693 xxxv).

415 2712 450 2766 8
523 2710 915 2782 Exspectabam
941 2725 1067 2765 eum
1095 2711 1194 2781 qui
1219 2709 1429 2764 salvum
1459 2725 1545 2764 me
1571 2709 1700 2779 fecit
1727 2727 1746 2764 :

524 2790 564 2845 Α
589 2789 1054 2862 pusillanimitate
1081 2790 1313 2861 spiritus
1340 2793 1392 2845 et
1426 2796 1755 2861 tempestate.

455 2879 497 2936 Ο
527 2878 874 2936 Pronuntiat
901 2877 1054 2934 enim
1096 2895 1159 2934 se
1196 2877 1532 2950 praesidium
1564 2881 1896 2950 exspectare
1925 2877 2031 2934 Pa-

384 2967 512 3036 tris,
528 2967 628 3042 qui
657 2983 792 3025 eum
815 2971 1038 3040 poterat
1059 2985 1093 3024 a
1113 2983 1387 3040 corporea
1417 2966 1757 3022 infirmitate
1786 2966 2030 3032 salvare,

385 3062 443 3115 et
472 3057 612 3131 quia
655 3057 928 3132 superius
976 3057 1122 3113 dixit
1166 3073 1295 3113 esse
1340 3057 1666 3123 turbatura,
1699 3056 1828 3112 ideo
1877 3073 2032 3112 nunc

367 3145 598 3204 'modici
637 3145 820 3203 animi
867 3162 994 3204 esse
1045 3163 1108 3202 se
1153 3149 1418 3202 testatur.
1443 3146 1844 3218 Tempestates
1892 3143 2034 3201 dicit

380 3237 662 3310 procellas
689 3236 1043 3294 seditionum
1073 3253 1224 3309 quas
1250 3235 1435 3292 Judaei
1465 3235 1930 3291 commovebant.

414 3329 450 3383 9
520 3328 838 3400 Prwcipita,
872 3327 1128 3392 Domine,
1152 3325 1336 3381 divide
1365 3325 1588 3394 linguas
1617 3340 1805 3400 eorum
1833 3342 1855 3378 .·

2105 762 2296 818 Usura
2325 763 2416 816 est
2454 757 2588 832 plus
2637 757 2898 829 accipere
2929 769 3108 826 quam
3139 752 3277 808 dare
3309 769 3322 807 :
3357 747 3570 806 Omnia
3609 746 3761 804 enim

2109 869 2237 924 qua:
2269 851 2328 906 in
2358 849 2483 922 lege
2527 847 2822 922 prohibita
2868 846 3026 910 sunt,
3051 842 3124 898 ad
3169 839 3506 914 augendum
3549 835 3764 924 peccati

2110 923 2417 998 cumulum
2461 938 2858 994 excreverunt.
2883 933 2944 989 In
2986 930 3110 1004 lege
3150 929 3306 986 enim
3350 943 3542 983 usura
3583 923 3763 996 accipi

2111 1029 2515 1103 prohibentur.
2540 1026 2703 1082 Unde
2738 1021 3060 1096 propheta:
3095 1019 3219 1074 Non
3265 1015 3765 1088 fmneravi,neque

2111 1116 2415 1174 fmneravit
2443 1113 2587 1170 mihi
2621 1112 2937 1185 quisquam
2960 1109 3091 1179 (Jer.
3113 1105 3230 1176 xv).

2117 1210 2184 1263 12
2255 1207 2532 1277 Quoniam
2557 1205 2608 1260 si
2638 1203 2898 1258 inimicus
2926 1196 3300 1254 nutledixisset
3330 1193 3471 1248 mihi
3503 1210 3519 1246 :

2259 1295 2654 1350 Sustinuissem
2684 1292 2893 1364 utique.

2187 1386 2229 1442 C
2251 1386 2353 1441 llic
2377 1386 2744 1440 monstratur
2763 1395 2990 1450 magnae
3013 1373 3304 1449 patientiae
3323 1369 3766 1442 exemplum,ut,

2119 1475 2376 1530 inimicis
2395 1471 2686 1528 contraria
2709 1469 2881 1526 nobis
2899 1460 3300 1539 loquentibus,
3324 1478 3438 1518 non
3462 1461 3521 1515 in
3541 1462 3771 1516 conten-

2119 1565 2340 1621 tionem
2372 1577 2696 1632 erumpere,
2730 1557 2816 1614 vel
2864 1555 3056 1613 verbis
3105 1553 3398 1617 resistere,
3431 1549 3533 1606 sed
3581 1548 3770 1604 locum

2121 1655 2348 1709 insanis
2381 1649 2629 1723 loquelis
2659 1649 2798 1704 dare
2829 1645 3194 1702 studeamus.

2125 1745 2192 1799 13
2264 1743 2408 1798 Etsi
2439 1743 2484 1795 is
2514 1740 2611 1812 qui
2639 1739 2938 1794 oderatme
2981 1749 3146 1806 super
3192 1747 3275 1788 me
3320 1746 3525 1801 magna
3569 1728 3769 1783 locutus

2338 1833 2400 1904 fu
2408 1833 2532 1886 isset
2563 1849 2581 1884 :

2269 1923 2304 1976 Α
2316 1920 2673 1976 bscondissem
2704 1933 2791 1971 me
2817 1916 3053 1987 forsitan
3084 1913 3152 1968 ab
3183 1927 3262 1966 eo.

2201 2010 2241 2066 Ο
2262 2011 2325 2066 In
2349 2010 2459 2064 isto
2479 2005 2766 2064 versiculo
2783 2010 2839 2061 et
2860 2001 3200 2077 praecedenti
3223 2015 3290 2054 ac
3311 1995 3578 2070 sequenti
3599 1995 3630 2052 J
3639 1995 3778 2052 udas

2133 2099 2390 2172 perfidus
2409 2099 2766 2168 increpatur,
2781 2093 2878 2166 qui
2901 2091 3087 2149 caveri
3114 2088 3420 2163 potuisset,
3439 2085 3488 2142 si
3513 2083 3779 2158 publicus

2132 2189 2344 2244 fuisset
2365 2186 2660 2250 inimicus,
2683 2181 3140 2238 humano‘modo
3166 2175 3484 2250 loquendo;
3510 2191 3687 2248 quem
3707 2177 3782 2228 ta-

2135 2295 2268 2333 men
2281 2276 2549 2332 Christus
2567 2275 2612 2329 si
2627 2267 3226 2337 voluisset,occultum
3245 2283 3360 2322 non
3377 2264 3490 2320 sibi
3508 2263 3612 2319 sed
3631 2261 3779 2328 aliis,

2133 2383 2334 2423 cavere
2365 2365 2671 2438 potuisset.
2699 2363 2738 2417 ll
2765 2361 2888 2416 Non
2916 2359 3011 2414 hic
3043 2361 3270 2413 tantum
3292 2355 3364 2411 de
3389 2353 3664 2426 passione
3685 2352 3784 2407 Do—

2136 2457 2334 2513 minus
2365 2453 2650 2527 queritur,
2693 2451 2794 2507 sed
2841 2453 2898 2506 et
2947 2449 3018 2504 de
3067 2443 3356 2518 discipulo
3401 2442 3718 2515 proditore,
3752 2455 3784 2494 a

2137 2563 2252 2619 quo
2285 2561 2346 2602 se
2377 2560 2492 2600 non
2523 2540 2850 2607 abscondit,
2873 2538 3010 2594 licet
3037 2554 3071 2592 a
3093 2534 3313 2592 Judaais
3335 2533 3421 2603 (ut
3449 2531 3508 2586 in
3533 2531 3785 2602 Evange-

2137 2635 2214 2691 lio
2263 2634 2544 2705 legimus)
2587 2629 2906 2700 (Joan.vm)
2940 2644 3002 2684 se
3040 2619 3410 2682 absconderit
3457 2619 3559 2676 sed
3612 2619 3784 2676 etiam

2140 2723 2400 2781 convivio
2430 2724 2633 2778 sancto
2663 2718 2888 2774 ascivit.

2140 2814 2210 2870 14
2285 2813 2356 2868 Τα
2384 2826 2510 2867 vero
2539 2811 2696 2865 homo
2725 2807 3013 2863 unanimis
3044 2822 3062 2860 :

2281 2903 2408 2957 Dux
2434 2915 2585 2956 meus
2615 2906 2666 2954 et
2686 2904 2846 2954 notus
2873 2910 3045 2951 meus.

2212 2991 2254 3048 Ο
2279 2989 2584 3046 Unanimis
2605 2987 2797 3044 dictus
2818 2989 2907 3041 est
2925 2983 3130 3049 Judas,
3154 2979 3294 3054 quia
3321 2979 3472 3035 inter
3499 2976 3790 3050 apostolos
3858 3005 3869 3011 -

2143 3080 2255 3136 fuit
2283 3082 2647 3135 numeratus.
2668 3077 2817 3144 Dux,
2841 3073 2982 3147 quia
3010 3073 3082 3128 ad
3113 3070 3269 3126 vicos
3297 3073 3354 3125 et
3382 3066 3623 3124 castella
3650 3083 3791 3139 pm-

2143 3170 2366 3226 missus
2395 3172 2504 3234 est,
2539 3171 2603 3222 ut
2639 3163 3048 3238 praedicatione
3090 3159 3249 3217 verbi
3291 3157 3582 3214 imbueret
3621 3156 3793 3211 rudes

2144 3258 2392 3322 animos,
2420 3257 2622 3325 Notus,
2639 3253 2778 3326 quia
2797 3254 2925 3326 ejus
2952 3250 3202 3325 proditio
3232 3250 3370 3304 nota
3397 3251 3523 3302 erat
3541 3245 3791 3302 Christo.

2145 3349 2191 3404 Η
2221 3346 2346 3414 Vel,
2373 3345 2513 3419 quia
2540 3361 2673 3401 cum
2703 3342 2834 3398 aliis
2855 3342 2926 3397 ad
2947 3337 3383 3414 praedicandum
3415 3335 3640 3392 missus
3661 3334 3790 3402 fuit,

521 3397 944 3508 Quoniamvidi
974 3407 1323 3478 iniquitatem
1361 3412 1413 3460 et
1454 3397 1941 3460 contradictionem
1972 3405 2030 3458 in
2065 3425 2108 3493 ρ
2146 3397 2744 3508 Ηοίυξθῖιςζ

593 3488 832 3543 civitate.

455 3575 497 3632 C
517 3575 620 3631 Hic
647 3574 893 3631 Judaico
924 3571 1140 3646 populo
1179 3571 1517 3628 salutariter
1561 3572 1938 3646 imprecetur,
1971 3576 2038 3627 ut

387 3662 670 3719 divisione
689 3660 1047 3736 linguarum,
1072 3679 1186 3717 non
1211 3661 1520 3734 implerent
1540 3661 1896 3718 voluntatem
1921 3678 2040 3717 ma-

388 3751 530 3808 litia:
561 3769 699 3819 suae,
724 3749 877 3808 sicut
907 3750 966 3806 in
989 3749 1090 3806 illa
1117 3750 1262 3806 turri
1293 3751 1510 3807 factum
1541 3754 1648 3817 est,
1675 3767 1852 3824 quam
1877 3755 2037 3806 metu

391 3839 640 3897 recentis
669 3839 870 3896 diluvii
903 3839 961 3894 in
992 3838 1174 3895 altum
1205 3839 1474 3896 homines
1505 3839 1813 3895 extendere
1843 3838 2036 3895 conati

394 3933 534 3985 sunt
562 3928 714 4002 (Gen.
736 3927 1248 4004 x).Digne~igitur
1295 3927 1427 3984 illos
1457 3927 1634 3984 dividi
1681 3927 2036 4000 postulabat,

388 4035 538 4092 quos
586 4018 822 4092 iniquos
859 4035 987 4074 esse
1035 4018 1095 4074 in
1142 4017 1442 4091 sacrilegis
1491 4015 2042 4089 congregationibus

387 4108 756 4182 praesciebat;
787 4107 916 4164 ideo
943 4106 1267 4180 subjunxit,
1303 4105 1581 4179 quoniam
1613 4105 1726 4160 vidi
1761 4105 2038 4178 iniquita-

364 4203 499 4254 tem
533 4197 591 4253 in
622 4196 870 4264 civitate,
901 4196 960 4252 id
1010 4201 1100 4253 cst
1148 4195 1193 4252 H
1243 4194 1720 4269 congregatione;
1754 4193 2038 4266 iniquita-

381 4291 521 4354 tem,
553 4301 686 4342 cum
719 4303 833 4343 non
876 4285 1280 4352 crediderunt;
1322 4282 1868 4347 contradictionem,
1903 4299 2037 4338 cum

379 4375 731 4450 exprobrant
755 4391 770 4432 :
794 4375 996 4432 Nonne
1017 4374 1112 4430 hic
1133 4378 1223 4432 est
1244 4373 1400 4430 illius
1422 4371 1568 4428 fabri
1591 4371 1796 4440 (Matth.
1820 4371 1960 4442 χιιι),
1983 4376 2040 4427 et

381 4463 496 4520 alia
527 4462 732 4522 multa.

383 4554 452 4608 10
524 4553 628 4610 Die
651 4570 686 4609 a
713 4560 864 4610 nocte
909 4551 1274 4610 circumdabit
1311 4566 1434 4606 eam
1480 4565 1646 4620 super
1691 4564 1876 4604 muros
1921 4550 2038 4622 ejus

596 4634 862 4689 iniquitas
895 4651 914 4688 :

596 4650 862 4706 iniquitas
895 4651 914 4688 :

527 4717 595 4770 Et
620 4713 777 4770 labor
804 4715 866 4768 in
897 4711 1072 4768 medio
1101 4711 1216 4782 ejus
1243 4715 1295 4764 et
1324 4709 1626 4780 injustitia.

2149 3527 2216 3582 15
2286 3527 2564 3597 Quoniam
2589 3522 2758 3579 simul
2785 3536 2995 3578 mecum
3017 3519 3198 3574 dulces
3221 3514 3471 3588 cupiebas
3497 3514 3648 3569 cibos
3670 3531 3690 3568 :

2289 3617 2352 3670 In
2379 3613 2536 3670 domo
2563 3613 2660 3668 Dei
2683 3609 3089 3667 ambulavimus
3116 3623 3240 3662 cum
3269 3619 3552 3661 consensu.

2217 3705 2266 3760 Η
2288 3703 2395 3769 Qui
2426 3701 2604 3759 simul
2630 3717 2859 3756 mecum
2885 3697 3085 3754 dulces
3105 3693 3377 3768 capiebas
3401 3691 3585 3756 cibos,
3603 3691 3661 3745 id
3689 3695 3796 3755 est,

2148 3811 2360 3866 corpus
2381 3797 2436 3848 et
2456 3789 2805 3864 sanguinem
2824 3785 3226 3857 Christi,quod
3251 3783 3374 3856 ipse
3393 3779 3620 3852 accepit
3638 3779 3712 3835 ab
3733 3796 3799 3836 eo

2148 3883 2446 3956 indignus.
2473 3883 2634 3952 Sarpe
2671 3879 2848 3936 etiam
2879 3893 3013 3934 cum
3055 3875 3181 3946 ipso
3215 3871 3460 3928 Domino
3491 3869 3554 3924 in
3582 3868 3800 3942 templo

2146 3971 2474 4028 Salomonis
2500 3988 2635 4027 cum
2665 3983 2955 4024 consensu
2988 3960 3420 4038 praedicationis
3440 3957 3602 4016 abiit.
3628 3957 3670 4014 C
3702 3957 3802 4013 [sti

2149 4059 2565 4135 (utisuperiori)
2584 4057 2778 4114 versui
2797 4053 3171 4128 jungendum
3194 4055 3282 4106 est
3305 4066 3320 4106 :
3344 4066 3450 4105 cur
3469 4063 3561 4103 me
3581 4047 3807 4104 tradis?

2148 4155 2232 4219 ut,
2265 4154 2327 4206 tu
2361 4151 2536 4206 homo
2567 4145 2866 4203 unanimis
2887 4144 3006 4200 dux
3031 4158 3198 4198 meus
3220 4144 3278 4196 et
3298 4138 3399 4212 qui
3421 4153 3650 4193 mecum
3674 4135 3808 4192 dul-

2148 4257 2243 4297 ces
2273 4239 2438 4296 cibos
2465 4235 2796 4310 sumpsisti,
2813 4238 2948 4301 etc.,
2972 4249 3076 4288 cur
3106 4246 3199 4286 me
3227 4226 3454 4286 tradis?

2151 4331 2217 4384 16
2296 4330 2483 4384 Veniat
2511 4343 2654 4382 mors
2683 4341 2848 4397 super
2875 4325 3006 4379 illos
3034 4339 3054 4376 :

2305 4424 2360 4485 -ἐι
2379 4422 2447 4474 Et
2487 4423 2501 4482 ζ
2541 4415 2871 4472 descendant
2901 4415 2961 4469 in
2992 4413 3275 4482 infernum
3302 4409 3556 4463 viventes.

2218 4509 2259 4564 C
2287 4507 2498 4564 Veniat
2527 4522 2686 4561 mors
2713 4508 2772 4558 et
2800 4500 3100 4559 devorabit
3129 4515 3230 4555 eos
3272 4502 3427 4553 terra
3455 4493 3614 4550 vivos
3638 4508 3652 4547 :
3678 4492 3802 4548 Hoc

2146 4598 2368 4653 factum
2397 4595 2507 4650 fuit
2533 4593 2761 4650 Dathan
2793 4594 2850 4648 et
2878 4590 3125 4657 Abiron;
3149 4586 3309 4644 venit
3333 4583 3526 4642 subito
3558 4581 3715 4656 ignis
3744 4585 3807 4638 et

2148 4685 2364 4742 mortui
2391 4688 2548 4741 sunt.
2565 4684 2605 4739 C
2627 4683 2782 4738 More
2803 4679 2960 4736 enim
2983 4695 3090 4735 suo
3111 4675 3579 4734 emendationem
3614 4669 3809 4742 magis

453 4801 501 4858 H
532 4801 683 4857 Dicit
726 4800 885 4856 enim
916 4799 1011 4854 die
1040 4815 1107 4854 ac
1123 4757 1325 4861 Jnocte,
1351 4757 1408 4850 id
1441 4799 1549 4860 est,
1578 4798 1736 4852 omni
1783 4802 2043 4872 tempore
2070 4795 2118 4862 D
2149 4789 2326 4872 φξθξη
2359 4771 2866 4872 (ξίξηευπιξηίοῐξθῐῐι
2889 4760 3671 4872 ξρεξῐιιιθξΡξοΡδθίεΪξδηίτθ
3691 4757 3812 4872 illi‘

379 4891 749 4947 circumdare
777 4903 927 4948 eam.
952 4887 1061 4941 hoc
1093 4887 1182 4940 est
1215 4884 1594 4940 Hierusalem.
1619 4886 1806 4958 Super
1837 4905 2038 4946 muros

381 4975 919 5051 ejus-iniquitas,ut
937 4977 1227 5046 quantum
1255 4990 1559 5030 murorum
1584 4975 1857 5033 machina
1879 4977 1939 5033 in
1961 4977 2038 5034 al-

2148 4846 2338 4919 micis.
2366 4863 2520 4918 Mors
2541 4861 2696 4917 enim
2720 4859 2850 4914 vitae
2880 4856 3098 4914 dicitur
3126 4853 3354 4918 ﬁnis,et
3373 4849 3473 4924 qui
3505 4849 3564 4905 in
3597 4846 3810 4906 melio-

2146 4969 2272 5008 rem
2303 4955 2529 5024 partem
2561 4946 2938 5012 convertitur,
2967 4945 3145 5000 ﬁnem
3181 4940 3393 5015 prioris
3417 4937 3812 4995 conversatio-

382 5024 510 5122 tam
531 5024 724 5138 potiiit
741 5024 1020 5130 cresce;e,
1038 5061 1224 5119 multo
1252 5063 1440 5136 magis
1459 5024 2047 5123 Judmommjﬁiﬁa
2153 5039 2247 5138 nis
2277 5040 2562 5113 reperisse
2582 5037 2901 5110 judicatur.
2925 5033 2989 5090 In
3018 5033 3312 5090 infernum
3339 5025 3706 5086 descendunt
3733 5024 3812 5082 vi-

382 5171 445 5210 se
473 5149 817 5208 extenderit.
841 5149 1028 5206 Labor
1068 5150 1129 5206 in
1185 5151 1376 5208 medio
1427 5154 1575 5224 ejus,
1599 5157 1734 5221 etc.;
1773 5154 1939 5212 labor
1982 5156 2042 5212 in

381 5238 764 5314 oppressione
793 5255 1144 5310 pauperum,
1168 5245 1225 5296 et
1253 5241 1546 5312 injustitia
1570 5241 1630 5297 in
1648 5241 1908 5314 judiciis.
1935 5243 2044 5300 Per

381 5326 646 5383 medium
675 5325 840 5398 (quia
870 5326 926 5382 in
959 5327 1122 5383 urbis
1163 5329 1354 5386 medio
1394 5335 1681 5405 tanquam
1709 5319 2042 5388 honorabili

382 5415 518 5472 sede
551 5413 766 5470 morari
795 5414 998 5471 volunt
1028 5417 1352 5490 primates),
1381 5419 1700 5493 designans
1739 5419 2038 5476 nobilissi-

382 5519 511 5558 mos
531 5506 590 5558 et
611 5503 890 5575 primates
910 5519 1132 5574 eorum,
1147 5523 1294 5580 quos
1315 5524 1432 5563 non
1454 5505 1564 5575 lex,
1596 5524 1710 5562 non
1739 5507 1906 5574 ratio,
1933 5509 2035 5564 sed

381 5587 546 5646 labor
579 5594 636 5646 et
666 5589 955 5662 injustitia
985 5595 1340 5666 possidebat.

383 5678 442 5732 11
525 5683 590 5736 Et
615 5697 726 5735 non
753 5679 940 5752 deﬁcit
965 5681 1030 5740 de
1055 5684 1253 5756 plateis
1281 5685 1398 5756 ejus
1427 5702 1444 5736 :

525 5761 698 5818 Usura
723 5770 776 5818 et
799 5761 974 5837 dolus.

448 5839 490 5895 Ο
520 5840 757 5900 Intende
794 5844 947 5916 quod
981 5859 1096 5900 non
1130 5843 1293 5910 dixit,
1309 5840 1554 5911 occulte,
1582 5841 1683 5896 sed
1729 5841 1788 5896 in
1819 5841 2027 5914 plateis

2150 5125 2370 5204 ᾥηιεε,
2395 5127 2630 5202 quando
2675 5123 3057 5197 cogitationes
3104 5137 3245 5178 suas
3293 5117 3582 5191 pessimus
3629 5131 3810 5187 expa-

2149 5223 2412 5285 vescunt,
2443 5223 2501 5274 et
2529 5218 2600 5274 ad
2659 5213 2898 5271 meliora
2938 5215 3073 5269 vota
3118 5211 3410 5267 feruntur.
3427 5207 3592 5262 Tunc
3649 5204 3809 5260 enim

2150 5309 2321 5382 quasi
2342 5308 2598 5364 viventes
2627 5305 2699 5362 ad
2723 5303 2956 5360 inferna
2976 5298 3410 5363 descendimus,
3428 5293 3666 5368 quando
3693 5309 3813 5348 ma-

2146 5399 2338 5454 lorum
2364 5401 2706 5453 nostrorum
2743 5389 3140 5448 recordatione
3172 5391 3482 5443 terremur.

2147 5491 2213 5544 17
2288 5487 2568 5560 Quoniam
2593 5483 2858 5557 nequitiae
2887 5481 2944 5535 in
2978 5476 3307 5535 habitaculis
3335 5489 3546 5530 eorum.

2285 5577 2346 5632 In
2374 5573 2555 5630 medio
2579 5589 2788 5630 eorum.

2210 5667 2256 5722 H
2288 5662 2574 5732 Quoniam
2606 5657 2880 5732 nequitias
2926 5657 2986 5713 in
3037 5651 3393 5712 habitaculis
3441 5650 3810 5708 Judaaorum-

2137 5755 2362 5814 Etenim
2397 5757 2520 5808 tam
2551 5767 2723 5824 opere
2763 5763 2944 5820 quam
2995 5743 3348 5816 cogitatione
3396 5739 3482 5797 illi
3537 5737 3814 5812 nequitia

2137 5845 2290 5919 pleni
2335 5845 2496 5901 sunt.
