3916 6352
121 544 229 610 8M

1077 537 1485 604 EPISTOL/E
1525 536 1627 599 ET
1670 533 2035 598 DECRETA
2074 535 2551 603 PONTIFIGIA.

124 679 266 738 nulli
307 695 589 755 personas,
620 675 734 737 nisi
784 675 908 736 solo
963 677 1220 736 Romano
1257 677 1538 752 pontifici,
1583 675 1755 732 liceat
1780 665 1838 740 Α
1871 673 2166 741 nentibus,
2201 675 2326 733 sine
2353 675 2587 735 licentia
2617 676 3145 738 forestariorum.Si
3172 696 3305 739 vero
3329 679 3515 740 alibas

121 774 459 844 potestatem
501 770 761 842 aliquam
811 773 912 826 aut
963 768 1419 825 dominationem
1473 783 1750 824 exercere.

122 864 218 917 aut
248 859 769 929 excommunicare,
806 876 908 916 seu
942 859 1307 927 interdicere,
1341 859 1571 914 etiamsi
1616 857 1757 912 Car-

123 950 376 1007 notensis
409 955 510 1006 aut
538 949 974 1022 Andegavensis
999 950 1301 1022 patriapro
1315 948 1502 1020 culpis
1525 947 1759 1020 quibus-

118 1038 258 1095 libet
312 1040 913 1108 excommunicentur,
947 1038 1436 1095 excommunicati
1481 1043 1677 1094 tamen
1725 1055 1759 1093 a

120 1129 420 1186 monachis
449 1146 564 1184 non
596 1129 1144 1202 suscipiantur.Nos
1179 1134 1376 1185 autem
1403 1126 1601 1184 omnia
1631 1144 1756 1200 quas

117 1217 198 1276 ibi
229 1235 262 1275 a
290 1217 453 1274 vobis
476 1219 564 1275 vel
589 1219 662 1275 ab
695 1218 826 1276 aliis
854 1219 1162 1275 hominum
1185 1218 1449 1292 personis
1481 1235 1666 1290 usque
1697 1219 1756 1272 in

116 1309 458 1378 praesentem
522 1307 675 1364 diem
732 1307 926 1364 oblata
982 1313 1138 1374 sunt,
1171 1312 1370 1364 nostra
1415 1309 1758 1364 auctoritate

115 1395 517 1466 firmamus,ut
544 1397 601 1452 in
634 1401 982 1471 perpetuum
1006 1399 1190 1455 eidem
1213 1398 1338 1454 loco
1360 1398 1485 1453 sine
1507 1397 1758 1453 diminu-

118 1484 271 1541 tione
301 1485 390 1541 vel
417 1486 724 1558 cujuslibet
755 1488 1158 1544 retractatione
1189 1487 1522 1559 persistant.
1543 1487 1600 1542 Si
1624 1486 1755 1558 quis
1791 1533 1800 1543 .

113 1591 248 1630 vero
283 1580 480 1632 contra
510 1576 701 1633 locum
723 1577 890 1634 illum
924 1577 1252 1634 molestiam
1275 1577 1392 1633 litis
1418 1594 1520 1649 pro
1543 1575 1754 1647 aliqui-

114 1663 228 1719 bus
282 1665 451 1722 rebus
499 1667 712 1724 inferre
758 1666 1023 1735 voluerit,
1075 1666 1411 1723 nullatenus
1459 1667 1640 1721 abbas
1669 1664 1756 1720 vel

113 1752 321 1809 fratres
348 1755 396 1810 ei
431 1757 842 1827 respondeant,
868 1761 1186 1829 antequam
1214 1757 1542 1811 Romanum
1574 1753 1760 1826 ponti-

111 1841 284 1896 ﬁcem
317 1842 792 1916 consulant,quia
822 1844 1109 1916 quidquid
1141 1846 1268 1900 sine
1300 1847 1499 1900 nostro
1520 1841 1606 1898 vel
1628 1859 1758 1898 suc-

108 1946 412 1986 cessorum
428 1937 760 1988 nostrorum
769 1933 991 2004 judicio
1005 1931 1404 1988 deﬁnitumvel
1418 1931 1758 1986 distractum

1867 767 2123 840 praedicti
2152 767 2263 824 loci
2289 773 2346 825 et
2377 787 2570 826 comes
2591 770 3045 829 Vindocinensis
3065 771 3210 829 alter
3233 773 3513 830 adversus

1866 857 2226 926 alterum,vel
2257 859 2504 932 quilibet
2534 860 2708 916 homo
2738 878 2942 918 eorum
2973 862 3271 934 querelam
3300 862 3518 920 habue-

1867 948 1961 1014 rit,
1995 965 2109 1003 non
2140 948 2198 1003 in
2239 950 2402 1005 curia
2429 951 2680 1020 comitis,
2714 967 2818 1007 nec
2847 951 2910 1007 in
2941 951 3201 1023 qualibet
3230 952 3346 1008 alia
3356 952 3517 1025 judi-

1868 1037 2024 1092 cium
2050 1038 2358 1110 efﬁciatur,
2389 1041 2490 1096 sed
2520 1039 2578 1094 in
2611 1041 2772 1096 curia
2802 1040 3033 1096 abbatis
3074 1057 3178 1112 pro
3227 1041 3514 1115 dignitate

1866 1125 1978 1182 loci
2028 1128 2393 1199 querimonia
2445 1129 2574 1200 ipsa
2627 1129 2866 1186 ﬁniatur
2910 1130 2993 1186 ita
3037 1134 3234 1187 tamen
3291 1136 3357 1188 ut
3402 1149 3512 1205 pro

1867 1234 2065 1274 amore
2088 1235 2333 1275 summa:
2351 1218 2737 1288 Trinitatis,in
2759 1221 2927 1291 cujus
2954 1220 3188 1276 nomine
3211 1223 3269 1277 et
3287 1220 3512 1280 honore

1867 1307 2291 1363 monasterium
2307 1308 2502 1380 ipsum
2521 1313 2919 1365 constructum
2932 1309 3288 1378 est,dimidia
3304 1327 3510 1383 parse-

1867 1396 1948 1451 ris
1980 1395 2117 1451 i‘acti
2136 1412 2241 1452 nec
2263 1401 2557 1469 quaeratur
2577 1398 2649 1453 ab
2670 1398 2998 1470 aliquo,nec
3019 1399 3352 1456 donetur.Si
3374 1401 3507 1473 quis

1866 1490 2060 1542 autem
2085 1486 2264 1558 hujus
2281 1487 2466 1542 nostri
2497 1487 2766 1560 pracepti
2797 1487 3048 1544 scienter
3073 1488 3317 1546 violator
3335 1491 3508 1547 exsti-

1865 1575 2019 1644 terit,
2053 1575 2142 1630 vel
2182 1578 2251 1632 de
2281 1577 2700 1650 suprascriptis
2729 1578 2905 1634 rebus
2933 1577 3352 1635 Vindocinensi
3381 1596 3511 1637 mo-

1866 1664 2120 1720 nasterio
2172 1665 2497 1737 quidquam
2545 1666 2920 1733 subtraxerit,
2964 1665 3371 1724 maledictione
3414 1669 3514 1726 Del

1867 1754 2078 1821 Patris,
2111 1758 2167 1810 et
2197 1754 2349 1823 Filii,
2380 1758 2437 1810 et
2467 1755 2718 1827 Spiritus
2763 1755 2953 1811 sancti
2991 1755 3324 1825 damnetur,
3373 1774 3510 1814 con-

1868 1843 2167 1910 fundatur,
2203 1845 2495 1915 pereat,ad
2526 1845 2693 1916 cujus
2724 1844 3006 1900 honorem
3027 1849 3087 1901 et
3112 1861 3327 1902 nomen
3348 1845 3514 1904 locus

1868 1931 1992 2003 ipse
2023 1936 2390 1989 constructus
2435 1937 2541 2000 est,
2575 1933 2784 1988 deinde
2816 1934 2993 1988 etiam
3026 1933 3175 1990 iram
3208 1933 3307 1989 Dei
3337 1934 3510 1991 Geni-

107 2019 310 2088 fuerit,
343 2019 570 2076 irritum
603 2021 729 2078 erit.
763 2023 844 2078 Ea
869 2039 1002 2078 vero
1034 2040 1159 2095 qua:
1185 2023 1257 2077 ad
1291 2022 1595 2094 praefatum
1627 2037 1760 2092 per-
1790 2047 1840 2114 Β
1875 2021 2035 2076 tricis
2065 2025 2120 2077 et
2149 2021 2448 2078 beatorum
2479 2021 2875 2095 apostolorum
2906 2022 3060 2078 Petri
3087 2025 3148 2078 et
3177 2021 3339 2078 Pauli
3382 2039 3508 2080 om-

106 2109 301 2164 tinent
323 2111 827 2179 monasterium,et
855 2113 1022 2168 beato
1052 2113 1218 2167 Petro
1252 2115 1310 2167 in
1341 2110 1760 2183 patrimonium
1792 2109 1832 2114 ’
1869 2110 2154 2183 niumque
2183 2116 2519 2168 sanctorum
2548 2111 2829 2178 incurrat,
2861 2116 2918 2168 et
2944 2115 3147 2168 nostra
3191 2111 3512 2186 apostolica

105 2216 293 2272 super
311 2198 498 2272 ipsius
515 2200 694 2256 altare
711 2218 744 2256 a
762 2201 1050 2258 Gaufredo
1068 2201 1278 2257 comile
1293 2202 1757 2272 Andegavorum,

104 2292 167 2344 et
202 2288 274 2343 ab
302 2290 522 2360 Agnete
555 2290 858 2346 comitissa
903 2292 1031 2361 ejus
1077 2291 1326 2362 conjuge
1375 2290 1567 2345 oblata
1597 2293 1758 2355 sunt,

101 2376 205 2432 hic
240 2377 456 2448 scripta
487 2383 811 2434 noscuntur
830 2379 901 2434 ad
921 2379 1311 2451 cognitionem
1336 2377 1760 2434 futurorum.In

101 2482 263 2539 pago
295 2465 707 2523 Vindocinensi
739 2467 979 2524 ecclesia
1007 2469 1201 2524 Sancti
1235 2466 1449 2523 Nicolai
1474 2467 1544 2522 de
1566 2467 1760 2522 Ferra-

101 2555 216 2610 ria.
253 2555 506 2611 Ecclesia
537 2556 608 2611 de
636 2557 906 2624 Pruneto,
937 2573 1069 2612 cum
1112 2556 1400 2612 universis
1445 2559 1758 2611 consuetu-

97 2643 659 2700 dinibus.Medietas
691 2646 947 2701 ecclesiae
975 2651 1195 2701 Sanctae
1231 2644 1422 2701 Mariae
1455 2645 1609 2716 apud
1637 2643 1756 2697 Vil-

94 2732 228 2789 lam
261 2733 538 2806 episcopi.
571 2733 827 2790 Ecclesia
861 2735 1054 2790 Sancti
1105 2734 1380 2806 Stephani
1437 2733 1592 2806 apud
1641 2736 1755 2788 sta-

95 2821 591 2896 gnum.Ecclesia3
623 2828 873 2895 quatuor
894 2841 1041 2895 quas
1061 2823 1420 2880 Thedoricus
1450 2822 1759 2895 episcopus

95 2913 489 2969 Carnotensis
538 2913 697 2968 dedit
734 2913 1088 2969 monasterio
1119 2912 1531 2968 Vindocinensi
1565 2927 1760 2966 amore

96 3002 235 3069 Dei,
285 3005 343 3057 et
399 3001 822 3074 supplicatione
881 3002 1150 3058 Gaufredi
1214 3002 1468 3068 comitis,
1519 3000 1761 3056 ecclesia

93 3091 337 3148 scilicet
385 3091 582 3148 Sancti
631 3092 811 3158 Beati,
861 3091 1106 3147 ecclesia
1151 3092 1349 3147 Sancti
1400 3091 1644 3147 Joannis
1691 3090 1761 3145 de

1871 2201 2212 2256 auctoritate
2269 2201 2346 2256 sit
2400 2199 2960 2270 excommunicatus,
3005 2204 3062 2256 et
3116 2201 3510 2259 anathematis

1869 2289 2098 2344 vinculo
2131 2290 2535 2356 innodatus,ut
2564 2306 2868 2362 nunquam
2898 2305 3144 2362 regnum
3174 2290 3277 2346 Dei
3295 2289 3508 2358 videat,

1871 2381 1970 2435 sed
2029 2395 2163 2434 cum
2196 2379 2426 2434 diabolo
2475 2383 2532 2433 et
2575 2379 2728 2435 Juda
2773 2378 3074 2448 traditore,
3122 2379 3514 2453 omnibusque

1866 2467 2066 2540 impiis
2097 2468 2173 2522 sit
2204 2468 2518 2523 damnatus
2547 2468 2607 2523 in
2637 2471 3005 2535 aeternumet
3033 2467 3094 2522 in
3121 2467 3377 2523 tenebris
3399 2485 3518 2525 ma-

1868 2561 2003 2612 neat
2047 2560 2103 2612 et
2134 2558 2344 2612 umbra
2372 2556 2599 2624 mortis,
2632 2559 2690 2612 et
2717 2555 2776 2612 in
2807 2556 3074 2612 incendio
3105 2555 3413 2626 sulfurato,
3455 2557 3516 2614 in

1869 2645 2080 2716 frigore
2111 2645 2209 2701 illo
2253 2649 2502 2701 tartareo
2549 2645 2649 2701 ubi
2697 2649 2786 2702 est
2831 2645 3000 2701 ﬂetus
3025 2649 3081 2700 et
3111 2645 3326 2702 stridor
3372 2647 3514 2703 den-

1866 2735 2013 2789 tium
2046 2734 2256 2805 (Matth.
2289 2752 2411 2800 vm,
2447 2737 2554 2806 12),
2589 2734 2701 2791 nisi
2732 2735 2887 2806 quod
2919 2734 3106 2790 eidem
3137 2733 3263 2791 loco
3303 2735 3510 2791 abstu-

1867 2823 1934 2878 lit
1954 2823 2130 2895 digna
2153 2823 2550 2880 satisfactione
2578 2821 2979 2889 emendet.Qui
2994 2839 3128 2879 vero
3139 2827 3513 2882 conservator

1868 2917 1924 2968 et
1952 2912 2258 2968 inviolator
2286 2913 2572 2968 exstiterit
2602 2912 2782 2984 hujus
2799 2916 3009 2968 nostra
3029 2911 3359 2985 apostolica“:
3381 2930 3514 2970 con-

1870 3002 2220 3057 firmationis
2249 3005 2305 3057 et
2335 3002 2622 3070 tuitionis,
2657 3002 2770 3058 iste
2799 3001 3177 3058 benedicatur
3205 3002 3364 3058 omni
3412 3002 3512 3059 be-

1871 3089 2218 3157 nedictione,
2259 3094 2324 3146 ut
2371 3095 2596 3162 partem
2643 3091 2857 3146 habeat
2903 3090 2962 3145 in
3011 3106 3191 3163 regno
3233 3091 3334 3147 Dei
3379 3108 3515 3148 cum

93 3180 597 3247 Castrodunensi,
631 3180 875 3236 ecclesia
922 3181 992 3236 de
1045 3180 1357 3247 Balneolis,
1403 3178 1648 3236 ecclesia
1691 3179 1761 3233 de
1871 3179 2090 3235 sanctis
2120 3183 2176 3234 et
2206 3177 2422 3246 electis,
2456 3184 2513 3235 et
2540 3179 2794 3253 gaudeat
2822 3178 3022 3235 laztitia
3052 3179 3409 3252 sempiterna
3453 3180 3514 3238 in

91 3267 446 3336 Villarebla,
480 3269 725 3325 ecclesia
771 3269 1125 3325 Anscherici.
1158 3271 1222 3326 In
1270 3270 1609 3342 episcopatu
1657 3269 1759 3324 Ce-
1870 3266 1967 3322 illa
1996 3267 2125 3323 luce
2155 3272 2211 3323 et
2239 3267 2500 3323 claritate
2531 3267 2810 3324 ccelorum
2840 3266 2940 3323 ubi
2971 3271 3059 3322 est
3086 3283 3258 3324 omne
3288 3268 3511 3325 bonum

91 3356 461 3413 nomanensi
515 3358 759 3413 ecclesia
813 3358 1006 3413 Sancti
1055 3357 1297 3414 Joannis
1356 3359 1630 3430 Baptistae
1685 3358 1756 3412 de
1793 3417 1831 3430 η
1869 3357 1928 3411 in
1959 3356 2172 3412 saecula
2201 3356 2567 3413 seculorum.
2598 3359 2800 3412 Amen.
2834 3355 3080 3412 Victoris
3111 3355 3312 3428 prima;
3353 3357 3512 3416 sedis

87 3445 266 3501 Villa
296 3445 419 3512 Dei,
452 3453 506 3502 et
533 3445 672 3502 villa
703 3447 830 3519 ipsa
855 3463 988 3502 cum
1022 3447 1192 3503 terris
1222 3451 1278 3503 et
1308 3417 1490 3516 silvis,
1525 3451 1582 3502 et
1612 3447 1758 3502 vica—
1786 3417 1831 3488 α
1869 3446 2124 3518 episcopi
2155 3449 2211 3502 et
2240 3445 2586 3502 universalis
2618 3463 2779 3517 papae
2810 3446 2859 3501 ΙΙ
2888 3445 3058 3501 breve
3087 3417 3344 3518 signum.

87 3536 216 3606 ria,
266 3539 326 3590 et
371 3534 898 3591 consuetudinibus
946 3535 1256 3591 universis.
1291 3537 1470 3592 Terra
1499 3537 1570 3592 de
1597 3537 1757 3592 Pinis
2616 3551 2762 3608 ΧΠῙ,

82 3630 150 3681 et
187 3641 327 3714 quas
359 3628 448 3680 est
467 3623 546 3679 ibi
562 3625 734 3714 juxta
755 3625 998 3682 dimidia
1017 3625 1261 3682 ecclesia
1292 3625 1514 3681 Sanctze
1539 3626 1754 3695 Mariae,
1965 3641 2129 3697 Βαιια
2160 3642 2382 3697 Victori,
2407 3658 2551 3713 ραρεε

1965 3641 2129 3697 Bulla
2160 3642 2382 3697 Victoris
2407 3658 2561 3713 papae
2591 3643 2641 3696 II
2665 3657 2763 3714 pro
2791 3640 3016 3698 ecclesia
3039 3641 3134 3698 SS.
3165 3640 3406 3700 Simonis

80 3713 358 3772 ecclesia
385 3713 577 3770 Sancti
612 3713 910 3771 Michaelis
957 3716 1028 3770 de
1077 3715 1314 3781 Huseto,
1347 3718 1404 3770 et
1431 3719 1586 3770 terra
1623 3733 1756 3771 cum
2409 3712 2418 3713 ”
2558 3716 2610 3768 et
2638 3712 2814 3769 Iudae.

2485 3803 2676 3873 (Anno
2708 3801 2890 3873 l057.)

2049 3892 2444 3963 [Hsmsccws,
2477 3892 2886 3963 antiquitatum,
2905 3891 3335 3960 goslariensium

2486 3961 2587 4018 lib.
2615 3961 2660 4032 ῆι,
2695 3979 2752 4034 p.
2781 3962 2897 4034 65.]

1938 4070 2154 4126 VICTOR
2186 4070 2729 4142 episcopus,servus
2757 4085 3058 4126 servorum
3089 4068 3216 4141 Dei,
3238 4070 3518 4128 omnibus

1870 4160 2080 4215 Christi
2115 4159 2407 4215 ﬁdelibus.

1941 4250 2135 4304 Sancti
2167 4248 2447 4320 propositi
2478 4251 2679 4304 votum
2711 4266 2827 4304 non
2861 4248 3056 4306 solum
3088 4249 3284 4307 divino
3313 4249 3522 4307 eﬂ‘ectu

1869 4337 2273 4411 impletur,sed
2304 4337 2477 4392 etiam
2501 4336 2761 4392 humano
2789 4338 3068 4411 suffragio
3100 4337 3526 4410 adjuvatur.Sit

1871 4433 2069 4484 autem
2102 4431 2307 4482 notum
2338 4426 2612 4482 omnibus
2633 4426 2690 4481 S.
2727 4423 2995 4482 Ecclesia
3027 4426 3188 4496 ﬁliis,
3222 4431 3344 4483 tam
3373 4442 3524 4500 pra-

80 3809 344 3875 stagno,
395 3805 453 3857 et
499 3801 851 3858 molendinis
904 3821 1035 3859 cum
1086 3805 1299 3871 boscis,
1332 3808 1388 3860 et
1433 3804 1668 3872 vicaria,
1703 3810 1759 3860 et

79 3891 390 3951 omnibus
436 3892 982 3961 consuetudinibus,
1035 3894 1316 3950 medietas
1375 3893 1630 3949 ecclesia:
1688 3895 1758 3949 de

79 3980 340 4039 Torcio.
375 3980 440 4036 In
470 3981 809 4054 episcopatu
838 3981 1239 4053 Andegavensi
1278 3981 1520 4038 ecclesia
1563 3983 1756 4038 Sancti

78 4068 412 4127 Saturnini
444 4073 501 4124 et
529 4070 710 4126 curtis
740 4074 883 4138 tota,
915 4075 972 4127 et
995 4069 1140 4127 silva
1180 4088 1305 4143 quae
1327 4071 1542 4126 dicitur
1568 4072 1756 4138 Latez,

77 4163 147 4218 et
175 4163 348 4216 terra
361 4157 593 4228 silvae,si
617 4158 761 4215 silva
779 4159 951 4216 fuerit
973 4160 1480 4233 exstirpata.Apud
1503 4165 1759 4217 castrum

75 4249 483 4308 Credonense
523 4248 768 4304 ecclesia
816 4251 1011 4305 Sancti
1060 4250 1375 4306 Clementis
1409 4254 1464 4305 et
1495 4251 1763 4306 universa

72 4341 236 4412 ejus
265 4337 818 4409 parochia,ecclesizs
839 4338 948 4394 vici
969 4339 1096 4394 Med
1107 4338 1319 4394 uanilis
1340 4337 1760 4406 ;ecclesiaSan-

71 4429 168 4486 cti
196 4427 458 4485 Joannis
480 4444 659 4499 super
681 4427 1021 4500 Ligerim,et
1043 4429 1241 4483 decem
1265 4433 1319 4482 et
1343 4445 1547 4483 novem
1561 4445 1763 4500 arpcn-

71 4517 145 4576 ni
173 4517 501 4573 vinearum
523 4519 581 4572 et
603 4517 716 4572 duo
754 4515 1097 4584 molendini;
1121 4515 1362 4572 ecclesia
1385 4516 1580 4572 Sancti
1610 4516 1757 4573 Petri
1868 4517 2132 4573 sentibus
2149 4533 2323 4588 quam
2342 4513 2885 4587 futuris,quiaﬁlius
2905 4515 3522 4586 nostercharissimus,

69 4609 160 4664 de
188 4605 461 4663 Maziaco
482 4609 540 4662 et
561 4605 744 4662 curtis
768 4605 1166 4674 tota;ecclesia
1188 4605 1384 4662 Sancti
1409 4605 1666 4662 Medardi
1691 4607 1761 4662 de
1869 4607 2164 4662 secundus
2195 4604 2496 4660 Heinricus
2528 4605 2844 4677 imperator
2870 4603 3524 4678 Augustus,quamdam

66 4692 498 4754 Caviriaco.ln
522 4693 862 4767 episcopatu
888 4694 1209 4750 Pictavensi
1229 4692 1472 4750 ecclesia
1494 4695 1565 4750 de
1585 4693 1757 4750 Olon-
1873 4694 2203 4760 ecclesiam,
2235 4711 2269 4750 a
2299 4711 2362 4750 sc
2392 4693 2657 4750 funditus
2700 4696 3114 4761 constructam,
3147 4693 3209 4750 in
3240 4693 3526 4750 honorem

64 4804 188 4844 na.
237 4783 314 4839 In
344 4783 683 4856 episcopatu
711 4783 1058 4839 Sanctonico
1089 4783 1334 4839 ecclesia
1365 4783 1559 4839 Sancti
1588 4784 1757 4838 Θεοί-η
1799 4800 1845 4862 D
1876 4785 1958 4856 [in
1988 4783 2230 4855 honore]
2264 4787 2477 4839 sanctae
2509 4781 2610 4838 Dei
2641 4781 2940 4855 genitricis
2968 4781 3213 4855 virginis
3244 4781 3438 4839 Maria
3469 4786 3530 4838 et

62 4875 168 4952 gii
207 4877 286 4929 et
305 4871 478 4928 tertia
499 4890 634 4945 pars
659 4873 922 4944 ejusdem
949 4872 1154 4928 insulis
1179 4890 1313 4928 cum
1337 4873 1771 4928 consuetudini-
1879 4874 2183 4928 beatorum
2219 4871 2616 4943 apostolorum
2657 4871 2912 4928 Simonis
2959 4873 3016 4926 et
3058 4869 3244 4940 Judze,
3277 4870 3531 4944 positam

62 4968 212 5023 bus
256 4961 614 5017 univesis.ln
640 4965 830 5017 castro
862 4961 1126 5018 Oleronis
1171 4960 1415 5016 ecclesia
1446 4961 1507 5016 B.
1543 4961 1771 5031 Mariae;
1883 4961 2008 5017 loco
2033 4959 2424 5030 Goslaria,ubi
2450 4960 2657 5015 fratres
2677 4963 2815 5015 sunt
2831 4962 2942 5015 sub
2959 4957 3239 5016 canonica
3255 4959 3535 5033 degentes

63 5050 368 5113 ecclesia
397 5051 559 5106 Podii
599 5049 862 5120 rebellis;
922 5050 1167 5107 ecclesia
1223 5051 1294 5106 de
1351 5049 1772 5120 Blosmcriaco;
1884 5049 2329 5123 regula,quibus
2359 5048 2676 5120 praeposuit
2705 5048 3096 5105 Guntherium
3119 5047 3536 5107 cancellarium

57 5139 367 5203 ecclesia
395 5140 590 5198 Sancti
644 5140 945 5197 Saturnini
989 5145 1048 5196 et
1095 5144 1250 5196 terra
1294 5143 1349 5193 S.
1398 5137 1607 5194 Aniani
1640 5156 1773 5195 cum
1887 5156 2084 5209 suum,
2116 5143 2235 5193 tam
2261 5155 2363 5210 pro
2396 5138 2604 5193 animae
2653 5155 2771 5193 suae
2830 5154 3070 5211 suaeque
3117 5138 3389 5212 conjugis
3417 5139 3538 5195 Au-

60 5227 1772 5302 salinisetpiscationibus,etomnibusconsuetudinibus.
1887 5233 2070 5302 gestae
2120 5227 2248 5282 filiae
2303 5231 2514 5282 nostra
2567 5226 2807 5298 Agnetis
2876 5225 3155 5293 remedio,
3207 5242 3385 5299 quam
3429 5242 3537 5299 pro

60 5328 145 5382 1n
216 5320 453 5376 forests
498 5319 769 5376 Wastina
803 5323 992 5374 totum
1024 5318 1389 5390 pasnaticum
1423 5318 1493 5372 de
1524 5318 1776 5388 propriis
1888 5317 2078 5373 salute
2109 5317 2282 5371 etiam
2317 5319 2625 5387 parentum
2656 5331 2899 5372 suorum
2931 5315 3188 5372 Cunradi
3218 5317 3276 5371 et
3307 5312 3533 5382 Gisela,

56 5409 320 5490 porcis
350 5408 616 5464 omnium
649 5408 1071 5464 monachorum
1102 5407 1326 5463 Sanctae
1367 5405 1690 5474 Trinitatis,
1721 5409 1778 5460 et
1889 5407 2031 5461 diva
2063 5405 2312 5476 [divinis]
2345 5403 2662 5469 memoriae,
2693 5405 2788 5476 pio
2828 5405 3038 5460 affectu
3086 5403 3296 5476 piaque
3343 5401 3534 5458 inten-

56 5489 415 5563 rnedietas
439 5498 510 5553 de
540 5497 840 5570 pasnatico
873 5495 1120 5552 aliorum
1143 5495 1471 5562 hominum,
1493 5499 1548 5549 et
1578 5493 1688 5548 mel
1721 5498 1779 5548 et
1887 5495 2046 5549 tione
2079 5498 2280 5548 sancto
2307 5493 2474 5548 Petro
2495 5493 2740 5564 ejusque
2761 5491 3090 5564 apostolica:
3112 5491 3235 5546 sedi
3259 5506 3359 5563 per
3389 5489 3534 5547 scri-

57 5609 242 5651 cera
281 5587 556 5658 ejusdem
587 5584 1150 5642 silvseinluminaria
1173 5582 1778 5640 monasterii.Assu.n-
1888 5587 2142 5653 pturam,
2178 5581 2412 5652 propria
2441 5598 2620 5636 manu
2652 5579 3215 5652 signatam,penitus
3245 5579 3539 5637 concessit

49 5683 223 5760 ptio
268 5675 460 5732 etiam
491 5676 757 5732 omnium
781 5676 1057 5732 arborum
1080 5675 1154 5731 ab
1176 5672 1452 5730 omnibus
1475 5671 1778 5728 monachis
1889 5688 1991 5742 per
2022 5687 2236 5726 manus
2262 5674 2510 5736 nostras,
2546 5669 2765 5725 scilicet
2793 5668 3019 5741 indigni
3047 5667 3248 5725 vicarii
3269 5668 3538 5740 ejusdem

49 5755 1777 5834 Vindocinensibus,etabuniversishominibusipsorum,
1890 5758 2288 5832 apostolorum
2315 5757 2618 5830 Principis,
2647 5762 2711 5812 ut
2735 5759 2864 5830 ipsa
2889 5756 3153 5826 ecclesia,
3186 5755 3379 5830 posita
3426 5757 3535 5813 sub

45 5864 150 5924 ad
195 5869 442 5918 omnes
457 5870 604 5912 usus
617 5871 756 5913 suos
776 5854 837 5912 in
857 5855 1029 5913 terris
1063 5854 1134 5912 ad
1167 5851 1590 5909 monasterium
1615 5850 1783 5924 perti-
1888 5846 2205 5922 apostolico
2225 5848 2377 5920 jure,
2411 5846 2469 5902 in
2498 5849 2841 5919 perpetuum
2872 5843 3059 5905 libera
3088 5849 3148 5904 et
3176 5844 3375 5924 quieta
3403 5860 3534 5920 per-
