3916 6434
383 495 502 558 823

386 716 964 788 molestia,suamque
995 717 1384 790 integritatem
1416 715 1636 773 habens
1667 717 1720 772 in
1747 717 2020 772 omnibus

387 806 562 863 rebus
591 811 649 862 et
678 806 1071 871 facultatibus,
1093 824 1236 879 quas
1268 807 1440 862 modo
1471 806 1645 860 habet
1665 805 1721 860 in
1747 807 2019 878 praedicto

385 893 511 950 loco
544 893 802 956 Goslaria
831 895 889 950 in
921 894 1096 967 Egeln
1127 894 1184 949 in
1215 894 1470 953 Jeresleb
1494 898 1548 950 et
1569 893 1626 949 in
1668 893 1932 959 Adesleb,
1965 899 2022 948 et

386 983 447 1039 in
477 983 966 1050 Summensteten,
1000 989 1056 1038 et
1083 983 1141 1038 in
1174 984 1523 1050 Slansteten,
1549 986 1605 1038 et
1634 983 1691 1036 in
1725 983 2017 1047 Valentro,

388 1076 446 1128 et
474 1072 532 1128 in
563 1071 884 1139 Aldendoli‘,
909 1075 964 1126 et
995 1071 1054 1127 in
1088 1071 1583 1143 Dingelstelcin,ct
1607 1071 1661 1125 in
1687 1071 2017 1136 Borestortl‘,

387 1165 444 1217 et
469 1161 528 1216 in
559 1160 950 1232 Ogtkersleve,
981 1165 1037 1217 ct
1066 1161 1124 1216 in
1155 1160 1409 1228 Balbria,
1431 1165 1486 1215 et
1518 1161 1576 1214 in
1606 1159 2016 1226 Walcheslcve,

387 1254 442 1308 et
469 1250 528 1306 in
561 1250 970 1323 [lerlingerode
999 1250 1129 1306 aliis
1176 1249 1466 1322 [aliisque]
1517 1265 1747 1321 quoque
1791 1247 1936 1304 locis
1965 1252 2020 1304 et

384 1337 554 1410 villis,
588 1343 644 1395 et
673 1345 1033 1410 quaecunque
1063 1337 1118 1392 in
1155 1344 1494 1410 perpetuum
1527 1337 1799 1392 habitura
1828 1337 2022 1402 est,si-

384 1446 451 1484 ve
481 1429 601 1486 sint
631 1427 874 1485 mobilia
903 1427 1022 1482 sive
1054 1425 1394 1482 immobilia.

458 1517 620 1581 Quod
651 1517 871 1572 donum
892 1516 962 1570 de
983 1515 1255 1570 manibus
1278 1515 1530 1586 praedicti
1565 1513 1893 1570 charissimi
1918 1512 2018 1568 filii

386 1605 571 1662 nostri
616 1605 865 1676 Augusti
915 1604 1296 1675 suscipientes
1338 1601 1717 1667 decrevimus,
1767 1619 1868 1674 per
1914 1602 2021 1657 hoc

386 1695 596 1750 nostra:
634 1692 962 1766 apostolicae
1015 1691 1374 1748 auctoritatis
1431 1691 1816 1764 privilegium,
1849 1708 2020 1746 omne

387 1781 710 1848 munimen,
729 1798 902 1837 omne
931 1781 1108 1836 robur
1135 1781 1517 1852 apostolicum
1550 1779 1736 1836 eidem
1767 1779 2018 1834 ecclesia:

383 1875 602 1928 Sanctae
633 1871 821 1926 Mariae
853 1875 910 1926 et
940 1874 1274 1926 sanctorum
1323 1868 1720 1940 apostolorum
1763 1867 2020 1924 Simonis

384 1961 440 2016 et
459 1959 633 2056 .Judaa
675 1959 1040 2056 contribuere
1086 1962 1144 2013 et
1190 1959 1536 2024 condonare,
1571 1962 1654 2024 ut,
1687 1957 1912 2028 integra
1959 1957 2016 2012 in
2050 1991 2096 2056 B

383 2047 506 2104 suis
539 2047 712 2104 rebus
742 2047 982 2118 suisque
1014 2046 1484 2119 possessionibus
1515 2049 1811 2112 constans,
1831 2045 1887 2100 in
1920 2061 2020 2102 sm-

383 2137 513 2194 cula
540 2137 770 2194 nullum
803 2140 1026 2194 metuat
1056 2139 1127 2193 ab
1157 2137 1528 2209 imperatore,
1560 2135 1648 2190 vel
1681 2152 1714 2190 a
1743 2151 1896 2206 rege,
1928 2135 2015 2190 vel

384 2230 456 2285 ab
485 2228 684 2300 aliqua
713 2244 961 2300 persona
993 2226 1226 2299 publica
1255 2225 1340 2282 vel
1374 2227 1596 2298 privata
1647 2223 2016 2296 dispendium

381 2320 468 2377 vel
499 2319 932 2376 detrimentum.
968 2318 1221 2390 Dignum
1270 2320 1466 2372 tamen
1515 2314 1791 2370 duximus
1829 2313 2016 2368 cidem

383 2409 729 2466 charissimo
761 2407 880 2462 filio
909 2411 1108 2462 nostro
1140 2409 1387 2478 augusto
1418 2407 1662 2477 ejusque
1715 2419 2018 2458 successo-

385 2499 548 2557 ribus
579 2497 1014 2555 advocationcm
1045 2496 1232 2570 ipsius
1264 2495 1413 2552 sacri
1443 2494 1552 2550 loci
1585 2511 1652 2549 ea
1680 2493 1901 2548 ratione
1931 2508 2016 2547 re-

383 2587 672 2662 linquere,
696 2591 761 2643 ut
781 2603 1010 2658 semper
1031 2586 1085 2640 in
1110 2588 1387 2658 potestate
1409 2584 1660 2640 habeant
1690 2581 1766 2637 ibi
1801 2597 2017 2654 praepo-

382 2679 526 2736 sitos
555 2677 876 2734 secundum
899 2675 1082 2730 Deum
1115 2674 1521 2738 ordinare,non
1547 2676 1740 2728 autem
1764 2687 1830 2726 ex
1850 2670 2020 2726 bonis

382 2766 526 2842 ipsis
549 2765 730 2823 alicus
761 2764 1026 2838 [aliquid]
1061 2765 1118 2820 in
1143 2763 1442 2836 proprium
1465 2762 1726 2827 dare,scu
1753 2759 1808 2813 in
1845 2746 2018 2814 bene-

383 2857 582 2914 ficium
600 2855 949 2912 tribuere.At
971 2853 1018 2910 si
1053 2857 1256 2909 contra
1284 2849 1735 2925 prohibitionem
1760 2851 2019 2904 nostram

383 2945 698 3018 quisquam
724 2960 923 2999 eorum
954 2941 1256 2998 tentaverit
1278 2938 1722 3012 agere,liberum
1739 2937 2020 3009 jubemus

385 3048 513 3089 esse
541 3030 850 3104 praeposito
895 3035 952 3086 ct
999 3028 1314 3095 canonicis,
1342 3028 1440 3099 qui
1488 3027 1566 3081 ibi
1620 3042 1720 3096 pro
1761 3028 2021 3096 tempore

387 3119 712 3183 fuerint,sic
737 3119 1070 3174 omnimodo
1093 3118 1162 3173 ad
1183 3118 1504 3172 Romanam
1528 3113 1841 3169 Ecclesiam
1865 3110 2020 3166 dein-

385 3225 520 3283 ceps
541 3207 916 3280 respicere,ut
939 3205 1084 3262 nihil
1105 3203 1448 3260 metuantde
1463 3199 1746 3273 imperiali
1765 3199 1848 3254 vel
1867 3215 2022 3270 rega-

382 3299 423 3355 li
445 3298 1117 3371 conditione.Episcopus
1137 3299 1330 3350 autem
1348 3293 1406 3348 in
1420 3287 1829 3363 cujusdioecesi
1848 3287 2018 3342 istius

1700 493 2059 556 VICTORIS
2100 490 2154 555 Π
2200 495 2296 556 PA
2309 494 2452 556 PE.

386 627 558 688 sistat
581 627 653 684 ab
683 626 842 684 omni
866 628 1000 701 jure
1029 631 1085 685 et
1113 627 1390 694 dominio,
1411 628 1482 684 ab
1513 627 1672 684 omni
1701 627 1933 684 laesione
1965 631 2020 682 et
2049 629 2108 692 Α.

3685 497 3794 560 824

2213 717 2578 788 Privilogz‘um
2612 717 2834 774 Victoris
2863 718 2914 774 Π
2933 734 3036 792 pro
3064 720 3401 777 monasterio
3430 718 3727 777 Fuldensi.

2756 807 2939 878 (Anno
2974 809 3154 880 1057.)
3777 795 3786 804 ’

2401 895 2680 965 [ΟΒΟΝΚΕ.
2715 894 2838 952 Cod.
2874 895 3104 968 Diplom.
3137 896 3320 966 Fuld.,
3348 897 3515 970 364.]

2197 981 2414 1036 VICTOR
2442 983 2982 1055 episcopus,servus
3003 1001 3308 1040 servorum
3332 986 3464 1051 Dei,
3484 987 3797 1044 ECHBERTO

2132 1069 2226 1140 pio
2255 1075 2312 1124 et
2343 1069 2609 1142 religioso
2629 1071 2819 1126 abbati
2842 1073 3180 1130 monasterii
3199 1073 3535 1133 Salvatoris
3559 1077 3797 1134 Domini

2133 1159 2313 1214 nostri
2345 1163 2483 1214 Jesu
2511 1159 2740 1228 Christi,
2774 1163 2831 1216 et
2857 1161 3052 1218 Sancti
3085 1162 3391 1231 Bonifacii,
3416 1167 3586 1238 quod
3618 1167 3798 1225 situm

2127 1250 2216 1304 est
2243 1247 2301 1302 in
2327 1247 2450 1304 loco
2473 1249 2568 1320 qui
2593 1253 2829 1304 vocatur
2848 1250 3162 1318 Bochonia,
3183 1253 3360 1324 juxta
3381 1253 3587 1326 ripam
3611 1256 3801 1312 ﬂumi.

2132 1335 2223 1392 nis
2255 1337 2406 1408 quod
2435 1341 2672 1392 vocatur
2702 1337 2905 1408 Fulda,
2937 1343 2993 1394 et
3017 1355 3122 1411 per
3166 1344 3224 1397 te
3272 1341 3435 1398 idem
3467 1345 3799 1401 venerabili

2129 1425 2480 1482 monasterio
2507 1426 2746 1498 suisque
2776 1427 3234 1496 successoribus,
3268 1431 3330 1486 in
3363 1438 3758 1506 perpetuum.

2199 1513 2475 1570 Convenit
2531 1515 2848 1587 apostolico
2904 1517 3292 1574 moderamini
3344 1519 3448 1592 pia
3509 1521 3800 1595 religione

2130 1601 2483 1674 pollentibus
2505 1603 2780 1659 benevola
2801 1605 3212 1676 compassione
3233 1623 3595 1666 succurrere
3619 1616 3680 1666 et
3703 1629 3806 1683 po-

2130 1691 2427 1747 scentibus
2450 1693 2610 1761 juste
2640 1698 2698 1748 et
2727 1692 2991 1766 religiose
3021 1691 3200 1750 alacri
3233 1695 3553 1754 devotione
3597 1716 3802 1756 assen-

2129 1796 2260 1836 sum
2293 1779 2697 1852 impertiri.Ex
2729 1780 2837 1837 hoc
2865 1781 3021 1838 enim
3054 1781 3199 1838 lucri
3223 1784 3624 1856 potissimum
3659 1806 3801 1860 pras-

2129 1868 2312 1924 mium
2346 1887 2379 1923 a
2408 1869 2704 1926 conditore
2734 1871 3020 1938 omnium,
3054 1871 3409 1944 Deo,procul
3441 1873 3638 1932 dubio
3671 1894 3804 1950 pro-

2130 1958 2498 2026 meremur,si
2523 1958 2876 2015 venerabilia
2905 1958 3032 2015 loca
3062 1965 3397 2033 opportune
3417 1964 3714 2023 ordinata
3737 1968 3808 2023 ad

2128 2045 2424 2103 meliorem
2441 2047 2655 2102 fuerint
2673 2047 2796 2104 sine
2814 2047 2992 2104 dubio
3015 2052 3240 2106 statum
3266 2051 3809 2128 perductanitur,

2129 2135 2266 2207 quia
2295 2135 2638 2208 postulastis
2670 2154 2702 2192 a
2733 2137 2920 2202 nobis,
2945 2137 3314 2196 decrevimus
3335 2145 3541 2197 nostra
3559 2150 3810 2215 aposto-

2129 2223 2240 2280 lica
2267 2225 2648 2297 praceptione
2677 2227 3054 2282 reconcedere
3104 2243 3173 2283 ac
3194 2229 3619 2288 reconﬁrmare
3669 2250 3814 2305 per-

2128 2313 2434 2386 petualiter
2459 2314 2622 2370 vobis
2634 2313 2956 2387 vestrisque
2970 2318 3413 2373 successoribus
3433 2319 3811 2391 praedictum

2129 2403 2550 2460 monasterium
2571 2403 2887 2460 Salvatoris
2905 2405 3138 2461 Domini
3168 2406 3354 2462 nostri
3375 2407 3523 2464 Jesu
3549 2408 3809 2480 Christi,

2129 2497 2184 2547 ct
2214 2493 2405 2548 Sancti
2439 2491 2926 2558 Bonifacii,situm
2949 2493 3010 2548 in
3030 2493 3160 2550 loco
3181 2495 3284 2567 qui
3303 2500 3556 2554 vocatur
3577 2499 3816 2556 Boche-

2131 2581 2245 2648 nia,
2279 2583 2443 2652 juxta
2473 2581 2658 2654 ripam
2691 2581 2952 2638 fluminis
2984 2583 3141 2656 quod
3171 2584 3390 2640 dicitur
3417 2585 3640 2656 Fulda,
3668 2605 3814 2646 cum

2131 2669 2405 2725 omnibus
2434 2670 2610 2725 rebus
2640 2669 2958 2726 mobilibus
2979 2674 3036 2726 et
3056 2671 3473 2730 immobilibus
3506 2675 3632 2731 sibi
3678 2694 3814 2749 per-

2131 2757 2624 2829 tinentibus,quas
2648 2775 2802 2814 nunc
2823 2759 3001 2816 habet
3029 2764 3088 2816 et
3113 2761 3176 2816 in
3209 2761 3433 2828 futuro,
3467 2763 3595 2820 Deo
3641 2766 3814 2821 auxi-

2130 2846 2326 2914 liante,
2359 2847 2613 2902 habebit.
2642 2847 3024 2904 Concedimus
3052 2849 3232 2905 etiam
3265 2854 3450 2924 atque
3498 2853 3817 2912 donamus

2127 2935 2310 3004 vobis,
2344 2935 2688 2991 charissime
2735 2953 2800 2991 ac
2857 2936 3241 2993 dilectissime
3299 2937 3410 3008 fili,
3457 2941 3816 3016 vestrisque

2131 3024 2535 3080 sucessoribus
2563 3024 2876 3080 abbatibus
2909 3024 2967 3080 in
3001 3030 3380 3098 perpetuum,
3415 3045 3530 3101 pro
3583 3047 3818 3104 magno

2130 3115 2330 3168 nostro
2363 3128 2556 3168 amore
2587 3111 2885 3184 nimiaque
2931 3112 3240 3171 dilectione
3271 3132 3459 3188 quam
3509 3119 3682 3176 circa
3711 3139 3820 3178 vos

2129 3200 2416 3256 habemus
2437 3203 2494 3255 et
2518 3199 2731 3255 habere
2751 3200 3026 3274 deinceps
3047 3203 3820 3276 cupimus,monasterium

2127 3287 2320 3343 Sancti
2367 3287 2605 3344 Andreae
2637 3287 2904 3359 apostoli,
2943 3291 3098 3361 quod
3149 3295 3398 3348 vocatur
3453 3295 3819 3364 Exaiulum,

388 3389 640 3446 ecclesiae
687 3389 1086 3444 constructum
1109 3386 1196 3438 est
1217 3379 1634 3438 monasterium
1676 3376 1824 3432 nihil
1867 3375 1923 3430 in
1956 3390 2021 3430 eo
2129 3377 2307 3433 situm
2341 3377 2532 3432 Romae
2556 3377 2725 3446 juxta
2763 3376 3069 3434 ecclesiam
3101 3380 3332 3437 Sanctae
3355 3381 3465 3438 Dei
3489 3356 3823 3458 genitricis

387 3444 598 3536 habeat
615 3476 772 3550 juris
818 3478 919 3531 aut
966 3471 1268 3546 potestatis
1315 3473 1518 3542 praeter
1563 3463 2019 3522 ecclesiasticum
2078 3444 2087 3465 ’

386 3567 666 3640 regimen,
687 3569 747 3621 et
771 3563 1099 3620 secundum
1123 3558 1400 3616 canonica
1433 3557 1700 3612 instituta
1728 3554 2020 3626 episcopa-

383 3656 499 3712 lem
531 3657 898 3728 potestatem.
931 3651 1258 3706 Statuimus
1303 3648 1482 3720 igitur
1528 3643 1848 3717 apostolica
1883 3658 2014 3696 cen-

383 3760 543 3811 sura,
575 3742 685 3798 sub
714 3739 891 3796 divini
915 3737 1124 3810 judicii
1155 3735 1556 3802 obtestatione,
1597 3737 1662 3788 ut
1703 3731 1864 3787 nulla
1913 3746 2013 3802 po-

379 3835 561 3889 testas
592 3829 913 3904 imperialis
941 3827 1028 3882 vel
1062 3827 1220 3898 regia
1247 3823 1660 3890 ecclesiastica,
1692 3820 1781 3876 vel
1829 3836 2010 3876 saecu-

379 3921 539 3988 laris,
570 3919 657 3976 vel
711 3918 983 3992 qualibet
1031 3916 1335 3972 hominum
1389 3929 1636 3986 persona
1683 3926 1896 3982 magna
1923 3907 2008 3964 vel

377 4026 574 4083 parva,
602 4009 1004 4082 cujuscunque
1036 4005 1112 4060 sit
1141 4021 1313 4060 sexus
1342 4001 1428 4057 vel
1461 4000 1877 4065 aetatis,contra
1902 3996 2009 4052 hoc

375 4101 587 4154 nostrae
607 4095 931 4169 apostolicae
960 4095 1127 4166 [abest
1148 4089 1498 4164 apostolicae]
1521 4085 2006 4144 corroborationis

373 4184 741 4260 privilegium
788 4183 984 4240 venire
1038 4183 1340 4254 pertentet.
1373 4178 1648 4249 Quisquis
1687 4192 1818 4231 vero
1851 4190 2005 4245 qure-

371 4271 946 4348 quaeve,quodahsit!
977 4269 1354 4340 l‘ucrit,usque
1376 4269 1444 4323 ad
1470 4265 1816 4337 condignam
1841 4263 2005 4319 satis-

369 4363 702 4430 factionem,
755 4360 938 4417 nostri
981 4357 1277 4431 apostolici
1329 4354 1720 4412 anathematis
1768 4350 2004 4408 vulnere

367 4453 604 4511 saucius
634 4451 860 4508 existat.
895 4450 998 4517 Qui
1026 4465 1158 4504 vero
1189 4447 1260 4504 ab
1289 4447 1383 4502 his
1433 4443 1743 4518 prohibitis
1773 4459 1833 4498 se
1863 4457 1998 4496 cus-

362 4541 616 4611 todierit,
649 4545 707 4596 et
735 4539 1022 4613 quidquid
1053 4537 1148 4593 hic
1179 4536 1388 4610 legitur
1418 4533 1638 4589 illibate
1667 4532 1999 4588 observave-

362 4631 435 4686 rit
463 4629 697 4704 plenam
727 4645 762 4685 a
790 4629 960 4684 nobis
990 4627 1200 4683 habeat
1226 4622 1710 4689 benedictionem,
1735 4624 1791 4676 et
1819 4637 1852 4676 ο.
1880 4620 1994 4676 Deo

360 4719 780 4794 sempiternam
809 4717 1080 4773 salutem.

2025 4723 2071 4787 D

2131 3466 2322 3521 Mariae
2351 3481 2584 3537 semper
2610 3465 2874 3538 virginis,
2907 3483 3032 3538 qua:
3064 3473 3310 3524 vocatur
3353 3472 3444 3527 Ad
3505 3477 3820 3549 Presepe,

2127 3571 2262 3610 cum
2294 3554 2568 3610 omnibus
2588 3555 3019 3626 mansionibus,
3035 3556 3379 3624 caminatis,
3412 3559 3619 3631 cellis,
3645 3566 3822 3620 vina-

2124 3643 2310 3710 riis,et
2331 3642 2740 3715 coquina,cum
2761 3643 3186 3716 vineis,hortis,
3205 3646 3600 3723 diversisque
3634 3669 3821 3726 gene-

2124 3731 2287 3788 ribus
2336 3749 2662 3804 pomorum,
2708 3749 2840 3788 cum
2892 3737 3053 3790 curte
3099 3739 3158 3790 et
3207 3739 3385 3808 puteo
3435 3743 3500 3793 et
3551 3741 3824 3799 introitu

2121 3837 2223 3893 per
2252 3824 2481 3892 portam
2511 3821 2791 3891 majorem
2824 3837 2858 3876 a
2885 3821 2979 3876 via
3006 3820 3267 3894 publica,
3301 3827 3360 3879 et
3398 3841 3545 3882 cum
3609 3831 3826 3886 omni—

2121 3910 2231 3966 bus
2277 3911 2347 3964 ad
2398 3909 2552 3964 idem
2602 3909 3026 3966 monasterium
3077 3911 3442 3982 generaliter
3495 3919 3831 3989 pertinen-

2119 3999 2299 4066 tibus,
2329 4001 2450 4054 tam
2481 3998 2633 4053 intra
2681 4013 2857 4070 quam
2907 4003 3068 4055 extra
3119 4001 3331 4058 urbem
3373 4003 3534 4070 sitis,
3575 4022 3736 4080 quae
3776 4011 3827 4064 ei

2108 4087 2268 4158 juste
2293 4103 2358 4143 ac
2389 4091 2541 4142 recte
2574 4085 2860 4159 pertinere
2891 4087 3346 4162 dignoscuntur.
3385 4091 3831 4153 Prohibemus

2114 4179 2307 4232 autem
2341 4192 2574 4231 omnem
2609 4175 2925 4247 cujuslibet
2971 4176 3243 4234 Ecclesiae
3297 4182 3714 4242 sacerdotem
3765 4189 3830 4242 in

2114 4264 2267 4318 idem
2309 4269 2565 4319 vestrum
2612 4262 2897 4320 Fuldense
2952 4267 3384 4322 monasterium
3449 4274 3835 4343 quamlibet

2111 4351 2386 4409 ditionem
2419 4353 2650 4418 habere,
2684 4351 2768 4408 vel
2800 4354 3228 4424 auctoritatem,
3263 4360 3483 4429 praeter
3514 4367 3834 4422 nostram

2109 4441 2486 4514 apostolicam
2516 4441 2736 4506 sedem,
2768 4441 3101 4514 specialiter
3129 4443 3487 4519 episcopum
3527 4447 3600 4504 in
3628 4455 3837 4526 cujus

2107 4529 2340 4586 dioecesi
2389 4534 2790 4587 constructum
2845 4546 2974 4588 esse
3017 4531 3272 4601 videtur,
3305 4535 3390 4590 ita
3425 4540 3523 4605 ut,
3563 4540 3716 4597 nisi
3759 4545 3838 4599 ab

2105 4619 2312 4675 abbate
2343 4618 2680 4674 monasterii
2727 4619 2902 4676 fuerit
2949 4619 3252 4690 invitatus,
3283 4639 3394 4678 nec
3449 4625 3838 4687 missarum

2102 4707 2387 4764 solemnia
2418 4707 2631 4762 ibidem
2665 4706 2954 4764 celebrare
2982 4713 3326 4782 praesumat.
3361 4709 3549 4770 Dona
3570 4727 3841 4788 vero,et

428 4807 641 4862 Datum
668 4823 704 4861 ν
735 4806 817 4860 Id.
849 4805 1004 4874 Jan.,
1034 4821 1136 4876 per
1174 4819 1384 4858 manus
1433 4800 1700 4856 Aribouis
1729 4799 1852 4855 vice
1878 4801 1992 4854 An-

357 4893 528 4948 nonis
569 4891 1080 4962 archicancellarii,
1115 4893 1386 4948 Romanae
1410 4889 1678 4946 Ecclesim
1724 4893 1780 4944 et
1825 4887 1988 4944 Colo-

356 4979 579 5036 niensis
607 4979 1046 5054 archiepiscopi,
1079 4997 1233 5036 anno
1285 4994 1418 5032 vero
1450 4977 1756 5049 [secundo)
1787 4975 1986 5032 domni

353 5083 516 5147 papa:
545 5064 792 5122 Victoris
820 5069 889 5136 ll,
920 5069 1124 5125 indict.
1159 5085 1194 5122 x
1228 5067 1326 5137 (3).

2103 4795 2426 4852 oblationes
2459 4796 2834 4868 decimasque
2861 4796 3390 4872 ﬁdelium,absque
3426 4801 3644 4862 ullius
3685 4824 3842 4882 per-

2097 4901 2250 4940 sonae
2280 4883 2710 4952 contrarietate,
2744 4883 3025 4941 ﬁrmitate
3054 4890 3342 4958 perpetua
3369 4886 3500 4960 ipsi
3540 4909 3838 4954 manas-

2096 4972 2238 5028 terio
2268 4977 2480 5038 vestro,
2514 4973 2841 5029 secundum
2872 4974 3378 5046 praedecessorum
3425 4985 3839 5042 nostrorum

2095 5060 2417 5134 privilegia,
2439 5061 2856 5118 conﬁrmamus
2883 5065 2940 5118 et
2969 5065 3457 5122 corroboramus.
3497 5069 3838 5131 Decet-ni-

2096 5166 2228 5205 mus
2261 5150 2436 5207 etiam
2467 5148 3000 5222 nealicuipersonaa
3013 5165 3242 5226 magna;
3261 5152 3353 5210 vel
3373 5171 3601 5227 parvae
3629 5159 3838 5222 liceat

2097 5237 2354 5310 aliquam
2383 5237 2502 5292 vim
2531 5237 2618 5294 vel
2647 5239 3104 5296 controversiam
3145 5240 3368 5300 inferre
3408 5245 3649 5308 eidem
3693 5269 3835 5310 mo-

415 5413 771 5492 (3_Appensa
797 5417 885 5492 est
911 5403 1408 5492 huicAdiplomgtiL
1423 5403 1658 5492 rariopis
1688 5411 1832 5462 notae
1862 5409 1989 5466 bul-
2167 5415 2356 5492 Altera
2382 5431 2596 5492 papam
2621 5414 2928 5492 mitratum
2961 5432 3263 5490 manuque
3293 5418 3549 5483 clavem
3585 5443 3630 5487 θ
3669 5433 3835 5490 calo

345 5471 740 5562 laipluhibea,
817 5483 994 5537 altera
1041 5471 1190 5537 facie
1241 5471 1524 5527 exhibens
1573 5474 1816 5533 Romam
1855 5495 1985 5540 cum
2093 5471 2536 5558 prOtendentem
2569 5471 3015 5544 additotituloii

347 5549 664 5619 epigraphs
697 5569 710 5605 :

896 5619 1162 5687 ‘AUREA
1199 5609 1424 5687 noua.

419 5683 884 5758 Circumscriptis
896 5681 902 5758 Ῐ
914 5689 973 5744 in
1005 5689 1212 5758 orbem
1236 5677 1458 5758 36311139.

788 5752 818 5823 τ
857 5756 1192 5815 VICTORIS
1236 5746 1438 5805 ΡΑΡιΕ
1478 5750 1544 5805 ll.

2191 5644 2265 5684 τυ
2306 5643 2414 5685 rso
2454 5644 2535 5684 ME
2571 5645 2763 5686 NAVEM
2801 5645 3069 5700 nomen,
3110 5647 3363 5692 susurra
3405 5653 3711 5704 CLAVEM.
