3916 6372
186 492 305 556 825

187 734 447 789 unquam
479 717 617 772 illuc
640 719 867 790 ingredi
897 722 1231 791 praesumat,
1260 724 1460 774 nostra
1507 718 1827 791 apostolica

186 806 591 863 interdicimus
613 807 979 871 auctoritate,
996 812 1051 863 et
1070 824 1142 863 ne
1164 808 1295 879 quis
1317 812 1513 864 autem
1545 807 1823 878 placitum

186 895 267 952 ibi
299 895 513 950 habeat
551 895 636 950 vel
664 896 722 950 in
762 897 982 952 caeteris
1013 896 1142 966 ejus
1165 894 1325 965 locis,
1360 912 1464 951 nec
1497 913 1691 952 servos
1723 912 1826 950 nec

187 983 425 1040 colonos
456 984 528 1039 ad
561 984 796 1056 aliquod
829 985 1128 1039 servitium
1169 985 1548 1056 constringat,
1591 984 1701 1039 nisi
1733 984 1826 1039 cui

189 1074 370 1128 abbas
402 1074 472 1127 ad
496 1073 807 1128 utilitatem
832 1092 947 1129 suae
979 1074 1341 1130 necessitatis
1362 1090 1669 1129 assensum
1690 1091 1828 1145 prae-

188 1162 398 1217 buerit.
433 1162 695 1233 Eligendi
721 1180 951 1234 quoque
974 1164 1243 1218 abbatem
1266 1163 1399 1229 sibi,
1424 1163 1659 1233 quando
1682 1179 1828 1233 opus

186 1250 380 1317 fuerit,
407 1251 613 1306 fratres
637 1252 786 1305 inter
808 1270 867 1305 se
883 1255 1221 1320 potestatem
1242 1250 1494 1307 habeant
1506 1252 1826 1307 secundum

188 1338 453 1411 regulam
479 1341 661 1395 sancti
690 1340 999 1407 Benedicti,
1025 1340 1150 1395 sine
1169 1340 1343 1397 ullius
1374 1340 1829 1397 contradictione

190 1446 468 1500 personae.

262 1517 542 1572 Caeterum
593 1534 725 1571 vero
758 1517 862 1572 hoc
905 1518 1290 1573 deliberantes
1329 1518 1700 1574 decernimus
1742 1522 1824 1585 ut,

188 1608 463 1678 congruis
488 1607 867 1678 temporibus,
903 1612 1110 1662 nostrae
1142 1608 1521 1663 sollicitudini
1555 1607 1829 1665 ecclesia-

186 1696 342 1751 sticae
376 1695 680 1750 intimetur
710 1696 959 1768 qualiter
988 1696 1188 1769 religio
1225 1697 1546 1752 monastica
1577 1696 1830 1768 regulari

185 1782 390 1839 habitu
436 1783 727 1856 dirigatur
779 1785 1205 1860 concordiaque
1254 1785 1618 1841 convenienti
1652 1785 1829 1841 eccle-

184 1871 425 1928 siastico
448 1872 640 1927 studio
664 1874 1046 1945 mancipetur,
1063 1892 1133 1929 ne
1149 1874 1312 1940 forte,
1337 1875 1489 1946 quod
1515 1874 1689 1929 absit!
1722 1874 1829 1929 sub

1159 492 1565 591 EPISTOL/E
1603 492 1705 555 ET
1748 489 2112 590 DECRETA
2155 490 2624 557 PONTIFICIA.

188 626 437 684 nasterio
480 626 539 684 in
588 627 763 685 rebus
810 644 877 685 ac
917 625 1166 684 familias
1212 629 1377 700 ejus;
1411 632 1468 683 et
1497 645 1569 684 ne
1611 626 1829 683 femina
1858 625 1914 692 Α

3467 490 3582 553 826

3592 551 3603 575 ὃ

2038 716 2259 770 Victoris
2292 716 2342 770 II
2369 716 2738 786 privilegium
2760 730 2865 788 pro
2896 713 3134 770 Ecclesia
3169 713 3489 771 T‘revz'rensz'.

2568 806 2755 876 (Anno
2785 804 2967 874 1057.)

2008 892 2327 963 [(lUNTHsn,
2363 893 2542 961 Codex
2569 894 2793 966 diplom.
2830 892 3000 949 Rhen.
3035 893 3244 959 Mosch,
3280 911 3335 965 p.
3370 892 3521 966 434.]

2004 981 2218 1036 VICTOR
2264 982 2594 1054 episcopus,
2630 998 2833 1037 servus
2866 998 3166 1037 servorum
3198 982 3322 1049 Dei,
3364 982 3470 1038 tibi
3501 982 3594 1037 di-

1936 1071 2081 1126 lecto
2109 1071 2383 1127 confratri
2414 1089 2478 1126 ac
2519 1075 2729 1127 sancta
2774 1071 3134 1127 Trevirensis
3179 1072 3450 1128 Ecclesiae
3498 1090 3595 1129 ar-

1937 1159 2305 1233 chiepiscopo
2336 1161 2569 1232 tuisque
2600 1158 3037 1216 successoribus
3068 1160 3125 1215 in
3156 1165 3529 1232 perpetuum.
3620 1146 3631 1155 ’

2007 1250 2193 1304 Justis
2222 1266 2288 1304 ac
2309 1250 2550 1304 Domino
2576 1249 2801 1321 placitis
2830 1249 3205 1321 petitionibus
3228 1249 3588 1307 aﬂ'ectuosus

1939 1340 2182 1394 debetur
2210 1341 2468 1395 eil'ectus.
2504 1339 2649 1404 Quid
2683 1339 2839 1395 enim
2869 1339 2928 1393 in
2960 1338 3402 1411 presentiarum
3463 1343 3587 1395 tam

1931 1430 2186 1498 justum,
2203 1432 2321 1482 tam
2337 1429 2453 1483 Deo
2465 1428 2765 1500 placitum,
2782 1444 2955 1499 quam
2975 1432 3029 1484 et
3046 1428 3373 1485 reverendis
3387 1446 3452 1485 ac
3471 1430 3590 1501 piis

1937 1517 2082 1574 locis
2097 1519 2164 1572 ad
2181 1516 2415 1572 laudem
2432 1516 2743 1590 et'gloriam
2767 1516 3022 1573 nominis
3042 1517 3228 1587 ipsius
3243 1518 3433 1573 debita
3449 1536 3585 1574 auc-

1940 1607 2164 1671 toritas,
2198 1607 2523 1662 reverentia
2562 1605 2761 1673 simul,
2797 1624 2862 1661 ac
2910 1605 3151 1671 utilitas,
3183 1607 3506 1662 vindicetur
3536 1612 3594 1663 et

1940 1694 2355 1751 conservetur?
2398 1696 2761 1768 Quapropter
2808 1695 2913 1767 pim
2972 1695 3354 1751 sollicitudini
3378 1700 3491 1752 tua:
3532 1696 3591 1752 in

1941 1785 2343 1840 confirmando
2374 1801 2439 1840 ac
2462 1784 2879 1857 perpetualiter
2908 1785 3214 1841 retinendo
3249 1785 3353 1856 jus
3384 1788 3597 1842 sanctae

1940 1873 2297 1930 Trevirensis
2327 1873 2590 1929 Ecclesiae
2613 1874 2718 1928 tibi
2767 1873 3167 1944 temporaliter
3224 1874 3595 1930 commisisse

186 1961 371 2032 hujus
394 1960 1207 2033 privilegiiobtentu.animus
1226 1980 1581 2035 gressusque
1598 1965 1831 2019 rectitu-
1870 1998 1916 2062 B
1946 1962 2264 2035 plurimum
2314 1962 2809 2036 congratulamur,
2858 1962 3185 2019 clarissime
3227 1963 3398 2018 nobis
3437 1980 3503 2019 ac
3534 1963 3594 2020 in

184 2049 345 2105 dinis
362 2054 563 2105 vestrae
577 2067 610 2107 a
625 2067 828 2105 norma
843 2053 974 2119 iusti
988 2058 997 2103 t
1013 2052 1073 2105 ire
1090 2052 1460 2122 aliquomodo
1476 2057 1843 2125 retorquatur

185 2138 578 2209 Concedimus
601 2138 778 2194 etiam
794 2139 919 2205 tibi,
946 2156 1116 2210 quem
1140 2141 1282 2194 bene
1302 2142 1595 2197 eruditum
1618 2147 1673 2197 et
1692 2144 1839 2198 bene

185 2226 562 2299 eloquentem
607 2226 797 2282 virum
847 2245 972 2283 esse
1024 2230 1311 2295 novimus,
1362 2231 1703 2287 dulcissime
1735 2231 1837 2298 fili,

185 2316 507 2389 praadicare
528 2316 766 2371 verbum
792 2316 889 2371 Dei
912 2318 1269 2386 auctoritate,
1296 2321 1479 2374 sancti
1500 2320 1649 2376 Petri
1668 2337 1837 2393 apos-

186 2403 295 2461 toli
329 2404 450 2472 Dei,
484 2408 539 2459 et
570 2410 767 2460 nostra
797 2407 922 2475 ejus
966 2406 1203 2479 indigne
1251 2408 1470 2478 vicarii,
1510 2413 1564 2464 et
1599 2414 1682 2477 ut,
1717 2415 1838 2465 tam

184 2510 293 2549 vos
342 2510 518 2565 quam
560 2510 926 2551 successores
976 2497 1176 2564 vestri,
1230 2501 1362 2553 ante
1392 2497 1557 2554 'alios
1597 2499 1839 2555 abbates

183 2581 388 2639 Gallias
412 2599 513 2638 seu
530 2583 851 2637 Germanim
877 2584 1190 2655 primatum
1212 2587 1450 2641 sedendi
1470 2587 1527 2642 in
1548 2587 1705 2643 omni
1728 2588 1838 2643 loci

185 2674 600 2743 conventuque
621 2676 819 2727 nostra
841 2673 1160 2744 apostolica
1174 2675 1514 2731 auctoritate
1528 2676 1838 2732 obtineatis

181 2762 387 2817 Abbas
416 2777 570 2826 vero,
608 2779 722 2817 non
758 2762 866 2816 nisi
892 2780 924 2817 a
946 2768 1145 2819 nostra
1168 2763 1485 2835 apostolica
1506 2766 1641 2821 sede
1664 2766 1837 2821 bene-

183 2851 439 2918 dicatur,
475 2868 507 2905 a
539 2868 652 2923 qua
674 2850 962 2908 benedicti
996 2852 1186 2919 debet,
1222 2857 1297 2920 et,
1331 2852 1379 2909 si
1415 2854 1471 2908 in
1506 2854 1701 2926 aliquo
1732 2855 1839 2910 cri-

186 2939 350 2997 mine
380 2947 690 2995 accusatus
726 2940 921 3007 fuerit,
954 2942 1024 2996 de
1054 2943 1257 2998 eadem
1290 2946 1491 2999 nostra
1520 2943 1840 3015 apostolica

186 3029 330 3085 sede
358 3032 587 3084 tantum
611 3029 905 3100 judicium
929 3034 1242 3101 exspectet.
1269 3031 1449 3087 Usum
1469 3048 1702 3104 quoque
1724 3032 1841 3087 dal-

187 3116 417 3174 maticai
441 3122 495 3173 et
520 3116 856 3173 sandalioru
868 3136 945 3182 m,
970 3120 1291 3173 secundum
1314 3120 1467 3191 quod
1496 3121 1566 3175 ab
1584 3125 1839 3177 anteces-

185 3206 426 3265 soribus
453 3207 669 3263 nostris
693 3206 857 3263 vobis
880 3224 1225 3264 concessum
1249 3212 1356 3273 est,
1381 3210 1757 3266 concedimus
1789 3215 1844 3267 et

186 3298 632 3353 conﬁrmamus.
661 3296 842 3369 Igitur
861 3297 1210 3369 generaliter
1230 3298 1563 3355 addendum
1596 3300 1841 3373 dignum

1949 2052 2026 2107 Ch
2036 2053 2176 2108 risto
2189 2052 2799 2107 reverendeconfrater
2815 2068 2880 2106 ac
2893 2051 3592 2125 coepiscopeEberbarde,

1939 2143 2109 2213 juxta
2128 2145 2291 2197 tuam
2323 2141 2759 2214 suggestionem
2791 2159 2856 2197 ac
2881 2140 3180 2213 privilegia
3198 2143 3592 2212 praedecesso-

1949 2248 2078 2286 rum
2111 2234 2443 2287 nostrorum
2474 2231 2718 2286 Joannis
2749 2230 3014 2286 videlicet
3044 2229 3140 2287 XII
3172 2248 3356 2303 papae,
3388 2248 3454 2286 ac
3485 2235 3589 2300 Be-

1948 2319 2161 2375 nedicti
2207 2320 2330 2385 VII,
2393 2320 2571 2375 beatze
2630 2335 2863 2391 quoque
2920 2319 3213 2375 memoriae
3262 2319 3469 2376 Leonis
3524 2319 3596 2376 IX

1949 2426 2051 2481 per
2071 2409 2251 2479 hujus
2282 2407 2466 2463 nostri
2497 2406 2776 2479 privilegii
2801 2408 3205 2463 auctoritatem
3228 2408 3599 2465 decernimus

1949 2511 2015 2553 ac
2046 2497 2466 2553 conﬁrmamus
2496 2497 2600 2552 tibi
2634 2496 2869 2569 tuisque
2901 2502 3031 2568 post
3060 2501 3118 2553 te
3160 2498 3599 2555 successoribus

1948 2587 2271 2660 primatum
2323 2586 2517 2642 Galliae
2547 2586 2806 2658 Belgica},
2841 2587 2947 2642 hoc
2993 2587 3185 2654 modo,
3219 2591 3303 2656 ut,
3338 2587 3600 2660 quando-

1947 2693 2178 2749 cunque
2209 2694 2243 2732 a
2272 2680 2471 2733 nostra
2502 2675 2809 2748 principali
2830 2693 2894 2731 ac
2918 2675 3238 2747 apostolica
3269 2677 3406 2732 sede
3437 2693 3600 2747 pres~

1945 2766 2110 2835 byter
2138 2764 2223 2821 vel
2258 2766 2540 2820 diaconus
2570 2764 2659 2820 vel
2684 2765 3102 2832 subdiaconus,
3126 2764 3212 2819 vel
3238 2765 3483 2835 quilibet
3504 2782 3597 2821 or-

1946 2854 2211 2910 dinarius
2253 2856 2482 2927 legatus
2514 2871 2617 2926 pro
2649 2853 3050 2932 ecclesiastica:
3080 2852 3352 2910 utilitatis
3397 2870 3596 2923 causa,

1947 2959 2051 2998 seu
2099 2944 2435 3015 paragenda
2483 2943 2703 3016 synodo
2753 2943 2811 2997 in
2861 2942 3106 2999 Galliam
3156 2943 3599 3002 Germaniamvc

1954 3033 2213 3088 directus
2246 3033 2441 3101 fuerit,
2466 3036 2531 3087 tu
2554 3033 2762 3105 tuique
2782 3048 3150 3088 successores
3177 3036 3308 3105 post
3328 3033 3598 3089 eumdem

1951 3122 2338 3193 apostolicum
2369 3121 2624 3194 legatum
2659 3120 2914 3194 primum
2937 3122 3092 3177 inter
3121 3120 3265 3176 alios
3298 3121 3603 3195 pontifices

1948 3210 2142 3267 locum
2165 3210 2496 3276 obtineatis,
2521 3214 2578 3266 et
2601 3210 2648 3266 si
2672 3210 2891 3267 missus
2914 3211 3188 3266 Romanae
3212 3210 3481 3268 Ecclesiae
3503 3213 3603 3268 de-

1954 3296 2151 3366 fuerit,
2185 3299 2459 3356 similiter
2497 3305 2628 3373 post
2670 3302 3082 3372 imperatorem
3125 3300 3243 3355 sive
3273 3315 3470 3374 regem
3503 3317 3599 3357 se-

188 3385 471 3442 duximus
518 3390 600 3453 ut,
647 3366 953 3457 quidquid,
1005 3386 1351 3442 auctoritate
1401 3366 1839 3445 antecessbrum
1874 3366 1916 3433 θ
1956 3388 2128 3444 dendi
2162 3366 2627 3460 sententiamque
2648 3366 2986 3453 dicendi,ac
3006 3387 3281 3460 synodale
3303 3366 3598 3458 judicium

185 3474 588 3547 quorumlibet
607 3479 941 3531 nostrorum
963 3490 1168 3548 regum
1191 3479 1246 3531 et
1264 3476 1706 3548 imperatorum,
1726 3479 1837 3551 ipsi

182 3568 379 3621 vestro
424 3564 698 3620 Fuldensi
746 3564 1097 3621 monasterio
1131 3569 1360 3621 constat
1390 3566 1572 3623 fuisse
1602 3584 1837 3624 conces-

184 3670 344 3721 sum,
377 3653 456 3709 sit
475 3653 650 3709 etiam
682 3657 881 3709 nostra
902 3653 1223 3726 apostolica
1244 3655 1589 3712 auctoritate
1611 3673 1711 3728 per
1729 3657 1838 3714 hoc

185 3746 455 3800 nostrum
474 3742 843 3815 privilegium
867 3743 1274 3799 confirmatum
1298 3748 1473 3817 atque
1505 3746 1838 3803 corrobora-

180 3837 336 3900 tum,
372 3835 694 3889 statuentes
738 3832 1056 3905 apostolica
1085 3850 1353 3899 censura,
1389 3835 1497 3889 sub
1529 3834 1709 3891 divini
1734 3837 1834 3906 ju-

183 3919 326 3976 dicii
352 3920 757 3983 obtestatione.
794 3938 865 3977 ne
898 3923 1029 3994 qris
1061 3939 1320 3995 unquam
1344 3928 1679 3980 nostrorum
1703 3928 1835 3997 post

183 4011 562 4066 decessorum
576 4010 735 4082 ponti
747 4011 852 4065 ﬁcu
864 4010 1576 4087 mRomanorum,regum,
1593 4014 1805 4070 ducum
1818 4058 1832 4083 ,

185 4098 622 4167 marchionum,
656 4100 958 4168 comitum,
993 4104 1049 4155 et
1079 4104 1353 4173 praeterea
1381 4103 1836 4176 archiepiscopo-

183 4202 343 4253 rum,
376 4185 783 4259 episcoporum
807 4191 911 4243 aut
932 4188 1248 4259 cujuslibet
1269 4189 1572 4263 dignitatis
1594 4192 1678 4247 vel
1705 4210 1834 4249 con-

180 4275 428 4332 ditionis
460 4275 787 4343 hominum,
812 4281 1014 4334 contra
1044 4278 1149 4334 hoc
1174 4283 1440 4335 nostrum
1466 4281 1831 4354 privilegium

181 4365 514 4440 quidquam
528 4366 739 4422 audeat
761 4369 1067 4424 attentare.
1094 4370 1255 4435 Quod
1280 4369 1327 4424 si
1356 4371 1487 4441 quis
1511 4387 1832 4443 praesump-

176 4454 347 4520 serit,
381 4453 525 4512 seiat
556 4471 615 4511 se
648 4455 830 4510 nostri
863 4456 1252 4513 anathematis
1282 4458 1512 4515 vinculo
1540 4476 1728 4531 usque
1758 4461 1829 4515 ad

175 4544 420 4617 dignam
449 4543 906 4601 satisfactionem
924 4545 1311 4603 insolubiliter
1329 4546 1696 4605 innodatum.
1721 4549 1829 4613 Qui

173 4636 379 4690 autem
412 4632 506 4705 pio
528 4632 744 4688 intuitu
772 4651 832 4689 se
865 4634 1227 4703 custodierit,
1260 4639 1315 4691 et
1347 4653 1418 4691 ne
1439 4635 1497 4691 in
1520 4635 1717 4709 aliquo
1738 4637 1828 4691 in-

1951 3478 2226 3534 canonice
2273 3476 2681 3549 promulgandi
2724 3477 3043 3549 primatum
3077 3477 3363 3544 habeatis,
3396 3481 3599 3550 utpote

1948 3564 2007 3619 in
2040 3564 2155 3621 illis
2178 3565 2442 3638 partibus
2467 3564 2664 3620 vicarii
2689 3569 2896 3620 nostrae
2921 3565 3076 3620 sedis
3108 3564 3439 3637 apostolicae
3473 3582 3596 3623 me-

1947 3655 2055 3710 rito
2086 3654 2406 3710 constituti.
2439 3654 2635 3726 Neque
2666 3654 2911 3726 dignum
2934 3658 3023 3710 est
3054 3655 3118 3709 ut
3146 3653 3306 3709 illius
3329 3652 3597 3712 Ecclesiae

1948 3742 2158 3816 praesul
2192 3742 2387 3815 aliquo
2408 3747 2669 3815 tempore
2698 3743 2920 3799 caeteris
2944 3760 3059 3799 non
3082 3743 3371 3800 habeatur
3394 3743 3597 3817 praela-

1945 3837 2062 3899 tus,
2093 3834 2261 3903 cujus
2290 3831 2477 3888 honor
2505 3831 2563 3886 in
2597 3831 2715 3888 illis
2747 3832 3011 3904 partibus
3042 3833 3167 3903 {sub
3198 3832 3327 3905 ipso
3359 3838 3593 3907 aposto-

1945 3921 2131 3976 lorum
2157 3920 2418 3993 principe
2447 3919 2635 3976 extitit
2664 3920 3016 3993 primitivus.
3045 3922 3112 3975 Et
3143 3938 3276 3976 cum
3326 3922 3592 3994 ejusdem

1946 4010 2211 4067 Ecclesiae
2242 4008 2715 4082 archiprmsulem
2748 4010 2983 4066 beatum
3017 4009 3393 4078 Eucherium,
3429 4011 3595 4068 scili-

1945 4104 2033 4155 cet
2077 4116 2108 4155 a
2152 4099 2318 4155 beato
2351 4098 2517 4154 Petro
2563 4098 2959 4170 apostolorum
3008 4098 3267 4172 principe
3319 4099 3595 4156 novimus

1944 4188 2356 4257 ordinandum,
2394 4189 2546 4244 sicut
2576 4192 2631 4244 et
2662 4189 2893 4244 beatum
2930 4188 3324 4262 Apollinarem
3368 4190 3590 4246 Raven-

1946 4296 2028 4334 nae
2060 4278 2333 4344 civitatis,
2367 4277 2588 4349 placuit
2632 4278 2800 4334 nobis
2831 4278 2937 4335 tibi
2976 4278 3138 4335 fratri
3172 4282 3370 4334 nostro
3415 4280 3595 4336 Eber-

1942 4368 2122 4423 hardo
2163 4371 2373 4422 sanctae
2408 4366 2769 4423 Trevirensis
2810 4367 3076 4424 Ecclesia:
3127 4368 3592 4440 archiepiscopo,

1942 4457 2285 4529 cunctisque
2318 4460 2448 4529 post
2477 4459 2533 4513 te
2586 4456 3025 4512 successoribus
3056 4456 3170 4513 tuis
3230 4456 3590 4528 permittere,

1941 4551 2231 4618 quatenus
2263 4544 2488 4601 sicutin
2511 4545 2683 4601 unius
2717 4545 2867 4600 beati
2896 4545 3047 4601 Petri
3098 4543 3317 4617 scilicet
3339 4544 3590 4618 apostoli

1938 4634 2325 4702 ordinatione,
2358 4633 2780 4701 benedictione,
2813 4633 3149 4702 directione,
3194 4634 3472 4704 gentibus
3515 4636 3587 4691 ad

170 4721 473 4794 fringatur
501 4739 534 4777 a
565 4737 627 4778 se
658 4722 1067 4791 observaverit,
1109 4724 1529 4781 benedictionis
1579 4726 1827 4798 gratiam
1858 4741 1905 4806 D
1937 4723 2379 4796 praedicandum
2439 4721 2652 4779 Christi
2710 4721 3085 4794 Evangelium
3147 4723 3396 4778 aliarum
3449 4722 3589 4779 civi-

168 4816 233 4869 et
260 4815 631 4883 peccatorum
664 4828 907 4868 suorum
951 4813 1379 4870 absolutionem
1421 4831 1455 4871 a
1483 4814 1828 4871 retributore

165 4899 445 4957 omnium
475 4900 765 4956 bonorum
789 4901 904 4958 Deo
927 4904 1205 4975 consequi
1224 4907 1515 4961 mereatur
1544 4907 1607 4960 ut
1628 4904 1686 4960 in
1718 4921 1826 4960 cec-

164 4988 311 5047 lesti
342 4989 480 5044 sede
510 4988 810 5062 glorietur.

392 5079 472 5149 (s.
502 5095 561 5150 p.
598 5079 671 5149 ε.)

244 5170 429 5223 Datus
467 5183 504 5223 v
534 5168 671 5223 Idus
706 5168 894 5238 Febr.,
945 5185 1050 5242 per
1097 5185 1309 5227 manus
1355 5168 1649 5239 Aribonis,
1699 5170 1825 5226 vice

159 5255 460 5323 Annonis,
489 5260 700 5312 sancta:
726 5257 999 5314 Romanas
1020 5262 1077 5315 et
1097 5258 1422 5332 apostolicae
1446 5259 1603 5315 sedis
1633 5258 1825 5315 archi-

159 5344 521 5412 cancellarii,
568 5349 625 5401 et
669 5345 1028 5404 Coloniensis
1075 5347 1512 5422 archiepiscopi,
1585 5365 1736 5404 anno
1779 5364 1819 5402 II

159 5451 334 5510 papa:
363 5433 615 5491 Victoris
647 5435 717 5505 II,
751 5435 1070 5493 indictione
1099 5455 1150 5493 x.

925 5080 986 5135 B.
1019 5080 1086 5136 V.

1937 4816 2127 4869 tatum
2157 4812 2565 4885 praedicatores
2614 4809 2867 4884 aequales
2906 4809 3270 4880 exstiterunt,
3313 4812 3395 4868 ita
3440 4817 3499 4869 et
3527 4813 3589 4869 in

1936 4902 2255 4959 missarum
2315 4900 2616 4958 solemniis
2695 4900 3059 4957 celebrandis
3123 4902 3182 4956 in
3252 4900 3591 4976 equitando

1939 5009 2073 5048 eum
2105 5007 2279 5047 nacco
2311 5006 2413 5063 per
2462 4990 2743 5046 stationes
2775 5007 2839 5045 ac
2872 4990 3031 5046 omni
3066 4990 3287 5048 honore
3337 4990 3593 5066 aequales

1935 5081 2207 5137 existant.
2269 5079 2419 5135 Crux
2477 5082 2611 5134 ante
2677 5081 2734 5133 te
2793 5078 2949 5135 sicut
3004 5083 3139 5136 ante
3194 5080 3590 5138 Ravennatem

1935 5170 2111 5227 etiam
2193 5167 2689 5240 archipresulem,
2758 5168 2859 5223 ubi
2932 5173 3191 5242 geratur,
3264 5169 3591 5227 cardinales

1935 5274 2164 5333 quoque
2195 5244 2540 5331 presbyterii
2566 5256 2653 5312 tui
2686 5261 2741 5313 te
2772 5257 2950 5315 fratre
2983 5262 3182 5316 nostro
3215 5259 3460 5315 missam
3493 5276 3584 5315 ce-

1930 5348 2193 5405 lebrante
2214 5345 2545 5411 dalmaticis
2567 5362 2633 5400 ac
2654 5345 2884 5402 diaconi
2907 5364 3024 5403 una
3045 5363 3178 5403 cum
3228 5347 3584 5419 presbyteris

1931 5435 2192 5493 sandalis
2223 5432 2489 5490 utantur.
2523 5435 2634 5490 Sed
2667 5440 2724 5490 et
2750 5439 2815 5490 tu
2838 5437 3044 5508 tuique
3066 5450 3430 5491 successores
3464 5430 3582 5490 Ro-

1931 5541 2107 5582 mana
2138 5524 2313 5580 mitra
2362 5524 2433 5580 ob
2474 5522 2705 5596 insigne
2738 5524 3024 5596 primatus
3063 5524 3120 5579 in
3164 5521 3582 5585 ecclesiasticis

1928 5614 2141 5671 officiis
2164 5614 2425 5670 Romano
2448 5616 2608 5669 more
2621 5612 2888 5680 utamini,
2913 5627 3255 5683 semperque
3276 5627 3378 5668 vos
3402 5612 3580 5669 disci-

1930 5702 2103 5775 pulos
2134 5703 2412 5760 Romanas
2460 5702 2615 5757 sedis
2662 5699 3139 5767 reminiscamini,
3194 5715 3261 5756 eo
3310 5700 3580 5758 videlicet

1929 5797 2094 5865 pacto
2126 5795 2284 5864 ut_’tu
2314 5790 2516 5862 tuique
2553 5805 2918 5847 successores
2949 5787 3199 5861 singulis
3232 5790 3425 5857 annis,
3460 5790 3575 5847 nisi
