3916 6394
315 543 433 608 827

314 779 430 835 lica
454 773 619 832 vobis
645 769 901 837 venerit;
934 767 1154 838 legatos
1185 766 1406 819 vestros
1449 759 1522 816 ad
1553 775 1658 814 nos
1688 759 1951 812 nostros-

317 882 430 939 que
477 875 845 920 successores
895 853 1074 912 semel
1124 851 1392 916 mittatis,
1423 865 1542 939 per
1587 862 1738 939 quos
1785 842 1951 939 vobis

317 933 390 1011 de
442 951 658 1010 nostris
713 945 1065 1004 utilitatibus
1119 939 1360 1013 agendis
1418 935 1536 992 illis
1585 935 1642 989 in
1685 933 1950 1006 partibus

316 1043 747 1104 remandcmus,
781 1051 847 1090 ac
889 1047 1121 1103 semper
1165 1028 1335 1084 tertio
1383 1042 1534 1081 anno
1579 1027 1838 1094 excepta,
1889 1024 1954 1075 ut

318 1132 534 1188 dictum
583 1131 689 1194 est,
739 1120 1017 1180 canonica
1059 1116 1378 1180 vocatione,
1411 1131 1514 1169 vos
1561 1111 1673 1184 ipsi
1705 1112 1950 1166 Romam

316 1215 664 1276 visitationis
694 1212 882 1285 gratia
922 1210 1140 1280 absque
1189 1201 1508 1260 inevitabili
1551 1216 1729 1256 causa
1762 1198 1954 1254 venia-

315 1309 411 1364 tis.
465 1303 594 1361 Pari
634 1316 888 1372 namque
919 1297 1090 1353 modo
1122 1293 1420 1351 sancimus
1450 1306 1653 1346 omnes
1683 1287 1742 1342 in
1779 1303 1951 1358 paro-

316 1396 463 1453 chiis
491 1393 610 1449 tuis
647 1391 920 1463 degentes
953 1385 1070 1441 sive
1101 1380 1463 1439 ordinatione
1493 1395 1559 1433 ac
1592 1375 1952 1449 promotione

316 1482 629 1556 cujuslibet
675 1473 1048 1534 ecclesiastici
1092 1471 1306 1545 gradus
1355 1485 1389 1525 a
1433 1467 1597 1522 vobis
1619 1463 1950 1556 percipien-

316 1552 406 1629 tes
435 1570 624 1627 eidem
674 1562 901 1622 matrici
931 1559 1192 1618 Ecclesiae
1223 1559 1465 1629 ejusque
1516 1552 1951 1624 archiepiscopo

317 1661 525 1717 debere
570 1653 844 1712 canonice
892 1649 1136 1722 placere,
1167 1646 1408 1717 obsequi
1441 1661 1503 1699 ac
1529 1644 1663 1714 jure
1696 1639 1948 1696 obedire.

318 1745 617 1820 Siquidem
667 1743 892 1797 decreto
957 1736 1109 1792 beati
1177 1733 1486 1791 Clementis
1548 1747 1706 1820 papa:
1778 1744 1955 1820 super

321 1816 427 1892 hoc
457 1834 540 1890 ita
569 1833 802 1888 cautum
823 1828 1067 1882 videtur.
1102 1823 1162 1881 Si
1192 1839 1321 1878 vero
1351 1819 1638 1893 episcopis
1671 1835 1784 1873 non
1816 1816 1951 1872 obe-

319 1922 533 1981 dierint
557 1935 758 1976 omnes
790 1912 1130 1989 presbyteri,
1155 1910 1405 1978 diaconi,
1439 1926 1503 1964 ac
1527 1906 1736 1978 reliqui
1757 1903 1951 1960 clerici

318 2011 532 2079 cuncti,
573 2021 892 2078 omnesque
941 2003 1231 2076 principes
1275 2003 1394 2054 tam
1453 1995 1691 2068 majoris
1730 1992 1952 2050 ordinis
1985 2019 2034 2084 B

320 2117 496 2176 quam
527 2095 819 2156 inferioris
861 2097 1036 2165 atque
1068 2090 1274 2161 reliqui
1307 2087 1502 2176 populi
1529 2085 1719 2140 tribus
1759 2086 1815 2139 et
1845 2081 1956 2176 lin:

319 2169 443 2263 gum
489 2205 602 2245 non
654 2180 1134 2256 obtempaverint,
1178 2195 1210 2234 a
1265 2175 1568 2233 liminibus
1599 2177 1810 2230 sanctae
1855 2169 1957 2227 Dei

318 2261 584 2337 Ecclesia:
633 2274 807 2332 alieni
863 2273 1068 2337 erunt;
1119 2267 1348 2323 dicente
1387 2263 1680 2321 Domino:
1717 2261 1823 2331 Qui
1869 2276 1958 2315 vos

317 2368 472 2424 audit
505 2381 593 2421 me
639 2362 814 2428 audit,
849 2363 897 2416 et
927 2360 1022 2430 qui
1049 2373 1138 2413 vos
1169 2357 1377 2428 spernit
1414 2370 1502 2408 me
1545 2353 1770 2424 spernit.
1804 2349 1959 2406 Inter

318 2458 439 2514 haec
469 2469 701 2527 quoque
747 2449 944 2505 omnia
972 2463 1099 2518 quae
1131 2445 1202 2500 ad
1235 2441 1606 2515 saepedictam
1637 2441 1957 2496 Treveren-

319 2561 444 2603 sem
489 2526 809 2599 Ecclesiam
851 2537 1000 2592 intra
1045 2538 1100 2589 et
1129 2538 1290 2589 extra
1328 2531 1613 2586 civitatem
1672 2526 1958 2600 pertinere

318 2635 589 2689 videntur
614 2648 626 2686 :
663 2629 720 2684 id
752 2631 839 2683 est
867 2623 1144 2682 ecclesias
1167 2637 1298 2676 cum
1322 2617 1610 2676 universis
1641 2617 1814 2672 rebus
1844 2613 1956 2672 sibi

321 2719 725 2785 attinentibus,
788 2731 890 2770 seu
945 2709 1298 2768 monasteria
1354 2713 1476 2764 tam
1535 2705 1955 2762 monachorum

319 2826 494 2882 quam
517 2807 807 2880 virginum
829 2804 900 2859 de
926 2802 1142 2874 quibus
1162 2816 1228 2855 ex
1253 2796 1554 2870 praeceptis
1576 2795 1693 2851 sive
1722 2791 1956 2865 scriptis

320 2915 522 2972 regum
539 2913 643 2952 seu
666 2894 1084 2965 imperatorum
1097 2891 1214 2944 sive
1227 2886 1565 2943 eorumdem
1579 2883 1957 2938 fundatorum

322 2971 662 3043 auctoritate
693 2982 764 3038 ad
794 2997 855 3037 se
886 2979 1178 3051 pertinent
1207 2991 1272 3030 ac
1303 2973 1586 3046 pertinere
1626 2971 1857 3038 debent,
1891 2984 1958 3024 ac

321 3072 606 3148 quidquid
655 3067 891 3126 omnino
925 3065 1025 3122 illa
1053 3066 1183 3136 ipsa
1225 3061 1468 3118 ecclesia
1499 3060 1597 3115 ubi
1638 3063 1694 3148 et
1724 3074 1958 3148 quoquo

323 3145 527 3220 merito
553 3159 807 3234 possidet
827 3172 892 3212 ac
915 3154 1211 3228 possidere
1238 3152 1445 3207 debet:
1478 3148 1616 3220 quia
1636 3147 1717 3202 ita
1737 3145 1958 3202 inveni-

323 3269 455 3309 mus
485 3251 544 3306 in
575 3246 891 3322 privilegiis
921 3242 1414 3317 predecessorum
1463 3242 1828 3302 nostrorum;
1872 3235 1959 3289 id-

321 3343 471 3398 circo
497 3339 685 3396 eidem
716 3333 979 3390 Ecclesiae
1001 3331 1120 3387 haec
1151 3329 1346 3386 omnia
1374 3343 1506 3383 cum
1529 3325 1803 3382 omnibus
1833 3323 1961 3380 atti-

323 3429 597 3487 nentibus
651 3422 996 3499 generaliter
1051 3437 1117 3476 ac
1171 3416 1499 3491 specialiter
1553 3413 1956 3482 concedimus;

321 3517 934 3584 Reconﬁrmamusque
974 3509 1080 3565 tibi
1109 3506 1273 3563 fratri
1303 3523 1368 3562 ac
1398 3503 1736 3575 coepiscopo
1769 3508 1964 3557 nostro

321 3607 558 3678 tuisque
588 3598 1026 3660 successoribus
1057 3597 1126 3654 ad
1152 3599 1490 3668 perpetuam
1523 3595 1736 3648 sanctae
1766 3589 1961 3646 Trevi-

322 3693 508 3753 rensis
555 3689 821 3748 Ecclesiae
889 3685 1260 3743 donationem
1311 3687 1485 3754 atque
1533 3680 1814 3761 ditionem
1863 3695 1966 3751 per

323 3785 474 3840 hanc
505 3784 712 3837 nostra
735 3774 1060 3850 apostolica
1088 3770 1490 3846 praeceptionis
1510 3769 1720 3825 seriem
1751 3784 1785 3824 a
1815 3784 1964 3839 pra;-

323 3872 472 3929 senti
513 3869 739 3926 decima
770 3864 1084 3921 indictione
1115 3866 1171 3917 et
1203 3877 1390 3932 usque
1439 3859 1510 3915 ad
1547 3859 1718 3913 finem
1767 3856 1962 3912 seaculi

321 3961 651 4018 valituram.
680 3957 892 4012 Contra
922 3969 1098 4025 quam
1133 3949 1180 4006 si
1214 3949 1346 4021 quis
1376 3945 1682 4003 hominum
1707 3943 1966 4016 quolibet

324 4049 679 4119 modojagere
696 4039 1152 4117 praesumpserit,
1167 4055 1234 4094 ac
1251 4037 1404 4109 quod
1423 4036 1582 4106 juste
1602 4050 1668 4088 ac
1689 4033 1964 4089 canonice

325 4155 358 4193 a
389 4134 555 4191 nobis
587 4134 884 4188 decretum
925 4134 1015 4183 est
1042 4126 1100 4182 in
1133 4125 1329 4197 aliquo
1360 4121 1675 4194 infringere
1715 4123 1962 4175 attenta-

323 4224 489 4290 verit,
525 4221 672 4278 sciat
701 4237 762 4275 se
792 4235 859 4272 ex
876 4217 976 4273 Dei
1009 4211 1424 4285 omnipotentis
1455 4227 1521 4266 ac
1544 4208 1803 4281 predicti
1830 4208 1961 4264 bea-

324 4311 538 4370 tissimi
570 4306 969 4382 apostolorum
1002 4301 1283 4376 principis
1324 4299 1706 4370 omniumque
1734 4300 1964 4354 sancto-

324 4419 478 4468 rum,
510 4416 575 4455 ac
605 4397 817 4454 deinde
856 4398 1056 4450 nostra
1095 4389 1435 4448 auctoritate
1465 4387 1866 4444 damnandum
1899 4403 1965 4442 ac

324 4485 939 4547 anathematizandum
973 4499 1038 4538 ac
1060 4497 1192 4537 cum
1226 4478 1499 4534 omnibus
1522 4475 1720 4549 impiis
1751 4479 1964 4532 aeterno

324 4577 611 4651 supplicio
663 4572 1085 4647 deputandum.
1131 4567 1240 4634 Qui
1271 4583 1404 4624 vero
1434 4566 1545 4622 hoc
1591 4564 1788 4636 ipsum
1837 4580 1964 4620 nos-

324 4673 481 4724 trum
513 4663 877 4739 privilegium
921 4661 1250 4726 observare,
1295 4655 1604 4722 custodire,
1650 4651 1966 4726 adimplere

1635 517 1995 588 VICTORIS
2035 515 2093 580 Π
2133 514 2386 582 ΡΛΡιΕ.

316 689 464 748 forte
512 683 745 759 propter
781 677 892 736 hoc
921 671 1198 734 canonica
1231 669 1454 729 vocatio
1483 686 1519 727 a
1545 668 1682 726 sede
1709 668 1950 740 aposto-
1981 650 2034 718 Α

3617 504 3757 570 828

2802 652 2945 710 XVI.

2063 744 2290 801 Victoris
2344 759 2505 816 papae
2573 745 2620 801 ιι
2676 743 2895 810 litterae,
2927 741 3155 816 Aquilius
3184 737 3752 816 ,Εεσζεείέεῌδίιυε

2133 811 2395 958 ϐῗῦιὶἀίίῖὲε
2414 811 2720 889 privilegia
2769 811 3062 871 Humbérti
3102 813 3345 886 episcopi
3381 811 3585 884 gratia
3619 826 3746 865 am-

2133 906 2168 958 p
2196 906 2214 943 ι
2255 905 2320 942 ca
2350 931 2362 944 .

2129 906 2362 960 ῃιιμσαι.

2683 976 2868 1047 (Anno
2899 974 3088 1045 1057.)

2581 1081 2794 1154 [ΜΑΝΒῙ
2837 1080 2982 1146 ΧΙΧ,
3029 1080 3182 1152 835.]

2131 1194 2347 1246 Varroa
2386 1190 2716 1262 episcopus,
2762 1204 2967 1245 servus
3008 1202 3314 1244 servorum
3345 1185 3479 1250 Dei,
3517 1183 3742 1240 dilecto

2061 1277 2222 1333 fratri
2255 1281 2311 1333 et
2339 1277 2678 1350 coepiscopo
2704 1275 3046 1343 Huarssa'ro,
3080 1279 3139 1330 et
3162 1290 3265 1346 per
3283 1289 3426 1329 eum
3447 1271 3741 1329 Ecclesia;

2062 1371 2397 1423 sanctarum
2441 1366 2735 1439 virginum
2781 1368 2838 1421 et
2887 1367 3212 1437 martyrum
3258 1361 3494 1419 Rufina:
3539 1364 3603 1417 et
3633 1361 3740 1417 Se-

2063 1455 2286 1524 cundae,
2321 1472 2446 1527 quas
2494 1454 2832 1511 nominatur
2873 1451 3031 1509 Silva
3069 1451 3354 1518 Candida,
3401 1451 3464 1507 in
3520 1467 3742 1524 perpe-

2062 1547 2250 1600 tuum.

2132 1631 2314 1689 Ofﬁcii
2340 1631 2521 1689 nostri
2543 1647 2670 1688 esse
2688 1629 3074 1703 dignoscitur,
3097 1632 3162 1685 ut
3182 1646 3253 1686 ex
3277 1629 3446 1702 apice
3473 1645 3742 1686 summa

2060 1720 2387 1795 apostolicae
2418 1719 2596 1788 sedis,
2619 1719 2710 1776 cui
2733 1719 2850 1776 Deo
2871 1721 3110 1775 auctam
3134 1719 3559 1792 prasidemus,
3599 1719 3740 1775 uni-

2061 1809 2321 1867 versitati
2335 1807 2719 1866 Ecclesiarum
2733 1812 3015 1880 tanquam
3027 1807 3249 1865 nostris
3265 1807 3520 1880 reliquis
3538 1823 3735 1865 mem-

2063 1899 2183 1956 bris
2213 1897 2612 1954 consulamus.
2637 1897 2700 1952 In
2726 1913 2844 1969 qua
2867 1895 3092 1970 utique,
3115 1895 3166 1952 si
3189 1895 3291 1969 pia
3305 1898 3364 1952 et
3385 1897 3736 1954 necessaria

2067 1985 2456 2043 sollicitudine
2486 1986 2765 2044 debemus
2800 2001 3039 2058 operam
3070 1989 3341 2043 nostram
3381 1985 3564 2044 etiam
3597 1985 3738 2042 lon-

2066 2074 2322 2148 ginquis,
2355 2078 2410 2130 et
2431 2092 2546 2130 non
2571 2073 2966 2147 quaerentibus
2998 2072 3150 2130 ultro
3173 2074 3498 2148 porrigere;
3532 2073 3740 2130 multo

2069 2163 2257 2236 magis
2299 2163 2645 2236 propinquis
2695 2160 2952 2236 sequela,
3004 2161 3216 2218 merito
3263 2179 3388 2220 eam
3427 2163 3735 2219 debemus

2067 2251 2431 2325 exigentibus
2452 2266 2763 2323 prorogare
2786 2267 2799 2305 :
2827 2250 2965 2323 quia
2986 2250 3131 2307 dum
3149 2255 3377 2324 tempus
3396 2250 3737 2322 habemus,

2067 2341 2140 2398 ad
2172 2357 2375 2396 omnes
2397 2340 2676 2395 debemus
2705 2339 2925 2396 bonum
2947 2339 3202 2412 operari,
3237 2339 3486 2395 maxime
3517 2342 3736 2395 autem

2066 2430 2137 2485 ad
2153 2427 2500 2485 domesticos
2517 2428 2649 2484 ﬁdei
2673 2427 2871 2501 (Galat.
2893 2445 2970 2495 vx,
2987 2429 3101 2498 10),
3114 2429 3292 2500 juxta
3310 2427 3740 2502 magisterium

2067 2517 2181 2573 divi
2204 2515 2453 2590 apostoli
2473 2515 2658 2572 Pauli.
2677 2516 2752 2573 Ut
2768 2516 2926 2572 enim
2947 2515 3074 2589 ipse
3096 2520 3430 2584 attestatur,
3454 2517 3559 2590 qui
3595 2533 3743 2572 suo-

2066 2625 2198 2664 rum
2228 2610 2284 2663 et
2313 2606 2562 2662 maxime
2584 2606 3035 2662 domesticorum
3059 2623 3264 2662 curam
3285 2623 3402 2663 non
3423 2606 3633 2672 habet,
3661 2605 3745 2661 fi-

2065 2697 2198 2752 dem
2229 2695 2478 2769 negavit,
2500 2699 2555 2751 et
2571 2698 2660 2751 est
2678 2693 2902 2750 inﬁdeli
2923 2694 3178 2751 deterior
3201 2697 3248 2767 (ι
3273 2697 3409 2752 Tim.
3441 2713 3498 2762 v,
3519 2696 3604 2768 8).
3643 2696 3746 2751 Ad

2065 2787 2254 2842 instar
2283 2784 2573 2858 siquidem
2610 2783 2860 2841 visibilis
2899 2783 3076 2857 ignis,
3117 2784 3432 2841 invisibilis
3464 2784 3752 2842 Charitas

2065 2875 2266 2950 paucis
2288 2876 2353 2947 [Ῑ.
2377 2873 2586 2946 spatia]
2613 2870 2892 2929 viciniora
2920 2871 3032 2930 sibi
3059 2873 3322 2946 corripit,
3344 2877 3403 2930 et
3429 2873 3573 2931 inde
3599 2890 3753 2949 gra-

2067 2965 2251 3023 datim
2310 2965 2381 3021 ad
2432 2961 2842 3036 longinquiora
2891 2979 2954 3019 se
3008 2963 3289 3019 extendit.
3355 2965 3754 3036 Quapropter

2069 3055 2394 3112 secundum
2453 3051 2887 3125 suggestionem
2945 3055 3133 3119 tuam,
3203 3056 3406 3108 noster
3461 3069 3756 3110 reveren-

2069 3145 2311 3202 dissime
2336 3143 2625 3200 confrater
2651 3143 2709 3196 et
2724 3139 3065 3212 coepiscope
3091 3140 3434 3210 Humberte,
3471 3143 3494 3164 '
3523 3141 3605 3198 ad
3630 3142 3752 3198 ali-

2069 3251 2246 3308 quam
2285 3230 2667 3304 temporalem
2712 3227 3005 3284 memoriae
3053 3229 3348 3286 decessori
3393 3234 3606 3287 nostro
3641 3232 3758 3289 do-

2072 3324 2230 3381 mino
2260 3321 2461 3388 Leoni,
2483 3323 2540 3375 et
2563 3317 2783 3392 jugiter
2803 3317 2862 3372 in
2885 3321 3088 3373 sancta
3121 3318 3388 3376 Romana
3408 3323 3469 3376 et
3497 3326 3761 3393 aposto-

2071 3413 2184 3471 lica
2203 3413 2358 3479 sede,
2381 3410 2557 3468 etiam
2587 3424 2766 3480 supra
2795 3406 2946 3463 vires
2966 3411 3100 3464 tuas
3121 3412 3179 3464 et
3199 3407 3513 3465 facultates
3535 3409 3762 3468 hacte-

2073 3520 2184 3559 nus
2216 3497 2553 3566 exhibuisti,
2587 3513 2687 3570 per
2716 3495 2895 3567 hujus
2926 3496 3111 3552 nostri
3144 3495 3436 3570 privilegii
3463 3499 3758 3556 sanctio-

2072 3608 2205 3647 nem
2231 3590 2608 3646 decernentes
2639 3584 3036 3653 concedimus,
3071 3589 3128 3640 et
3157 3586 3593 3643 conﬁrmamus
3621 3588 3752 3645 tibi

2072 3683 2129 3736 et
2157 3696 2260 3753 per
2289 3683 2344 3734 te
2375 3680 2550 3748 atque
2569 3676 2805 3746 propter
2825 3673 2960 3729 tein
2993 3678 3365 3746 perpetuum,
3396 3679 3764 3736 reverenda

2072 3767 2325 3824 ecclesias
2356 3768 2693 3822 sanctarum
2714 3761 3009 3835 virginum
3033 3768 3090 3818 et
3117 3767 3462 3836 martyrum,
3495 3764 3767 3825 Ruﬁna

2072 3873 2138 3912 ac
2169 3854 2467 3917 Secundae,
2501 3868 2629 3924 quae
2651 3851 2991 3907 nominatur
3010 3850 3183 3924 Sylva
3203 3851 3475 3919 Candida,
3508 3851 3577 3908 in
3606 3853 3768 3912 fun-

2072 3946 2145 4002 do
2175 3943 2274 4016 qui
2301 3945 2538 3999 vocatur
2565 3941 2804 4008 Bocus,
2828 3940 3116 4012 quidquid
3151 3940 3296 4010 auri,
3321 3941 3581 4013 argenti,
3621 3944 3770 4015 ραι-

2071 4033 2156 4101 lii,
2190 4049 2292 4088 seu
2316 4027 2581 4098 cerens]
2609 4045 3095 4101 quarumcunque
3118 4045 3315 4086 rerum
3336 4029 3592 4086 omnino
3612 4033 3764 4104 jac-

2071 4125 2260 4178 tatum
2290 4117 2378 4176 vel
2408 4119 2666 4191 positum
2692 4116 2890 4184 fuerit,
2919 4116 3009 4173 vel
3027 4117 3291 4174 oblatum
3325 4118 3382 4173 in
3402 4121 3529 4174 toto
3565 4119 3765 4178 altari

2074 4208 2280 4282 majori
2309 4205 2698 4278 sancti,_Petri,
2732 4205 2852 4262 sive
2883 4205 2943 4262 in
2975 4207 3105 4278 ejus
3134 4206 3458 4276 venerabili
3496 4211 3767 4269 confes-

2075 4299 2257 4365 sione,
2278 4299 2380 4353 aut
2400 4299 2553 4352 certe
2585 4294 2696 4351 sibi
2727 4295 2970 4367 suisque
2991 4296 3433 4354 successoribus
3465 4297 3764 4358 oblatum

2073 4387 2147 4443 ab
2167 4384 2536 4441 inchoatione
2567 4382 2993 4439 matutinorum
3019 4383 3239 4455 quintae
3269 4384 3428 4441 ferite
3462 4385 3529 4442 in
3565 4388 3766 4446 Cmna

2077 4473 2305 4531 Domini
2338 4488 2525 4544 usque
2555 4471 2698 4526 dum
2740 4471 3187 4544 completorium
3219 4477 3535 4546 peractum
3573 4477 3771 4535 fuerit

2074 4562 2249 4618 veluti
2284 4561 2342 4618 in
2361 4560 2614 4618 Sabbato
2641 4563 2842 4616 sancto
2859 4560 2931 4616 ab
2953 4559 3098 4617 hora
3124 4561 3297 4618 tertia
3320 4578 3426 4634 per
3447 4567 3659 4622 totam
3682 4567 3772 4641 ip-

2075 4668 2200 4708 sam
2227 4649 2405 4716 diem,
2427 4648 2700 4720 deinceps
2731 4663 2916 4720 usque
2940 4653 3074 4722 post
3102 4649 3393 4722 expletam
3427 4651 3490 4707 in
3534 4657 3770 4712 crasti-

326 4735 574 4810 ﬁdeliter
603 4735 915 4816 studuerit,
959 4743 1377 4805 benedictionis
1413 4743 1664 4817 gratiam
1712 4750 1763 4797 et
1792 4739 1965 4796 mise-
1996 4750 2046 4818 D
2078 4757 2220 4797 num
2235 4735 2952 4809 missam,qualescunque
2965 4737 3574 4813 velquantascunque
3587 4744 3772 4802 obla-

326 4840 588 4899 ricordiaa
630 4837 1053 4912 plenitudinem
1097 4836 1158 4891 in
1192 4831 1526 4891 crelestibus
1564 4829 1771 4887 castris
1818 4829 1973 4885 inter

327 4929 646 4987 electorum
678 4943 990 4982 numerum
1017 4923 1329 4982 efficaciter
1357 4939 1390 4978 a
1425 4920 1666 4978 Domino
1697 4920 1812 4976 Deo
1843 4935 1975 4975 con-

328 5015 498 5088 sequi
531 5018 844 5070 mereatur.
1142 5028 1153 5037 ·

399 5101 696 5175 Scriptum
726 5118 828 5174 per
860 5117 1099 5157 manum
1132 5098 1388 5171 Gregorii
1415 5096 1627 5154 notarii
1658 5113 1724 5153 ac
1754 5096 1974 5153 scrina-

328 5193 401 5250 rii
435 5194 648 5248 sanctae
682 5190 954 5246 Romanae
983 5186 1248 5244 Ecclesiae
1267 5187 1326 5244 in
1356 5201 1557 5242 mense
1587 5183 1757 5256 aprili
1785 5184 1974 5241 indic-

329 5283 490 5340 tione
520 5277 859 5352 praescripta
881 5277 972 5332 die
997 5294 1124 5332 xxv.

401 5372 613 5428 Datum
633 5385 713 5423 vn
727 5366 853 5423 Kal.
880 5364 1035 5436 Maii,
1061 5381 1160 5437 per
1180 5379 1422 5419 manum
1443 5359 1726 5416 Arebonis
1747 5358 1975 5417 diaconi

329 5459 451 5514 vice
484 5457 746 5513 Annonis
795 5460 1006 5512 sanctae
1038 5454 1311 5510 Romana
1341 5455 1398 5507 et
1439 5447 1770 5521 apostolicae
1819 5450 1977 5506 sedis

336 5543 566 5598 archich
574 5561 642 5596 an
651 5543 862 5599 cellarii
874 5585 888 5611 ,
912 5546 1126 5600 sanctae
1139 5539 1496 5597 Coloniensis
1508 5535 1773 5593 Ecclesia:
1787 5537 1976 5594 archi-

338 5628 614 5698 episcopi,
646 5648 794 5686 anno
848 5649 912 5686 ιιι
960 5629 1162 5687 domui
1202 5625 1454 5684 Victoris
1502 5625 1553 5681 Il
1593 5642 1772 5696 papae,
1826 5624 1978 5682 indi-

343 5715 532 5781 ctione
561 5731 598 5768 Χ
628 5731 826 5782 mense
855 5717 1057 5792 Aprili,
1093 5717 1183 5774 die
1212 5715 1485 5781 vicesimo
1518 5713 1740 5794 quinto.

2078 4829 2268 4886 tiones
2298 4825 2520 4900 praefati
2541 4824 2741 4882 altaris
2771 4829 2827 4881 et
2849 4825 3234 4883 confessionis
3257 4828 3408 4900 ejus,
3435 4845 3554 4902 per
3575 4833 3772 4904 privi-

2079 4917 2231 4991 legia
2259 4913 2606 4973 venerabilis
2649 4913 2835 4987 Sergii
2865 4917 2924 4970 et
2945 4914 3271 4972 multorum
3292 4919 3774 4979 antecessorum

2082 5011 2440 5075 nostrorum,
2465 5005 2589 5076 jam
2613 5003 2769 5060 dicta
2786 5001 3034 5060 ecclesia
3055 5008 3394 5062 sanctarum
3418 5005 3675 5067 Ruﬁna
3708 5029 3779 5069 ac

2082 5095 2361 5154 Secundae
2384 5091 2729 5166 promeruit,
2747 5091 3010 5161 retinuit,
3034 5091 3263 5161 retinet,
3295 5093 3479 5152 etiam
3499 5097 3783 5158 retineat

2083 5187 2154 5242 ad
2169 5187 2508 5258 perpetuam
2532 5181 2739 5238 animae
2756 5184 2965 5238 nostra
2978 5181 3332 5254 mercedem,
3357 5185 3784 5264 nominisque

2086 5273 2271 5332 nostri
2299 5280 2353 5330 et
2381 5270 2602 5328 servitii
2632 5271 2725 5327 sui
2744 5268 2804 5326 in
2827 5273 3033 5327 sancta
3049 5271 3315 5329 Romana
3335 5272 3626 5334 Ecclesia
3651 5295 3788 5336 me-

2083 5363 2331 5420 moriam
2363 5360 2601 5418 illarum
2633 5358 3017 5430 oblationum,
3042 5377 3188 5433 quas
3211 5361 3406 5418 eidem
3439 5379 3792 5426 sacrosan-

2084 5456 2185 5508 cta:
2199 5449 2450 5508 ecclesiae
2472 5466 2574 5522 per
2598 5449 2707 5505 hoc
2727 5453 2995 5506 nostrum
3015 5449 3388 5524 privilegium
3411 5452 3790 5525 adjiciendo

2084 5541 2478 5606 concedimus,
2505 5541 2563 5595 et
2578 5538 3020 5609 conﬁrmamus,
3044 5538 3194 5595 sicut
3217 5539 3498 5612 superius
3524 5543 3789 5604 dictum

2086 5633 2175 5685 est
2217 5646 2231 5686 :
2267 5628 2489 5685 scilicet
2534 5627 2606 5684 ab
2647 5627 3017 5686 inchoatione
3057 5629 3497 5688 matutinorum
3531 5635 3791 5706 quinta

2087 5717 2238 5773 feria:
2267 5718 2327 5774 in
2358 5717 2535 5775 Coena
2569 5716 2822 5786 Domini,
2861 5733 3049 5791 usque
3077 5721 3211 5790 post
3266 5718 3792 5793 completorium,

2087 5804 2248 5863 salva
2292 5804 2404 5863 sibi
2464 5821 2568 5878 per
2615 5805 2837 5878 omnia,
2889 5809 2948 5865 et
3000 5804 3109 5864 hoc
3169 5809 3372 5865 nostro
3433 5809 3791 5890 privilegio
