3968 6346
170 520 299 586 829

1171 523 1576 590 EPISTOLIE
1617 520 1718 589 ET
1761 520 2126 590 DECRETA
2169 516 2641 590 PONTIFIGIA.

3483 526 3604 590 830

173 657 378 714 eidem
407 655 470 714 in
502 661 855 733 perpetuum
889 661 1198 727 reservata,
1228 664 1284 716 et
1333 662 1677 717 conﬁrmata
1707 678 1843 718 con-
1872 665 1924 732 Α
1957 661 2241 736 singulari
2304 660 2606 734 privilegio
2675 657 2952 717 omnibus
3018 655 3488 732 premminemus,
3520 657 3602 715 ita

171 748 453 804 cessione
483 753 540 804 et
557 749 1001 805 confirmatione
1023 749 1285 805 omnium
1309 750 1668 806 oblationum
1696 767 1842 823 quas

167 853 281 909 per
327 837 642 911 privilegia
691 843 1129 895 antecessorum
1169 843 1503 895 nostrorum
1559 840 1844 896 hactenus

164 928 446 998 accipere
475 932 534 982 et
586 926 702 983 sibi
752 929 964 983 habere
1016 933 1427 984 conservetur:
1482 929 1751 986 videlicet
1781 929 1841 984 in

165 1016 270 1071 die
303 1015 674 1082 Palmarum,
705 1017 764 1072 in
797 1017 970 1072 Cmna
999 1017 1230 1072 Domini
1259 1023 1313 1072 et
1333 1017 1389 1072 in
1416 1019 1747 1085 Parascevc,
1782 1019 1839 1072 in

164 1105 440 1160 Sabbato
471 1109 674 1160 sancto
708 1110 763 1161 et
793 1106 884 1160 die
916 1105 1235 1160 Dominica.
1270 1105 1468 1178 Neque
1495 1105 1651 1160 enim
1682 1107 1840 1161 istud

164 1197 455 1248 nostrum
489 1193 570 1249 ita
601 1194 938 1263 adjicimus,
971 1198 1035 1248 ut
1065 1193 1208 1248 illud
1241 1197 1674 1250 antecessorum
1707 1211 1841 1250 nos-

163 1287 410 1337 trorum
445 1283 668 1337 donum
702 1281 759 1336 in
795 1281 991 1353 aliquo
1025 1283 1383 1338 minuamus.
1419 1287 1482 1338 In
1507 1299 1621 1354 qua
1640 1283 1842 1355 utique

162 1371 562 1428 concessione
592 1374 647 1426 et
679 1371 1120 1428 confirmatione
1164 1371 1244 1426 nil
1292 1371 1565 1427 novitatis
1597 1373 1841 1426 arbitra-

162 1477 314 1516 mur
345 1461 582 1534 egisse;
639 1459 860 1515 scilicet
907 1460 1175 1532 exemplo
1219 1461 1839 1516 reverendissimorum

163 1550 682 1621 prmdecessorum
718 1554 1074 1618 nostrorum,
1107 1554 1164 1604 et
1193 1550 1358 1622 c0pia
1385 1555 1597 1605 sancta:
1632 1550 1840 1605 Roma-

161 1656 262 1694 πω
293 1639 592 1704 Ecclesia»,
626 1638 885 1711 inopiam
913 1638 1172 1695 lateralis
1198 1644 1252 1695 et
1279 1639 1531 1694 maxime
1563 1639 1841 1695 domesti-

163 1746 259 1785 cae
291 1727 451 1795 ﬁliae,
485 1727 770 1783 laudabili
802 1727 1150 1784 liberalitate
1202 1728 1524 1784 secundum
1567 1728 1842 1800 apostoli-

163 1833 310 1873 cam
345 1816 781 1872 institutionem
814 1816 1106 1887 supplere.
1130 1817 1492 1872 Venerabilis
1511 1817 1841 1887 apostolicae

166 1906 343 1962 sedis
375 1922 626 1961 censura
674 1906 784 1960 sub
835 1905 1009 1959 divini
1064 1906 1483 1960 contestatione
1523 1906 1754 1977 judicii,
1788 1910 1844 1960 ct

167 1994 580 2050 anathematis
605 1993 1046 2066 interpositione
1079 1998 1402 2050 statuentes
1434 1994 1841 2050 interdicimus

168 2087 246 2140 ut
278 2083 485 2140 nullus
515 2100 779 2154 unquam
807 2100 1212 2138 successorum
1246 2089 1579 2139 nostrorum
1607 2084 1839 2156 pontiﬁ-

171 2190 346 2241 cum,
370 2172 457 2227 vel
490 2171 738 2242 quilibet
769 2172 1131 2242 publicarum
1159 2173 1452 2228 actionum
1479 2172 1847 2228 administra-

171 2267 294 2333 tor,
333 2277 436 2317 seu
471 2260 585 2316 alia
615 2259 888 2332 quaelibet
919 2264 974 2317 et
1007 2260 1442 2333 quantumlibet
1473 2277 1690 2333 magna
1720 2279 1846 2332 par-

173 2366 378 2423 vaque
409 2366 681 2422 persona,
717 2351 931 2406 audeat
953 2349 1039 2405 vel
1074 2354 1410 2422 prmsumat,
1444 2355 1646 2406 contra
1667 2350 1846 2421 hujus

176 2443 405 2495 nostrae
457 2436 791 2493 donationis
851 2438 1222 2510 privilegium
1267 2454 1472 2510 cogere
1534 2443 1634 2493 aut
1683 2439 1848 2493 aliter

176 2529 518 2602 quidquam
554 2527 827 2585 alienare.
862 2528 1090 2582 auferre
1125 2532 1225 2582 aut
1257 2528 1556 2594 minuere;
1609 2529 1708 2584 sed
1740 2545 1847 2600 po—

174 2619 305 2673 tius
339 2616 578 2671 firmum
611 2621 668 2671 et
699 2616 908 2671 stabile
937 2615 998 2670 in
1033 2621 1404 2688 perpetuum,
1436 2616 1587 2671 sicut
1617 2633 1848 2671 conces-

178 2723 319 2764 sum
356 2711 411 2762 et
443 2706 859 2761 confirmatum
893 2710 1003 2773 cst,
1056 2710 1415 2777 permaneat.
1468 2706 1527 2761 Si
1582 2705 1714 2777 quis
1743 2722 1847 2759 au-

181 2801 340 2862 tem,
370 2795 527 2866 quod
561 2811 675 2850 non
710 2799 1004 2866 Optamus,
1029 2795 1340 2850 temerario
1371 2811 1518 2849 ausu
1571 2793 1682 2850 hoc
1713 2811 1848 2849 nos-

180 2889 350 2940 trum
381 2881 717 2954 apostolicae
749 2883 906 2937 sedis
953 2887 1261 2948 statutum,
1312 2881 1370 2937 in
1422 2899 1718 2954 quoquam
1758 2882 1849 2936 in-

183 2974 448 3045 fringere
481 2972 924 3045 praesumpserit
953 2977 1009 3026 et
1066 2972 1370 3041 coadjutor
1395 2969 1849 3042 illiusin'aliquo

185 3061 504 3129 exstiterit,
540 3061 886 3117 auctoritate
919 3065 1134 3116 sanctae
1167 3065 1226 3115 et
1252 3061 1567 3116 individua:
1596 3059 1850 3115 Trinita-

189 3151 270 3206 tis
302 3155 362 3206 et
393 3149 797 3223 apostolorum
830 3150 1110 3222 principis
1142 3149 1315 3216 Petri,
1347 3150 1539 3219 cujus,
1597 3147 1731 3204 licet
1763 3147 1852 3202 in-

189 3239 383 3312 digni,
435 3239 776 3310 dignatione
823 3239 1021 3294 divina
1066 3238 1191 3294 vice
1248 3237 1569 3310 fungimur,
1623 3235 1851 3293 vinculo

190 3328 594 3384 anathematis
625 3327 701 3383 sit
732 3328 1120 3399 mancipatus,
1158 3331 1213 3382 et
1242 3344 1275 3382 a
1309 3343 1484 3399 regno
1523 3325 1623 3381 Dei
1659 3343 1852 3399 segre-

189 3421 390 3490 gatus,
421 3420 476 3472 et
504 3415 760 3482 diabolo,
793 3420 849 3471 et
879 3415 1104 3489 angelis
1154 3417 1304 3485 ejus,
1358 3414 1470 3470 nisi
1521 3415 1664 3470 forte
1703 3413 1846 3470 resi-

189 3507 429 3579 piscens
461 3504 808 3572 satisfaciat,
831 3503 1319 3560 indissolubiliter
1341 3509 1710 3576 aggregetur.
1741 3503 1846 3568 Qui

185 3611 325 3652 vero
357 3595 453 3666 pio
468 3591 733 3666 respectu
754 3597 1123 3649 conservator
1137 3597 1194 3648 et
1223 3593 1494 3648 defensor
1513 3592 1693 3663 hujus
1720 3609 1849 3647 con-

187 3683 476 3739 cessionis
498 3687 556 3738 et
573 3681 1040 3738 conﬁrmationis
1062 3681 1363 3746 exstiterit,
1390 3685 1675 3753 potestate
1697 3679 1846 3734 beati

190 3772 346 3828 Petri
379 3771 778 3844 apostolorum
814 3771 1098 3843 principis
1122 3775 1180 3825 et
1209 3771 1479 3842 precibus
1512 3774 1846 3825 sanctarum

186 3861 486 3933 virginum
519 3877 586 3915 ac
607 3859 818 3915 Christi
846 3863 1194 3932 martyrum,
1219 3857 1441 3914 Rufinae
1463 3863 1518 3915 et
1541 3859 1844 3924 Secundae,

189 3949 444 4006 caelestis
478 3949 642 4020 regni
676 3948 1004 4012 introitum,
1036 3951 1093 4003 et
1122 3948 1372 4020 gratiam
1395 3952 1570 4020 atque
1599 3947 1847 4021 gloriam

191 4056 225 4094 a
248 4040 415 4110 justo
437 4037 642 4109 judice
672 4035 918 4092 Domino
950 4037 1065 4092 Deo
1094 4039 1314 4103 nostro,
1348 4037 1645 4107 vitamque
1684 4040 1846 4092 aeter-

190 4144 326 4184 nam
343 4126 641 4198 percipere
658 4131 950 4181 mereatur
963 4125 1022 4181 in
1037 4125 1251 4181 saecula
1263 4125 1842 4181 szeculorumAmen

258 4217 558 4288 Scriptum
572 4231 675 4287 per
705 4232 916 4270 manus
947 4214 1207 4286 Gregorii
1239 4214 1448 4269 notarii
1482 4218 1540 4269 et
1559 4213 1846 4269 scriniarii

191 4307 248 4362 S.
285 4306 563 4361 Romana
588 4303 858 4361 Ecclesia:
891 4304 948 4359 in
982 4319 1182 4360 mense
1215 4303 1371 4370 Maii,
1405 4303 1608 4358 indict.
1652 4319 1708 4368 x,
1743 4303 1847 4358 Be-

193 4413 262 4452 ne
290 4394 497 4451 valete.

261 4488 470 4541 Datum
520 4486 723 4540 octavo
770 4483 908 4538 Idus
959 4482 1116 4548 Maii,
1169 4497 1272 4554 per
1321 4497 1534 4538 manus
1574 4481 1848 4538 Aribonis

187 4573 435 4644 diaconi,
470 4589 628 4628 anno
657 4573 690 4627 3
719 4572 939 4627 domini
972 4589 1134 4644 papae
1166 4571 1421 4626 Victoris
1449 4571 1518 4637 ΙΙ,
1553 4570 1756 4625 indict.
1789 4589 1844 4625 x.

189 4661 570 4719 Decernimus
598 4678 756 4733 ergo,
791 4666 854 4715 ut
885 4659 1028 4716 nulli
1054 4661 1294 4716 omnino
1315 4659 1624 4715 hominum
1650 4658 1843 4726 liceat,

1954 751 2357 807 universarum
2389 750 2766 807 ecclesiarum
2786 750 2886 805 Dei
2910 747 3366 806 sollicitudinem
3393 747 3603 803 habea-

1954 857 2105 906 mus,
2141 855 2206 893 ac
2234 839 2486 911 singulis
2518 839 2850 911 quibusque
2882 838 3153 894 fidelibus
3184 842 3360 910 atque
3381 836 3496 909 piis
3527 837 3606 892 lo-

1952 927 2035 983 cis
2066 933 2391 1000 opportuna
2442 929 2719 1000 suffragia
2776 927 3166 984 conferamus.
3216 929 3600 998 Quapropter,

1951 1015 2212 1071 inclinati
2235 1018 2501 1088 precibus
2524 1017 2665 1084 tuis,
2689 1017 3033 1072 charissime
3055 1033 3121 1072 ac
3143 1015 3414 1088 religiose
3428 1015 3602 1083 abba,

1954 1106 2124 1170 Bovo,
2160 1122 2259 1177 per
2288 1105 2440 1160 hanc
2472 1110 2681 1160 nostra:
2714 1104 3079 1162 auctoritatis
3128 1121 3436 1160 censuram
3465 1121 3602 1161 eon-

1951 1195 2259 1248 firmamus
2290 1212 2355 1249 ac
2387 1195 2852 1260 corroboramus,
2887 1194 2993 1248 tibi
3019 1191 3259 1266 tuisque
3297 1210 3603 1250 successo-

1952 1285 2138 1349 ribus,
2172 1282 3602 1355 regulariterpromovendis,Sithiensecmnobium

1951 1371 2010 1426 in
2044 1376 2412 1443 perpetuum,
2448 1373 2600 1442 quod
2634 1372 2690 1425 in
2735 1372 3030 1442 episcopio
3081 1370 3485 1428 Taruannensi
3514 1376 3605 1428 est

1952 1460 2332 1514 constitutum
2385 1461 2443 1514 in
2495 1460 2714 1514 honore
2767 1460 2951 1515 sancti
3005 1461 3176 1525 Petri,
3229 1478 3294 1515 ac
3339 1461 3602 1516 omnium

1952 1548 2376 1620 apostolorum,
2414 1547 2510 1603 ubi
2537 1549 2710 1603 etiam
2737 1548 3047 1621 praeclarus
3070 1549 3280 1603 Chi-isti
3307 1550 3607 1604 confessor

1954 1638 2244 1702 Bertinus,
2292 1637 2476 1710 ipsius
2527 1637 2635 1692 loci
2687 1638 2914 1710 primus
2963 1637 3239 1692 fundator
3287 1655 3353 1692 ac
3402 1638 3604 1704 abbas,

1953 1743 2085 1781 cum
2120 1725 2404 1798 Folquino
2435 1743 2498 1782 ac
2531 1725 2786 1799 Sylvino,
2822 1727 3008 1782 beatis
3032 1725 3466 1782 confessoribus
3489 1743 3611 1781 cor

1953 1832 2092 1888 pcre
2124 1815 2393 1888 quiescit.

2025 1905 2252 1960 Pariter
2283 1920 2515 1977 quoque
2547 1906 2966 1961 confirmamus
2996 1904 3100 1960 tibi
3123 1905 3360 1976 tuisque
3381 1921 3610 1960 succes-

1954 1992 2208 2058 soribus,
2241 1991 2393 2047 sicut
2424 1993 2643 2047 dictum
2690 2001 2796 2055 est,
2865 1993 2922 2047 in
2988 1996 3356 2065 perpetuum,
3396 1996 3611 2053 cuncta.

1954 2080 2143 2136 eidem
2177 2081 2437 2136 cmnobio
2457 2083 2620 2154 juste
2651 2081 3020 2154 pertinentia,
3045 2086 3162 2136 tam
3183 2098 3250 2136 ea
3271 2097 3397 2154 quas
3419 2080 3611 2138 hacte-

1956 2187 2068 2226 nus
2119 2170 2418 2226 devotione
2469 2170 2727 2225 ﬁdclium
2771 2170 2989 2226 Christi
3033 2168 3150 2225 illic
3197 2169 3412 2226 collata
3471 2173 3611 2225 sunt

1957 2275 2133 2331 quam
2168 2276 2292 2330 quae
2324 2259 2598 2332 deinceps
2621 2261 2783 2331 juste
2805 2259 3156 2315 conferenda
3176 2258 3407 2326 sunt,in
3432 2258 3610 2327 arvis,

1956 2348 2202 2419 campis,
2240 2348 2442 2420 pratis,
2494 2348 2749 2419 pascuis,
2799 2347 2983 2412 silvis,
3034 2348 3204 2419 aquis
3253 2363 3613 2420 aquarumve

1956 2438 2250 2505 cursibus,
2308 2436 2684 2506 molendinis,
2746 2437 3034 2509 piscariis,
3098 2437 3274 2505 villis,
3324 2435 3607 2507 ecclesiis,

1955 2527 2354 2591 comitatibus,
2385 2525 2644 2589 familiis,
2677 2525 2884 2584 vineis.
2920 2525 3222 2597 pomeriis,
3267 2525 3611 2597 cunctisque

1957 2614 2082 2670 suis
2115 2613 2433 2670 mobilibus
2466 2614 2553 2669 vel
2585 2613 3015 2678 immobilibus,
3048 2613 3221 2670 cultis
3241 2613 3328 2668 vel
3352 2612 3608 2680 incultis,

1961 2708 2024 2757 ut
2053 2702 2339 2774 quidquid
2363 2702 2520 2766 inde,
2545 2703 2867 2758 secundum
2893 2702 2990 2757 Dei
3017 2702 3307 2765 timorem,
3328 2701 3398 2756 ad
3424 2701 3611 2772 ipsius

1958 2791 2200 2846 cmnobii
2247 2790 2559 2846 utilitatem
2615 2789 2962 2862 regulariter
3009 2788 3384 2860 disposuistis
3415 2804 3608 2861 agere,

1958 2880 2203 2934 liberam
2235 2879 2294 2934 in
2324 2880 2602 2935 omnibus
2632 2879 2899 2934 habeatis
2946 2878 3192 2933 faciendi
3238 2880 3608 2950 potestatem,

1960 2985 2065 3041 per
2093 2968 2290 3024 omnia
2318 2969 2483 3024 vobis
2515 2968 2675 3024 salva
2705 2974 2762 3024 et
2792 2969 2898 3023 hoc
2933 2967 3231 3040 privilegio
3265 2971 3463 3023 nostro
3489 2983 3614 3039 per-

1961 3057 2270 3130 petualiter
2298 3058 2643 3113 conﬁrmata
2672 3057 3044 3112 immunitate
3069 3055 3166 3110 illa
3188 3071 3288 3111 seu
3323 3055 3611 3123 libertate,

1962 3162 2139 3217 quam
2164 3147 2368 3202 beatus
2399 3147 2792 3213 Audomarus,
2822 3145 3262 3202 Taruanncnsis
3288 3145 3524 3219 praesul,
3549 3145 3612 3201 in

1964 3237 2201 3308 prmfato
2285 3237 2452 3291 beato
2497 3237 2730 3292 Bertino
2788 3236 2977 3291 cidem
3047 3236 3317 3292 coenobio
3378 3234 3611 3307 proprio

1964 3325 2184 3397 scripto
2207 3325 2453 3380 indulsit
2477 3329 2650 3396 atque
2668 3323 3052 3387 confirmavit,
3079 3340 3193 3395 qua
3216 3323 3499 3378 hactenus
3520 3339 3610 3378 se-

1961 3414 2218 3469 cundum
2243 3414 2392 3469 beati
2408 3413 2666 3485 Gregorii
2685 3430 2843 3484 papa:
2860 3412 3152 3467 lnminoso
3167 3410 3360 3466 abbati
3373 3426 3608 3467 conces-

1959 3519 2044 3570 sa,
2068 3503 2318 3557 obeunte
2343 3501 2553 3557 abbate
2582 3499 2917 3556 monasterii
2941 3499 3148 3572 ipsius,
3173 3499 3372 3554 nullus
3393 3498 3611 3571 episco-

1958 3607 2167 3663 porum
2200 3591 2257 3645 in
2287 3590 2687 3647 deseribendis
2711 3588 3214 3661 prmvidendisque
3246 3606 3309 3643 ac
3341 3587 3609 3662 quasitis

1958 3681 2356 3750 quaerendisve
2381 3680 2558 3736 rebus
2587 3679 2842 3736 ecclesiae
2874 3679 3074 3749 hujus,
3108 3678 3306 3750 aliqua
3338 3695 3400 3734 se
3439 3695 3609 3734 occa-

1958 3769 2140 3836 sione,
2177 3769 2524 3842 permisceat
2547 3789 2561 3840 ;
2596 3769 2869 3824 abbatem
2889 3785 3021 3823 vero
3044 3767 3231 3824 eidem
3255 3767 3610 3824 monasterio

1958 3875 2071 3912 non
2089 3857 2290 3924 alium,
2314 3859 2412 3913 sed
2438 3875 2612 3929 quem
2637 3857 2880 3929 dignum
2911 3857 3176 3912 moribus
3198 3860 3375 3929 atque
3399 3860 3605 3929 aptum

1955 3946 2281 4019 disciplina:
2314 3947 2647 4003 monasticae
2677 3946 2973 4002 communi
3014 3963 3325 4015 consensu,
3368 3961 3606 4017 congre-

1956 4034 2111 4107 gatio
2141 4038 2264 4091 tota
2292 4037 2401 4102 vel,
2436 4036 2703 4108 quamvis
2734 4052 2928 4107 parva,
2964 4052 3099 4107 pars
3139 4033 3607 4108 congregationis

1956 4125 2782 4190 sanioriconsilio,secnndum
2809 4125 3075 4180 timorem
3097 4123 3194 4180 Dei
3215 4123 3605 4197 proposuerit,

1956 4213 2206 4269 ordinet.
2240 4214 2530 4270 Stationes
2563 4219 2760 4269 autem
2795 4213 2912 4269 illic
2943 4213 3208 4287 publicas
3240 4231 3342 4286 per
3385 4214 3606 4286 episco-

1962 4319 2101 4374 pum
2138 4303 2263 4358 fieri
2297 4303 2536 4359 omnino
2568 4303 2970 4375 prohibemus,
3005 4321 3075 4359 ne
3107 4303 3165 4359 in
3182 4319 3481 4360 servorum
3507 4302 3607 4358 Dei

1957 4393 2307 4460 recessibus,
2329 4392 2712 4465 popularibus
2734 4392 2961 4449 occasio
2983 4394 3309 4466 praebeatur
3331 4391 3450 4446 ulla
3471 4408 3607 4447 con-

1956 4481 2251 4549 ventibus,
2273 4498 2336 4537 ac
2355 4479 2744 4553 simpliciores
2765 4497 2832 4536 ex
2853 4481 2963 4536 hoc
2987 4481 3215 4536 animas
3238 4479 3606 4552 plerumque,

1957 4571 2111 4642 quod
2147 4570 2335 4626 absit!
2362 4570 2419 4624 in
2439 4568 3012 4626 scandalumtrahat.
3047 4569 3430 4642 Frequentior
3459 4585 3607 4640 quo-

1957 4675 2071 4730 que
2102 4658 2404 4714 muliebris
2433 4658 2732 4726 introitus,
2769 4659 2878 4714 nisi
2913 4659 3078 4727 forte,
3113 4659 3438 4714 secundum
3485 4657 3608 4712 dic-

187 4755 294 4807 etc.
325 4751 383 4807 Si
415 4769 547 4824 quae
579 4749 761 4822 igitur
788 4749 848 4806 iu
883 4753 1169 4817 luturum,
1203 4752 1310 4804 etc.
1339 4749 1578 4804 Cunctis
1625 4751 1843 4817 autem,
1877 4769 1925 4834 D
1957 4753 2084 4804 tum
2114 4747 2332 4804 Nicolai
2366 4765 2546 4821 papae,
2601 4749 2673 4804 ab
2723 4747 2932 4804 abbate
2979 4747 3320 4803 monasterii
3373 4745 3460 4801 vel
3495 4746 3608 4802 fra-

192 4843 299 4896 etc.

929 4945 1097 5001 XVII.

189 5037 287 5092 Pro
339 5033 683 5092 monasterio
729 5034 920 5091 Sancti
968 5035 1201 5119 βθνιίηί,
1262 5033 1492 5090 Victoris
1537 5033 1590 5090 ΙΙ
1612 5033 1844 5105 privile-

927 5123 1098 5179 gzum.

823 5193 1010 5265 (Anno
1041 5193 1226 5266 1057.)

194 5283 511 5351 [Cosanum
540 5279 835 5337 Collection
863 5281 955 5338 des
974 5283 1322 5344 cartalaires,
1342 5281 1554 5353 abbaye
1574 5283 1646 5338 de
1666 5281 1850 5337 Saint-

585 5354 796 5422 Bertz'n,
830 5360 971 5410 tom.
1011 5355 1107 5421 ΙΙΙ,
1139 5371 1272 5426 pag.
1307 5354 1454 5424 180.]

253 5465 475 5518 VICTOR
519 5458 856 5532 episcopus,
902 5477 1105 5517 servus
1148 5475 1450 5516 servorum
1505 5459 1602 5515 Dei
1634 5457 1848 5516 dilecto

193 5550 300 5607 filio
329 5551 578 5617 Bovom,
613 5547 887 5620 religioso
918 5548 1137 5616 abbati,
1171 5549 1518 5622 cunctisque
1544 5564 1847 5605 successo-

193 5639 342 5696 ribus
372 5643 530 5712 ejus,
554 5637 616 5692 in
649 5635 930 5693 Sithiensi
961 5636 1223 5692 ccenobio
1245 5637 1590 5709 regulariter
1618 5652 1850 5708 promo-

194 5729 408 5794 vendis,
438 5728 502 5783 in
536 5732 912 5799 perpetuum.

251 5817 538 5875 Convenit
568 5813 892 5886 apostolico
923 5814 1314 5873 moderamini
1348 5821 1659 5891 quatenus.
1693 5815 1851 5874 sicut

193 5907 467 5981 dignitate
479 5921 548 5961 ac
566 5901 910 5960 auctoritate
923 5903 1095 5973 Petri,
1114 5903 1403 5980 principis
1426 5903 1846 5980 apostolorum,

1957 4836 2166 4904 tribus,
2200 4837 2564 4894 necessitatis
2597 4854 2775 4893 causa
2803 4837 2891 4892 vel
2923 4836 3255 4892 dilectionis
3275 4835 3488 4909 gratia,
3515 4852 3611 4892 vo-

1959 4930 2126 4982 catus
2152 4926 2472 4994 advenerit,
2500 4944 2570 4982 ne
2588 4926 3030 4999 importunitate
3053 4926 3142 4981 sui
3171 4925 3611 4981 ministrorum-

1958 5031 2074 5088 que
2103 5032 2345 5072 suorum
2380 5015 2786 5088 inquetudine,
2819 5016 3028 5072 fratres
3076 5013 3165 5071 vel
3210 5015 3394 5071 abbas
3432 5013 3610 5071 susti-

1959 5108 2137 5161 neant
2165 5103 2347 5160 ullam
2381 5105 2734 5173 molestiam,
2767 5109 2825 5161 et
2875 5105 2961 5160 sic
3011 5105 3062 5159 ci
3111 5108 3323 5160 cuncta
3353 5101 3610 5160 laesionis

1957 5192 2225 5250 funditus
2256 5192 2448 5248 ablata
2477 5197 2784 5265 potestate,
2821 5193 3156 5250 nullatenus
3187 5190 3503 5265 aliquando
3547 5190 3609 5246 in

1956 5285 2147 5337 vestro
2177 5287 2441 5337 versetur
2465 5283 2823 5354 gravamine.

2031 5371 2214 5436 Unde,
2248 5371 2578 5442 apostolicae
2613 5372 2770 5428 sedis
2793 5387 3061 5438 censura,
3086 5371 3194 5428 sub
3227 5367 3421 5423 divina
3467 5382 3606 5422 con-

1956 5460 2265 5515 testatione
2283 5459 2516 5529 judicii,
2537 5460 2927 5516 anathematis
2949 5456 3320 5531 impositione
3342 5457 3606 5510 statuen-

1957 5554 2071 5617 tes,
2100 5547 2508 5604 interdicimus
2539 5555 2602 5604 ut
2633 5549 2832 5605 nullus
2863 5564 3125 5620 unquam
3173 5545 3605 5618 episcoporum,

1959 5655 2062 5694 seu
2095 5635 2410 5709 cujuslibet
2443 5639 2670 5693 ordinis
2700 5637 3065 5697 clericorum,
3088 5633 3178 5689 vel
3223 5631 3469 5705 quilibet
3501 5651 3605 5707 pu-

1958 5727 2246 5783 blicarum
2263 5725 2558 5781 actionum
2584 5726 3040 5790 administrator,
3057 5739 3155 5778 seu
3175 5722 3289 5777 alia
3308 5722 3602 5795 quaelibet,

1959 5821 2060 5874 aut
2089 5813 2522 5888 quantumlibet
2545 5831 2760 5886 magna
2779 5828 3070 5886 parvaque
3092 5827 3361 5885 persona,
3393 5812 3607 5868 audeat

1957 5906 2045 5964 vel
2061 5908 2378 5980 praesumat
2396 5909 2598 5961 contra
2618 5905 2728 5965 hoc
2745 5906 3010 5960 nostrum
3028 5901 3397 5976 priviiegium
3411 5917 3603 5973 agere,
