3968 6358
289 448 403 513 831

1562 514 1569 521 .
1617 448 1974 523 VICTORIS
2018 447 2072 515 ιι
2115 448 2368 549 pars.

3591 454 3727 519 832

291 588 392 642 aut
420 582 555 641 inde
579 582 901 657 quidquam
933 580 1205 653 alienare,
1238 582 1482 652 auferre,
1514 587 1618 642 aut
1666 583 1930 657 minuere
1960 586 2014 657 Α
2039 589 2147 643 rat.
2179 586 2299 644 Piis
2326 602 2463 661 ergo
2493 570 2639 645 locis
2658 568 2717 644 et
2734 584 2931 646 divina
2952 584 3236 663 religione
3255 588 3721 653 venerabilibus

287 675 378 732 vel
406 672 733 747 transgredi
759 692 773 746 ;
806 673 904 731 sed
928 674 1122 747 potius
1145 675 1381 730 firmum
1407 691 1473 729 ac
1493 672 1701 731 stabile
1721 672 1780 729 in
1798 691 1926 746 per-

291 769 553 837 petuum,
584 762 741 820 sicut
771 781 803 818 a
831 763 999 819 nobis
1031 779 1371 833 concessum
1420 767 1477 818 et
1514 763 1927 820 confirmatum

288 858 382 909 est
407 857 783 925 permaneat;
816 852 1100 924 liceatque
1128 851 1323 908 abbati
1353 849 1444 909 vel
1491 851 1768 908 fratribus
1800 869 1929 907 mo-

288 941 525 999 nasterii
558 940 744 1014 ipsius
774 940 1144 1012 apostolicam
1181 938 1377 996 sedem
1409 938 1700 1011 appellare
1729 944 1931 998 contra

289 1028 682 1103 quorumlibet
709 1029 1015 1085 hominum
1046 1028 1347 1100 injuriam,
1379 1029 1426 1083 si
1458 1045 1561 1101 per
1588 1029 1927 1102 episcopum

286 1121 756 1178 Taruanncnsem
788 1122 887 1173 aut
917 1115 1415 1198 archiepiscopum
1459 1118 1805 1174 Remensem
1836 1135 1927 1175 sa-

284 1209 551 1266 tisfacere
578 1207 849 1280 praedicto
881 1206 1236 1262 monasterio
1267 1207 1651 1277 ejusdemque
1683 1207 1925 1263 rectori-

283 1299 394 1354 bus
424 1296 896 1368 contempserint.
927 1295 984 1352 Si
1018 1295 1151 1367 quis
1183 1298 1398 1364 autem,
1432 1295 1586 1367 quod
1619 1312 1732 1351 non
1764 1299 1923 1370 opta-

285 1405 438 1458 mus,
470 1385 778 1443 temerario
809 1401 980 1452 ausu,
1009 1387 1215 1440 contra
1274 1384 1382 1439 hoc
1412 1388 1677 1440 nostrum
1702 1388 1926 1456 aposto-

280 1478 402 1533 licae
424 1475 582 1533 sedis
604 1477 891 1530 statutum
938 1472 996 1527 in
1026 1487 1318 1544 quoquam
1344 1478 1646 1542 temerare,
1668 1472 1756 1528 vel
1782 1489 1923 1529 con-

283 1565 531 1637 fringere
562 1561 1022 1635 praesumpserit,
1045 1565 1102 1616 et
1131 1560 1531 1617 contradictor
1567 1560 1726 1616 illius
1749 1561 1920 1616 exsti-

281 1654 393 1709 erit
423 1653 482 1709 in
514 1652 730 1725 aliquo,
762 1650 1106 1707 auctoritate
1134 1652 1344 1705 sanctae
1376 1653 1432 1705 et
1462 1648 1773 1704 individua
1802 1649 1926 1705 Tri-

283 1741 485 1799 nitatis
513 1745 569 1799 et
597 1740 991 1812 apostolorum
1023 1738 1303 1811 principis
1343 1738 1517 1805 Petri,
1566 1738 1758 1809 cujus,
1791 1738 1927 1795 licet

282 1830 508 1905 indigni
539 1829 894 1903 dignatione,
939 1832 1134 1885 tamen
1173 1827 1399 1882 vicibus
1440 1827 1766 1899 fungimur,
1797 1826 1923 1883 vin-

279 1919 410 1975 culo
440 1917 831 1976 anathematis
862 1916 1247 1990 mancipatus,
1276 1933 1311 1972 a
1355 1932 1532 1988 regno
1577 1914 1676 1971 Dei
1732 1932 1923 1989 segre-

280 2012 473 2082 gatus,
558 2005 789 2063 diabolo
847 2009 904 2062 et
968 2004 1192 2078 angelis
1266 2004 1414 2076 ejus,
1490 2001 1603 2059 nisi
1663 2004 1918 2076 resipis-

280 2116 417 2156 cens
475 2094 814 2162 satisfaciat,
864 2092 1354 2151 indissolubiliter
1411 2098 1776 2165 aggregetur.
1811 2093 1921 2161 Qui

280 2206 410 2244 vero
442 2186 536 2259 pio
569 2188 831 2258 respectu
865 2182 1272 2250 observaverit,
1332 2198 1398 2237 ac
1443 2181 1714 2237 defensor
1741 2181 1921 2254 hujus

281 2273 741 2332 confirmationis
767 2276 823 2328 et
871 2271 1262 2327 concessionis
1302 2270 1605 2341 exstiterit,
1636 2274 1921 2342 potestate

280 2352 434 2421 beati
482 2350 652 2430 Petri,
704 2358 1100 2433 apostolorum
1151 2358 1431 2432 principis
1476 2375 1543 2416 ac
1582 2362 1920 2416 sanctorum

279 2450 628 2509 confessoris
657 2448 971 2505 Audomari
1004 2450 1178 2520 atque
1208 2447 1447 2516 Bertini,
1481 2446 1735 2520 caelestis
1756 2448 1920 2521 regni

246 2594 253 2605 ,
279 2539 581 2596 introitum
613 2540 671 2594 et
699 2537 945 2610 gratiam
977 2540 1153 2608 atque
1182 2534 1449 2606 gloriam,
1478 2552 1512 2592 a
1534 2537 1699 2608 justo
1721 2535 1921 2607 judice

280 2627 546 2694 Domino,
578 2626 694 2684 Deo
726 2628 944 2694 nostro,
980 2625 1276 2697 vitamque
1304 2628 1582 2681 aeternam
1627 2624 1921 2698 percipere

281 2719 590 2784 mereatur,
623 2716 680 2771 in
714 2714 924 2770 saecula
953 2712 1319 2771 saeculorum.
1352 2717 1560 2769 Amen.

350 2806 645 2880 Scriptum
711 2822 813 2876 per
877 2820 1089 2860 manus
1155 2802 1414 2877 Gregorii
1491 2802 1700 2859 notarii
1768 2819 1920 2858 anno

282 2895 591 2952 Dominica:
659 2892 979 2949 nativitatis
1046 2890 1358 2948 millesimo
1434 2891 1919 2964 quinquagesimo

281 2982 549 3058 septimo.

350 3074 468 3147 Ego
527 3070 904 3135 Humbertus,
959 3066 1150 3122 dictus
1202 3067 1509 3139 episcopus
1562 3069 1776 3122 sanctae
1827 3082 1917 3122 cc-

280 3148 468 3220 clesiis
517 3157 701 3233 Sylvee
748 3156 1040 3225 Candidas,
1090 3155 1327 3212 interfui
1378 3158 1435 3211 et
1476 3154 1711 3228 propria
1740 3168 1918 3211 manu

281 3247 625 3322 subscripsi.

2039 674 2243 733 debitae
2256 674 2671 734 consolationis
2683 681 2743 733 et
2752 677 3106 736 defensionis
3117 670 3447 752 porrecturi
3460 697 3719 748 manus,

2037 764 2203 821 illum
2239 766 2461 823 caeteris
2486 765 2911 838 prmferendum
2943 784 3060 824 non
3091 767 3483 843 ambigimus,
3521 785 3718 842 quem

2038 853 2373 923 monasticae
2405 870 2622 911 normae
2655 858 2883 912 constat
2905 870 3034 912 esse
3077 855 3404 931 principale
3445 850 3721 932 gymIIa-

2037 942 2215 1012 sium,
2249 945 2306 1000 et
2335 947 2550 999 sanctae
2580 943 2856 1001 Romanae
2878 947 2938 1001 et
2968 945 3301 1018 apostolicae
3348 944 3480 1003 sedi
3513 947 3721 1003 conti-

2036 1048 2243 1105 guum,
2272 1048 2446 1106 quem
2471 1033 2621 1089 cives
2644 1032 2956 1103 Romanni,
2981 1037 3179 1107 patres
3203 1034 3479 1091 videlicet
3501 1036 3721 1092 eximii

2036 1120 2403 1189 Benedictus,
2435 1121 2677 1178 Maurus
2697 1124 2755 1178 et
2774 1121 3047 1179 Placidus
3073 1139 3207 1180 cum
3232 1124 3547 1191 nonnullis
3571 1124 3721 1181 aliis

2034 1209 2377 1281 fundarunt,
2403 1225 2693 1283 quemque
2709 1226 2744 1266 a
2763 1210 3037 1283 gentibus
3058 1212 3425 1275 destructum
3441 1213 3717 1270 Romani

2034 1298 2341 1371 pontifices
2371 1296 2756 1355 nihilominus
2773 1314 2880 1356 sua
2896 1299 3240 1357 auctoritate
3260 1305 3716 1367 restruxerunt,

2034 1391 2090 1442 et
2121 1386 2435 1459 privilegiis
2468 1386 2798 1460 apostolica:
2828 1388 2989 1445 sedis
3018 1388 3227 1445 merito
3249 1388 3476 1446 castoris
3498 1407 3719 1447 emno-

2034 1475 2148 1532 biis
2179 1474 2581 1549 praetulerunt,
2614 1480 2789 1549 atque
2808 1480 3011 1533 contra
3032 1476 3434 1550 quorumlibet
3453 1494 3721 1553 suspec-

2034 1564 2387 1637 tasinjurias
2400 1564 2711 1631 efficaciter
2724 1565 3092 1635 munierunt:
3114 1581 3367 1640 quorum
3382 1583 3492 1633 nos
3509 1585 3717 1633 sacres

2035 1653 2364 1709 auctoritati
2396 1652 2548 1709 sicut
2576 1657 2836 1725 tempore
2885 1658 2943 1709 et
2987 1652 3113 1710 loco
3164 1655 3571 1727 succedimus,
3606 1657 3718 1717 sic
3804 1642 3809 1649 ’

2033 1757 2234 1797 eorum
2265 1741 2549 1814 exemplo,
2584 1744 2650 1797 ut
2670 1740 2917 1814 oportet,
2942 1742 3276 1812 innitimur,
3296 1747 3355 1799 et
3377 1760 3484 1816 per
3506 1735 3716 1818 hujus

2034 1834 2245 1887 nostrae
2270 1828 2577 1887 decretalis
2606 1829 2831 1903 paginas
2864 1833 3123 1887 tenorem
3146 1832 3276 1902 tibi,
3299 1830 3711 1891 dilectissime

2033 1917 2116 1974 illi
2146 1921 2203 1974 et
2231 1917 2379 1974 abba
2409 1915 2714 1987 Friderice,
2745 1916 3090 1974 electionem
3113 1919 3185 1975 ad
3209 1919 3472 1993 reginem
3494 1939 3711 1979 caeno-

2030 2006 2111 2063 bii
2141 2006 2360 2079 praelati
2384 2004 2602 2061 seniori
2622 2005 2866 2062 consilio
2889 2006 3154 2062 omnium
3182 2008 3431 2063 fratrum
3458 2009 3520 2065 in
3546 2027 3717 2083 prm-

2029 2095 2218 2153 sentia
2236 2111 2442 2167 respon
2452 2093 2590 2152 salis
2612 2093 2795 2151 nostri
2812 2093 3026 2151 aPetro
3039 2094 3325 2151 monacho
3341 2088 3711 2175 aliquorum

2029 2199 2339 2259 pravorum
2354 2183 2784 2255 conspiratione
2794 2180 2975 2240 electo
3000 2182 3073 2255 ,in
3098 2186 3154 2239 te
3172 2182 3526 2247 translatam
3560 2176 3713 2242 col—

2008 2273 2338 2330 laudantes
2369 2271 2806 2328 confirmamus.
2831 2270 2995 2327 Unde
3016 2274 3073 2326 et
3092 2270 3420 2327 secundum
3442 2272 3711 2346 privile—

2029 2362 2127 2436 gia
2146 2359 2486 2418 eorumdem
2507 2362 2944 2417 antecessorum
2966 2362 3325 2428 nostrorum,
3350 2364 3530 2434 atque
3554 2378 3712 2419 con-

2030 2449 2404 2507 suetudinem
2425 2448 2550 2516 tibi,
2575 2464 2750 2522 quem
2771 2448 3040 2505 abbatem
3064 2446 3452 2516 sacravimus,
3479 2466 3709 2509 mona-

2029 2539 2275 2595 sterium
2309 2536 2447 2593 almi
2469 2536 2656 2593 Patris
2687 2528 2980 2594 Benedicti
3015 2536 3197 2592 situm
3230 2535 3430 2593 Monte
3459 2536 3706 2594 Casini-

2029 2627 2227 2693 castri,
2275 2630 2664 2698 cunctamque
2710 2625 2899 2699 ipsius
2957 2623 3297 2681 monasterii
3360 2624 3704 2707 abbatiam,

2027 2715 2255 2789 integre
2284 2731 2414 2770 cum
2449 2713 2610 2771 cellis
2640 2714 2789 2783 suis,
2821 2712 3095 2782 castellis,
3118 2711 3375 2785 praediis,
3401 2718 3461 2770 et
3489 2717 3706 2774 omnia

2029 2820 2138 2860 sua
2166 2802 2519 2876 pertinentia
2549 2801 2944 2870 concedimus,
2993 2805 3050 2858 et
3104 2803 3309 2857 nostra
3339 2804 3705 2863 auctoritate

2028 2891 2400 2948 decernimus
2415 2890 2609 2946 tamin
2635 2890 2854 2947 finibus
2875 2891 3440 2960 Beneventanorum,
3468 2891 3703 2965 Apulo-

2028 2996 2161 3035 rum
2192 2982 2249 3035 et
2273 2976 2671 3047 Calabrorum,
2705 2993 2883 3050 quam
2915 2975 3181 3034 etiamin
3215 2977 3439 3036 finibus
3456 2978 3702 3039 Marso-

2029 3083 2160 3123 rum
2194 3070 2251 3123 et
2279 3066 2338 3122 in
2371 3064 2669 3133 Marchiis,
2699 3066 2820 3122 sive
2847 3065 3184 3138 ubicunque
3214 3064 3390 3140 longe
3419 3071 3480 3125 et
3507 3085 3703 3144 prope

2029 3156 2312 3212 hactenus
2335 3155 2470 3226 jure
2498 3154 2603 3211 tibi
2635 3154 2905 3228 pertinet,
2958 3153 3179 3226 aliquid
3231 3155 3354 3212 sive
3393 3156 3698 3231 quidquid

2029 3244 2302 3317 deinceps
2331 3243 2522 3309 ubivis
2545 3243 2707 3316 juste
2733 3242 3090 3316 acquisierit.
3113 3242 3199 3300 Ad
3223 3243 3697 3317 haecjustitiam.

352 3341 467 3414 Ego
497 3316 865 3403 Benedictus,
898 3337 1109 3391 sanctae
1135 3331 1495 3391 Bellitrensis
1516 3332 1768 3389 ecclesiae
1798 3332 1918 3389 dic-
1954 3316 1997 3384 C
2033 3332 2121 3389 vel
2152 3316 2453 3405 quodlibet
2481 3331 2766 3401 debitum,
2798 3331 2952 3411 quod
2986 3330 3279 3395 officiales
3314 3316 3504 3390 uestri
3535 3336 3696 3394 sacri

278 3435 375 3488 tus
405 3428 732 3503 episcopus,
753 3423 1012 3499 cognovi,
1044 3426 1099 3479 et
1114 3423 1350 3497 propria
1371 3439 1548 3479 manu
1572 3422 1916 3495 subscripsi.

348 3519 466 3592 Ego
496 3514 847 3583 Bonifacius,
868 3518 1082 3571 sanctae
1095 3511 1443 3569 Albanensis
1455 3511 1712 3568 ecclesiae
1724 3512 1919 3568 dictus

279 3607 611 3680 episcopus,
642 3602 900 3677 cognovi,
934 3606 991 3659 et
1019 3600 1227 3674 propia
1252 3618 1430 3657 manu
1465 3599 1808 3673 subscripsi.

349 3696 465 3768 Ego
495 3696 721 3764 Petrus,
754 3691 1200 3748 archidiaconus
1251 3692 1467 3747 sanctas
1519 3690 1792 3747 Romana:
1820 3690 1921 3746 Ec-

277 3783 487 3852 clesiae,
519 3781 759 3856 cognovi
789 3785 847 3837 et
874 3779 1111 3854 propria
1139 3794 1317 3835 manu
1341 3778 1684 3851 subscripsi.

348 3874 465 3946 Ego
496 3870 947 3939 Hildcbrandus,
982 3872 1197 3925 sanctm
1229 3866 1500 3924 Romanae
1531 3866 1794 3926 Ecclesia
1826 3885 1917 3926 ar-

278 3961 676 4027 chidiaconus,
709 3958 970 4032 cognovi,
1003 3962 1059 4014 et
1082 3956 1314 4031 propria
1358 3972 1536 4013 manu
1575 3958 1917 4031 subscripsi.

347 4051 465 4122 Ego
496 4047 857 4117 Fredericus,
889 4047 1171 4102 diaconus
1199 4046 1543 4118 subscripsi.

351 4143 559 4193 Datum
603 4134 772 4192 tertio
823 4136 960 4192 ldus
1005 4134 1160 4202 Maii,
1220 4150 1324 4207 per
1371 4151 1583 4191 manus
1622 4135 1916 4205 Aribonis,

277 4223 525 4292 diaconi,
549 4239 702 4280 anno
733 4223 900 4278 tertio
931 4221 1307 4295 pontiﬁcatus
1343 4222 1561 4279 domini
1590 4239 1752 4297 papae
1790 4223 1917 4280 Vic-

278 4316 442 4383 toris,
493 4328 693 4369 mense
744 4311 911 4381 Maio,
964 4309 1281 4367 indictione
1330 4309 1574 4381 decima,
1627 4311 1723 4369 die
1750 4311 1919 4369 tertio

277 4402 523 4460 decimo.

986 4486 1180 4544 XVIII.

452 4582 685 4637 Victoris
718 4581 767 4635 II
796 4578 949 4634 bulla
975 4592 1078 4651 pro
1114 4580 1442 4635 monasterio
1473 4578 1758 4636 Casinensi

843 4668 1030 4741 (Anno
1063 4666 1354 4739 4055-57.)

438 4758 724 4828 {MA81LL.,
757 4756 955 4812 Annal.
989 4754 1109 4813 0rd.
1143 4756 1199 4812 S.
1226 4754 1449 4826 Bencd.,
1483 4755 1575 4823 IV,
1605 4756 1755 4828 711-1.]

273 4845 321 4897 V
348 4861 492 4900 c'roa
523 4845 854 4917 episcopus,
887 4860 1088 4901 servus
1115 4860 1416 4903 servorum
1447 4844 1570 4913 Dei,
1606 4844 1918 4901 Famumco

274 4932 483 4988 dilecto
512 4932 630 4986 ﬁlio
662 4930 856 4987 abbati
886 4931 1233 4988 venerabilis
1273 4932 1518 4990 emnobii
1548 4931 1687 4991 almi
1732 4932 1919 4990 Patris

272 5018 589 5091 Benedicti,
624 5018 777 5090 quod
830 5023 1199 5093 nuncupatur
1244 5021 1710 5090 Mons-Casinus,
1746 5038 1918 5081 cunc-

271 5108 465 5181 tisque
495 5105 932 5166 successoribus
962 5110 1090 5180 ejus
1120 5108 1240 5165 illic
1260 5110 1537 5173 canonice
1558 5112 1631 5167 ad
1655 5111 1917 5183 regimen

272 5195 682 5269 promovendis
715 5194 772 5250 in
805 5202 1171 5270 perpetuum.
1681 5189 1693 5198 ’

346 5284 654 5342 Pastoralis
687 5282 1102 5341 sollicitudinis
1159 5289 1365 5341 nostrae
1413 5286 1631 5342 bonum
1669 5286 1715 5341 si
1749 5287 1918 5344 debet

269 5374 599 5447 prospicere
628 5378 685 5430 et
714 5376 990 5446 proﬁcere
1022 5372 1301 5430 omnibus
1331 5373 1507 5429 etiam
1541 5375 1830 5432 extraneis
1860 5380 1917 5433 et

268 5460 630 5533 longinquis,
660 5462 844 5518 multo
876 5462 1066 5536 magis
1098 5460 1436 5517 domesticis
1467 5464 1524 5516 et
1545 5463 1914 5536 prepinquis.

271 5550 418 5623 Ipsis
449 5549 663 5620 quippe
694 5552 950 5609 secundo
979 5550 1164 5626 gradu
1199 5554 1328 5621 post
1349 5554 1532 5606 Deum
1554 5551 1918 5611 admovenda

268 5641 356 5693 est
386 5633 629 5691 visibilis
653 5638 926 5711 charitas,
963 5643 1025 5695 ut
1055 5654 1157 5710 per
1185 5653 1285 5695 eos
1303 5636 1465 5696 velut
1485 5639 1751 5711 quaedam
1776 5639 1914 5698 visi-

269 5723 405 5782 bilis
419 5722 655 5782 Ilamma
668 5727 959 5797 gradatim
975 5729 1044 5785 ad
1063 5725 1400 5787 remotiores
1414 5744 1679 5806 quosque
1696 5728 1918 5793 discur-

2027 3421 2226 3495 palatii
2258 3419 2497 3500 exigunt
2517 3438 2551 3477 a
2579 3406 2825 3477 navibus
2855 3420 2928 3477 ad
2959 3420 3293 3478 Romanum
3324 3426 3568 3495 portum
3594 3434 3702 3500 ap-

2028 3496 2400 3585 plicantibus,
2428 3509 2605 3568 vestri
2634 3509 2881 3567 ccenobii
2910 3508 3043 3566 navi
3070 3509 3352 3581 peculiari
3384 3496 3700 3585 gratanter

2028 3598 2396 3668 relaxamus;
2427 3602 2488 3655 et
2516 3598 2981 3673 quotiescunque
3009 3597 3258 3655 Romam
3283 3600 3358 3656 ad
3378 3601 3695 3663 servitium

2028 3691 2241 3746 sancta:
2273 3687 2547 3744 Romanae
2574 3686 2845 3745 Ecclesiae
2873 3686 3174 3756 veneritis,
3208 3686 3270 3744 in
3302 3693 3511 3751 sancta
3554 3691 3695 3752 Hie—

2027 3776 2283 3834 rusalem
2313 3775 2514 3850 palatii
2544 3774 2883 3833 Susurriani
2910 3774 3240 3847 hospitium
3272 3776 3590 3857 habeatis;
3637 3784 3697 3840 et
3746 3834 3751 3839 .

2028 3865 2299 3923 defuncto
2330 3865 2558 3932 abbate,
2589 3863 2809 3921 ibidem
2836 3867 3032 3921 vestra
3060 3864 3147 3920 vel
3178 3854 3510 3931 vestrorum
3553 3854 3692 3928 suc-
3774 3872 3783 3881 '

2028 3969 2329 4011 cessorum
2359 3952 2640 4011 electione
2670 3952 2853 4010 abbas
2899 3951 3298 4011 constituatur
3345 3971 3380 4011 a
3421 3954 3693 4017 Romano

2010 4033 2301 4116 pontiﬁce
2321 4041 2773 4101 consecrandus.
2801 4042 3151 4101 Conservato
3171 4041 3339 4099 vobis
3351 4046 3693 4121 vestrisque

2030 4129 2467 4191 successoribus
2496 4130 2819 4207 privilegio,
2848 4133 2971 4188 tam
3004 4131 3159 4207 quod
3192 4146 3260 4187 ex
3285 4132 3418 4189 navi
3466 4138 3688 4208 vestra,

2030 4238 2205 4295 quam
2238 4221 2392 4294 quod
2422 4236 2490 4279 ex
2524 4217 2655 4295 ipsa
2703 4218 3000 4278 destructa
3050 4219 3319 4292 ecclesia,
3369 4225 3438 4278 ut
3481 4222 3574 4282 vel
3608 4226 3695 4284 sic

2030 4314 2372 4379 restruetur,
2407 4308 2708 4383 proximus
2737 4308 3011 4366 decessor
3049 4312 3248 4366 noster
3297 4315 3544 4370 sanctus
3577 4315 3693 4373 Leo

2028 4398 2283 4457 firmavit
2314 4398 2511 4459 abbati
2543 4396 2833 4455 Richerio.
2884 4397 3069 4455 Usum
3118 4414 3354 4472 quoque
3384 4401 3691 4461 sandalio-

2028 4506 2160 4546 rum
2183 4492 2241 4546 et
2262 4487 2608 4558 dalmaticaa,
2641 4487 2910 4561 quamvis
2922 4487 3060 4560 jure
3077 4487 3482 4547 cardinalatus
3502 4493 3593 4550 tui
3618 4494 3693 4550 ab

2029 4577 2348 4651 apostolica
2368 4578 2507 4635 sede
2527 4576 2874 4651 perceperis,
2908 4575 3128 4634 anobis
3152 4579 3351 4634 tamen
3376 4579 3507 4652 tibi,
3531 4585 3593 4638 et
3613 4582 3695 4640 lo-

1950 4688 1998 4754 D
2030 4683 2096 4724 co
2134 4666 2412 4740 deinceps
2442 4669 2513 4754 et
2528 4663 2953 4739 principalibus
2973 4667 3207 4722 tantum
3228 4665 3396 4754 festis
3417 4670 3693 4727 concedi-

2030 4773 2164 4813 mus
2184 4756 2257 4812 ad
2276 4753 2783 4813 honoriﬁcentiam
2808 4757 2931 4812 tam
2950 4753 3302 4812 venerabilis
3325 4758 3608 4827 cmnobii,
3634 4764 3693 4816 et

2026 4846 2099 4904 ob
2122 4843 2491 4901 dilectionem
2513 4842 2618 4912 tui,
2643 4842 2971 4900 secundum
2996 4843 3154 4916 quod
3176 4843 3458 4916 praefatus
3485 4847 3690 4906 deceso‘

2028 4951 2125 4992 sor
2144 4936 2342 4991 noster
2358 4936 2460 4989 tuo
2472 4931 2709 5004 praefato
2723 4931 3032 4989 concessit.
3048 4930 3333 5007 Praeterea
3343 4934 3691 4994 corrobora-

1992 5048 1999 5053 -
2026 5034 2162 5079 mus
2190 5020 2299 5080 tibi
2329 5018 2565 5093 tuisque
2594 5019 3038 5078 successoribus
3087 5019 3149 5076 in
3199 5021 3364 5078 omni
3394 5029 3691 5083 conventu

2025 5111 2439 5186 episcoporum
2456 5112 2513 5167 et
2524 5108 2859 5183 principum
2898 5108 3263 5183 superiorem
3290 5110 3576 5171 omnibus
3588 5114 3685 5170 ab.

2026 5200 2263 5258 batibus
2293 5199 2517 5269 sedem,
2547 5202 2606 5255 et
2648 5197 2710 5254 in
2760 5196 3024 5255 conciliis
3069 5201 3128 5255 et
3148 5194 3403 5272 judiciis
3422 5201 3688 5275 priorem

2024 5290 2118 5347 sui
2148 5288 2372 5346 ordinis
2412 5286 2755 5345 hominibus
2798 5286 3152 5345 sententiam
3205 5304 3311 5361 pro
3360 5292 3693 5353 reverentia

2023 5378 2171 5435 tanti
2202 5377 2334 5447 Icci,
2368 5376 2469 5452 qui
2499 5374 2758 5450 primum
2790 5378 2848 5433 et
2874 5366 3182 5433 summum
3214 5379 3567 5437 monasticae
3609 5380 3693 5440 le-

2023 5466 2360 5542 gislatorem
2388 5466 2589 5524 vivum
2620 5468 2677 5522 et
2707 5469 3013 5523 mortuum
3042 5465 3300 5527 retinere
3333 5472 3688 5543 promeruit,

2023 5554 2241 5629 quique
2271 5554 2461 5628 ipsius
2489 5551 2918 5627 legislationem
2939 5554 3184 5630 scripto,
3210 5554 3389 5614 verbo
3416 5560 3476 5614 et
3497 5572 3692 5617 exem-

2021 5641 2120 5716 plo
2161 5641 2479 5701 cmnobiale
2537 5641 2905 5716 propositum
2963 5642 3385 5719 appetentibus
3443 5645 3507 5704 in
3567 5651 3689 5706 toto

2026 5732 2246 5791 mundo
2264 5731 2384 5792 sole
2396 5732 2611 5792 clarius
2623 5730 3219 5795 evibravit.Defuncto
3231 5737 3431 5795 autem
3446 5734 3689 5821 abbate,
