3968 6354
220 399 346 460 833

1205 399 1610 466 EPISTOLE
1653 373 2165 466 ET'DECRETA
2209 377 2682 470 PONTIFICIA.

3531 421 3653 481 834

225 547 296 587 ex
312 544 441 586 sese
463 529 989 606 ipsacongregatio
1009 534 1335 590 secundum
1358 534 1560 596 sanius
1583 534 1893 591 consilium
1926 540 1979 606 Α
2010 535 2224 591 Bantra
2255 536 2604 608 Monacisca,
2635 540 2943 609 Junctura,
2976 547 3032 597 S.
3067 546 3296 616 Angoli,
3330 550 3652 619 'I‘urudum,

229 619 580 695 sapientum
596 626 656 678 et
679 622 978 680 seniorum
1003 623 1254 681 fratrum
1277 623 1390 680 sibi
1411 625 1684 681 abbatem
1702 625 1898 698 eligat,

228 715 290 768 et
318 709 659 782 apostolicae
691 712 851 768 sedis
883 712 1148 785 pontifici
1191 713 1549 769 ﬁrmandum
1599 721 1654 770 et
1696 729 1898 770 conse-

230 799 518 855 crandum
542 800 822 857 exhibeat
847 817 860 858 :
887 817 993 864 nec
1014 800 1184 866 aliter
1203 801 1281 857 ibi
1307 801 1489 858 abbas
1509 802 1902 858 constituatur

231 893 338 945 aut
367 887 608 946 aliunde
637 889 779 946 illuc
808 890 1254 960 intromittatur,
1288 891 1402 948 nisi
1432 892 1578 948 forte
1607 908 1676 948 ex
1703 909 1768 949 se
1788 891 1900 949 ali-

233 995 408 1051 quem
433 982 601 1035 tanto
625 979 902 1052 regimini
944 979 1222 1037 idoneum
1245 996 1362 1036 non
1384 979 1714 1050 habuerint,
1737 984 1795 1036 et
1825 980 1898 1037 ob

232 1068 292 1124 id
323 1067 544 1124 saniori
585 1068 838 1125 conilio
870 1073 1212 1132 extraneum
1245 1068 1359 1126 sibi
1387 1068 1688 1142 elegerint.
1721 1070 1898 1126 Porro

233 1159 443 1229 praeter
462 1173 774 1222 summum
785 1157 1120 1232 apostolica
1134 1157 1292 1226 sedis
1307 1157 1639 1232 praesulem,
1654 1159 1746 1232 cuj
1755 1158 1899 1215 usli-

231 1247 330 1312 bet
353 1245 628 1304 Ecclesia:
649 1246 1018 1321 episcopum,
1051 1247 1140 1306 vel
1173 1235 1554 1316 sacerdotem,
1579 1248 1638 1304 in
1662 1249 1897 1322 praefato

233 1335 618 1406 monasterio,
641 1335 732 1391 vel
752 1335 812 1392 in
834 1335 996 1399 cellis
1019 1336 1226 1409 ipsius,
1261 1335 1544 1394 ditionem
1575 1336 1898 1408 quamlibet

233 1424 349 1480 sibi
371 1441 724 1496 praesumere
746 1425 853 1480 hac
877 1430 1079 1482 nostra
1097 1425 1506 1482 interdicimus
1527 1419 1894 1494 auctoritate,

231 1515 318 1571 ita
350 1519 432 1580 ut,
459 1515 572 1571 nisi
595 1516 669 1571 ab
693 1515 906 1573 abbate
924 1516 1101 1572 fuerit
1123 1515 1423 1582 invitatus,
1448 1531 1551 1574 nec
1574 1516 1886 1573 missarum

230 1603 525 1662 solemnia
540 1603 688 1660 inibi
705 1605 921 1660 audeat
951 1603 1278 1673 celebrare;
1305 1605 1406 1662 sed
1438 1610 1658 1661 remota
1679 1609 1736 1660 et
1758 1621 1894 1676 pro-

230 1693 470 1767 pulsata
499 1694 764 1766 qualibet
792 1693 1171 1768 oppressione
1218 1693 1766 1760 ecclesiasticarum,
1803 1693 1889 1749 vel

231 1783 608 1840 szecularium
641 1800 1050 1856 personarum,
1082 1783 1236 1839 sicut
1263 1783 1549 1839 hactenus
1586 1783 1822 1848 mansit,
1857 1801 1890 1838 a

232 1872 509 1947 praesnti
529 1872 763 1930 decima
783 1872 1120 1941 indictione,
1144 1872 1254 1928 hoc
1284 1875 1482 1928 nostro
1505 1871 1804 1944 privilegio
1827 1873 1886 1928 in

232 1967 590 2036 perpetuum
611 1963 898 2034 quietum,
916 1967 973 2018 et
992 1961 1329 2041 liberumad
1351 1961 1674 2030 servitium,
1700 1966 1756 2018 et
1777 1961 1898 2035 glo-

233 2053 386 2108 riam
408 2052 511 2108 Dei
534 2055 772 2108 maneat
795 2052 907 2108 sub
929 2050 1267 2108 defensione
1288 2055 1345 2106 et
1370 2051 1506 2123 jure
1548 2054 1766 2108 sanctae
1787 2052 1899 2106 Ro~

235 2157 427 2197 manas
457 2145 518 2197 et
544 2140 896 2213 apostolicis
916 2140 1092 2208 sedis,
1133 2157 1280 2196 cum
1325 2140 1452 2196 suis
1500 2139 1800 2209 omnibus,
1831 2157 1900 2196 ex

234 2231 456 2303 quibus
478 2230 825 2303 summatim
840 2233 897 2286 et
919 2228 1269 2302 generaliter
1281 2227 1557 2285 omnibus
1579 2229 1688 2284 hac
1709 2228 1898 2285 nomi-

236 2319 452 2388 natim,
471 2323 530 2376 et
549 2318 884 2392 specialiter
903 2322 1137 2376 tantum
1162 2315 1295 2374 istic
1331 2317 1716 2390 digessimus:
1740 2317 1900 2375 Cella

233 2408 546 2479 Albaneta,
579 2408 852 2476 Ciconia;
881 2407 1036 2466 cella.
1054 2407 1241 2464 sancti
1277 2406 1539 2479 Gregorii
1560 2406 1619 2462 in
1641 2408 1896 2479 Aquino,

236 2498 297 2554 S.
323 2497 577 2568 Nazarii,
610 2497 668 2552 S.
704 2497 1001 2554 Benedicti
1033 2497 1094 2552 in
1124 2495 1269 2565 Clia,
1297 2501 1354 2551 S.
1387 2495 1682 2551 Benedicti
1715 2497 1774 2550 in
1805 2496 1897 2552 ln-

237 2586 390 2656 sula,
421 2587 480 2643 S.
514 2586 796 2654 Silvestri,
827 2587 884 2642 S.
919 2585 1156 2653 Urbani,
1191 2586 1250 2642 S.
1287 2585 1470 2653 Pauli,
1501 2589 1557 2640 S.
1606 2585 1808 2656 Angeli
1839 2585 1900 2641 in

235 2675 403 2734 Valle
435 2675 632 2742 Lucis,
665 2678 722 2732 S.
758 2675 1083 2743 Michaelis,
1129 2679 1343 2732 sanctae
1393 2675 1586 2732 Mariae
1639 2675 1698 2731 in
1729 2675 1901 2731 terris

236 2765 426 2834 Albis,
458 2769 674 2822 sancta:
696 2765 879 2822 Luciaa
912 2766 1065 2837 apud
1096 2766 1352 2832 Fractas,
1376 2769 1432 2820 S.
1468 2764 1676 2838 Angeli
1710 2765 1771 2820 in
1793 2766 1899 2822 Ca-

243 2855 441 2923 nucio,
467 2860 525 2910 S.
558 2854 838 2930 Stephani
869 2855 928 2910 in
958 2853 1290 2928 Terracina,
1335 2854 1394 2910 S.
1438 2851 1808 2911 Scholasticis
1840 2855 1900 2910 in

239 2944 461 3012 Caieta,
483 2944 707 3002 Sanctae
726 2931 920 3000 Mariae
941 2941 1002 2999 in
1024 2943 1254 3010 Berula,
1291 2944 1351 3000 S.
1384 2941 1606 2999 Nicolai
1652 2944 1712 3000 in
1743 2943 1898 3012 Pica,

253 3035 310 3090 S.
338 3031 608 3090 Mauricii
645 3032 705 3088 in
728 3033 976 3100 Limata,
1012 3033 1071 3090 S.
1114 3032 1267 3089 Petri
1308 3033 1367 3088 in
1408 3031 1696 3103 Esculeto,
1719 3034 1776 3090 S.
1802 3034 1902 3089 Be-

243 3121 463 3180 nedicti
494 3122 553 3178 in
585 3123 777 3191 Sessa,
821 3123 880 3180 S.
929 3121 1225 3179 Benedicti
1257 3121 1316 3177 in
1363 3124 1558 3180 Teano
1609 3140 1742 3180 cum
1775 3123 1900 3179 suis

241 3211 522 3281 eelli‘s,‘S.
555 3211 940 3270 Benedictiin
972 3212 1190 3284 Capua,
1226 3228 1359 3268 cum
1411 3211 1592 3280 cellis,
1643 3217 1698 3268 et
1727 3212 1900 3274 terris

2010 628 2064 678 S.
2104 625 2370 694 Victoris,
2411 632 2466 682 S.
2519 628 2671 684 Petri
2720 630 2776 686 in
2825 629 2966 696 Clia,
3021 635 3282 702 Cervara,
3333 635 3656 694 Vallis-Ro-

2009 714 2212 782 tunda,
2261 718 2316 771 S.
2386 715 2542 785 Elite,
2595 719 3046 788 baraciniscum,
3106 725 3317 790 Conca,
3367 726 3656 798 Capriata,

2009 801 2370 870 Francilone,
2416 808 2471 859 Ξ.
2520 806 2788 877 Joannis,
2843 813 2898 866 S.
2951 812 3247 868 Benedicti
3299 814 3562 873 minoris.
3599 819 3656 874 S.

2008 890 2252 949 Joannis
2275 892 2332 948 in
2354 893 2571 966 Capua.
2597 897 2852 959 Quorum
2881 899 3080 971 aliqua
3102 902 3243 958 olim
3270 904 3433 962 fuere
3457 922 3659 964 mona-

2008 981 2206 1046 steria,
2240 983 2339 1038 sed
2372 1000 2408 1038 a
2437 986 2770 1042 Sarraccnis
2803 987 3118 1057 destructa,
3172 995 3554 1063 postmodum
3588 997 3658 1053 ad

2009 1067 2317 1128 tuitionem
2345 1071 2546 1144 patriae
2570 1078 2897 1132 necessario
2940 1078 3091 1134 faeta
3123 1081 3395 1138 castella:
3421 1082 3663 1157 insuper

2009 1158 2418 1216 Lastinianum
2458 1165 2514 1218 et
2565 1162 2681 1218 alia
2729 1165 2840 1220 tria
2888 1167 3152 1236 castella,
3205 1171 3370 1227 Mons
3417 1173 3659 1243 Allirici,

2008 1246 2253 1314 Muccla,
2295 1252 2352 1303 S.
2385 1250 2601 1313 Quirici
2643 1269 2772 1308 cum
2819 1261 2990 1326 portu
3015 1258 3214 1314 decem
3240 1260 3496 1330 navium,
3533 1280 3662 1336 quae

2006 1335 2122 1390 duo
2148 1339 2596 1396 Transmundus
2626 1357 2819 1397 comes
2844 1344 2997 1400 filius
3018 1347 3256 1403 Actonis
3287 1349 3454 1408 beato
3475 1335 3663 1408 Bene‘

2005 1423 2159 1480 dicto
2186 1426 2242 1480 in
2285 1425 2478 1482 Monte
2523 1429 2728 1483 Casino
2761 1430 2929 1501 leguli
2962 1435 3297 1505 donatione,
3332 1443 3388 1493 et
3426 1440 3662 1497 charta-

2004 1529 2133 1568 rum
2159 1515 2545 1572 munimentis
2567 1520 2810 1573 contulit
2840 1539 2851 1587 ;
2879 1523 3115 1579 tertium
3131 1529 3327 1581 autem
3346 1529 3661 1587 Castellum

2005 1603 2186 1671 Frisa,
2208 1605 2364 1675 quod
2385 1607 2609 1676 praefati
2627 1611 3021 1665 Transmunili
3049 1630 3193 1668 uxor
3216 1631 3318 1686 pro
3341 1617 3542 1674 anima
3558 1636 3666 1676 sua

2001 1690 2202 1759 simili,
2224 1697 2288 1748 ut
2308 1709 2417 1750 sua
2431 1697 2700 1760 maritus,
2724 1699 2893 1753 modo
2910 1702 3290 1770 contradidit,
3317 1705 3474 1774 quod
3488 1707 3665 1765 etiam

2001 1785 2130 1852 post
2165 1786 2411 1838 mortem
2444 1787 2640 1840 uxoris
2672 1788 2948 1858 pracfatus
2977 1807 3172 1846 comes
3201 1808 3314 1847 non
3337 1793 3540 1851 timuit
3577 1795 3668 1854 in-

2003 1871 2233 1939 vadere,
2269 1873 2370 1928 sed
2405 1876 2670 1930 Laterani
2708 1876 2764 1929 in
2801 1878 3064 1949 czippella
3111 1882 3298 1938 sancti
3343 1883 3664 1954 Laurentii,

2011 1964 2293 2030 praesente
2343 1961 2664 2020 Humberto
2713 1965 2880 2020 Silvze
2931 1968 3189 2025 candidae
3261 1970 3560 2045 episcopo,
3611 1979 3666 2031 te

2009 2065 2242 2120 quoque
2271 2048 2386 2106 tilio
2420 2056 2618 2107 nostro
2651 2053 2938 2110 Friderico
2982 2058 3245 2114 nondum
3301 2061 3370 2116 ad
3403 2063 3667 2134 regimen

2008 2135 2287 2203 electo,a(l
2299 2140 2555 2195 monitus
2569 2159 2598 2195 a
2615 2142 2780 2196 nobis
2799 2143 2854 2196 in
2870 2143 2995 2214 ipsa
3009 2146 3375 2204 confessione
3397 2154 3668 2207 reatuum

2009 2242 2253 2282 suorum
2274 2227 2578 2284 Dominica
2599 2238 2804 2301 quarta
2833 2237 2961 2302 post
2979 2234 3204 2302 Pascha
3223 2241 3430 2308 sponte
3452 2239 3668 2296 refuta~

2007 2318 2106 2371 vit.
2145 2316 2328 2389 Igitur
2358 2317 2471 2386 his,
2519 2323 2576 2373 et
2619 2322 2896 2377 omnibus
2945 2339 3073 2392 qua:
3125 2325 3362 2396 praefato
3405 2327 3666 2384 coenobio

2001 2406 2162 2476 juste
2192 2406 2484 2477 pertinent
2507 2425 2683 2477 nunc,
2711 2416 2765 2465 ct
2783 2428 2908 2481 quae
2937 2411 2995 2466 in
3021 2413 3217 2469 futuro
3235 2415 3398 2486 juste
3421 2417 3669 2488 pertine-

2008 2496 2176 2566 bunt,
2210 2495 2320 2551 sub
2354 2496 2535 2553 tutela
2565 2504 2621 2552 et
2651 2503 2914 2556 Romana
2940 2499 3207 2559 libertate
3236 2503 3346 2559 hoc
3368 2506 3666 2580 privilegio

2010 2585 2427 2657 perpetualiter
2454 2588 2525 2642 ad
2547 2589 2926 2660 temporalem
2947 2608 3248 2648 servorum
3271 2594 3392 2664 Dei,
3419 2611 3668 2667 praesen-

2010 2673 2157 2728 tium
2174 2672 2394 2730 scilicet
2407 2680 2585 2746 atque
2600 2677 2931 2733 futurorum
2950 2679 3473 2752 quietem,statutis
3490 2687 3666 2755 atque

2010 2763 2372 2820 conﬁrmatis
2403 2765 2723 2835 apostolica
2752 2783 3019 2834 censura,
3069 2769 3179 2842 sub
3219 2769 3663 2842 interpositione

2010 2851 2260 2908 districti
2291 2852 2683 2909 anathematis
2709 2858 2767 2909 et
2797 2854 2975 2910 divini
3005 2859 3431 2915 contestatione
3444 2860 3656 2931 judicii

2010 2939 2463 2996 interminamus
2479 2941 2886 2999 omnibustum
2911 2941 3296 3016 praesen-tibus
3310 2965 3489 3020 quam
3514 2951 3636 3005 futu
3652 2981 3668 2993 -

2010 3029 2112 3096 ris,
2141 3045 2209 3084 ne
2229 3028 2385 3086 ullus
2399 3029 2707 3087 hominum
2725 3033 2817 3103 cuj
2829 3050 3133 3106 uscunque
3145 3036 3390 3102 ordinis,
3413 3038 3665 3111 dignita-

2011 3118 2107 3187 tis,
2131 3119 2480 3176 conditionis
2501 3120 2588 3176 vel
2611 3123 3228 3195 cujuscunqueofticii,
3244 3143 3347 3182 seu
3360 3128 3656 3199 quaelibet,

2011 3209 2099 3264 vel
2123 3209 2557 3280 quantumlibet
2578 3227 2795 3283 magna
2816 3216 2917 3267 aut
2937 3229 3114 3284 parva
3137 3231 3404 3285 persona,
3431 3217 3670 3288 quibus-

239 3303 466 3359 circum
497 3302 690 3370 circa;
724 3300 989 3358 simulet
1018 3300 1080 3356 i‘n
1123 3299 1354 3373 Apulia,
1403 3301 1462 3357 S.
1514 3301 1810 3358 Benedicti
1841 3302 1900 3357 in
1931 3285 1974 3352 C
2013 3314 2244 3370 cunque
2261 3299 2436 3354 rebus
2467 3299 2554 3354 vel
2576 3300 2841 3371 personis
2864 3302 3101 3372 praefato
3131 3285 3484 3360 monasterio
3504 3305 3664 3374 juste

241 3391 477 3460 Martia,
506 3395 564 3448 S.
599 3391 953 3448 Liberatoris
983 3391 1044 3447 in
1074 3389 1199 3446 Teti
1231 3407 1365 3446 cum
1397 3389 1559 3446 cellis
1589 3391 1714 3446 suis
1735 3408 1898 3447 sexa-

240 3481 427 3554 ginta,
461 3485 520 3537 et
540 3480 715 3538 terris
747 3479 941 3549 cultis,
974 3484 1031 3536 et
1061 3478 1318 3546 incultis,
1350 3483 1408 3536 et
1427 3480 1703 3540 omnibus
1733 3480 1895 3549 suis;
1949 3506 1955 3512 -

157 3617 160 3620 .
237 3573 458 3627 sanctae
477 3569 848 3627 Scholasticze
880 3569 940 3625 in
972 3568 1180 3640 Pinna,
1212 3571 1426 3624 sanctae
1456 3567 1648 3632 Mariae
1677 3567 1738 3624 in
1770 3568 1897 3623 Mu-

240 3677 406 3731 rena,
439 3660 499 3716 Β.
532 3659 773 3716 Martini
807 3659 866 3714 in
911 3658 1147 3716 Salinis.
1183 3658 1242 3715 S.
1292 3656 1618 3716 Nicolai_in
1649 3657 1895 3726 'Esculo,

238 3748 387 3808 cella
416 3753 631 3806 sanctis
657 3749 858 3816 Justze,
883 3748 942 3804 S.
967 3747 1265 3804 Benedicti
1290 3745 1348 3802 in
1371 3747 1610 3814 Trunto,
1636 3748 1692 3803 S.
1722 3749 1898 3803 Bene-

239 3837 384 3894 dicti
415 3837 477 3896 in
509 3837 731 3904 Trinio,
779 3841 996 3894 sancta:
1029 3836 1227 3893 Maria:
1277 3836 1372 3892 ad
1398 3836 1896 3910 Casalesoplanos,

237 3929 300 3985 S.
335 3927 611 3993 Eustatii,
645 3943 825 3998 quam
856 3926 1017 3982 dedit
1031 3925 1291 3982 ‘Alferius
1313 3926 1619 3994 Pantasiaa,
1645 3927 1704 3982 S.
1729 3927 1902 3982 Bene-

238 4013 381 4074 dicti
413 4015 475 4073 in
522 4015 778 4084 Alarino,
825 4017 880 4074 S.
934 4014 1233 4072 Benedicti
1276 4015 1336 4071 in
1383 4015 1714 4084 Pectinari;
1762 4016 1899 4072 item

239 4109 460 4163 sanctae
491 4105 686 4162 Mariae
737 4106 810 4162 ad
859 4103 1363 4178 Casales-planos,
1396 4106 1453 4161 S.
1505 4104 1812 4163 Trinitatis
1841 4106 1900 4161 in

238 4194 558 4262 Termulis,
592 4195 651 4250 S.
686 4193 982 4251 Benedicti
1013 4194 1075 4250 in
1101 4192 1339 4262 Asculo,
1370 4198 1426 4250 S.
1444 4194 1672 4251 Focatis
1695 4194 1755 4250 in
1771 4194 1900 4251 Ale-

240 4284 394 4352 sino,
427 4301 567 4341 cum
595 4283 865 4341 faucibus
886 4287 944 4341 et
963 4283 1214 4357 piscaria
1237 4304 1251 4354 ;
1275 4287 1330 4339 S.
1355 4283 1610 4340 Eustasii
1645 4284 1704 4340 in
1727 4285 1900 4356 Arcu,

240 4376 300 4431 S.
323 4373 533 4447 Angeli
557 4374 618 4430 in
650 4374 886 4430 Barreio
917 4390 1053 4430 cum
1075 4372 1239 4430 cellis
1261 4377 1318 4430 et
1355 4372 1631 4441 castellis,
1656 4377 1712 4428 et
1731 4375 1903 4430 terris

240 4461 483 4532 multis;
525 4467 740 4519 sanctae
782 4462 977 4518 Mariae
1008 4461 1068 4518 in
1099 4462 1435 4529 Barretano,
1473 4463 1530 4520 S.
1584 4462 1813 4535 Georgii
1843 4463 1901 4518 in

239 4552 395 4608 Luca
426 4567 610 4625 prope
643 4537 1420 4617 Posterulam'Virivualam,
1472 4567 1652 4622 quam
1704 4556 1903 4608 sancto

2010 3388 2459 3459 pertinentibus,
2503 3389 2763 3460 aliquam
2798 3389 3133 3446 violentiam
3182 3392 3396 3448 inferat
3433 3399 3534 3448 aut
3563 3411 3662 3449 ca-

2010 3475 2344 3532 lumniosus
2370 3476 2600 3541 existat,
2626 3477 2714 3532 vel
2738 3478 3057 3534 incumbat.
3083 3480 3139 3534 Si
3167 3481 3301 3551 quis
3321 3483 3474 3550 vero,
3509 3483 3664 3554 quod
3777 3521 3789 3527 -

2011 3582 2126 3621 non
2173 3568 2464 3636 optamus,
2516 3565 2696 3636 hujus
2746 3566 2930 3621 nostri
2979 3567 3265 3642 privilegii
3313 3570 3661 3628 decretalem

2009 3655 2285 3727 paginam
2307 3655 2617 3711 temerario
2648 3672 2795 3712 ausu
2826 3656 2884 3710 in
2918 3656 3112 3729 aliquo
3137 3659 3453 3732 infringere
3475 3665 3664 3716 tenta-

2007 3744 2171 3812 verit,
2205 3747 2430 3799 aeterna:
2469 3744 2897 3801 maledictionis
2929 3746 3176 3804 vinculis
3213 3748 3560 3805 innodatum
3604 3768 3666 3807 se

2009 3833 2252 3900 noverit,
2287 3837 2342 3889 et
2358 3837 2638 3905 perpetua
2657 3834 2948 3906 supplicia
2968 3835 3249 3892 luiturum
3273 3854 3407 3893 cum
3432 3839 3664 3895 diabolo

2009 3921 2301 3994 etangelis
2322 3924 2470 3994 ejus,
2496 3922 2608 3979 nisi
2631 3923 2777 3978 forte
2795 3925 2958 3996 prius
2983 3925 3335 3997 resipiscens
3357 3927 3661 3984 satisfece-

2010 4011 2120 4079 rit;
2145 4015 2204 4067 at
2228 4011 2328 4082 qui
2347 4010 2580 4082 pietatis
2600 4011 2819 4067 intuitu
2855 4013 3101 4070 devotus
3124 4015 3461 4071 observator
3481 4019 3665 4074 exsti-

2009 4099 2164 4167 terit,
2198 4100 2386 4172 ipsius
2417 4100 2741 4156 interventu
2783 4100 2924 4157 almi
2965 4103 3146 4158 Patris
3191 4104 3507 4174 Benedicti,
3534 4124 3662 4178 per-

2011 4191 2413 4261 fectorumque
2443 4191 2814 4260 sequacium,
2845 4192 3259 4265 sociorumque
3289 4196 3418 4265 ejus
3449 4196 3664 4268 sempi-

2012 4283 2190 4335 ternae
2219 4278 2644 4334 benedictionis
2696 4280 3010 4352 particeps,
3063 4286 3121 4338 et
3168 4283 3426 4354 paradisi
3458 4285 3666 4341 beatus

2013 4385 2316 4441 possessor
2344 4369 2653 4424 efficiatur.
2690 4374 2898 4428 Amen.

2088 4462 2115 4523 λγ
2148 4457 2505 4512 Humbertus
2538 4457 2730 4513 dictus
2761 4458 3077 4515 cardinalis
3109 4459 3420 4532 episcopus
3450 4466 3665 4518 sanctas

2015 4546 2278 4602 Ecclesiae
2311 4546 2475 4602 Silva:
2507 4545 2777 4602 Candidas
2819 4549 3121 4619 cognitum
3172 4548 3393 4622 relegit,
3445 4554 3501 4606 et
3531 4552 3667 4606 sub-

238 4640 552 4697 Benedicto
567 4639 1284 4728 contuleruntHeinricus,
1304 4644 1360 4696 et
1376 4639 1674 4696 Rolandus
1696 4640 1905 4698 fratres
1935 4661 1983 4728 D
2015 4635 2270 4728 scripsit.

239 4733 455 4788 sancta:
485 4727 946 4786 conversationis
995 4728 1265 4786 habitum
1311 4732 1656 4801 quaerentes,
1689 4745 1757 4786 ex
1789 4746 1905 4802 qua
1937 4727 1940 4732 ²

239 4820 420 4876 etiam
450 4835 556 4892 pro
588 4807 843 4874 novitate
857 4817 992 4874 facti
1016 4817 1387 4891 privilegium
1408 4823 1508 4875 tuo
1536 4823 1742 4892 rogatu
1766 4818 1902 4874 feci-

239 4925 418 4977 mus;
467 4907 668 4965 Sancti
710 4907 1003 4964 Valentini
1047 4907 1108 4962 in
1157 4907 1423 4976 Comino,
1473 4909 1531 4963 S.
1585 4907 1902 4964 Salvatoris

165 5023 168 5028 ι
239 4998 411 5068 inibi,
441 4998 502 5054 S.
536 4997 833 5054 Benedicti
865 4996 925 5052 in
959 4997 1242 5066 Venafro;
1284 4995 1502 5054 ibidem
1535 5001 1748 5053 sanctae
1780 4999 1900 5053 Ma-

241 5087 356 5156 riae,
391 5087 538 5144 item
570 5087 630 5144 S.
664 5085 912 5155 Nazarii,
948 5089 1167 5143 cortem
1218 5086 1276 5141 S.
1331 5086 1558 5154 Felicis,
1610 5087 1667 5142 S.
1719 5087 1897 5143 Bene-

241 5177 380 5233 dicti
411 5176 475 5232 in
506 5178 771 5244 Cesamo,
804 5176 866 5232 S.
920 5174 1327 5232 Bartholomaei
1375 5175 1434 5231 in
1487 5174 1766 5232 Miniano.
1795 5175 1898 5230 Ca-

241 5265 417 5323 stella
466 5267 667 5322 autem
716 5264 877 5333 haec;
930 5251 1228 5337 imprimis
1275 5265 1347 5321 ad
1414 5263 1622 5336 pedem
1685 5264 1904 5320 montis

243 5355 296 5412 S.
331 5355 679 5422 Salvatoris,
716 5354 978 5426 quodest
997 5355 1056 5411 S.
1084 5353 1380 5422 Germani,
1409 5354 1468 5411 S.
1503 5353 1654 5409 Petri
1691 5354 1904 5426 Pigna-

244 5446 369 5514 tari,
399 5442 803 5510 Plumbarola,
836 5443 892 5501 S.
923 5443 1225 5516 Stephani,
1259 5444 1317 5500 S.
1345 5442 1598 5516 Georgii,
1634 5443 1693 5500 S.
1734 5442 1906 5516 Apol-

241 5529 466 5603 linaris,
511 5530 955 5604 Vallis-frigida,
987 5537 1043 5588 S.
1067 5533 1330 5601 Andreas,
1356 5531 1902 5600 BantraComitalis,

274 5640 385 5723 “(4)
418 5638 970 5723 SUinctqrenpapa
990 5639 1394 5723 IIORomanp‘m
1428 5637 1728 5723 quoddam
1756 5655 1902 5723 ‘con-

241 5707 439 5772 cilium
460 5727 533 5770 ex
553 5709 766 5769 litteris
790 5707 1072 5785 Stephani
1094 5726 1260 5786 papae
1285 5707 1357 5768 IX
1377 5707 1610 5767 erutum
1634 5708 1902 5769 Labbeus

2088 4725 2583 4792 fHeldibrandus
2635 4725 2948 4782 cardinalis
3000 4727 3400 4784 subdiaconus
3449 4734 3663 4786 sanctae

2012 4819 2284 4872 Romanae
2338 4813 2605 4871 Ecclesiae
2669 4815 2862 4871 dando
2921 4817 3238 4883 consensit,
3302 4822 3359 4873 et
3406 4819 3665 4875 subscri-

2013 4904 2150 4977 psit.

2777 4994 2916 5052 XIX.

2009 5083 2372 5154 Privilegium
2441 5084 2665 5161 Pictoris
2727 5085 2811 5161 Il,
2859 5086 3206 5141 ll’z'ni-manno
3236 5087 3668 5161 archiepiscopo

2435 5154 2811 5210 Ebredunensi
2833 5173 3144 5212 concessum
3172 5160 3271 5229 (4).

2633 5243 2823 5316 (Anno
2857 5246 3041 5314 1057.)

2556 5334 2770 5404 [ΜΑΝει
2803 5335 2944 5406 XIX,
2972 5337 3122 5399 858.]

2083 5444 2303 5496 Vic'ron
2331 5440 2665 5514 episcopus,
2697 5459 2904 5498 servus
2943 5456 3239 5498 servorum
3281 5437 3404 5502 Dei,
3453 5435 3662 5491 dilecto

2013 5529 2287 5586 confratri
2310 5534 2366 5586 et
2385 5530 2657 5603 episcopo
2679 5536 3055 5598 WINIMANNO,
3089 5533 3146 5583 et
3164 5541 3268 5596 per
3287 5542 3422 5580 eum
3446 5529 3659 5580 sancta:

2012 5640 2453 5722 οοωωθιιξφιδίξμ
2477 5637 2578 5720 ξιθά
2600 5637 2693 5693 vix
2715 5630 3660 5722 quidemeae}!fiesfies???

2011 5724 2226 5767 nomen
2248 5708 2598 5768 etindicium
2618 5705 2911 5784 conjuncti
2923 5705 3290 5779 episcopatus
3309 5705 3654 5770 Marsorum,
