3916 6368
395 323 514 386 835

923 317 1288 388 VICTORIS
1333 323 1386 384 II
1431 319 1660 384 ΡΑΡιΕ
1704 315 2110 380 EPISTOLIE
2153 315 2254 379 ET
2297 315 2754 380 DIPLOMATA
2795 311 3270 378 PONTIFICIA.

3715 312 3844 378 836

397 455 794 513 [ιὶπθᾱιιῐιθηεί
815 455 1078 512 Ecclesiae
1103 460 1160 512 et
1193 455 1626 512 successoribus
1649 455 1830 524 ipsius
1855 468 2022 506 cano-
2053 453 2108 518 Α
2137 445 3469 522 clinatiprecibustuispraasentisannidecima
3487 445 3838 502 indictione

399 550 525 603 uice
556 544 962 619 promovendis
992 543 1050 600 in
1083 549 1446 616 perpetuum.

467 636 688 692 Sanctae
725 633 996 688 Romana
1039 637 1096 688 et
1129 631 1453 706 apostolicae
1481 631 1637 687 sedis
1659 629 1882 700 apicem
1909 628 2033 682 ideo

397 741 573 796 super
589 725 788 794 gentes
805 725 861 774 et
882 737 1056 791 super
1079 737 1256 792 regna
1277 720 1332 774 in
1359 719 1616 791 principe
1639 715 2031 788 apostolorum

395 827 659 877 suorum,
679 811 868 876 Petro,
891 809 1193 864 constituit
1215 807 1606 863 universitatis
1639 806 1939 866 Dominus,
1971 807 2036 858 ut

397 900 621 968 evellat,
643 903 698 955 et
718 901 996 964 destruat,
1023 902 1078 952 et
1099 897 1341 969 plantet,
1375 901 1431 951 et
1461 897 1704 950 aedificet
1723 896 1850 965 (Jer.
1883 911 1920 958 ι,
1945 893 2034 963 10)

397 992 454 1046 in
489 989 722 1045 nomine
751 987 959 1058 ipsius.
995 985 1291 1057 Siquidem
1325 985 1506 1040 donec
1547 987 1748 1038 sancta
1779 983 1907 1052 ejus
1933 985 2034 1034 Ec-

397 1077 593 1142 clesia,
625 1076 684 1130 in
717 1080 836 1130 toto
857 1079 1140 1128 terrarum
1164 1073 1303 1127 orbe
1323 1073 1554 1136 diffusa,
1587 1068 2034 1142 temporalitatis

399 1163 766 1222 mutabilitati
793 1161 1314 1232 subjacebit,variis
1327 1164 1382 1214 et
1402 1159 1694 1214 continuis
1705 1158 2032 1213 defectuum

397 1261 454 1311 et
483 1254 842 1326 profectuum
891 1265 1134 1304 suorum
1159 1248 1690 1312 vicissitudinibus,
1713 1246 1870 1301 velut
1901 1245 2040 1300 luna

397 1343 522 1400 suis
552 1341 888 1400 menstruis.
922 1338 1324 1406 alternabitur,
1356 1341 1420 1390 ut
1449 1336 1574 1391 sine
1603 1335 2036 1390 intermissione

397 1430 865 1504 deprehendatur
895 1429 954 1481 in
995 1443 1062 1482 ea
1111 1427 1264 1498 quod
1313 1424 1640 1480 industrius
1687 1422 2034 1478 hortulanus

397 1522 602 1577 debeat
629 1517 889 1582 evellere,
921 1515 1006 1570 vel
1035 1514 1315 1586 plantare,
1341 1517 1396 1567 et
1416 1511 1826 1584 quodfsapiens
1848 1509 2034 1565 archi-

397 1613 585 1665 tectus
616 1607 662 1676 (ι
692 1606 809 1660 Cor.
846 1621 928 1670 Ill,
963 1605 1049 1674 10)
1082 1604 1377 1657 destruere
1405 1600 1494 1656 vel
1537 1600 1838 1656 aediﬁcare.
1873 1599 2036 1654 Unde

400 1715 528 1765 nos,
561 1694 720 1750 nullo
753 1698 948 1748 nostro
979 1692 1207 1756 merito,
1240 1691 1334 1745 sed
1371 1689 1493 1744 solo
1537 1687 1858 1744 divinitatis
1887 1691 2034 1741 nutu

397 1789 456 1842 in
490 1788 702 1842 sanctae
734 1786 790 1837 et
819 1781 1165 1836 universalis
1215 1777 1476 1833 Ecclesia
1525 1776 1758 1848 specula
1805 1775 2034 1848 prmcel-

397 1877 602 1941 lentes,
633 1877 690 1928 et
715 1871 900 1926 varios
927 1871 1053 1939 ejus
1076 1884 1382 1923 successus
1405 1869 1860 1937 prospectantes,
1884 1865 2033 1918 inter

394 1965 508 2020 alia
527 1962 714 2034 ipsius
737 1958 1078 2014 discrimina
1101 1955 1642 2022 animadvertimus,
1669 1955 2035 2008 Ebredunen-

393 2069 516 2109 sem
548 2049 886 2113 Ecclesiam,
919 2047 1106 2118 primo
1147 2045 1378 2117 quidem
1432 2043 1785 2106 incursione,
1819 2045 1874 2096 et
1901 2059 2032 2114 pcr-

391 2141 624 2198 vasione
642 2140 1113 2202 Sarracenorum,
1139 2134 1391 2190 secundo
1413 2137 1606 2188 autem
1631 2132 1954 2203 receptione
1977 2133 2034 2183 et

394 2227 764 2302 possessione
819 2223 1258 2294 transtgarum
1321 2226 1378 2276 et
1423 2220 2033 2292 indisciplinatorum;

393 2317 604 2373 deinde
649 2315 821 2385 longa
870 2311 1246 2384 oppressione
1293 2315 1594 2382 pastorum
1645 2325 1882 2364 suorum
1917 2307 2034 2361 imo

395 2403 880 2461 mercenariorum
895 2400 1148 2470 ,et.quod
1167 2399 1451 2469 pejusest,
1471 2397 1797 2452 Simoniaca
1811 2397 2032 2454 luercsi.

387 2498 453 2563 et
484 2496 688 2547 mutua
717 2489 1001 2545 occisione
1035 2487 1517 2542 debacchantium
1541 2489 1886 2558 prostratam
1927 2483 2035 2538 mi-

397 2579 730 2637 serabiliter
776 2581 834 2632 et
881 2580 1236 2647 corruptam,
1297 2575 1590 2646 quondam
1651 2573 1928 2645 religione
1981 2578 2038 2628 et

395 2670 606 2741 opibus
637 2665 983 2722 mirabiliter
1011 2667 1284 2728 evectum,
1313 2668 1368 2718 et
1399 2665 1705 2735 integram,
1730 2663 1900 2732 cujus
1921 2678 2038 2716 om-

393 2758 640 2813 nimodae
697 2753 1038 2810 desolationi
1093 2757 1151 2807 et
1216 2752 1522 2807 defectioni
1587 2751 2038 2823 praecordialiter

395 2846 834 2918 compatientes,
865 2848 920 2897 te
951 2841 1295 2897 charissima
1324 2842 1610 2896 confrater
1629 2846 1684 2896 et
1702 2841 2038 2914 coepiscope

395 2935 788 2996 Winimanne,
823 2931 1090 3002 praefatis,
1130 2929 1396 2984 Ecclesiae
1442 2928 1948 3000 archiepiscopum
1981 2935 2037 2986 et

397 3029 677 3078 rectorem
703 3036 806 3091 pro
838 3019 967 3072 vitae
998 3017 1204 3072 merito
1243 3022 1300 3071 et
1334 3016 1629 3088 sapientiae
1653 3016 1914 3071 doctrina
1944 3035 2034 3072 or-

397 3110 727 3166 dinavimus
757 3111 812 3162 et
840 3106 1309 3161 consecravimus
1339 3105 1662 3160 secundum
1692 3104 2030 3160 electionem

2145 539 2250 593 hac
2272 543 2472 594 nostra
2491 537 2764 594 decretali
2787 537 3000 610 pagina
3015 535 3402 592 concedimus
3419 539 3482 592 et
3503 535 3838 591 confirma-

2143 644 2276 684 mus
2305 627 2406 682 tibi
2433 627 2904 682 Ebredunensem
2935 624 3235 681 dioecesim
3273 624 3628 697 inintegro,
3673 628 3738 679 et
3765 624 3834 680 ad

2145 715 2690 788 archiepiscopalem
2725 715 2920 768 sedem
2955 713 3259 768 basilicam
3283 713 3558 768 Domina:
3585 715 3832 780 nostra,

2145 807 2242 862 Dei
2277 804 2594 878 genitricis,
2627 818 2975 874 semperque
3002 801 3248 874 virginis
3279 801 3480 858 Mariae
3512 803 3832 874 principa-

2143 895 2279 964 lem,
2306 911 2438 950 cum
2462 893 2616 948 omni
2644 909 2752 948 sua
2773 891 3014 962 antiqua
3043 895 3101 946 et
3126 891 3293 962 justa
3327 891 3736 962 pertinentia,
3773 891 3832 946 in

2143 979 2886 1056 baptismalibusecclesiis,
2904 978 3164 1052 capellis,
3183 979 3599 1045 monasteriis,
3613 995 3832 1036 cmme-

2145 1073 2329 1140 teriis,
2345 1069 2839 1144 possessionibus,
2853 1067 3026 1134 villis,
3039 1067 3318 1138 castellis,
3333 1070 3610 1140 pascuis,
3635 1069 3826 1141 agris,

2141 1163 2346 1228 vineis,
2380 1159 2560 1226 silvis,
2602 1158 2790 1230 aquis,
2843 1173 3203 1230 aquarumve
3249 1157 3642 1224 decursibus,
3693 1157 3826 1229 pis-

2145 1251 2337 1316 cariis,
2388 1247 2681 1312 domibus,
2732 1245 3062 1317 mancipiis,
3111 1245 3360 1312 colonis,
3422 1245 3715 1318 peculiis,
3769 1251 3828 1301 et

2143 1356 2277 1396 cum
2303 1337 2577 1394 omnibus
2599 1334 2835 1390 omnino
2859 1335 3056 1402 rebus,
3081 1333 3426 1402 mobilibus,
3451 1339 3514 1391 et
3534 1334 3828 1392 immobi-

2146 1429 2320 1496 libus,
2351 1425 2432 1482 vel
2467 1441 2528 1481 se
2559 1423 2946 1490 moventibus,
2993 1422 3104 1477 sibi
3143 1424 3306 1494 juste
3337 1424 3823 1494 pertinentibus,

2142 1520 2260 1572 tam
2293 1533 2391 1571 eas
2435 1531 2581 1586 quas
2631 1513 2802 1567 modo
2851 1511 3045 1583 quiete
3089 1515 3146 1568 et
3193 1511 3468 1586 legaliter
3519 1513 3825 1585 possidet,

2145 1622 2321 1678 quam
2351 1603 2483 1659 illas
2511 1619 2656 1674 quas
2696 1601 2967 1674 deinceps
3006 1600 3319 1657 collatione
3369 1601 3676 1672 ﬁdelium,
3715 1619 3828 1658 seu

2145 1693 2464 1749 redditione
2493 1691 2581 1748 vel
2628 1691 2941 1762 emptione,
2991 1695 3094 1746 aut
3139 1690 3406 1762 qualibet
3451 1693 3689 1748 ratione
3721 1707 3828 1747 ac-

2143 1783 2371 1854 quirere
2403 1781 2630 1852 poterit.
2664 1779 3094 1834 Conﬁrmamus
3125 1796 3362 1851 quoque
3397 1779 3504 1834 tibi
3535 1780 3826 1837 omnium

2142 1870 2515 1926 ecclesiarum
2542 1868 2723 1922 totius
2743 1871 2856 1921 tua:
2884 1867 3150 1922 dimccsis
3171 1868 3457 1936 decimas,
3485 1867 3822 1941 primitias,

2141 1959 2484 2024 oblationes,
2511 1962 2628 2011 tam
2641 1957 2899 2012 vivorum
2916 1972 3093 2027 quam
3109 1956 3820 2028 defunctorum,judieia

2141 2047 2501 2116 clericorum,
2550 2049 2606 2099 et
2651 2049 2862 2099 cuncta
2913 2043 3310 2099 ecclesiastica
3353 2045 3570 2113 officia,
3625 2049 3700 2100 ut
3751 2061 3828 2101 ex

2141 2135 2519 2207 dispositione
2547 2136 2649 2188 tua
2681 2132 3004 2188 secundum
3037 2135 3378 2188 canonicam
3423 2133 3824 2190 sanctionem

2143 2225 2456 2297 pendeant.
2481 2221 2703 2276 Pariter
2733 2235 2962 2292 quoque
3009 2221 3512 2293 sutfraganeorum
3547 2225 3826 2278 tuorum

2146 2312 2660 2378 consecrationem,
2689 2310 2944 2365 debitam
2969 2310 3419 2382 subjectionem,
3449 2314 3510 2366 et
3531 2327 3826 2367 reveren-

2142 2403 2282 2456 tiam
2297 2417 2395 2456 seu
2412 2399 2934 2464 obedientiammec
2949 2415 3062 2452 non
3081 2400 3151 2454 ad
3171 2397 3487 2454 concilium
3498 2401 3822 2472 agendum

2143 2489 2610 2546 convocationem
2634 2491 2690 2542 et
2710 2488 3138 2556 auctoritatem,
3157 2488 3488 2546 secundum
3513 2490 3823 2558 omnejus

2145 2579 2297 2651 quod
2329 2575 2794 2648 metropolitanis
2825 2576 2949 2630 suis
2981 2575 3338 2648 suifraganei
3384 2577 3682 2633 canonice
3713 2579 3822 2632 de-

2144 2669 2301 2736 bent,
2327 2666 2486 2722 salva
2525 2666 2582 2719 in
2615 2664 2888 2720 omnibus
2933 2669 3147 2720 sancta:
3189 2669 3468 2720 Romana;
3488 2669 3550 2720 et
3571 2671 3824 2738 aposto-

2144 2756 2265 2810 lica:
2315 2755 2491 2820 sedis,
2543 2757 2608 2808 ut
2653 2753 2896 2824 dignum
2941 2758 3051 2816 est,
3099 2753 3476 2809 auctoritate.
3513 2757 3828 2810 Praeterea

2144 2842 2481 2915 hujusmodi
2518 2841 2698 2898 nostri
2743 2840 3032 2914 privilegii
3079 2845 3282 2898 tenore
3331 2843 3734 2900 concedimus
3766 2849 3828 2900 et

2145 2933 2561 2988 confirmamus
2583 2931 2682 2984 tibi
2709 2947 2882 2984 usum
2913 2929 3060 2985 sacri
3089 2930 3250 3002 pallii
3283 2931 3626 2987 secundum
3661 2933 3826 2990 anti-

2144 3039 2316 3094 quam
2349 3019 2828 3075 consuetudinem
2859 3019 3358 3092 praedecessorum
3390 3025 3670 3088 tuorum,
3699 3039 3830 3094 qua

2144 3111 2565 3165 consueverunt
2612 3125 2678 3162 eo
2709 3106 2794 3161 uti
2825 3107 2884 3162 in
2917 3107 3271 3179 subscriptis
3319 3107 3830 3168 solemnitatibus

397 3199 532 3255 cleri
563 3203 620 3253 et
665 3195 886 3269 populi,
921 3193 991 3250 ad
1016 3193 1352 3264 petitionem
1372 3209 1602 3265 quoque
1625 3192 2028 3264 religiosorum
2060 3173 2102 3239 (ἶ
2136 3173 3552 3276 juxtaprivilegianostrorumantecessorumillis
3570 3198 3832 3256 indulta

394 3287 722 3361 principum
755 3289 811 3340 et
830 3285 898 3338 ad
921 3282 1354 3354 suggestionem
1383 3281 2037 3354 venerabilium'prima—

391 3383 560 3433 tuum
591 3372 1126 3442 circumiacentium
1151 3370 1595 3442 provinciarum.
1615 3371 1867 3434 Quorum
1892 3389 2035 3427 una-

393 3466 567 3522 nimis
590 3461 876 3520 sententia
895 3459 1134 3525 exstitit,
1159 3464 1224 3514 ut
1257 3459 1302 3513 si
1341 3459 1734 3515 Ebredunensi
1769 3460 2036 3516 Ecclesiae

393 3551 752 3624 recuperatio
773 3549 970 3620 aliqua
986 3552 1358 3620 quereretur,
1384 3547 1568 3602 abilla
1589 3552 1794 3611 matre,
1820 3548 2038 3604 scilicet

395 3639 646 3696 Ecclesia
692 3639 976 3704 Romana,
1025 3653 1152 3707 qua:
1203 3636 1366 3707 prius
1395 3635 1494 3690 illo
1526 3636 1586 3690 Β.
1637 3636 2036 3692 Marcellinum

397 3728 829 3802 pradicatorem
852 3729 909 3780 et
931 3724 1264 3796 pontiﬁcem
1286 3723 1592 3788 direxerat,
1622 3725 1962 3795 praedicator
1982 3730 2039 3780 et

395 3817 650 3889 pontifex
681 3817 1098 3886 reposceretur.

465 3907 686 3976 Itaque,
720 3902 1042 3958 secundum
1075 3901 1228 3972 quod
1277 3905 1378 3956 tua
1424 3901 1651 3956 devotio
1701 3902 2033 3972 postulavit,

394 3993 505 4050 sibi
535 3990 901 4065 privilegium
935 3993 1145 4045 nostra:
1189 3987 1518 4061 apostolicae
1568 3990 1932 4047 auctoritatis
1963 3993 2032 4046 ad

395 4080 924 4138 corroborationem
941 4077 1032 4133 sui
1057 4077 1610 4149 archiepiscopatus,
1636 4079 1696 4132 in
1719 4079 1850 4132 rudi
1876 4080 1960 4134 eti
1971 4097 2034 4134 n-

396 4168 766 4240 disciplinata
785 4166 1050 4233 ecclesia,
1073 4167 1167 4221 vix
1189 4182 1400 4222 nomen
1423 4167 1617 4238 ipsum
1641 4169 1862 4223 nudum
1891 4185 2036 4241 pene

363 4317 366 4322 _
396 4258 682 4314 retinente
710 4261 766 4311 et
795 4255 1110 4328 parietinae
1137 4272 1274 4310 suas
1300 4256 1424 4326 jam
1457 4256 1914 4324 demonstrante,
1947 4259 2034 4313 in-

438 4387 571 4427 uem
620 4369 1072 4442 praedecessores
1121 4368 1212 4442 sui
1261 4368 1402 4442 olim
1451 4369 1742 4426 sciderant
1791 4372 1848 4426 in
1896 4373 2074 4438 duo.,

438 4389 571 4427 ηοω
620 4389 1072 4442 prwaecessores
1121 4389 1212 4424 Blll
1261 4389 1402 4424 omn
1451 4389 1742 4426 SCIOBI‘RDE
1791 4390 1848 4426 ιη
1896 4389 2031 4428 αυο.

393 4389 598 4499 ἓθεοὶο
627 4459 702 4497 an
725 4441 869 4496 mihi
897 4441 1275 4498 faustioribus
1295 4441 1498 4496 avidus
1529 4445 1844 4498 occurrerit
1876 4443 2035 4498 bulla

394 4514 634 4572 Victoris
656 4513 726 4580 II,
757 4529 874 4584 qua
910 4511 1262 4568 Vinimanno
1302 4513 1734 4584 archiepiscopo
1781 4515 2034 4569 Ebredu-

395 4585 583 4651 nensi,
614 4601 786 4657 quem
811 4584 870 4657 in
896 4601 1004 4639 sua
1025 4584 1319 4657 provincia
1340 4584 1582 4657 electum
1625 4585 1818 4657 ‘i'ietor
1844 4585 2033 4656 ponti-

397 4657 486 4712 fex
510 4654 1042 4728 consecravit,jura
1055 4655 1257 4728 omnia
1271 4654 1639 4728 episcopatus
1662 4656 1750 4711 sui
1775 4654 2038 4728 expedita

393 4725 946 4783 bullaconﬁrmavit.
973 4727 1144 4781 Porro
1163 4725 1382 4781 bullam
1413 4725 1562 4782 hanc
1607 4729 1800 4782 datam
1835 4725 2034 4796 judico

383 4799 453 4853 'in
477 4799 735 4854 Romano
758 4798 867 4853 hoc
888 4797 1130 4853 concilio
1153 4798 1285 4852 anni
1314 4799 1469 4868 1057.
1495 4799 1674 4868 Cujus
1717 4799 1796 4853 rei
1823 4799 2034 4855 indicio

395 4869 540 4923 mihi
570 4875 712 4941 sunt
735 4869 976 4941 nomine
1009 4868 1263 4941 plurium
1296 4867 2032 4941 ltalorumiepiscoporum,

396 4955 524 5008 quae
555 4939 849 5008 pontiﬁcis
879 4939 1038 4994 illius
1073 4939 1279 4994 litteris
1307 4940 1616 5008 subjuncta
1639 4939 1716 4994 ex
1745 4939 2035 4996 chartario

397 5009 792 5079 Ebredunensi
825 5010 1126 5079 proferunt
1162 5009 1354 5064 Gallice
1397 5011 1738 5065 Christianae
1770 5017 2034 5068 auctores

400 5077 723 5152 novissime
745 5077 886 5152 tom.
912 5081 1017 5152 illl,
1052 5099 1180 5152 pag.
1221 5083 1336 5146 178,
1364 5083 1610 5152 append.
1639 5093 1840 5152 [mnus
1862 5084 2033 5139 docu-

398 5153 594 5222 mento
625 5148 762 5204 huic
792 5148 1090 5222 subjectus
1119 5148 1251 5206 cum
1285 5148 1534 5222 ascripta
1567 5151 1873 5206 indictione
1906 5171 2034 5208 con-

397 5221 530 5276 cilio
570 5225 918 5293 congruunt.
971 5221 1188 5293 Mensis
1235 5221 1527 5293 discrepat
1545 5239 1578 5293 5A
1621 5239 1755 5275 nam
1805 5223 1897 5276 hic
1945 5229 2034 5280 est

395 5293 590 5349 Julius
623 5291 878 5359 mensis;
911 5291 1220 5347 concilium
1251 5309 1383 5348 vero
1405 5291 1582 5359 Aprili
1608 5309 1805 5348 mense
1835 5310 2035 5350 conve-

397 5310 590 5349 Juuus
623 5310 878 5359 menels;
911 5310 1220 5347 concilium
1251 5310 1383 5348 vero
1405 5310 1448 5346 Α
1495 5310 1582 5346 riu
1608 5310 1805 5348 mense
1835 5310 2034 5350 conve-

397 5362 698 5446 nit.Eacile
713 5367 946 5446 tantem
965 5362 1251 5446 Oppositio
1271 5310 1628 5446 conciliatur
1651 5380 1683 5446 ξ.
1698 5380 1833 5446 ρίᾳη
1859 5365 2034 5446 docu-

398 5439 660 5491 mentum
709 5433 851 5490 illud
908 5433 1103 5506 Galliae
1149 5433 1488 5506 Christiana:
1529 5433 1832 5506 pontificis:
1864 5435 2038 5492 bullas

399 5507 601 5588 eadem
633 5506 934 5588 scripturae
953 5505 1118 5588 Iserie
1137 5505 1337 5578 jungit
1365 5504 1660 5588 decretum
1692 5504 1828 5560 cleri
1859 5507 2036 5588 Ehre-

405 5575 705 5652 dunensis,
737 5575 853 5656 duo
874 5575 1216 5656 episcopum
1237 5575 1413 5640 suum
1432 5577 1558 5653 jam
1583 5580 1982 5642 consecratum
2003 5595 2039 5642 α

2145 3285 2489 3357 antiquitus,
2523 3284 2742 3340 scilicet
2768 3283 2827 3339 in
2856 3284 2950 3340 die
2979 3289 3182 3340 sancto
3213 3285 3478 3353 Paschae,
3503 3287 3568 3341 in
3591 3288 3698 3344 die
3721 3307 3830 3345 as-

2144 3374 2433 3430 censionis
2453 3373 2699 3438 Domini,
2713 3373 2772 3428 in
2787 3373 2879 3428 die
2893 3377 3094 3429 sancto
3105 3373 3568 3441 Pentecostes,in
3587 3378 3834 3435 Nativi-

2143 3469 2260 3520 tate
2283 3463 2510 3519 Domini
2527 3460 2861 3518 nostriJesu
2875 3461 3178 3532 Christi,in
3195 3463 3526 3536 Epiphania
3539 3465 3828 3536 Domini,

2145 3553 2204 3607 in
2229 3557 2400 3608 Coma
2417 3550 2668 3616 Domini,
2687 3550 2747 3605 in
2763 3551 3180 3623 Assumptione
3201 3551 3385 3608 beatae
3423 3553 3634 3612 Mariae
3657 3573 3838 3612 sem-

2145 3651 2246 3713 per
2263 3640 2525 3712 virginis,
2549 3639 2608 3693 in
2643 3639 2941 3696 Natalitiis
2975 3641 3242 3696 omnium
3279 3642 3734 3714 apostolorum,
3773 3646 3842 3702 in

2147 3735 2291 3786 tosto
2313 3729 2588 3784 Omnium
2610 3729 2979 3795 Sanctorum,
3011 3729 3070 3784 in
3101 3730 3418 3786 festivitate
3455 3736 3512 3786 S.
3562 3733 3846 3792 Marce]-

2142 3819 2242 3873 lini
2277 3819 2520 3890 prazfatae
2545 3816 3239 3875 civitatisEbredunensis
3269 3819 3746 3894 archiepiscopi,
3783 3823 3852 3880 in

2145 3905 2514 3962 Dedicatione
2545 3904 2884 3977 principalis
2912 3905 3168 3962 basilicae
3215 3907 3278 3962 B.
3330 3906 3525 3962 Mariae
3577 3925 3855 3985 semper

2142 3995 2407 4068 virginis,
2440 3995 2498 4048 in
2533 3992 2966 4050 consecratione
2999 3995 3428 4068 episcoporum,
3461 3995 3522 4050 in
3557 4000 3850 4056 ordina-

2141 4084 2297 4139 tione
2327 4082 2800 4155 presbyterorum
2835 4085 2894 4136 et
2923 4081 3328 4140 diaconorum.
3358 4083 3844 4161 Sabbatisjeju-

2143 4173 2374 4228 nierum
2397 4175 2454 4227 et
2471 4175 2722 4243 quatuor
2739 4175 3092 4242 temporum,
3108 4177 3166 4227 et
3179 4173 3238 4227 in
3253 4173 3844 4235 consecrationibus

2143 4275 2420 4314 novarum
2453 4263 2510 4314 et
2539 4257 2953 4330 principalium
2994 4259 3398 4316 basilicarum.

2143 4373 2370 4449 _Victore
2401 4390 2571 4449 papa,
2597 4379 2654 4430 et
2679 4373 3050 4449 impetratam
3079 4377 3158 4449 Aab
3179 4393 3245 4432 eo
3271 4377 3658 4449 pontiﬁcium
3691 4382 3834 4437 bul-

2143 4445 2258 4500 lam
2289 4445 2555 4517 agnoscit
2575 4445 2879 4517 e_t_excipit.
2899 4445 3044 4501 Huic
3059 4445 3313 4514 decreto,
3335 4465 3450 4503 non
3473 4465 3626 4506 vero
3645 4453 3835 4508 bulla

2145 4515 2412 4572 convenit
2442 4517 2579 4588 data
2607 4515 2710 4570 illa
2729 4515 3010 4588 temporis
3047 4519 3228 4574 Nonas
3261 4521 3434 4586 Julii,
3465 4538 3632 4577 anno
3663 4527 3836 4580 tertio

2140 4589 2489 4659 pontiﬁcatus
2520 4587 2747 4660 domini
2797 4587 2962 4660 papae
3015 4591 3240 4660 Victoris
3278 4591 3348 4656 Il,
3396 4591 3729 4650 indictione
3775 4613 3832 4650 ι.

2143 4659 2651 4740 'l‘um‘succeduut
2679 4660 2918 4740 nomina
2947 4659 3222 4740 Italorum
3257 4663 3698 4740 episcoporum
3737 4669 3836 4740 qui

2145 4732 2530 4808 interfuerunt,
2562 4737 2612 4784 et
2639 4729 3126 4808 corroboraverurrt
3153 4729 3564 4808 haec_'sc_ripta,
3611 4729 3835 4808 nempe

2143 4801 2363 4855 bullam
2389 4819 2411 4880 ;_
2429 4816 2616 4880 neque
2639 4801 2796 4880 enim
2815 4801 3144 4880 verosimile
3163 4809 3254 4858 est
3271 4801 3460 4880 italos
3485 4805 3688 4880 hosce
3704 4801 3836 4880 repi-

2144 4888 2350 4942 scopos
2381 4872 2674 4926 decretum
2706 4870 2850 4926 illud
2883 4872 3420 4947 Ebredunensium,
3463 4893 3597 4947 quo
3631 4870 3834 4934 Wihi-

2145 4947 2864 5022 mannum_consecratun1
2905 4945 3116 5022 jam__a
3163 4947 3441 5017 pontiﬁce
3475 4945 3832 5022 excipiunt,

2143 5013 2484 5088 auctoritate
2503 5029 2608 5067 sua
2623 5014 3023 5088 confirmasse.
3042 5019 3128 5088 Ita
3150 5013 3286 5088 ergo
3311 5033 3436 5072 rem
3457 5013 3670 5077 totam
3693 5013 3834 5077 con;

2143 5085 2313 5156 cipio.
2364 5083 2673 5156 Electusﬁa
2727 5084 2879 5139 clero
2939 5083 3342 5143 Ebredunénsi
3377 5091 3836 5148 Wmimannus

2143 5156 2365 5210 Roman
2384 5155 2568 5227 petiit,
2587 5155 2784 5227 ibique
2807 5173 2841 5227 a
2861 5157 3132 5227 pontiﬁce
3151 5165 3543 5216 consecratus
3565 5165 3836 5220 concilio

2142 5226 2426 5293 interfuit,
2449 5229 2630 5307 atque
2642 5226 2700 5307 in
2721 5243 2788 5281 eo
2822 5226 3049 5307 bullam
3077 5228 3412 5307 impetravit
3446 5249 3496 5307 a_
3511 5237 3830 5305 pontiﬁce,

2142 5314 2320 5368 quam
2345 5296 2574 5352 concilii
2593 5300 2792 5352 Patres
2823 5296 3255 5368 subscriptione
3278 5319 3388 5356 sua
3411 5296 3792 5364 roborarunt
3815 5296 3828 5368 ξ

2143 5317 2320 5368 quam
2345 5317 2574 5352 concuu
2593 5317 2792 5352 ratres
2823 5317 3255 5424 suoscrllpuone
3278 5319 3388 5356 sua
3411 5317 3792 5364 ronorarunt
3815 5327 3832 5375 ;

2143 5370 2458 5449 statimque
2471 5369 2552 5450 ad
2563 5383 2702 5450 suos
2723 5369 3028 5450 restitutus
3073 5371 3271 5450 itteras
3294 5372 3427 5450 illas
3468 5391 3625 5450 cum
3661 5385 3834 5436 caete-

2148 5439 2230 5495 ris
2261 5439 2720 5517 consecrat_ionis_
2753 5456 2870 5517 sua:
2911 5439 3278 5517 documentis
3307 5443 3466 5517 clero
3519 5449 3832 5517 exhibuit,

2145 5527 2179 5567 a
2211 5527 2328 5586 quo
2360 5527 2504 5570 novo
2536 5512 2765 5570 decreto
2795 5510 2917 5570 haec
2945 5512 3146 5572 omnia
3173 5515 3444 5574 admissa
3473 5527 3660 5580 sunt.
