3898 6442
233 520 350 586 217

233 658 301 715 18
374 660 495 730 Ego
518 664 576 731 -ξ
621 662 805 715 autem
848 664 862 723 ζ
914 658 985 715 ad
1012 659 1181 716 Deum
1209 659 1442 715 clamavi
1470 679 1489 715 :

374 749 438 804 Et
466 749 729 805 Dominus
757 748 1043 805 exaudivit
1073 765 1175 804 me.

303 836 351 892 Η
382 836 667 893 Clamavit
692 836 874 910 igitur
901 854 971 893 ex
1001 838 1187 893 forma
1207 836 1356 892 servi
1378 828 1879 910 Christusjugiter

229 926 302 981 ad
328 926 514 981 Deum
537 943 640 999 pro
671 928 885 998 populo
908 925 1255 990 Christiano,
1281 930 1337 980 et
1367 942 1731 998 consequens
1753 931 1878 983 erat

228 1013 401 1070 illum
432 1014 714 1082 exaudiri,
746 1016 886 1086 quia
934 1031 1049 1070 non
1096 1019 1321 1087 poterat
1357 1032 1391 1071 a
1420 1031 1528 1070 sua
1574 1017 1877 1087 majestate

229 1104 552 1175 segregari.

231 1191 303 1246 19
380 1192 600 1263 Vespere
625 1196 676 1249 et
714 1208 875 1248 mane
914 1202 966 1248 et
1021 1192 1250 1249 meridie
1302 1194 1541 1248 narrabo
1571 1195 1623 1248 et
1651 1208 1875 1248 annun—

450 1282 597 1337 tiabo
629 1299 647 1336 :

377 1369 441 1423 Et
469 1369 725 1425 exaudiet
750 1386 929 1425 vocem
958 1386 1156 1425 meam.

302 1458 346 1512 C
378 1457 646 1528 Vespere,
680 1457 976 1531 significat
1003 1462 1234 1529 tempus
1264 1458 1614 1524 traditionis,
1646 1460 1879 1531 quando

227 1561 369 1601 eum
401 1545 587 1602 Judas
618 1545 839 1601 cohorti
856 1546 1123 1601 tradidit.
1147 1546 1333 1615 Mane,
1359 1564 1492 1601 cum
1516 1548 1586 1603 ad
1609 1547 1878 1605 Pontium

228 1632 485 1690 Pilatum
518 1634 732 1690 ductus
762 1639 869 1690 est.
894 1634 1155 1699 Meridie,
1177 1636 1411 1707 quando
1434 1635 1577 1691 hora
1596 1640 1755 1693 sexta
1780 1654 1876 1693 su-

225 1739 488 1795 spensus
518 1729 626 1779 est.
653 1723 925 1779 Meridies
954 1723 1145 1780 dictus
1166 1726 1335 1796 quasi
1368 1726 1597 1781 medius
1625 1726 1877 1783 dies.His

223 1812 541 1883 sequentia
558 1812 735 1868 verba
754 1813 1098 1880 redduntur,
1120 1830 1253 1869 nam
1274 1814 1519 1869 narrabo
1538 1814 1787 1886 pertinet
1801 1815 1872 1869 ad

219 1916 567 1971 vesperum,
598 1901 834 1971 quando
865 1901 1062 1957 omnia
1094 1901 1516 1973 praedixit,quaa
1538 1902 1721 1958 Judas
1744 1920 1871 1974 pes-

1444 524 1859 588 EXPOSl'l‘lO
1901 524 2041 586 PSA
2055 522 2407 589 LMORUM.

1904 659 1959 726 Α
1988 657 2079 715 Ira
2094 658 2247 714 enim
2271 658 2366 714 hic
2385 675 2488 732 pro
2509 658 2763 716 vindicta
2785 659 3043 734 ponitur,
3060 675 3239 733 quam
3261 657 3426 733 impii
3450 658 3623 717 susti-

3503 521 3625 591 218

1986 748 2231 804 nebunt.
2265 748 2334 803 Et
2383 748 2866 821 appropinquavit
2921 765 3021 805 cor
3070 748 3231 826 illius
3274 750 3334 804 in
3371 748 3618 820 judicio,

1986 836 2221 909 quando
2252 852 2348 893 cor
2378 836 2603 891 Domini
2632 836 2764 907 (hoc
2794 841 2884 893 est
2928 836 3196 893 voluntas
3244 838 3375 910 ejus
3405 837 3464 892 in
3493 854 3621 910 pro-

1986 924 2176 996 phetis
2206 929 2263 980 et
2293 924 2570 996 apostolis
2600 925 3213 996 praedicata)omnibus
3235 926 3619 982 innotescit.H

1985 1013 2085 1068 Vel
2116 1013 2654 1070 contaminaverunt
2679 1013 2862 1068 Judaei
2892 1013 3483 1087 testamentum,quia
3504 1031 3619 1070 non

1986 1101 2390 1158 intellexerunt
2424 1100 2738 1157 Dominum
2766 1101 2967 1157 Jesum
2998 1101 3056 1157 in
3090 1102 3208 1175 lege
3239 1103 3617 1175 promissum,

1986 1194 2038 1246 et
2062 1191 2216 1263 quod
2238 1189 2572 1264 intelligunt
2591 1191 2662 1245 de
2680 1190 3024 1262 Scripturis;
3048 1190 3105 1246 in
3125 1190 3345 1246 malum
3367 1196 3617 1257 vertunt,

1988 1279 2124 1352 quia
2153 1280 2496 1338 Trinitatem
2540 1296 2656 1334 non
2710 1277 2953 1334 crodunt
2980 1284 3038 1334 et
3065 1279 3192 1333 ideo
3223 1278 3390 1334 divisi
3421 1284 3561 1335 sunt
3589 1297 3622 1335 a
3650 1316 3671 1339 ο

1988 1366 2276 1439 spirituali
2326 1367 2728 1440 intelligentia.
2768 1369 2807 1423 Α
2838 1367 2908 1421 Et
2934 1384 3002 1422 ex
3031 1382 3230 1422 eorum
3262 1365 3542 1423 divisione
3566 1372 3624 1423 et

1987 1456 2496 1523 contaminatione,
2529 1456 2889 1528 appropiavit
2937 1454 3205 1510 voluntas
3244 1453 3343 1509 Dei
3384 1455 3619 1511 creden-

1986 1545 2163 1613 tibus,
2196 1545 2277 1599 ita
2306 1549 2371 1601 ut
2399 1550 2455 1600 et
2481 1545 2539 1600 in
2584 1543 2898 1616 Scripturis
2948 1543 3046 1599 Dei
3087 1542 3465 1610 voluntatem,
3495 1559 3621 1615 quai

1986 1633 2218 1700 latebat,
2251 1633 2596 1706 intelligant.

1982 1740 2055 1794 24
2128 1740 2321 1796 Molliti
2346 1744 2475 1795 sunt
2502 1755 2773 1795 sermones
2799 1740 2917 1811 ejus
2947 1755 3108 1811 super
3135 1740 3314 1795 oleum

2122 1829 2185 1884 Et
2216 1831 2322 1900 ipsi
2344 1837 2474 1885 sunt
2490 1830 2700 1901 jaeula.

2053 1916 2093 1971 C
2124 1916 2327 1972 Molliti
2359 1921 2496 1973 sunt
2538 1933 2838 1972 sermones
2887 1916 3241 1989 perfidorum
3287 1916 3620 1973 Judaaorum

222 1987 430 2043 simus
460 1988 646 2044 facere
674 1989 984 2060 disposuit.
1015 1988 1384 2044 Annuntiabo
1416 1990 1488 2044 ad
1520 2007 1711 2056 mane,
1736 1990 1868 2062 quia

2045 2005 2299 2060 centium
2335 2022 2348 2059 :
2383 2005 2676 2077 Magister,
2710 1987 2931 2061 scimus
2988 2005 3126 2076 quia
3166 2022 3199 2060 a
3242 2004 3359 2061 Deo
3410 2004 3619 2060 venisti

223 2092 410 2131 mane
439 2076 804 2133 annuntiavit
824 2077 1226 2148 respondendo
1251 2076 1460 2131 Pilato:
1488 2082 1549 2132 In
1572 2078 1679 2133 hoc
1703 2084 1874 2134 natus

220 2179 362 2219 sum
385 2165 566 2231 (Joan.
595 2167 777 2233 xvm),
800 2169 908 2220 etc.
945 2165 1221 2220 Exaudiet
1247 2180 1443 2221 vocem
1467 2166 1538 2221 ad
1571 2168 1872 2223 meridiem

222 2252 505 2323 pertinet,
528 2269 662 2307 cum
684 2252 854 2308 dixit:
870 2252 1875 2328 Consummatumest,etemisitspi-

222 2339 410 2394 ritum
440 2340 630 2410 (Joan.
663 2344 802 2409 xxx).

220 2428 295 2480 20
372 2428 618 2484 Redimet
646 2431 707 2483 in
738 2446 872 2500 pare
916 2432 1167 2487 animam
1214 2448 1390 2488 meam
1435 2432 1502 2487 ab
1532 2434 1617 2488 his
1646 2434 1744 2504 qui
1770 2449 1871 2505 ap-

439 2519 811 2589 propinquant
837 2520 997 2574 mihi.

369 2606 643 2673 Quoniam
674 2608 819 2662 inter
844 2610 1046 2663 multos
1072 2616 1230 2664 erant
1254 2626 1485 2665 mecum.

296 2694 339 2749 Β
357 2693 694 2750 Redimetin
706 2710 869 2766 pace,
886 2697 1084 2750 narrat
1101 2694 1368 2751 videlicet
1387 2697 1541 2767 quod
1566 2713 1699 2752 eum
1712 2697 1869 2753 velo-

222 2782 372 2837 citer
402 2781 716 2850 exaudivit,
740 2799 871 2838 cum
904 2798 1037 2838 eum
1069 2783 1139 2839 de
1169 2783 1645 2842 tribulationibus
1665 2786 1871 2843 mortis

220 2870 443 2942 eripuit
472 2870 532 2926 in
563 2871 1005 2928 resurrectione.
1041 2872 1104 2927 In
1135 2889 1295 2945 pace,
1322 2872 1430 2928 hoc
1459 2877 1549 2929 est
1577 2874 1637 2930 in
1667 2879 1873 2931 semet-

222 2958 377 3030 ipso.
420 2958 508 3014 Ab
537 2958 631 3014 his
673 2960 771 3031 qui
820 2960 1313 3032 appropinquant,
1345 2977 1583 3033 corpore
1611 2979 1726 3018 non
1755 2963 1872 3019 vita

226 3052 281 3102 et
312 3048 547 3103 merito.
583 3047 739 3103 Inter
769 3047 1007 3115 multos,
1042 3049 1341 3105 credentes
1395 3054 1562 3105 erant
1618 3066 1869 3117 mecum,

221 3140 279 3192 et
307 3140 512 3192 tamen
545 3151 660 3192 non
692 3137 1025 3193 credebant.
1057 3136 1161 3193 Vel
1207 3138 1358 3193 inter
1403 3137 1548 3196 istos
1595 3139 1697 3211 qui
1734 3144 1872 3195 sunt

221 3223 417 3290 multi,
452 3223 513 3279 id
542 3228 653 3295 est,
686 3224 837 3280 inter
866 3224 1050 3281 malos
1096 3229 1152 3280 et
1199 3242 1313 3280 non
1364 3225 1516 3282 inter
1542 3244 1778 3299 paucos,
1812 3227 1868 3283 id

218 3317 328 3378 est,
344 3312 506 3368 inter
534 3312 720 3369 bonos
753 3313 855 3385 qui
887 3318 1027 3368 sunt
1055 3313 1224 3386 pauci
1253 3314 1351 3369 Vel
1373 3314 1431 3369 in
1448 3315 1736 3383 multis,id
1758 3320 1865 3382 est,

217 3399 276 3455 in
309 3400 612 3472 baptismo
642 3405 699 3457 et
730 3402 840 3457 fide
871 3402 1021 3458 ficta.
1038 3401 1102 3457 In
1118 3402 1320 3473 paucis
1351 3418 1465 3459 non
1498 3408 1657 3474 sunt,
1680 3404 1864 3473 idest,

215 3488 274 3543 in
306 3488 425 3545 fide
458 3489 650 3559 ﬁrma,
682 3506 785 3562 spe
812 3506 947 3546 vera
976 3495 1034 3545 et
1057 3490 1359 3547 cbaritate.

212 3577 275 3632 21
356 3576 638 3633 Exaudiet
666 3583 810 3634 Deus
833 3588 884 3635 et
912 3579 1230 3636 humiliabit
1259 3581 1383 3637 illos
1411 3598 1433 3635 ,ο

355 3668 478 3736 Qui
504 3675 584 3721 est
610 3675 738 3723 ante
764 3668 987 3724 secuta.
1023 3669 1358 3740 Diapsaima.

280 3755 352 3810 H.
388 3754 680 3810 Exandiet
735 3755 889 3811 Deus
950 3773 1044 3811 me
1098 3756 1554 3826 benedicent'em,
1589 3776 1703 3815 non
1736 3760 1866 3817 illos

210 3842 658 3899 maledicentes.
691 3843 762 3898 Et
785 3842 1121 3899 humiliabit
1158 3861 1277 3910 eos,
1309 3845 1418 3900 hoc
1448 3852 1538 3902 est
1561 3848 1864 3919 superbos.

207 3932 314 3997 Qui
338 3935 435 3987 est
456 3934 597 3986 ante
621 3929 853 3999 saecula,
880 3932 1049 3987 Pater
1080 3932 1313 4005 utique:
1338 3951 1513 4005 quem
1536 3934 1594 3991 in
1619 3953 1711 3993 me
1741 3953 1863 3993 ma-

207 4025 450 4076 nentem
488 4036 605 4076 non
637 4026 1051 4093 cognoverunt.

205 4108 276 4163 22
348 4113 479 4168 Non
512 4111 663 4165 enim
689 4117 766 4166 est
810 4108 924 4164 illis
968 4112 1319 4167 commutatio
1346 4119 1402 4167 et
1426 4128 1536 4168 non
1565 4114 1869 4170 timuerunt

425 4199 650 4254 Deum:

349 4285 620 4344 Extendi!
644 4302 875 4341 manum
900 4302 1058 4342 suam
1091 4288 1149 4341 in
1178 4288 1542 4344 retribuendo.

278 4373 326 4431 Η
357 4374 493 4431 Non
527 4377 618 4430 est
647 4372 765 4429 illis
793 4374 1199 4440 commutatio,
1230 4375 1302 4430 de
1332 4375 1484 4431 malo
1513 4375 1571 4432 in
1622 4377 1862 4439 bonum.

208 4460 273 4515 Et
302 4478 424 4518 non
460 4462 795 4517 timuerunt
820 4465 1024 4528 Deum,
1052 4466 1110 4517 et
1138 4478 1207 4518 ea
1236 4479 1431 4531 causa,
1464 4464 1537 4520 ad
1585 4465 1863 4523 ultionem

206 4548 521 4607 descendit
550 4550 726 4616 Deus,
755 4550 910 4605 sicut
938 4550 1224 4621 sequitur,
1256 4551 1511 4607 extendit
1540 4568 1782 4610 manum
1803 4554 1863 4611 in

206 4637 614 4695 retribuendo.
650 4638 797 4701 Quia
825 4654 962 4694 cum
1010 4637 1096 4694 eis
1143 4639 1215 4694 ad
1263 4639 1546 4696 auxilium
1603 4646 1865 4714 porrecta

205 4723 437 4797 fuisset,
474 4742 598 4782 non
641 4741 771 4781 eam
816 4732 1179 4798 receperunt.
1214 4727 1277 4783 In
1327 4728 1698 4786 retribuendo
1727 4746 1863 4804 ergo
1893 4739 1939 4802 ο

203 4813 362 4878 dicit,
396 4815 460 4871 id
493 4819 611 4883 est,
634 4813 694 4870 in
726 4814 983 4870 vindicta
1013 4813 1072 4869 in
1102 4814 1196 4871 die
1216 4815 1447 4886 judicii,
1472 4816 1579 4873 hoc
1609 4818 1863 4891 est,quia

204 4900 530 4959 noluerunt
549 4902 808 4959 converti
829 4906 887 4958 et
906 4902 1157 4975 recipere
1179 4918 1214 4959 a
1236 4920 1414 4961 manu
1453 4904 1863 4962 misericordiae

201 4990 476 5061 gratiam,
511 4991 779 5047 extendit
830 5007 1072 5047 manum
1120 4990 1181 5046 in
1220 5007 1318 5047 eos
1346 4991 1635 5059 vindictas,
1666 4997 1732 5049 ut
1760 4993 1863 5066 qui

204 5077 527 5138 noluerunt
558 5078 814 5151 recipere
838 5078 899 5135 in
922 5078 1253 5146 tribuendo,
1286 5079 1573 5152 accipiant
1598 5080 1659 5137 in
1690 5082 1861 5138 retri-

204 5164 437 5225 buendo
450 5210 464 5224 .

203 5255 268 5309 23
336 5257 886 5314 Gontaminaverunt
935 5259 1316 5312 testamentum
1369 5256 1485 5327 ejus
1529 5255 1698 5314 divisi
1733 5265 1863 5314 sunt

409 5347 484 5401 ab
520 5347 614 5400 ira
644 5343 829 5399 vultus
856 5343 975 5415 ejus
1003 5361 1023 5398 :

337 5434 403 5489 Et
430 5433 909 5507 appropinquavit
937 5447 1031 5487 cor
1058 5431 1234 5486 illius.

267 5518 308 5574 C
337 5520 440 5577 Ille
459 5520 632 5578 enim
653 5522 1076 5575 testamentum
1097 5517 1190 5573 Dei
1206 5519 1856 5592 contaminatquantum

204 5606 267 5661 ad
298 5625 358 5664 se
388 5609 682 5682 pertinet,
714 5605 815 5678 qui
846 5606 1087 5662 minime
1132 5606 1318 5677 ipsius
1347 5605 1609 5678 imperiis
1638 5608 1852 5664 obedit.

208 5694 549 5753 Dividuntur
579 5695 769 5752 etiam
800 5693 1004 5765 perﬁdi
1035 5711 1069 5750 a
1093 5692 1307 5765 populo
1339 5694 1493 5750 ﬁdeli
1527 5694 1586 5750 in
1610 5695 1853 5765 judicio,

204 5786 253 5836 et
279 5788 678 5860 segregantur
736 5787 1031 5861 tanquam
1077 5797 1291 5839 arsura
1340 5781 1513 5865 palea:
1559 5798 1593 5839 a
1634 5783 1852 5855 granis.

1982 2094 2193 2163 (Matth.
2222 2094 2378 2167 xxu).
2403 2094 2590 2167 Super
2618 2093 2832 2159 oleum,
2857 2110 2929 2149 ne
2960 2097 3118 2150 tanto
3150 2093 3350 2149 sceleri
3384 2109 3489 2165 par
3517 2110 3618 2165 po-

1980 2182 2189 2237 tuisset
2237 2182 2472 2254 aliquod
2529 2181 2795 2250 inveniri,
2828 2182 2966 2254 quia
3016 2182 3099 2237 nil
3142 2181 3325 2238 levius
3355 2186 3444 2238 est
3470 2181 3615 2238 oleo.

1985 2269 2099 2341 ipsi
2128 2270 2304 2326 etiam
2338 2271 2572 2325 fuerunt
2600 2270 2812 2342 jacula,
2844 2271 3078 2342 quando
3118 2270 3389 2326 dixerunt
3416 2287 3429 2325 :
3464 2271 3618 2327 Reus

1981 2362 2069 2414 est
2098 2358 2305 2415 mortis
2333 2357 2538 2429 (Matth.
2572 2359 2707 2427 xw).
2736 2358 2782 2414 Η
2828 2358 2931 2415 Vel
2983 2358 3290 2413 revertitur
3330 2375 3520 2415 sermo
3546 2360 3617 2414 ad

1980 2447 2213 2513 Judam,
2239 2448 2409 2518 cujus
2440 2464 2630 2503 sermo
2665 2464 2678 2502 :
2712 2449 2826 2503 Ave
2847 2447 3035 2513 rabbi,
3061 2463 3241 2519 super
3260 2446 3450 2503 oleum
3472 2450 3615 2514 erat,

1980 2540 2034 2592 et
2057 2536 2254 2592 osculo
2279 2536 2680 2592 tradidit.'l‘ale
2702 2536 2892 2591 oleum
2916 2534 3267 2608 refugientes
3279 2534 3415 2591 boni
3435 2534 3494 2591 in
3514 2536 3617 2591 tri-

1981 2624 2276 2680 bulatione
2300 2628 2476 2680 Deum
2511 2624 2797 2689 invocant,
2824 2623 2950 2679 ideo
2976 2622 3245 2695 sequitur
3269 2638 3283 2676 :
3307 2623 3485 2693 jacta,
3508 2626 3615 2678 etc.

1978 2732 2048 2785 25
2117 2731 2269 2787 laeta
2322 2747 2485 2803 super
2536 2731 2826 2786 Dominum
2879 2745 3069 2785 curam
3120 2732 3272 2784 luam
3324 2732 3377 2785 et
3422 2730 3534 2801 ipse
3571 2735 3619 2784 te

2188 2820 2421 2875 enutriet
2441 2838 2463 2883 ;

2118 2908 2234 2964 Non
2262 2908 2415 2963 dabit
2438 2910 2499 2963 in
2525 2915 2790 2965 aeternum
2820 2908 3228 2978 ﬂuctuationem
3247 2906 3416 2978 justo.

2049 2999 2089 3050 C
2116 2995 2355 3060 Quando
2411 2996 2683 3068 cogitatio
2729 2996 2991 3067 jactatur
3033 2996 3092 3050 in
3137 2994 3468 3059 Dominum,
3499 3009 3615 3050 non

1978 3082 2170 3138 solum
2197 3100 2303 3138 nos
2335 3100 2451 3138 non
2482 3083 2792 3148 consumit,
2818 3082 3312 3154 quemadmodum
3344 3081 3616 3153 cogitatio
3663 3125 3667 3128 ρ

1979 3171 2151 3226 istius
2183 3170 2398 3235 saeculi,
2433 3172 2532 3226 sed
2576 3172 2750 3226 etiam
2799 3170 2983 3225 nutrit
3014 3188 3027 3225 :
3057 3170 3116 3225 in
3150 3174 3428 3226 internum
3459 3170 3616 3226 enim

1978 3258 2427 3329 (sicuthicdicit)
2445 3259 2735 3315 neminem
2749 3258 3151 3328 justissimum
3166 3258 3619 3330 permittitDeus

1898 3378 1941 3445 α
1981 3349 2282 3413 fluctuare,
2316 3349 2549 3420 quando
2580 3364 2715 3403 cum
2743 3347 2871 3419 ipso
2900 3347 2957 3402 in
2980 3346 3295 3402 aeternitate
3327 3347 3618 3418 cognosci-

1980 3441 2078 3492 tur
2106 3452 2366 3508 regnare.

1976 3535 2046 3589 26
2120 3536 2192 3590 Tu
2222 3550 2344 3591 vero
2367 3535 2506 3590 Deus
2536 3552 2555 3589 :

2117 3622 2349 3678 Deduces
2378 3638 2464 3677 eos
2494 3623 2551 3677 in
2577 3629 2801 3694 puteum
2830 3622 3103 3677 interitus.

2046 3712 2086 3767 C
2107 3709 2271 3767 Prius
2294 3710 2488 3783 itaque
2510 3710 2656 3765 dixit
2673 3710 2744 3765 de
2757 3709 3119 3781 justis,nunc
3136 3709 3206 3764 de
3227 3707 3422 3781 impiis
3439 3708 3534 3781 qui
3555 3707 3613 3764 in

1974 3798 2248 3871 gehennae
2276 3799 2729 3872 profunditatem
2750 3797 3048 3870 mergendi
3073 3801 3228 3852 sunt.
3246 3797 3460 3853 Puteus
3480 3794 3617 3852 dici-

1975 3892 2072 3942 tur
2090 3886 2285 3943 hiatus
2307 3892 2468 3943 terraz
2491 3892 2717 3961 patens,
2732 3887 2832 3943 sed
2856 3903 2926 3942 ne
2947 3886 3103 3941 hunc
3119 3884 3351 3941 vitalem
3372 3889 3611 3957 puteum

1974 3972 2344 4048 intelligeres,
2363 3975 2587 4031 addidit
2617 3974 2983 4039 interitus,id
3017 3978 3107 4030 est
3138 3973 3299 4029 fovea
3329 3972 3608 4030 mortalis.

1974 4062 2017 4118 Ο
2042 4062 2224 4134 pietas
2246 4063 2511 4119 inaudita
2525 4061 2875 4133 judicantisl
2902 4065 3087 4116 totum
3119 4060 3455 4115 hominibus
3476 4077 3613 4132 prae-

1974 4150 2207 4217 dicitur,
2239 4156 2303 4205 ut
2332 4149 2504 4221 culpa
2552 4147 2860 4221 plectibilis
2897 4148 3125 4202 vitetur.
3158 4147 3239 4201 Ex
3268 4145 3424 4220 putei
3454 4147 3609 4203 enim

1974 4237 2359 4293 similitudine
2388 4238 2663 4310 gehennze
2685 4240 2975 4292 tormenta
2996 4251 3102 4291 nos
3125 4235 3399 4290 admonet
3421 4234 3613 4291 formi-

1973 4325 2130 4381 dare.

1970 4425 2043 4479 27
2117 4424 2232 4479 Viri
2256 4424 2591 4492 sanguinum
2618 4429 2669 4476 et
2711 4420 2885 4477 dolosi
2922 4437 3029 4476 non
3083 4419 3454 4476 dimidiabunt
3498 4419 3611 4477 dies

2182 4528 2305 4567 θυοδ
2335 4530 2354 4565 .⁸

2114 4602 2220 4671 Ego
2248 4608 2431 4656 autem
2458 4599 2684 4672 sperabo
2718 4600 2779 4654 in
2809 4605 2875 4666 te,
2910 4600 3150 4654 Domine.

2043 4692 2083 4745 C
2103 4689 2223 4743 Viri
2248 4688 2601 4760 sanguinum
2632 4687 2997 4760 proprienon
3023 4686 3297 4742 dicuntur
3317 4686 3416 4758 qui
3448 4685 3610 4743 inno-

1970 4782 2164 4834 center
2184 4776 2506 4833 humanum
2528 4776 2781 4831 fundunt
2802 4772 3379 4846 cruorem,quoniam
3396 4774 3607 4846 etjusti

1963 4866 2193 4938 judices
2217 4867 2375 4937 juste
2403 4865 2674 4933 fundunt,
2707 4867 3010 4937 propterea
3039 4863 3281 4930 addidit,
3313 4868 3369 4918 et
3399 4861 3602 4931 dolosi,

1971 4960 2035 5011 ut
2051 4954 2241 5011 solum
2272 4954 2353 5009 illi
2386 4958 2679 5021 notentur,
2696 4953 2795 5026 qui
2815 4970 2916 5025 per
2938 4950 3374 5024 iniquissimum
3407 4949 3601 5007 dolum

1971 5046 2237 5116 quaerunt
2266 5042 2520 5098 alienum
2547 5041 2937 5098 exitium.Hos
2959 5040 3103 5097 tales
3133 5056 3247 5096 non
3274 5039 3414 5096 dicit
3440 5040 3608 5096 dimi-

1970 5131 2126 5187 diare
2147 5132 2270 5187 dies
2292 5147 2452 5198 suos,
2475 5131 2707 5203 quando
2728 5146 2863 5185 cum
2884 5128 2998 5186 sibi
3017 5128 3251 5204 longam
3273 5128 3448 5185 vitam
3472 5145 3602 5200 pro-

1970 5219 2229 5285 mittunt,
2262 5218 2480 5275 exitum
2528 5217 2838 5274 celerrimis
2885 5217 3090 5274 mortis
3120 5217 3437 5274 inveniunt.
3471 5217 3603 5272 Ideo

1968 5309 2162 5364 autem
2194 5306 2457 5362 additum
2474 5311 2582 5375 est,
2605 5323 2762 5375 suos,
2787 5310 2853 5361 ut
2872 5306 3228 5363 voluntarios
3250 5304 3604 5377 intelligeres

1967 5394 2092 5451 dies
2140 5395 2250 5450 sibi
2299 5399 2685 5467 computatos,
2716 5395 2772 5450 id
2806 5399 2895 5451 est
2917 5394 3047 5452 illos
3080 5412 3225 5469 quos
3255 5410 3320 5449 se
3353 5392 3602 5446 victuros

1969 5484 2269 5556 putabant,
2303 5488 2403 5539 aut
2430 5483 2698 5539 volebant
2742 5500 2855 5539 non
2888 5501 2921 5539 a
2951 5482 3196 5540 Domino
3227 5479 3598 5537 constitutos.

2450 5606 2653 5645 ORATIO
2694 5607 2761 5644 EX
2800 5607 2957 5645 PSAL.
3000 5608 3105 5645 ων.

2032 5697 2167 5752 Jcsu
2202 5696 2461 5761 Domine,
2498 5694 2593 5765 qui
2627 5698 2758 5749 ante
2788 5692 2999 5749 saecula
3028 5706 3292 5750 manens,
3319 5681 3601 5772 conditio-

1964 5801 2213 5856 ιωωειυε
2262 5785 2582 5840 humanam
2632 5780 2977 5851 suscipiens,
3012 5780 3084 5833 ab
3117 5772 3395 5833 unanimo
3426 5765 3596 5818 disci-
