3968 6340
177 364 287 447 ειὶ

953 382 1441 463 QUERIMONIA
1491 388 1906 453 ADVERSUS
1952 392 2410 455 GUIFREDUM
2457 393 2820 454 ARCHIEP.

3463 391 3582 456 842

178 521 462 578 sacrificia
481 523 886 593 sumebantur,
916 524 970 578 in
989 524 1261 580 manibus
1284 523 1828 580 aurificumJudaeo-
1855 523 1907 590 Α
2009 524 2292 581 Praeterea
2322 530 2688 582 sacramenta
2709 542 2834 597 qua:
2852 524 2998 580 mihi
3019 541 3194 595 super
3213 527 3413 581 sancta
3441 520 3586 580 alta-

180 620 307 668 r'u‘m
335 609 499 668 misit
534 610 607 669 ad
636 613 1082 681 destruendum,
1102 612 1837 685 etHispaniamvenuudari

176 713 276 771 pro
316 698 445 771 ipso
499 699 862 771 episcopatu.
897 700 1137 757 Codices
1172 707 1390 768 autem,
1424 701 1526 772 qui
1558 700 1639 756 ibi
1669 704 1836 757 erant

176 787 346 843 variis
394 788 742 859 generibus,
796 805 914 845 non
965 788 1238 845 meliores
1287 789 1544 862 reliquit.
1593 790 1704 845 Sed
1754 789 1837 844 ita

178 875 325 931 male
355 888 528 932 suam
562 875 868 932 ecclesiam
901 876 1210 949 dissipavit
1241 885 1306 934 ut
1339 879 1515 934 etiam
1545 882 1602 933 et
1640 877 1834 934 clerici

179 966 403 1036 desunt,
436 970 494 1022 et
525 965 627 1037 qui
648 965 796 1022 inibi
818 969 958 1023 sunt
986 967 1192 1039 inopes
1217 972 1273 1023 et
1301 968 1579 1037 mendici,
1613 973 1670 1023 et
1699 968 1834 1024 nul-

176 1054 265 1111 lus
277 1052 522 1127 pulcher
539 1054 601 1110 in
626 1071 692 1111 ea
715 1060 975 1128 apparet.
1001 1056 1126 1112 Non
1143 1055 1502 1130 chlamydes,
1529 1074 1716 1129 neque
1737 1075 1831 1115 ca-

177 1158 278 1216 pas
314 1143 655 1216 polemitas,
689 1161 808 1200 non
839 1144 1126 1216 cyclades,
1161 1163 1275 1200 non
1312 1145 1679 1213 dalmaticas,
1716 1163 1831 1202 non

180 1231 476 1300 cureballi,
502 1250 621 1289 non
640 1230 869 1306 lignum
898 1232 1294 1289 Dominicum.
1324 1233 1534 1289 Omnia
1553 1234 1673 1290 haec
1704 1253 1831 1307 quae

176 1334 213 1377 'a
232 1320 563 1378 conditione
596 1320 677 1376 ibi
708 1321 879 1394 plura
916 1326 1270 1395 congregata
1298 1328 1483 1390 erant,
1518 1326 1618 1379 sed
1652 1325 1831 1380 dissi-

179 1410 328 1484 pavit
355 1427 444 1479 ea,
486 1410 770 1482 deditque
790 1427 894 1482 pro
925 1410 1265 1483 episcopatu
1291 1410 1489 1468 fratris
1519 1412 1631 1467 sui.
1666 1417 1830 1469 Insu-

174 1502 292 1574 per,
323 1501 477 1573 quod
511 1501 685 1573 pejus
723 1503 810 1554 est
853 1503 909 1554 et
949 1499 1350 1568 inhonestum,
1401 1502 1833 1557 commendavit

176 1590 235 1646 se
263 1587 536 1647 manibus
563 1588 639 1644 ad
670 1587 1033 1644 comitissam
1066 1586 1305 1660 Urgelli.
1332 1589 1439 1643 Pro
1472 1606 1589 1661 qua
1620 1607 1680 1644 re
1713 1608 1829 1646 non

176 1676 357 1734 solum
391 1676 565 1744 mihi,
590 1677 690 1732 Sed
714 1678 890 1732 etiam
914 1676 1139 1731 cunctis
1157 1681 1369 1732 nostra:
1401 1677 1601 1749 patriae
1625 1677 1830 1735 nobili-

176 1768 300 1835 bus,
332 1765 391 1821 in
424 1774 714 1838 magnum
740 1765 857 1820 ruit
875 1765 1097 1821 odium.
1120 1767 1242 1829 Quo
1264 1770 1519 1838 peracto,
1545 1783 1828 1841 aggrega-

180 1856 256 1911 vit
271 1854 589 1912 cencilium
615 1871 731 1910 non
753 1855 1049 1953 modicum
1068 1855 1238 1953 juxta
1256 1853 1494 1926 praefata
1509 1856 1667 1953 urbe
1686 1860 1826 1911 Nar-
1854 1862 1904 1953 ﬁ

179 1946 321 2001 bona
340 1943 671 2000 multorum
692 1943 784 2000 sui
807 1943 1038 1998 dioecesi
1064 1942 1492 2016 episcoporum,
1506 1944 1659 1999 inter
1678 1961 1826 2016 quos

183 2032 285 2090 fuit
320 2033 411 2090 hic
469 2031 860 2089 Rai‘mbaldus
909 2029 1271 2087 Arelatensis
1320 2031 1822 2106 archiepiscopus,

176 2127 228 2178 et
280 2123 338 2178 in
386 2112 599 2179 eorum
658 2126 834 2193 atque
888 2123 1223 2176 nostrorum
1265 2122 1530 2176 omnium
1574 2139 1825 2193 praesen-

177 2211 310 2268 tiam
344 2210 595 2283 reliquit
640 2214 880 2266 cunctas
913 2226 1109 2265 armas
1140 2208 1449 2265 militarias
1481 2214 1539 2265 et
1590 2228 1825 2267 omnem

177 2300 360 2356 saeculi
392 2299 702 2368 militiam,
733 2302 908 2370 atque
929 2298 1492 2354 excommunicando
1523 2299 1687 2355 misit
1712 2300 1825 2356 sub

178 2389 481 2446 anathema
523 2392 653 2444 tam
693 2388 1079 2458 semetipsum
1111 2404 1289 2457 quan
1323 2403 1526 2442 omnes
1560 2388 1651 2442 sui
1683 2388 1823 2444 diee-

176 2477 312 2535 eesis
341 2477 674 2550 episcopos,
703 2475 804 2547 qui
828 2475 901 2531 ab
922 2474 1023 2529 illa
1042 2474 1134 2531 die
1155 2473 1427 2546 deinceps
1451 2476 1631 2531 armis
1662 2480 1828 2533 erant

178 2565 482 2640 sumpturi.
532 2565 647 2631 Qui
695 2570 809 2620 non
852 2563 1037 2619 multo
1075 2568 1229 2635 post,
1264 2562 1514 2635 acceptis
1551 2563 1731 2620 armis
1764 2570 1830 2621 ut

178 2654 357 2726 miles,
389 2672 506 2711 non
543 2652 794 2726 corrigia
823 2652 1127 2709 succintus
1163 2651 1405 2722 lumbis,
1436 2654 1537 2708 sed
1569 2654 1741 2724 ferro,
1770 2658 1828 2710 et

179 2743 477 2801 debellavit
502 2758 762 2799 mecum.
797 2742 865 2797 Et
894 2745 1037 2813 quot
1062 2742 1300 2807 mortui,
1344 2746 1487 2812 quot
1514 2741 1823 2811 vulnerati,

179 2836 313 2905 quot
349 2831 708 2900 detruncati,
773 2834 1124 2903 quantasque
1181 2830 1401 2886 adustae
1460 2830 1712 2887 ecclesia:
1772 2835 1829 2887 et

181 2931 381 2980 eXarsa:
411 2922 704 2994 reliquiae,
733 2920 783 2977 si
826 2937 930 2993 per
970 2918 1206 2993 singula
1251 2937 1522 2976 enarrare
1568 2921 1824 2990 voluero,

175 3011 408 3069 fortasse
456 3016 515 3067 et
570 3009 734 3066 vobis
773 3009 922 3065 foret
966 3008 1292 3075 fastidium,
1335 3013 1393 3065 et
1423 3007 1653 3066 facilius
1694 3010 1820 3067 dies

181 3108 349 3173 quam
377 3101 555 3174 copia
575 3098 810 3155 deserit.

239 3191 451 3247 Deinde
498 3192 791 3244 venerunt
845 3185 1103 3260 episcopi
1154 3186 1212 3241 in
1258 3202 1451 3242 meam
1499 3190 1735 3255 terram,
1763 3192 1821 3244 et

179 3294 395 3335 mecum
429 3290 553 3334 una
583 3292 719 3332 cum
750 3276 955 3332 eodem
986 3275 1423 3347 archiepiscopo
1443 3275 1823 3332 firmaverunt
1851 3254 1894 3321 C

179 3372 434 3441 treguam
467 3366 578 3423 Dei
607 3363 1003 3422 inviolabilem
1046 3368 1243 3420 tenere
1272 3364 1331 3419 in
1363 3381 1598 3420 omnem
1630 3380 1821 3422 meam

181 3459 405 3525 terram,
455 3461 638 3526 atque
686 3470 755 3510 ex
802 3454 1006 3510 eadem
1051 3458 1421 3525 corruptores
1461 3454 1821 3511 teterrimam

169 3544 458 3613 justitiam
491 3544 704 3600 facere.
738 3542 901 3599 Unde
932 3543 1087 3598 idem
1119 3541 1593 3614 archiepiscopus
1625 3547 1683 3597 et
1716 3559 1821 3615 ego

178 3631 315 3689 hanc
362 3634 616 3690 fecimus
659 3630 1144 3697 convenientiam,
1187 3635 1254 3686 ut
1304 3631 1375 3686 de
1424 3630 1651 3687 cunctis
1694 3634 1820 3703 quae

176 3723 471 3779 emendata
520 3720 776 3777 fuissent
822 3736 928 3792 per
977 3719 1166 3790 ipsius
1207 3723 1422 3789 treguae
1454 3714 1819 3787 fractionem,

176 3826 284 3868 una
311 3811 603 3868 medietas
634 3808 845 3866 fuisset
883 3809 1135 3881 praefatae
1167 3807 1444 3877 ecclesiae,
1479 3807 1612 3876 alia,
1665 3824 1817 3877 mea,

175 3916 267 3970 pro
294 3899 620 3957 exercenda
639 3897 893 3970 justitia.
938 3898 1053 3970 Ego
1086 3901 1281 3953 autem
1328 3897 1597 3952 consensi
1627 3897 1816 3969 ipsam

174 4002 350 4045 meam
402 3987 781 4045 medietatem
837 3984 1257 4042 condirectioni
1309 3985 1498 4058 ipsius
1538 3985 1813 4043 ecclesiis.

172 4073 273 4132 Sed
294 4076 391 4134 ille
425 4093 548 4132 non
580 4075 639 4131 in
667 4076 795 4146 ejus
829 4072 1342 4143 condirectionem,
1377 4073 1479 4130 sed
1504 4074 1564 4130 in
1596 4075 1822 4131 destru-

173 4164 408 4221 ctionem
441 4164 630 4235 misit,
665 4164 805 4236 quia
833 4167 890 4220 et
914 4163 986 4219 ab
1015 4161 1259 4218 ecclesia
1297 4178 1427 4219 eam
1468 4162 1732 4230 abstulit,
1764 4168 1821 4219 et

170 4252 451 4311 militibus
482 4270 589 4326 per
617 4252 899 4309 solidatas
932 4242 1140 4307 tribuit
1179 4252 1378 4324 potius
1407 4266 1584 4325 quam
1618 4254 1817 4309 decem

173 4341 348 4399 millia
379 4342 625 4400 solidos.
659 4342 784 4406 Qua
804 4341 941 4397 data
963 4340 1079 4396 Deo
1101 4343 1159 4395 et
1178 4340 1404 4396 fortiter
1432 4341 1684 4410 ﬁrmata,
1717 4341 1819 4413 qui

174 4430 336 4499 primi
369 4448 501 4490 eam
536 4435 839 4504 tregerunt
866 4428 927 4484 in
958 4433 1174 4500 ,nostra
1204 4429 1414 4502 patria,
1451 4431 1542 4486 sui
1576 4429 1816 4498 milites,

173 4534 235 4572 ex
262 4537 365 4576 suo
398 4519 661 4577 sitientes
692 4516 954 4590 castello,
978 4518 1321 4574 occiderunt
1352 4536 1535 4574 unum
1568 4517 1817 4575 militem

1943 613 2030 669 ria
2060 613 2335 670 manibus
2357 616 2593 686 juratus
2626 619 2715 670 est
2743 612 2952 681 multa,
2986 629 3248 685 unquam
3296 629 3413 668 non
3442 612 3589 668 mihi

1942 702 2153 769 tenuit,
2191 703 2293 758 sed
2315 703 2512 760 omnia
2541 703 2731 774 fregit.
2762 703 2846 758 Ad
2878 702 3159 758 ultimum
3190 718 3323 758 vere
3368 703 3589 769 bonum

1942 807 2091 862 opus
2119 795 2389 862 operatus
2421 796 2529 858 est,
2554 790 2697 847 satis
2732 791 2848 847 Deo
2880 794 2936 847 et
2961 790 3243 848 universae
3272 790 3429 864 plebi
3446 790 3589 848 Nar-

1942 880 2221 937 bonensis
2235 879 2520 953 placibile.
2556 882 2717 937 Unde
2736 881 2891 937 mala
2923 882 3040 938 haec
3071 881 3271 938 omnia
3293 880 3592 937 oblivisce—

1941 985 2167 1035 ramus,
2190 969 2239 1024 si
2261 968 2429 1025 nobis
2447 969 2505 1025 in
2528 970 2749 1026 bonum
2763 969 3037 1026 venisset.
3062 970 3316 1042 Corpora
3337 986 3590 1042 namque

1941 1061 2278 1113 sanctorum
2322 1058 2475 1113 Justi
2526 1063 2582 1113 et
2628 1059 2906 1125 Pastoris,
2939 1075 3066 1130 quzs
3106 1062 3589 1131 praememoratus

1941 1162 2040 1200 rex
2070 1145 2306 1201 Carolus
2336 1146 2407 1200 ab
2435 1146 2717 1218 Hispania
2746 1148 3033 1215 deferens,
3068 1152 3242 1219 atque
3275 1148 3334 1204 in
3365 1149 3458 1206 via
3487 1165 3581 1205 ca-

1940 1252 2075 1290 rens
2106 1236 2163 1289 in
2198 1235 2434 1306 praefata
2459 1236 2523 1290 in
2555 1253 2755 1307 eorum
2788 1236 3007 1293 honore
3029 1238 3312 1295 aedificata
3340 1238 3587 1295 ecclesia

1941 1323 2223 1379 collocare
2253 1329 2567 1396 optaverat,
2601 1342 2731 1396 quae
2762 1328 2929 1382 nobis
2962 1329 3297 1399 nostrisque
3318 1329 3586 1400 patribus

1941 1412 2196 1468 multum
2227 1418 2394 1468 erant
2422 1417 2639 1484 optata,
2664 1415 2735 1470 ab
2759 1415 2910 1470 idem
2944 1415 3380 1488 archiepiscopo
3397 1416 3590 1489 explo-

1940 1505 2067 1557 rata
2097 1506 2154 1556 et
2173 1505 2363 1573 capta,
2390 1502 2461 1556 ad
2498 1518 2665 1558 suam
2699 1519 2886 1574 usque
2906 1520 3040 1560 eum
3074 1504 3293 1560 honore
3323 1509 3586 1576 asporta-

1936 1590 2017 1644 vit
2043 1590 2374 1656 ecclesiam,
2407 1594 2584 1661 atque
2614 1584 2927 1647 honoriﬁce
2949 1591 3269 1647 collocavit.
3290 1593 3453 1649 Unde
3475 1609 3589 1649 non

1939 1678 2131 1733 solum
2180 1695 2214 1733 a
2243 1695 2356 1744 me,
2414 1680 2515 1735 sed
2574 1681 2751 1735 etiam
2795 1698 2830 1735 a
2886 1680 3012 1736 suis
3058 1681 3283 1737 civibus
3315 1666 3588 1737 laudatus

1937 1771 2110 1839 atque
2140 1765 2387 1823 dilectus
2441 1771 2583 1823 erat.
2616 1768 2724 1832 Qui
2756 1786 2871 1825 non
2904 1769 3088 1829 unite
3118 1775 3271 1842 post,
3324 1758 3588 1843 litigante

1937 1872 2002 1911 eo
2049 1872 2184 1911 cum
2232 1872 2339 1911 suo
2378 1855 2808 1926 archidiacono,
2849 1857 3034 1914 voluit
3074 1858 3306 1914 trahere
3339 1860 3581 1931 praedic-

1932 1948 2125 1999 torum
2175 1960 2416 2016 corpora
2464 1951 2802 2002 sanctorum
2852 1947 2926 2003 ab
2972 1946 3220 2003 ecclesia
3258 1963 3480 2004 eorum.
3513 1949 3583 2005 Et

1933 2049 2037 2105 ego
2075 2033 2272 2105 rogavi
2318 2050 2454 2089 eum
2503 2050 2574 2088 ne
2622 2033 2731 2089 hoc
2761 2035 3013 2102 fecisset,
3052 2042 3111 2092 et
3150 2036 3305 2093 volui
3357 2037 3408 2092 ei
3440 2038 3579 2093 dare

1933 2121 2169 2177 obsides
2190 2138 2293 2193 per
2312 2122 2508 2177 decem
2534 2121 2717 2178 millia
2740 2122 2980 2192 solidos,
3015 2128 3100 2191 ut,
3133 2124 3183 2179 si
3217 2123 3374 2182 ullus
3404 2125 3580 2184 homo

1932 2209 2021 2266 vel
2052 2209 2269 2265 femina
2298 2209 2480 2265 ullam
2501 2211 2615 2265 vim
2634 2211 2685 2267 ei
2700 2212 2917 2269 faceret
2938 2213 3009 2269 de
3031 2213 3294 2286 ipsorum
3325 2215 3585 2287 corpori-

1932 2298 2044 2353 bus
2075 2304 2441 2369 sanctorum,
2482 2305 2585 2357 aut
2613 2301 2685 2356 de
2712 2300 2830 2357 ullo
2863 2318 3105 2359 munere
3143 2290 3228 2360 eis
3257 2304 3452 2361 oblato
3496 2304 3588 2363 vel

1934 2392 2309 2459 prmscnlato,
2345 2405 2450 2461 ego
2481 2390 2551 2444 de
2582 2388 2680 2444 illo
2710 2389 2797 2446 vel
2832 2389 2946 2445 illis
2977 2390 3085 2447 hoc
3117 2391 3465 2449 facientibus
3487 2394 3590 2449 ad-

1926 2476 2091 2546 jutor
2114 2483 2306 2533 essem
2326 2477 2603 2548 przrdicto
2626 2479 2887 2550 pontiﬁci
2911 2495 3014 2552 per
3034 2481 3210 2537 fidem
3233 2498 3350 2538 non
3372 2482 3588 2540 ﬁctam.

1939 2564 2097 2619 Idem
2129 2581 2264 2620 vero
2291 2564 2629 2621 archivelita
2656 2566 2838 2623 voluit
2867 2567 2954 2623 eis
2984 2568 3320 2626 satisfacere
3342 2570 3402 2625 in
3427 2570 3586 2642 judi-

1935 2653 2022 2707 cio
2073 2653 2330 2725 episcopi
2376 2654 2629 2709 Arelate.
2671 2656 2779 2720 Qui
2827 2656 3059 2725 renuit;
3102 2657 3202 2712 sed
3253 2658 3589 2714 substracta

1934 2742 2006 2796 ab
2028 2742 2230 2796 eadem
2252 2742 2400 2796 sede
2429 2746 2732 2798 tantorum
2773 2760 3017 2815 corpora
3047 2748 3385 2801 sanctorum
3417 2734 3585 2802 duxit

1933 2834 1989 2885 et
2019 2829 2325 2887 inhoneste
2356 2828 2659 2886 collocavit
2690 2831 2747 2885 in
2788 2832 3110 2902 quamdam
3154 2831 3434 2890 villanam
3481 2850 3581 2891 ec-

1935 2918 2193 2976 clesiam.
2232 2919 2315 2974 Ibi
2360 2936 2529 2975 suam
2561 2919 2902 2976 cathedram
2945 2921 3267 2989 fabricavit,
3310 2921 3390 2978 ibi
3421 2924 3580 2979 ordi-

1936 3024 2070 3063 nem
2102 3007 2277 3063 suum
2301 3008 2453 3071 fecit,
2473 3007 2553 3063 ibi
2584 3024 2722 3064 suas
2743 3010 2997 3081 synodos
3017 3010 3227 3078 tenuit,
3250 3011 3332 3069 ibi
3354 3012 3580 3070 codices

1936 3100 1993 3152 et
2021 3112 2223 3152 cruces
2252 3100 2308 3152 et
2338 3096 2562 3168 lignum
2584 3097 2955 3155 Dominicum
2977 3100 3316 3172 asportavit,
3350 3100 3431 3157 ibi
3461 3102 3584 3160 c1e‘-

1936 3184 2086 3241 ricos
2116 3184 2316 3257 primae
2334 3185 2511 3253 sedis,
2536 3203 2682 3258 quos
2703 3186 2972 3243 meliores
2996 3188 3238 3262 invenit,
3255 3190 3583 3262 constituit,

1931 3278 1987 3330 et
2020 3274 2101 3328 ita
2124 3273 2344 3345 eligens
2368 3275 2721 3341 membrum,
2752 3282 2929 3348 caput
2944 3276 3182 3348 reliquit
3210 3279 3377 3348 quasi
3407 3284 3583 3353 tugu-

1934 3363 2107 3417 rium.
2136 3363 2379 3433 lnsuper
2400 3362 2592 3417 cuncti
2621 3368 2831 3419 nostra;
2848 3364 3047 3434 patria:
3071 3364 3318 3434 nobiles,
3337 3368 3393 3421 et
3414 3364 3581 3438 plebs

1933 3454 2162 3517 cuncta,
2196 3449 2295 3522 qui
2328 3450 2481 3505 soliti
2512 3455 2652 3506 sunt
2681 3468 2952 3507 occurere
2981 3453 3054 3507 ad
3091 3452 3386 3509 civitatem
3415 3459 3472 3511 et
3500 3458 3575 3512 ad

1931 3540 2131 3595 sedem
2172 3555 2364 3608 suam,
2399 3542 2455 3593 et
2485 3539 2830 3610 pmnitentes
2867 3557 2976 3596 sua
3008 3557 3256 3598 munera
3287 3542 3359 3598 ad
3407 3560 3578 3601 suam

1931 3628 2129 3683 sedem
2151 3626 2289 3683 dare
2307 3631 2482 3698 atque
2500 3632 2848 3698 praesentare
2874 3627 3221 3716 solentibus,
3244 3630 3581 3704 multosque

1929 3716 2252 3789 adjutorios
2282 3716 2353 3770 ad
2382 3732 2615 3787 operam
2651 3733 2768 3771 suae
2788 3716 3042 3773 ecclesiae
3074 3718 3446 3789 facientibus,
3476 3721 3579 3776 ab-

1929 3805 2113 3873 stulit,
2158 3809 2215 3861 et
2262 3819 2509 3860 munera
2545 3804 2647 3860 illa
2677 3805 2802 3861 suis
2835 3805 3125 3863 militibus
3156 3802 3260 3879 per
3296 3808 3579 3866 solidatas

1928 3894 2155 3962 tribuit,
2188 3896 2246 3949 et
2276 3909 2445 3949 suam
2477 3892 2780 3950 ecclesiam
2813 3894 3106 3951 desertam
3137 3899 3195 3951 et
3220 3894 3349 3952 sine
3386 3897 3578 3969 capite

1929 3981 2265 4053 dereliquit.

1998 4072 2239 4127 Interim
2270 4087 2403 4127 vero
2425 4070 2577 4127 idem
2610 4072 3087 4145 archiepiscopus
3106 4073 3316 4129 habuit
3345 4091 3576 4132 mecum

1928 4160 2231 4232 placitum,
2259 4165 2316 4217 et
2338 4161 2687 4216 constrinxit
2709 4177 2801 4217 me
2829 4161 2879 4217 ei
2913 4162 2983 4217 ad
3016 4179 3191 4218 suum
3223 4162 3459 4219 libitum
3490 4180 3579 4221 sa-

1927 4249 2219 4316 tisfacere,
2251 4255 2308 4305 et
2325 4249 2470 4304 dixit
2492 4249 2633 4304 mihi
2655 4267 2831 4305 suum
2855 4251 3080 4306 dictum
3101 4255 3157 4307 et
3177 4252 3376 4321 fidem,
3399 4269 3578 4325 quam

1927 4337 2229 4395 meliorem
2259 4338 2310 4394 ei
2344 4339 2639 4409 requirere
2668 4339 2851 4410 potui,
2877 4342 2942 4395 ut
2966 4344 3024 4395 et
3051 4340 3124 4395 ad
3164 4341 3363 4396 sedem
3407 4358 3578 4397 suam

1928 4428 2141 4484 rediret
2195 4431 2253 4482 et
2308 4443 2555 4499 corpora
2605 4430 2809 4483 sancta
2862 4426 2922 4482 in
2964 4444 3032 4483 ea
3079 4427 3430 4485 restitueret.
3469 4430 3577 4495 Qui

1928 4515 2211 4573 mentitus
2242 4519 2331 4572 est
2355 4514 2521 4585 mihi,
2548 4515 2671 4583 sed,
2706 4520 2771 4571 ut
2794 4515 2938 4571 mihi
2962 4516 3072 4571 fuit
3093 4521 3362 4586 testatus,
3386 4519 3576 4574 facere

174 4623 359 4665 meum
390 4609 452 4665 in
485 4613 753 4682 treguam
795 4607 916 4676 Dei,
952 4612 1008 4663 et
1042 4607 1256 4663 retinui
1298 4606 1622 4665 homicidas
1661 4607 1815 4677 illos,
1847 4623 1894 4688 D
1925 4604 2136 4674 noluit,
2170 4609 2226 4661 et
2255 4608 2344 4661 est
2368 4604 2513 4660 mihi
2544 4604 2827 4660 mentitus
2849 4621 3022 4660 suum
3055 4606 3277 4661 dictum
3311 4610 3371 4662 et
3398 4623 3571 4665 suam

173 4700 226 4750 et
252 4697 478 4754 nullam
509 4696 668 4769 quivi
699 4698 769 4752 ab
802 4713 869 4753 eo
908 4695 1220 4769 impetrare
1254 4695 1567 4768 justitiam.
1599 4697 1818 4753 Deinde

172 4778 366 4842 Petrus
396 4785 716 4842 Raimundi
760 4784 1179 4842 Biterrensium
1213 4802 1409 4842 comes
1451 4785 1512 4841 in
1548 4790 1816 4859 treguam

175 4864 267 4929 Dei
314 4872 554 4930 violavit
602 4873 911 4932 ecclesiam
963 4874 1188 4930 sanctae
1237 4874 1451 4943 Marias,
1486 4875 1817 4931 cmnobium

178 4958 280 5017 loci
311 4963 503 5032 electi,
538 4964 637 5020 ubi
670 4963 988 5019 miriﬁcum
1022 4963 1271 5022 habetur
1300 4964 1527 5036 lignum
1564 4964 1817 5021 Domini-

175 5064 320 5119 cum,
353 5058 410 5108 et
441 5053 687 5108 extraxit
709 5053 781 5108 ab
815 5053 949 5107 inde
981 5052 1129 5107 duos
1154 5052 1374 5108 milites
1395 5052 1704 5108 inclinatos
1735 5057 1822 5108 at-

178 5152 281 5208 que
313 5140 603 5210 innoxios,
637 5145 694 5197 et
726 5158 909 5196 unum
941 5158 1010 5197 ex
1049 5141 1156 5208 eis,
1190 5142 1291 5213 qui
1324 5145 1449 5197 erat
1473 5141 1823 5212 consangui-

180 5241 315 5284 neus
362 5244 552 5299 meus,
596 5229 876 5302 pependit
920 5230 980 5286 in
1026 5230 1207 5304 ligno,
1268 5235 1325 5285 et
1375 5228 1581 5285 occisit
1637 5233 1826 5285 morte

183 5315 414 5386 crudeli,
449 5317 621 5389 quasi
652 5316 924 5390 cleptem.
957 5318 1121 5375 Unde
1152 5319 1309 5375 idem
1350 5317 1827 5390 archiepiscopus

180 5400 306 5461 talis
334 5406 689 5480 suffragator
721 5407 944 5463 exstitit
989 5413 1054 5463 ut
1083 5408 1259 5464 etiam
1299 5406 1612 5478 sacrilegos
1634 5410 1691 5460 et
1718 5404 1827 5460 ho-

185 5491 422 5551 micidas
451 5494 583 5551 illos
613 5495 672 5550 in
706 5512 815 5553 sua
846 5496 909 5552 se
943 5497 1239 5553 mittentes
1262 5500 1547 5570 potestate
1576 5494 1826 5567 patroci-

188 5582 355 5653 navit,
387 5584 859 5658 suﬂ‘ragatorque
889 5602 1092 5643 eorum
1124 5586 1346 5645 exstitit
1374 5588 1431 5642 et
1458 5583 1519 5641 in
1549 5599 1615 5642 eo
1647 5581 1827 5642 ullam

191 5685 300 5729 non
329 5671 488 5730 v'alui
513 5673 773 5730 invenire
795 5672 1112 5744 justitiam.

502 5800 766 5867 Pareat.
812 5800 1071 5868 CXLIII.

1927 4695 2125 4751 ﬁdem.
2160 4694 2377 4751 Deinde
2398 4695 2609 4765 conjux
2631 4709 2760 4749 mea
2776 4692 2980 4750 videns
3002 4710 3137 4749 eum
3159 4694 3384 4765 rogavit
3404 4695 3573 4752 resti-

1926 4788 2087 4839 tuere
2100 4800 2343 4855 cerpora
2362 4787 2585 4854 sancta,
2601 4788 2659 4838 et
2673 4782 2964 4850 idemipse
2977 4784 3047 4839 ad
3067 4783 3385 4840 Ecclesiam
3403 4792 3573 4843 suam

1927 4872 2138 4937 redire,
2153 4873 2557 4944 directumque
2571 4881 2835 4928 nostrum
2850 4889 3029 4945 supra
3041 4874 3275 4929 modum
3290 4875 3575 4948 accipere,

1930 4976 2119 5033 neque
2144 4962 2347 5017 audire
2369 4961 2580 5029 voluit;
2609 4962 2710 5017 sed
2728 4965 2970 5018 testatus
2987 4966 3076 5018 est
3091 4963 3141 5018 ei
3162 4962 3580 5021 Altitonantem

1932 5054 2142 5108 ducere
2172 5051 2302 5124 ipsa
2332 5055 2536 5107 sancta
2569 5068 2810 5124 corpora
2842 5052 2900 5107 in
2932 5051 3123 5109 aliena
3150 5053 3359 5125 patria,
3392 5060 3450 5112 et
3486 5072 3582 5111 us-

1934 5158 2047 5213 que
2078 5140 2136 5194 in
2170 5144 2452 5195 aeternum
2485 5140 2654 5195 nobis
2686 5157 2800 5194 non
2830 5157 2958 5195 esse
2997 5144 3412 5212 recuperanda.
3447 5144 3582 5208 Quae

1936 5229 2203 5297 audiens,
2237 5233 2525 5297 metuens,
2560 5245 2631 5284 ne
2663 5229 3303 5301 subito,sicutjuratus
3331 5236 3439 5299 est,
3475 5231 3585 5286 hoc

1937 5319 2149 5373 faceret
2202 5334 2294 5372 me
2325 5318 2565 5373 absente
2597 5321 2653 5372 et
2682 5317 3005 5390 ignorante,
3039 5319 3147 5371 fuit
3178 5319 3250 5374 ad
3280 5318 3583 5390 praefatam

1935 5404 2085 5461 villae
2117 5403 2445 5473 ecclesiam,
2479 5422 2593 5460 non
2635 5405 2827 5460 adhuc
2857 5409 3278 5473 consecratam,
3326 5408 3382 5459 et
3411 5402 3587 5458 traxit

1939 5493 2146 5550 exinde
2176 5509 2421 5566 corpora
2452 5498 2676 5563 sancta,
2710 5493 3079 5562 restituitque
3108 5495 3167 5544 et
3193 5490 3460 5549 condidit
3487 5490 3589 5544 ho-

1939 5579 2179 5638 noriﬁce
2207 5580 2269 5636 in
2300 5584 2499 5639 sedem
2533 5599 2725 5640 suam.
2766 5580 2983 5638 Deinde
3012 5577 3230 5646 conju‘x
3270 5595 3421 5644 mea,
3453 5593 3592 5647 pro-

1942 5672 2126 5732 strata
2144 5684 2343 5729 coram
2358 5688 2445 5745 eo,
2462 5688 2636 5728 suum
2652 5665 2964 5746 postulavit
2983 5663 3253 5735 accipere
3277 5666 3595 5735 directum;

3200 5794 3285 5877 2'1
