  <div class='ocr_page' id='page_1' title='image "/cluster/home/n/w/nwhite01/storage/ocr_20150623/142-143/uc1.31175018423130/1161.png"; bbox 0 0 3916 6392; ppageno 0'>
   <div class='ocr_carea' id='block_1_1' title="bbox 339 348 455 440">
    <p class='ocr_par' dir='ltr' id='par_1_1' title="bbox 339 348 455 440">
     <span class='ocr_line' id='line_1_1' title="bbox 339 348 455 440; baseline 0.009 -30"><span class='ocrx_word' id='word_1_1' title='bbox 339 348 455 440; x_wconf 80' lang='grc'><strong>843</strong></span> 
     </span>
    </p>
   </div>
   <div class='ocr_carea' id='block_1_2' title="bbox 879 333 3161 408">
    <p class='ocr_par' dir='ltr' id='par_1_2' title="bbox 879 333 3161 408">
     <span class='ocr_line' id='line_1_2' title="bbox 879 333 3161 408; baseline -0.004 -1"><span class='ocrx_word' id='word_1_2' title='bbox 879 345 1190 408; x_wconf 87' lang='lat' dir='ltr'><strong>THEUZO</strong></span> <span class='ocrx_word' id='word_1_3' title='bbox 1231 342 1586 405; x_wconf 81' lang='lat' dir='ltr'><strong>EREMITA</strong></span> <span class='ocrx_word' id='word_1_4' title='bbox 1628 342 1726 402; x_wconf 80' lang='lat' dir='ltr'><strong>ET</strong></span> <span class='ocrx_word' id='word_1_5' title='bbox 1770 337 2220 401; x_wconf 85' lang='lat' dir='ltr'><strong>MONACHUS.</strong></span> <span class='ocrx_word' id='word_1_6' title='bbox 2253 369 2329 382; x_wconf 91' lang='lat'><strong><em>—</em></strong></span> <span class='ocrx_word' id='word_1_7' title='bbox 2358 337 2676 400; x_wconf 81' lang='lat' dir='ltr'><strong>NOTITIA</strong></span> <span class='ocrx_word' id='word_1_8' title='bbox 2719 333 3161 401; x_wconf 81' lang='lat' dir='ltr'><strong>HISTORIGA.</strong></span> 
     </span>
    </p>
   </div>
   <div class='ocr_carea' id='block_1_3' title="bbox 3629 337 3772 397">
    <p class='ocr_par' dir='ltr' id='par_1_3' title="bbox 3629 337 3772 397">
     <span class='ocr_line' id='line_1_3' title="bbox 3629 337 3772 397; baseline 0 0"><span class='ocrx_word' id='word_1_9' title='bbox 3629 337 3772 397; x_wconf 71' lang='grc'>844</span> 
     </span>
    </p>
   </div>
   <div class='ocr_carea' id='block_1_4' title="bbox 341 467 3771 554">
    <p class='ocr_par' dir='ltr' id='par_1_4' title="bbox 341 467 3771 554">
     <span class='ocr_line' id='line_1_4' title="bbox 341 467 3771 554; baseline -0.004 -17"><span class='ocrx_word' id='word_1_10' title='bbox 341 483 438 554; x_wconf 90' lang='lat' dir='ltr'><strong>qui</strong></span> <span class='ocrx_word' id='word_1_11' title='bbox 468 479 677 536; x_wconf 88' lang='lat' dir='ltr'><strong>renuit.</strong></span> <span class='ocrx_word' id='word_1_12' title='bbox 705 478 824 552; x_wconf 87' lang='lat' dir='ltr'><strong>Ego</strong></span> <span class='ocrx_word' id='word_1_13' title='bbox 855 481 1050 534; x_wconf 88' lang='lat' dir='ltr'><strong>autem</strong></span> <span class='ocrx_word' id='word_1_14' title='bbox 1081 476 1384 532; x_wconf 78' lang='lat' dir='ltr'><strong>confestim</strong></span> <span class='ocrx_word' id='word_1_15' title='bbox 1423 478 1488 530; x_wconf 90' lang='lat' dir='ltr'><strong>ut</strong></span> <span class='ocrx_word' id='word_1_16' title='bbox 1513 474 1622 530; x_wconf 88' lang='lat' dir='ltr'><strong>hoc</strong></span> <span class='ocrx_word' id='word_1_17' title='bbox 1667 473 1815 539; x_wconf 79' lang='lat' dir='ltr'><strong>novi,</strong></span> <span class='ocrx_word' id='word_1_18' title='bbox 1848 470 1964 526; x_wconf 90' lang='lat' dir='ltr'><strong>vidi</strong></span> <span class='ocrx_word' id='word_1_19' title='bbox 1997 469 2050 536; x_wconf 72' lang='grc' dir='ltr'>Α</span> <span class='ocrx_word' id='word_1_20' title='bbox 2080 469 2421 538; x_wconf 80' lang='lat' dir='ltr'><strong>stiﬁeentur,</strong></span> <span class='ocrx_word' id='word_1_21' title='bbox 2455 469 2554 540; x_wconf 90' lang='lat' dir='ltr'><strong>qui</strong></span> <span class='ocrx_word' id='word_1_22' title='bbox 2577 469 2647 525; x_wconf 87' lang='lat' dir='ltr'><strong>ab</strong></span> <span class='ocrx_word' id='word_1_23' title='bbox 2675 485 2742 526; x_wconf 89' lang='lat' dir='ltr'><strong>eo</strong></span> <span class='ocrx_word' id='word_1_24' title='bbox 2764 473 2903 526; x_wconf 88' lang='lat' dir='ltr'><strong>sunt</strong></span> <span class='ocrx_word' id='word_1_25' title='bbox 2918 467 3191 526; x_wconf 79' lang='lat' dir='ltr'><strong>ordinati.</strong></span> <span class='ocrx_word' id='word_1_26' title='bbox 3215 467 3419 540; x_wconf 82' lang='lat' dir='ltr'><strong>Neque</strong></span> <span class='ocrx_word' id='word_1_27' title='bbox 3451 468 3771 526; x_wconf 82' lang='lat' dir='ltr'><strong>ecclesias</strong></span> 
     </span>
    </p>
   </div>
   <div class='ocr_carea' id='block_1_5' title="bbox 342 559 1971 644">
    <p class='ocr_par' dir='ltr' id='par_1_5' title="bbox 342 559 1971 644">
     <span class='ocr_line' id='line_1_5' title="bbox 342 559 1971 644; baseline -0.007 -20"><span class='ocrx_word' id='word_1_28' title='bbox 342 570 644 644; x_wconf 68' lang='lat' dir='ltr'><strong>praelatum</strong></span> <span class='ocrx_word' id='word_1_29' title='bbox 674 565 1194 638; x_wconf 81' lang='lat' dir='ltr'><strong>archiepiscopum,</strong></span> <span class='ocrx_word' id='word_1_30' title='bbox 1211 563 1478 635; x_wconf 85' lang='lat' dir='ltr'><strong>voluique</strong></span> <span class='ocrx_word' id='word_1_31' title='bbox 1501 563 1549 617; x_wconf 91' lang='lat' dir='ltr'><strong>ei</strong></span> <span class='ocrx_word' id='word_1_32' title='bbox 1574 563 1864 615; x_wconf 75' lang='lat' dir='ltr'><strong>afﬁrmare</strong></span> <span class='ocrx_word' id='word_1_33' title='bbox 1887 559 1971 614; x_wconf 90' lang='lat' dir='ltr'><strong>di-</strong></span> 
     </span>
    </p>
   </div>
   <div class='ocr_carea' id='block_1_6' title="bbox 344 649 1974 724">
    <p class='ocr_par' dir='ltr' id='par_1_6' title="bbox 344 649 1974 724">
     <span class='ocr_line' id='line_1_6' title="bbox 344 649 1974 724; baseline -0.007 -12"><span class='ocrx_word' id='word_1_34' title='bbox 344 661 566 714; x_wconf 88' lang='lat' dir='ltr'><strong>rectum</strong></span> <span class='ocrx_word' id='word_1_35' title='bbox 595 659 652 712; x_wconf 88' lang='lat' dir='ltr'><strong>et</strong></span> <span class='ocrx_word' id='word_1_36' title='bbox 679 655 750 711; x_wconf 90' lang='lat' dir='ltr'><strong>de</strong></span> <span class='ocrx_word' id='word_1_37' title='bbox 781 671 873 710; x_wconf 92' lang='lat' dir='ltr'><strong>me</strong></span> <span class='ocrx_word' id='word_1_38' title='bbox 905 658 961 710; x_wconf 88' lang='lat' dir='ltr'><strong>et</strong></span> <span class='ocrx_word' id='word_1_39' title='bbox 989 655 1060 708; x_wconf 88' lang='lat' dir='ltr'><strong>de</strong></span> <span class='ocrx_word' id='word_1_40' title='bbox 1089 653 1333 724; x_wconf 87' lang='lat' dir='ltr'><strong>conjuge</strong></span> <span class='ocrx_word' id='word_1_41' title='bbox 1365 669 1492 706; x_wconf 86' lang='lat' dir='ltr'><strong>mea</strong></span> <span class='ocrx_word' id='word_1_42' title='bbox 1519 655 1576 706; x_wconf 89' lang='lat' dir='ltr'><strong>et</strong></span> <span class='ocrx_word' id='word_1_43' title='bbox 1603 650 1673 704; x_wconf 91' lang='lat' dir='ltr'><strong>de</strong></span> <span class='ocrx_word' id='word_1_44' title='bbox 1700 649 1974 704; x_wconf 86' lang='lat' dir='ltr'><strong>omnibus</strong></span> 
     </span>
    </p>
   </div>
   <div class='ocr_carea' id='block_1_7' title="bbox 346 736 1975 816">
    <p class='ocr_par' dir='ltr' id='par_1_7' title="bbox 346 736 1975 816">
     <span class='ocr_line' id='line_1_7' title="bbox 346 736 1975 816; baseline -0.007 -14"><span class='ocrx_word' id='word_1_45' title='bbox 346 745 492 802; x_wconf 83' lang='lat' dir='ltr'><strong>meis</strong></span> <span class='ocrx_word' id='word_1_46' title='bbox 524 743 824 816; x_wconf 87' lang='lat' dir='ltr'><strong>injudicio</strong></span> <span class='ocrx_word' id='word_1_47' title='bbox 844 743 935 798; x_wconf 92' lang='lat' dir='ltr'><strong>sui</strong></span> <span class='ocrx_word' id='word_1_48' title='bbox 957 741 1183 797; x_wconf 79' lang='lat' dir='ltr'><strong>dimcesi</strong></span> <span class='ocrx_word' id='word_1_49' title='bbox 1208 741 1608 812; x_wconf 87' lang='lat' dir='ltr'><strong>episcoporum</strong></span> <span class='ocrx_word' id='word_1_50' title='bbox 1639 742 1694 793; x_wconf 85' lang='lat' dir='ltr'><strong>et</strong></span> <span class='ocrx_word' id='word_1_51' title='bbox 1721 736 1975 809; x_wconf 84' lang='lat' dir='ltr'><strong>episcopi</strong></span> 
     </span>
    </p>
   </div>
   <div class='ocr_carea' id='block_1_8' title="bbox 345 825 1976 906">
    <p class='ocr_par' dir='ltr' id='par_1_8' title="bbox 345 825 1976 906">
     <span class='ocr_line' id='line_1_8' title="bbox 345 825 1976 906; baseline -0.006 -17"><span class='ocrx_word' id='word_1_52' title='bbox 345 833 579 889; x_wconf 86' lang='lat' dir='ltr'><strong>Arelate</strong></span> <span class='ocrx_word' id='word_1_53' title='bbox 600 849 702 906; x_wconf 90' lang='lat' dir='ltr'><strong>per</strong></span> <span class='ocrx_word' id='word_1_54' title='bbox 721 833 917 888; x_wconf 88' lang='lat' dir='ltr'><strong>decem</strong></span> <span class='ocrx_word' id='word_1_55' title='bbox 939 829 1122 884; x_wconf 91' lang='lat' dir='ltr'><strong>millia</strong></span> <span class='ocrx_word' id='word_1_56' title='bbox 1145 828 1380 896; x_wconf 86' lang='lat' dir='ltr'><strong>solidos;</strong></span> <span class='ocrx_word' id='word_1_57' title='bbox 1408 827 1513 899; x_wconf 80' lang='lat' dir='ltr'><strong>qui</strong></span> <span class='ocrx_word' id='word_1_58' title='bbox 1532 826 1741 880; x_wconf 89' lang='lat' dir='ltr'><strong>renuit.</strong></span> <span class='ocrx_word' id='word_1_59' title='bbox 1761 825 1976 881; x_wconf 78' lang='lat' dir='ltr'><strong>Deinde</strong></span> 
     </span>
    </p>
   </div>
   <div class='ocr_carea' id='block_1_9' title="bbox 345 915 1973 994">
    <p class='ocr_par' dir='ltr' id='par_1_9' title="bbox 345 915 1973 994">
     <span class='ocr_line' id='line_1_9' title="bbox 345 915 1973 994; baseline -0.007 -15"><span class='ocrx_word' id='word_1_60' title='bbox 345 922 405 979; x_wconf 92' lang='lat' dir='ltr'><strong>in</strong></span> <span class='ocrx_word' id='word_1_61' title='bbox 429 921 652 994; x_wconf 89' lang='lat' dir='ltr'><strong>judicio</strong></span> <span class='ocrx_word' id='word_1_62' title='bbox 682 919 854 994; x_wconf 89' lang='lat' dir='ltr'><strong>legati</strong></span> <span class='ocrx_word' id='word_1_63' title='bbox 885 917 1183 990; x_wconf 80' lang='lat' dir='ltr'><strong>apostolici</strong></span> <span class='ocrx_word' id='word_1_64' title='bbox 1217 922 1271 971; x_wconf 88' lang='lat' dir='ltr'><strong>et</strong></span> <span class='ocrx_word' id='word_1_65' title='bbox 1302 917 1478 986; x_wconf 83' lang='lat' dir='ltr'><strong>hujus</strong></span> <span class='ocrx_word' id='word_1_66' title='bbox 1504 920 1714 969; x_wconf 69' lang='lat' dir='ltr'><strong>saneta:</strong></span> <span class='ocrx_word' id='word_1_67' title='bbox 1749 915 1973 986; x_wconf 78' lang='lat' dir='ltr'><strong>synodi;</strong></span> 
     </span>
    </p>
   </div>
   <div class='ocr_carea' id='block_1_10' title="bbox 345 1003 1976 1082">
    <p class='ocr_par' dir='ltr' id='par_1_10' title="bbox 345 1003 1976 1082">
     <span class='ocr_line' id='line_1_10' title="bbox 345 1003 1976 1082; baseline -0.007 -14"><span class='ocrx_word' id='word_1_68' title='bbox 345 1017 402 1068; x_wconf 90' lang='lat' dir='ltr'><strong>et</strong></span> <span class='ocrx_word' id='word_1_69' title='bbox 425 1009 822 1082; x_wconf 86' lang='lat' dir='ltr'><strong>hunesprevit.</strong></span> <span class='ocrx_word' id='word_1_70' title='bbox 840 1007 922 1062; x_wconf 87' lang='lat' dir='ltr'><strong>Ad</strong></span> <span class='ocrx_word' id='word_1_71' title='bbox 945 1006 1216 1061; x_wconf 88' lang='lat' dir='ltr'><strong>ultimum</strong></span> <span class='ocrx_word' id='word_1_72' title='bbox 1232 1022 1362 1060; x_wconf 87' lang='lat' dir='ltr'><strong>vero</strong></span> <span class='ocrx_word' id='word_1_73' title='bbox 1376 1003 1687 1058; x_wconf 83' lang='lat' dir='ltr'><strong>exclamavi</strong></span> <span class='ocrx_word' id='word_1_74' title='bbox 1711 1009 1976 1058; x_wconf 88' lang='lat' dir='ltr'><strong>sanctum</strong></span> 
     </span>
    </p>
   </div>
   <div class='ocr_carea' id='block_1_11' title="bbox 347 1092 1977 1168">
    <p class='ocr_par' dir='ltr' id='par_1_11' title="bbox 347 1092 1977 1168">
     <span class='ocr_line' id='line_1_11' title="bbox 347 1092 1977 1168; baseline -0.006 -12"><span class='ocrx_word' id='word_1_75' title='bbox 347 1101 581 1157; x_wconf 88' lang='lat' dir='ltr'><strong>Petrum</strong></span> <span class='ocrx_word' id='word_1_76' title='bbox 613 1096 970 1168; x_wconf 88' lang='lat' dir='ltr'><strong>etjudicium</strong></span> <span class='ocrx_word' id='word_1_77' title='bbox 995 1095 1191 1150; x_wconf 82' lang='lat' dir='ltr'><strong>domui</strong></span> <span class='ocrx_word' id='word_1_78' title='bbox 1217 1093 1513 1165; x_wconf 80' lang='lat' dir='ltr'><strong>apostolici</strong></span> <span class='ocrx_word' id='word_1_79' title='bbox 1537 1092 1760 1147; x_wconf 89' lang='lat' dir='ltr'><strong>utirem</strong></span> <span class='ocrx_word' id='word_1_80' title='bbox 1785 1110 1977 1148; x_wconf 88' lang='lat' dir='ltr'><strong>coram</strong></span> 
     </span>
    </p>
   </div>
   <div class='ocr_carea' id='block_1_12' title="bbox 350 1180 1979 1256">
    <p class='ocr_par' dir='ltr' id='par_1_12' title="bbox 350 1180 1979 1256">
     <span class='ocr_line' id='line_1_12' title="bbox 350 1180 1979 1256; baseline -0.006 -13"><span class='ocrx_word' id='word_1_81' title='bbox 350 1204 437 1253; x_wconf 92' lang='lat' dir='ltr'><strong>eo,</strong></span> <span class='ocrx_word' id='word_1_82' title='bbox 468 1187 601 1242; x_wconf 89' lang='lat' dir='ltr'><strong>etin</strong></span> <span class='ocrx_word' id='word_1_83' title='bbox 631 1186 756 1256; x_wconf 91' lang='lat' dir='ltr'><strong>ejus</strong></span> <span class='ocrx_word' id='word_1_84' title='bbox 787 1201 960 1238; x_wconf 89' lang='lat' dir='ltr'><strong>manu</strong></span> <span class='ocrx_word' id='word_1_85' title='bbox 993 1182 1045 1237; x_wconf 91' lang='lat' dir='ltr'><strong>ei</strong></span> <span class='ocrx_word' id='word_1_86' title='bbox 1079 1182 1432 1236; x_wconf 79' lang='lat' dir='ltr'><strong>afﬁrmarem</strong></span> <span class='ocrx_word' id='word_1_87' title='bbox 1473 1181 1776 1236; x_wconf 87' lang='lat' dir='ltr'><strong>directum.</strong></span> <span class='ocrx_word' id='word_1_88' title='bbox 1815 1180 1979 1234; x_wconf 89' lang='lat' dir='ltr'><strong>Ilunc</strong></span> 
     </span>
    </p>
   </div>
   <div class='ocr_carea' id='block_1_13' title="bbox 352 1268 1982 1346">
    <p class='ocr_par' dir='ltr' id='par_1_13' title="bbox 352 1268 1982 1346">
     <span class='ocr_line' id='line_1_13' title="bbox 352 1268 1982 1346; baseline -0.006 -15"><span class='ocrx_word' id='word_1_89' title='bbox 352 1275 534 1331; x_wconf 88' lang='lat' dir='ltr'><strong>multo</strong></span> <span class='ocrx_word' id='word_1_90' title='bbox 556 1272 940 1346; x_wconf 88' lang='lat' dir='ltr'><strong>parvipendit;</strong></span> <span class='ocrx_word' id='word_1_91' title='bbox 956 1271 1056 1326; x_wconf 89' lang='lat' dir='ltr'><strong>sed</strong></span> <span class='ocrx_word' id='word_1_92' title='bbox 1073 1268 1982 1326; x_wconf 79' lang='lat' dir='ltr'><strong>excommunicavitinclementer</strong></span> 
     </span>
    </p>
   </div>
   <div class='ocr_carea' id='block_1_14' title="bbox 351 1357 1978 1434">
    <p class='ocr_par' dir='ltr' id='par_1_14' title="bbox 351 1357 1978 1434">
     <span class='ocr_line' id='line_1_14' title="bbox 351 1357 1978 1434; baseline -0.006 -15"><span class='ocrx_word' id='word_1_93' title='bbox 351 1367 524 1434; x_wconf 87' lang='lat' dir='ltr'><strong>atque</strong></span> <span class='ocrx_word' id='word_1_94' title='bbox 551 1361 771 1433; x_wconf 84' lang='lat' dir='ltr'><strong>injuste</strong></span> <span class='ocrx_word' id='word_1_95' title='bbox 801 1375 894 1414; x_wconf 91' lang='lat' dir='ltr'><strong>me</strong></span> <span class='ocrx_word' id='word_1_96' title='bbox 919 1363 975 1414; x_wconf 87' lang='lat' dir='ltr'><strong>et</strong></span> <span class='ocrx_word' id='word_1_97' title='bbox 1007 1374 1196 1412; x_wconf 84' lang='lat' dir='ltr'><strong>meam</strong></span> <span class='ocrx_word' id='word_1_98' title='bbox 1217 1373 1476 1424; x_wconf 82' lang='lat' dir='ltr'><strong>uxorem,</strong></span> <span class='ocrx_word' id='word_1_99' title='bbox 1495 1373 1771 1427; x_wconf 87' lang='lat' dir='ltr'><strong>meosque</strong></span> <span class='ocrx_word' id='word_1_100' title='bbox 1792 1357 1978 1411; x_wconf 86' lang='lat' dir='ltr'><strong>infan-</strong></span> 
     </span>
    </p>
   </div>
   <div class='ocr_carea' id='block_1_15' title="bbox 350 1443 1983 1519">
    <p class='ocr_par' dir='ltr' id='par_1_15' title="bbox 350 1443 1983 1519">
     <span class='ocr_line' id='line_1_15' title="bbox 350 1443 1983 1519; baseline -0.004 -11"><span class='ocrx_word' id='word_1_101' title='bbox 350 1456 458 1519; x_wconf 85' lang='lat' dir='ltr'><strong>tes,</strong></span> <span class='ocrx_word' id='word_1_102' title='bbox 492 1454 549 1507; x_wconf 89' lang='lat' dir='ltr'><strong>et</strong></span> <span class='ocrx_word' id='word_1_103' title='bbox 565 1465 800 1506; x_wconf 89' lang='lat' dir='ltr'><strong>omnem</strong></span> <span class='ocrx_word' id='word_1_104' title='bbox 832 1451 1087 1503; x_wconf 86' lang='lat' dir='ltr'><strong>nostram</strong></span> <span class='ocrx_word' id='word_1_105' title='bbox 1120 1449 1358 1509; x_wconf 89' lang='lat' dir='ltr'><strong>terram,</strong></span> <span class='ocrx_word' id='word_1_106' title='bbox 1388 1449 1508 1499; x_wconf 87' lang='lat' dir='ltr'><strong>tam</strong></span> <span class='ocrx_word' id='word_1_107' title='bbox 1541 1443 1870 1512; x_wconf 71' lang='lat' dir='ltr'><strong>crudeliter,</strong></span> <span class='ocrx_word' id='word_1_108' title='bbox 1903 1445 1983 1501; x_wconf 87' lang='lat' dir='ltr'><strong>ita</strong></span> 
     </span>
    </p>
   </div>
   <div class='ocr_carea' id='block_1_16' title="bbox 351 1531 1982 1608">
    <p class='ocr_par' dir='ltr' id='par_1_16' title="bbox 351 1531 1982 1608">
     <span class='ocr_line' id='line_1_16' title="bbox 351 1531 1982 1608; baseline -0.004 -14"><span class='ocrx_word' id='word_1_109' title='bbox 351 1544 419 1595; x_wconf 88' lang='lat' dir='ltr'><strong>ut</strong></span> <span class='ocrx_word' id='word_1_110' title='bbox 445 1537 643 1594; x_wconf 89' lang='lat' dir='ltr'><strong>nullus</strong></span> <span class='ocrx_word' id='word_1_111' title='bbox 676 1536 757 1592; x_wconf 89' lang='lat' dir='ltr'><strong>ibi</strong></span> <span class='ocrx_word' id='word_1_112' title='bbox 778 1535 1104 1608; x_wconf 78' lang='lat' dir='ltr'><strong>baptizatur</strong></span> <span class='ocrx_word' id='word_1_113' title='bbox 1131 1534 1230 1604; x_wconf 81' lang='lat'><strong>(3),</strong></span> <span class='ocrx_word' id='word_1_114' title='bbox 1253 1549 1357 1586; x_wconf 89' lang='lat' dir='ltr'><strong>nec</strong></span> <span class='ocrx_word' id='word_1_115' title='bbox 1379 1531 1854 1600; x_wconf 87' lang='lat' dir='ltr'><strong>communicetur,</strong></span> <span class='ocrx_word' id='word_1_116' title='bbox 1880 1551 1982 1588; x_wconf 91' lang='lat' dir='ltr'><strong>nec</strong></span> 
     </span>
    </p>
   </div>
   <div class='ocr_carea' id='block_1_17' title="bbox 353 1621 1980 1700">
    <p class='ocr_par' dir='ltr' id='par_1_17' title="bbox 353 1621 1980 1700">
     <span class='ocr_line' id='line_1_17' title="bbox 353 1621 1980 1700; baseline -0.005 -16"><span class='ocrx_word' id='word_1_117' title='bbox 353 1627 689 1700; x_wconf 90' lang='lat' dir='ltr'><strong>sepeliatur.</strong></span> <span class='ocrx_word' id='word_1_118' title='bbox 735 1625 853 1680; x_wconf 91' lang='lat' dir='ltr'><strong>Nos</strong></span> <span class='ocrx_word' id='word_1_119' title='bbox 882 1628 1097 1689; x_wconf 90' lang='lat' dir='ltr'><strong>autem,</strong></span> <span class='ocrx_word' id='word_1_120' title='bbox 1129 1621 1239 1677; x_wconf 86' lang='lat' dir='ltr'><strong>nisi</strong></span> <span class='ocrx_word' id='word_1_121' title='bbox 1269 1621 1444 1676; x_wconf 89' lang='lat' dir='ltr'><strong>timor</strong></span> <span class='ocrx_word' id='word_1_122' title='bbox 1485 1621 1582 1676; x_wconf 92' lang='lat' dir='ltr'><strong>Dei</strong></span> <span class='ocrx_word' id='word_1_123' title='bbox 1619 1627 1788 1690; x_wconf 82' lang='lat' dir='ltr'><strong>esset,</strong></span> <span class='ocrx_word' id='word_1_124' title='bbox 1824 1623 1980 1693; x_wconf 70' lang='lat' dir='ltr'><strong>parvi</strong></span> 
     </span>
    </p>
   </div>
   <div class='ocr_carea' id='block_1_18' title="bbox 356 1710 1984 1790">
    <p class='ocr_par' dir='ltr' id='par_1_18' title="bbox 356 1710 1984 1790">
     <span class='ocr_line' id='line_1_18' title="bbox 356 1710 1984 1790; baseline -0.004 -16"><span class='ocrx_word' id='word_1_125' title='bbox 356 1719 742 1790; x_wconf 90' lang='lat' dir='ltr'><strong>penderemus</strong></span> <span class='ocrx_word' id='word_1_126' title='bbox 772 1729 940 1769; x_wconf 89' lang='lat' dir='ltr'><strong>suam</strong></span> <span class='ocrx_word' id='word_1_127' title='bbox 981 1710 1658 1778; x_wconf 81' lang='lat' dir='ltr'><strong>excommunicationem,</strong></span> <span class='ocrx_word' id='word_1_128' title='bbox 1694 1727 1866 1782; x_wconf 88' lang='lat' dir='ltr'><strong>quem</strong></span> <span class='ocrx_word' id='word_1_129' title='bbox 1900 1716 1984 1767; x_wconf 87' lang='lat' dir='ltr'><strong>tot</strong></span> 
     </span>
    </p>
   </div>
   <div class='ocr_carea' id='block_1_19' title="bbox 2085 557 3771 628">
    <p class='ocr_par' dir='ltr' id='par_1_19' title="bbox 2085 557 3771 628">
     <span class='ocr_line' id='line_1_19' title="bbox 2085 557 3771 628; baseline 0.002 -17"><span class='ocrx_word' id='word_1_130' title='bbox 2085 573 2220 612; x_wconf 72' lang='lat' dir='ltr'><strong>mea:</strong></span> <span class='ocrx_word' id='word_1_131' title='bbox 2251 562 2414 612; x_wconf 80' lang='lat' dir='ltr'><strong>terrae</strong></span> <span class='ocrx_word' id='word_1_132' title='bbox 2445 574 2782 614; x_wconf 88' lang='lat' dir='ltr'><strong>consecrare</strong></span> <span class='ocrx_word' id='word_1_133' title='bbox 2809 557 3010 628; x_wconf 86' lang='lat' dir='ltr'><strong>voluit,</strong></span> <span class='ocrx_word' id='word_1_134' title='bbox 3053 557 3238 614; x_wconf 87' lang='lat' dir='ltr'><strong>donec</strong></span> <span class='ocrx_word' id='word_1_135' title='bbox 3269 558 3479 614; x_wconf 87' lang='lat' dir='ltr'><strong>datum</strong></span> <span class='ocrx_word' id='word_1_136' title='bbox 3532 573 3771 614; x_wconf 85' lang='lat' dir='ltr'><strong>earum</strong></span> 
     </span>
    </p>
   </div>
   <div class='ocr_carea' id='block_1_20' title="bbox 2083 646 3774 718">
    <p class='ocr_par' dir='ltr' id='par_1_20' title="bbox 2083 646 3774 718">
     <span class='ocr_line' id='line_1_20' title="bbox 2083 646 3774 718; baseline 0 -16"><span class='ocrx_word' id='word_1_137' title='bbox 2083 646 2286 702; x_wconf 88' lang='lat' dir='ltr'><strong>tenuit.</strong></span> <span class='ocrx_word' id='word_1_138' title='bbox 2311 646 2506 718; x_wconf 85' lang='lat' dir='ltr'><strong>Nuper</strong></span> <span class='ocrx_word' id='word_1_139' title='bbox 2526 650 2720 702; x_wconf 90' lang='lat' dir='ltr'><strong>autem</strong></span> <span class='ocrx_word' id='word_1_140' title='bbox 2745 647 2890 702; x_wconf 92' lang='lat' dir='ltr'><strong>duos</strong></span> <span class='ocrx_word' id='word_1_141' title='bbox 2913 663 3075 702; x_wconf 88' lang='lat' dir='ltr'><strong>meos</strong></span> <span class='ocrx_word' id='word_1_142' title='bbox 3098 646 3316 704; x_wconf 88' lang='lat' dir='ltr'><strong>milites</strong></span> <span class='ocrx_word' id='word_1_143' title='bbox 3335 646 3666 704; x_wconf 88' lang='lat' dir='ltr'><strong>venientes</strong></span> <span class='ocrx_word' id='word_1_144' title='bbox 3691 663 3774 702; x_wconf 83' lang='lat' dir='ltr'><strong>ex</strong></span> 
     </span>
    </p>
   </div>
   <div class='ocr_carea' id='block_1_21' title="bbox 2081 735 3771 810">
    <p class='ocr_par' dir='ltr' id='par_1_21' title="bbox 2081 735 3771 810">
     <span class='ocr_line' id='line_1_21' title="bbox 2081 735 3771 810; baseline 0.001 -20"><span class='ocrx_word' id='word_1_145' title='bbox 2081 735 2276 807; x_wconf 81' lang='lat' dir='ltr'><strong>vigilia</strong></span> <span class='ocrx_word' id='word_1_146' title='bbox 2305 741 2516 790; x_wconf 66' lang='lat' dir='ltr'><strong>sancta:</strong></span> <span class='ocrx_word' id='word_1_147' title='bbox 2549 735 2859 792; x_wconf 87' lang='lat' dir='ltr'><strong>Salvatoris</strong></span> <span class='ocrx_word' id='word_1_148' title='bbox 2879 736 3135 804; x_wconf 69' lang='lat' dir='ltr'><strong>Anianaz,</strong></span> <span class='ocrx_word' id='word_1_149' title='bbox 3160 736 3254 792; x_wconf 89' lang='lat' dir='ltr'><strong>die</strong></span> <span class='ocrx_word' id='word_1_150' title='bbox 3275 735 3666 810; x_wconf 68' lang='lat' dir='ltr'><strong>Epiphaniae,</strong></span> <span class='ocrx_word' id='word_1_151' title='bbox 3693 751 3771 792; x_wconf 88' lang='lat' dir='ltr'><strong>eo</strong></span> 
     </span>
    </p>
   </div>
   <div class='ocr_carea' id='block_1_22' title="bbox 2077 825 3772 898">
    <p class='ocr_par' dir='ltr' id='par_1_22' title="bbox 2077 825 3772 898">
     <span class='ocr_line' id='line_1_22' title="bbox 2077 825 3772 898; baseline 0.001 -18"><span class='ocrx_word' id='word_1_152' title='bbox 2077 827 2322 896; x_wconf 86' lang='lat' dir='ltr'><strong>jubente</strong></span> <span class='ocrx_word' id='word_1_153' title='bbox 2353 830 2524 896; x_wconf 86' lang='lat' dir='ltr'><strong>atque</strong></span> <span class='ocrx_word' id='word_1_154' title='bbox 2541 826 2916 898; x_wconf 80' lang='lat' dir='ltr'><strong>suil‘ragante,</strong></span> <span class='ocrx_word' id='word_1_155' title='bbox 2936 829 3076 880; x_wconf 89' lang='lat' dir='ltr'><strong>sunt</strong></span> <span class='ocrx_word' id='word_1_156' title='bbox 3097 825 3250 898; x_wconf 86' lang='lat' dir='ltr'><strong>capti</strong></span> <span class='ocrx_word' id='word_1_157' title='bbox 3282 831 3339 882; x_wconf 89' lang='lat' dir='ltr'><strong>et</strong></span> <span class='ocrx_word' id='word_1_158' title='bbox 3369 825 3548 892; x_wconf 86' lang='lat' dir='ltr'><strong>tenti,</strong></span> <span class='ocrx_word' id='word_1_159' title='bbox 3573 829 3644 882; x_wconf 81' lang='lat' dir='ltr'><strong>et</strong></span> <span class='ocrx_word' id='word_1_160' title='bbox 3658 842 3772 882; x_wconf 87' lang='lat' dir='ltr'><strong>eos</strong></span> 
     </span>
    </p>
   </div>
   <div class='ocr_carea' id='block_1_23' title="bbox 2087 913 3766 986">
    <p class='ocr_par' dir='ltr' id='par_1_23' title="bbox 2087 913 3766 986">
     <span class='ocr_line' id='line_1_23' title="bbox 2087 913 3766 986; baseline 0 -17"><span class='ocrx_word' id='word_1_161' title='bbox 2087 915 2184 986; x_wconf 90' lang='lat' dir='ltr'><strong>qui</strong></span> <span class='ocrx_word' id='word_1_162' title='bbox 2218 914 2348 970; x_wconf 80' lang='lat' dir='ltr'><strong>illos</strong></span> <span class='ocrx_word' id='word_1_163' title='bbox 2400 919 2674 986; x_wconf 88' lang='lat' dir='ltr'><strong>ceperunt</strong></span> <span class='ocrx_word' id='word_1_164' title='bbox 2702 914 3049 986; x_wconf 88' lang='lat' dir='ltr'><strong>patrocinat,</strong></span> <span class='ocrx_word' id='word_1_165' title='bbox 3090 919 3146 970; x_wconf 89' lang='lat' dir='ltr'><strong>et</strong></span> <span class='ocrx_word' id='word_1_166' title='bbox 3178 915 3280 970; x_wconf 86' lang='lat' dir='ltr'><strong>dat</strong></span> <span class='ocrx_word' id='word_1_167' title='bbox 3309 914 3396 971; x_wconf 91' lang='lat' dir='ltr'><strong>eis</strong></span> <span class='ocrx_word' id='word_1_168' title='bbox 3427 913 3766 972; x_wconf 80' lang='lat' dir='ltr'><strong>solidatas.</strong></span> 
     </span>
    </p>
   </div>
   <div class='ocr_carea' id='block_1_24' title="bbox 2088 1003 3770 1075">
    <p class='ocr_par' dir='ltr' id='par_1_24' title="bbox 2088 1003 3770 1075">
     <span class='ocr_line' id='line_1_24' title="bbox 2088 1003 3770 1075; baseline 0 -17"><span class='ocrx_word' id='word_1_169' title='bbox 2088 1005 2218 1059; x_wconf 91' lang='lat' dir='ltr'><strong>Ideo</strong></span> <span class='ocrx_word' id='word_1_170' title='bbox 2249 1021 2351 1075; x_wconf 83' lang='lat' dir='ltr'><strong>ego</strong></span> <span class='ocrx_word' id='word_1_171' title='bbox 2373 1003 2754 1075; x_wconf 87' lang='lat' dir='ltr'><strong>Berengarius</strong></span> <span class='ocrx_word' id='word_1_172' title='bbox 2772 1004 3046 1075; x_wconf 68' lang='lat' dir='ltr'><strong>praefatus</strong></span> <span class='ocrx_word' id='word_1_173' title='bbox 3058 1003 3209 1059; x_wconf 91' lang='lat' dir='ltr'><strong>hanc</strong></span> <span class='ocrx_word' id='word_1_174' title='bbox 3228 1003 3394 1060; x_wconf 81' lang='lat' dir='ltr'><strong>vobis</strong></span> <span class='ocrx_word' id='word_1_175' title='bbox 3412 1007 3473 1060; x_wconf 88' lang='lat' dir='ltr'><strong>et</strong></span> <span class='ocrx_word' id='word_1_176' title='bbox 3489 1003 3770 1059; x_wconf 84' lang='lat' dir='ltr'><strong>Domino</strong></span> 
     </span>
    </p>
   </div>
   <div class='ocr_carea' id='block_1_25' title="bbox 2087 1091 3768 1164">
    <p class='ocr_par' dir='ltr' id='par_1_25' title="bbox 2087 1091 3768 1164">
     <span class='ocr_line' id='line_1_25' title="bbox 2087 1091 3768 1164; baseline 0 -16"><span class='ocrx_word' id='word_1_177' title='bbox 2087 1093 2200 1148; x_wconf 82' lang='lat' dir='ltr'><strong>Deo</strong></span> <span class='ocrx_word' id='word_1_178' title='bbox 2233 1092 2376 1147; x_wconf 81' lang='lat' dir='ltr'><strong>facio</strong></span> <span class='ocrx_word' id='word_1_179' title='bbox 2400 1092 2844 1163; x_wconf 88' lang='lat' dir='ltr'><strong>querimoniam,</strong></span> <span class='ocrx_word' id='word_1_180' title='bbox 2871 1098 2925 1146; x_wconf 89' lang='lat' dir='ltr'><strong>et</strong></span> <span class='ocrx_word' id='word_1_181' title='bbox 2945 1091 3524 1164; x_wconf 87' lang='lat' dir='ltr'><strong>postulojustitiam;</strong></span> <span class='ocrx_word' id='word_1_182' title='bbox 3563 1109 3768 1164; x_wconf 86' lang='lat' dir='ltr'><strong>quam</strong></span> 
     </span>
    </p>
   </div>
   <div class='ocr_carea' id='block_1_26' title="bbox 2089 1179 3770 1254">
    <p class='ocr_par' dir='ltr' id='par_1_26' title="bbox 2089 1179 3770 1254">
     <span class='ocr_line' id='line_1_26' title="bbox 2089 1179 3770 1254; baseline 0 -18"><span class='ocrx_word' id='word_1_183' title='bbox 2089 1181 2198 1236; x_wconf 89' lang='lat' dir='ltr'><strong>nisi</strong></span> <span class='ocrx_word' id='word_1_184' title='bbox 2233 1181 2636 1252; x_wconf 82' lang='lat' dir='ltr'><strong>impetravero,</strong></span> <span class='ocrx_word' id='word_1_185' title='bbox 2662 1197 2778 1236; x_wconf 69' lang='lat' dir='ltr'><strong>suae</strong></span> <span class='ocrx_word' id='word_1_186' title='bbox 2811 1179 3770 1254; x_wconf 81' lang='lat' dir='ltr'><strong>excommunicationiparvipen-</strong></span> 
     </span>
    </p>
   </div>
   <div class='ocr_carea' id='block_1_27' title="bbox 2089 1267 3767 1342">
    <p class='ocr_par' dir='ltr' id='par_1_27' title="bbox 2089 1267 3767 1342">
     <span class='ocr_line' id='line_1_27' title="bbox 2089 1267 3767 1342; baseline 0 -17"><span class='ocrx_word' id='word_1_187' title='bbox 2089 1271 2245 1336; x_wconf 78' lang='lat' dir='ltr'><strong>dero,</strong></span> <span class='ocrx_word' id='word_1_188' title='bbox 2286 1276 2342 1325; x_wconf 89' lang='lat' dir='ltr'><strong>et</strong></span> <span class='ocrx_word' id='word_1_189' title='bbox 2380 1271 2438 1323; x_wconf 91' lang='lat' dir='ltr'><strong>in</strong></span> <span class='ocrx_word' id='word_1_190' title='bbox 2464 1286 2652 1324; x_wconf 86' lang='lat' dir='ltr'><strong>meam</strong></span> <span class='ocrx_word' id='word_1_191' title='bbox 2686 1272 2898 1324; x_wconf 90' lang='lat' dir='ltr'><strong>terram</strong></span> <span class='ocrx_word' id='word_1_192' title='bbox 2932 1273 3201 1342; x_wconf 84' lang='lat' dir='ltr'><strong>treguam</strong></span> <span class='ocrx_word' id='word_1_193' title='bbox 3233 1267 3464 1325; x_wconf 88' lang='lat' dir='ltr'><strong>nullam</strong></span> <span class='ocrx_word' id='word_1_194' title='bbox 3505 1271 3767 1336; x_wconf 85' lang='lat' dir='ltr'><strong>tenebo,</strong></span> 
     </span>
    </p>
   </div>
   <div class='ocr_carea' id='block_1_28' title="bbox 2090 1355 3624 1430">
    <p class='ocr_par' dir='ltr' id='par_1_28' title="bbox 2090 1355 3624 1430">
     <span class='ocr_line' id='line_1_28' title="bbox 2090 1355 3624 1430; baseline 0 -16"><span class='ocrx_word' id='word_1_195' title='bbox 2090 1375 2278 1430; x_wconf 89' lang='lat' dir='ltr'><strong>neque</strong></span> <span class='ocrx_word' id='word_1_196' title='bbox 2301 1357 2592 1429; x_wconf 89' lang='lat' dir='ltr'><strong>judicium</strong></span> <span class='ocrx_word' id='word_1_197' title='bbox 2625 1355 2925 1428; x_wconf 86' lang='lat' dir='ltr'><strong>apostolici</strong></span> <span class='ocrx_word' id='word_1_198' title='bbox 2955 1357 3215 1430; x_wconf 86' lang='lat' dir='ltr'><strong>amplius</strong></span> <span class='ocrx_word' id='word_1_199' title='bbox 3245 1356 3624 1414; x_wconf 88' lang='lat' dir='ltr'><strong>acclamabo.</strong></span> 
     </span>
    </p>
   </div>
   <div class='ocr_carea' id='block_1_29' title="bbox 2160 1445 3770 1518">
    <p class='ocr_par' dir='ltr' id='par_1_29' title="bbox 2160 1445 3770 1518">
     <span class='ocr_line' id='line_1_29' title="bbox 2160 1445 3770 1518; baseline 0.001 -15"><span class='ocrx_word' id='word_1_200' title='bbox 2160 1447 2322 1512; x_wconf 88' lang='lat' dir='ltr'><strong>Quod</strong></span> <span class='ocrx_word' id='word_1_201' title='bbox 2351 1464 2454 1518; x_wconf 81' lang='lat' dir='ltr'><strong>ego</strong></span> <span class='ocrx_word' id='word_1_202' title='bbox 2485 1445 2866 1517; x_wconf 88' lang='lat' dir='ltr'><strong>Berengarius</strong></span> <span class='ocrx_word' id='word_1_203' title='bbox 2897 1445 2976 1502; x_wconf 89' lang='lat' dir='ltr'><strong>ita</strong></span> <span class='ocrx_word' id='word_1_204' title='bbox 3000 1445 3276 1518; x_wconf 89' lang='lat' dir='ltr'><strong>superius</strong></span> <span class='ocrx_word' id='word_1_205' title='bbox 3307 1463 3526 1518; x_wconf 83' lang='lat' dir='ltr'><strong>queror</strong></span> <span class='ocrx_word' id='word_1_206' title='bbox 3555 1447 3639 1504; x_wconf 81' lang='lat' dir='ltr'><strong>ad</strong></span> <span class='ocrx_word' id='word_1_207' title='bbox 3676 1445 3770 1504; x_wconf 89' lang='lat' dir='ltr'><strong>le-</strong></span> 
     </span>
    </p>
   </div>
   <div class='ocr_carea' id='block_1_30' title="bbox 2091 1535 3768 1610">
    <p class='ocr_par' dir='ltr' id='par_1_30' title="bbox 2091 1535 3768 1610">
     <span class='ocr_line' id='line_1_30' title="bbox 2091 1535 3768 1610; baseline -0.001 -17"><span class='ocrx_word' id='word_1_208' title='bbox 2091 1544 2254 1610; x_wconf 89' lang='lat' dir='ltr'><strong>gatos</strong></span> <span class='ocrx_word' id='word_1_209' title='bbox 2278 1537 2494 1592; x_wconf 89' lang='lat' dir='ltr'><strong>summi</strong></span> <span class='ocrx_word' id='word_1_210' title='bbox 2517 1535 2806 1608; x_wconf 79' lang='lat' dir='ltr'><strong>pontiﬁcis</strong></span> <span class='ocrx_word' id='word_1_211' title='bbox 2828 1535 3123 1608; x_wconf 89' lang='lat' dir='ltr'><strong>superius,</strong></span> <span class='ocrx_word' id='word_1_212' title='bbox 3156 1539 3215 1590; x_wconf 91' lang='lat' dir='ltr'><strong>et</strong></span> <span class='ocrx_word' id='word_1_213' title='bbox 3235 1535 3309 1592; x_wconf 88' lang='lat' dir='ltr'><strong>ad</strong></span> <span class='ocrx_word' id='word_1_214' title='bbox 3340 1539 3595 1593; x_wconf 89' lang='lat' dir='ltr'><strong>cunctos</strong></span> <span class='ocrx_word' id='word_1_215' title='bbox 3627 1536 3768 1609; x_wconf 83' lang='lat' dir='ltr'><strong>epi-</strong></span> 
     </span>
    </p>
   </div>
   <div class='ocr_carea' id='block_1_31' title="bbox 2093 1622 3768 1698">
    <p class='ocr_par' dir='ltr' id='par_1_31' title="bbox 2093 1622 3768 1698">
     <span class='ocr_line' id='line_1_31' title="bbox 2093 1622 3768 1698; baseline -0.001 -14"><span class='ocrx_word' id='word_1_216' title='bbox 2093 1643 2296 1698; x_wconf 84' lang='lat' dir='ltr'><strong>scopos</strong></span> <span class='ocrx_word' id='word_1_217' title='bbox 2327 1630 2384 1680; x_wconf 89' lang='lat' dir='ltr'><strong>et</strong></span> <span class='ocrx_word' id='word_1_218' title='bbox 2404 1625 2661 1692; x_wconf 86' lang='lat' dir='ltr'><strong>abbates,</strong></span> <span class='ocrx_word' id='word_1_219' title='bbox 2683 1624 2958 1696; x_wconf 89' lang='lat' dir='ltr'><strong>quoniam</strong></span> <span class='ocrx_word' id='word_1_220' title='bbox 2985 1625 3057 1679; x_wconf 90' lang='lat' dir='ltr'><strong>ad</strong></span> <span class='ocrx_word' id='word_1_221' title='bbox 3084 1623 3381 1696; x_wconf 80' lang='lat' dir='ltr'><strong>synodum</strong></span> <span class='ocrx_word' id='word_1_222' title='bbox 3398 1622 3635 1680; x_wconf 81' lang='lat' dir='ltr'><strong>Arelati</strong></span> <span class='ocrx_word' id='word_1_223' title='bbox 3659 1641 3768 1682; x_wconf 86' lang='lat' dir='ltr'><strong>co-</strong></span> 
     </span>
    </p>
   </div>
   <div class='ocr_carea' id='block_1_32' title="bbox 2095 1711 3772 1786">
    <p class='ocr_par' dir='ltr' id='par_1_32' title="bbox 2095 1711 3772 1786">
     <span class='ocr_line' id='line_1_32' title="bbox 2095 1711 3772 1786; baseline 0.001 -16"><span class='ocrx_word' id='word_1_224' title='bbox 2095 1717 2302 1770; x_wconf 85' lang='lat' dir='ltr'><strong>nabam</strong></span> <span class='ocrx_word' id='word_1_225' title='bbox 2344 1715 2666 1769; x_wconf 82' lang='lat' dir='ltr'><strong>ostendere.</strong></span> <span class='ocrx_word' id='word_1_226' title='bbox 2709 1713 2818 1768; x_wconf 92' lang='lat' dir='ltr'><strong>Sed</strong></span> <span class='ocrx_word' id='word_1_227' title='bbox 2866 1711 3147 1784; x_wconf 88' lang='lat' dir='ltr'><strong>quoniam</strong></span> <span class='ocrx_word' id='word_1_228' title='bbox 3195 1711 3344 1768; x_wconf 86' lang='lat' dir='ltr'><strong>nihil</strong></span> <span class='ocrx_word' id='word_1_229' title='bbox 3393 1713 3650 1786; x_wconf 79' lang='lat' dir='ltr'><strong>profuit,</strong></span> <span class='ocrx_word' id='word_1_230' title='bbox 3685 1715 3772 1772; x_wconf 78' lang='lat' dir='ltr'><strong>ad</strong></span> 
     </span>
    </p>
   </div>
   <div class='ocr_carea' id='block_1_33' title="bbox 357 1800 3770 1899">
    <p class='ocr_par' dir='ltr' id='par_1_33' title="bbox 357 1800 3770 1899">
     <span class='ocr_line' id='line_1_33' title="bbox 357 1800 3770 1899; baseline -0.001 -37"><span class='ocrx_word' id='word_1_231' title='bbox 357 1807 528 1862; x_wconf 89' lang='lat' dir='ltr'><strong>malis</strong></span> <span class='ocrx_word' id='word_1_232' title='bbox 559 1803 826 1860; x_wconf 90' lang='lat' dir='ltr'><strong>novimus</strong></span> <span class='ocrx_word' id='word_1_233' title='bbox 856 1800 1220 1866; x_wconf 64' lang='lat' dir='ltr'><strong>scderatum,</strong></span> <span class='ocrx_word' id='word_1_234' title='bbox 1253 1805 1306 1855; x_wconf 89' lang='lat' dir='ltr'><strong>et</strong></span> <span class='ocrx_word' id='word_1_235' title='bbox 1345 1816 1378 1853; x_wconf 90' lang='lat' dir='ltr'><strong>a</strong></span> <span class='ocrx_word' id='word_1_236' title='bbox 1407 1816 1556 1871; x_wconf 87' lang='lat' dir='ltr'><strong>papa</strong></span> <span class='ocrx_word' id='word_1_237' title='bbox 1585 1800 1812 1856; x_wconf 89' lang='lat' dir='ltr'><strong>Victore</strong></span> <span class='ocrx_word' id='word_1_238' title='bbox 1851 1818 1983 1858; x_wconf 89' lang='lat' dir='ltr'><strong>cum</strong></span> <span class='ocrx_word' id='word_1_239' title='bbox 2011 1830 2060 1899; x_wconf 84' lang='lat' dir='ltr'><strong>B</strong></span> <span class='ocrx_word' id='word_1_240' title='bbox 2096 1805 2377 1860; x_wconf 83' lang='lat' dir='ltr'><strong>damnum</strong></span> <span class='ocrx_word' id='word_1_241' title='bbox 2427 1802 2806 1873; x_wconf 86' lang='lat' dir='ltr'><strong>apostolicum</strong></span> <span class='ocrx_word' id='word_1_242' title='bbox 2847 1802 2974 1856; x_wconf 93' lang='lat' dir='ltr'><strong>ideo</strong></span> <span class='ocrx_word' id='word_1_243' title='bbox 3005 1800 3196 1856; x_wconf 92' lang='lat' dir='ltr'><strong>libens</strong></span> <span class='ocrx_word' id='word_1_244' title='bbox 3242 1801 3477 1858; x_wconf 86' lang='lat' dir='ltr'><strong>mittere</strong></span> <span class='ocrx_word' id='word_1_245' title='bbox 3525 1803 3770 1858; x_wconf 87' lang='lat' dir='ltr'><strong>curavi.</strong></span> 
     </span>
    </p>
   </div>
   <div class='ocr_carea' id='block_1_34' title="bbox 353 1889 1982 1966">
    <p class='ocr_par' dir='ltr' id='par_1_34' title="bbox 353 1889 1982 1966">
     <span class='ocr_line' id='line_1_34' title="bbox 353 1889 1982 1966; baseline -0.003 -15"><span class='ocrx_word' id='word_1_246' title='bbox 353 1913 461 1951; x_wconf 86' lang='lat' dir='ltr'><strong>cxx</strong></span> <span class='ocrx_word' id='word_1_247' title='bbox 491 1891 774 1966; x_wconf 88' lang='lat' dir='ltr'><strong>episcopis</strong></span> <span class='ocrx_word' id='word_1_248' title='bbox 791 1889 1344 1945; x_wconf 88' lang='lat' dir='ltr'><strong>anathematizatum</strong></span> <span class='ocrx_word' id='word_1_249' title='bbox 1364 1891 1458 1960; x_wconf 65' lang='lat' dir='ltr'><strong>(fi),</strong></span> <span class='ocrx_word' id='word_1_250' title='bbox 1482 1893 1537 1944; x_wconf 90' lang='lat' dir='ltr'><strong>et</strong></span> <span class='ocrx_word' id='word_1_251' title='bbox 1563 1889 1982 1959; x_wconf 88' lang='lat' dir='ltr'><strong>Simoniacum,</strong></span> 
     </span>
    </p>
   </div>
   <div class='ocr_carea' id='block_1_35' title="bbox 357 1977 1986 2057">
    <p class='ocr_par' dir='ltr' id='par_1_35' title="bbox 357 1977 1986 2057">
     <span class='ocr_line' id='line_1_35' title="bbox 357 1977 1986 2057; baseline -0.002 -17"><span class='ocrx_word' id='word_1_252' title='bbox 357 1985 458 2057; x_wconf 90' lang='lat' dir='ltr'><strong>qui</strong></span> <span class='ocrx_word' id='word_1_253' title='bbox 479 1999 681 2039; x_wconf 87' lang='lat' dir='ltr'><strong>omnes</strong></span> <span class='ocrx_word' id='word_1_254' title='bbox 701 1981 934 2036; x_wconf 85' lang='lat' dir='ltr'><strong>ordines</strong></span> <span class='ocrx_word' id='word_1_255' title='bbox 965 1997 1104 2034; x_wconf 89' lang='lat' dir='ltr'><strong>suos</strong></span> <span class='ocrx_word' id='word_1_256' title='bbox 1131 1977 1408 2045; x_wconf 83' lang='lat' dir='ltr'><strong>vendidit,</strong></span> <span class='ocrx_word' id='word_1_257' title='bbox 1433 1979 1529 2048; x_wconf 90' lang='lat' dir='ltr'><strong>qui</strong></span> <span class='ocrx_word' id='word_1_258' title='bbox 1551 1997 1750 2035; x_wconf 88' lang='lat' dir='ltr'><strong>omnes</strong></span> <span class='ocrx_word' id='word_1_259' title='bbox 1773 1981 1986 2052; x_wconf 87' lang='lat' dir='ltr'><strong>episeo-</strong></span> 
     </span>
    </p>
   </div>
   <div class='ocr_carea' id='block_1_36' title="bbox 355 2068 1988 2147">
    <p class='ocr_par' dir='ltr' id='par_1_36' title="bbox 355 2068 1988 2147">
     <span class='ocr_line' id='line_1_36' title="bbox 355 2068 1988 2147; baseline -0.002 -17"><span class='ocrx_word' id='word_1_260' title='bbox 355 2091 480 2147; x_wconf 89' lang='lat' dir='ltr'><strong>pos,</strong></span> <span class='ocrx_word' id='word_1_261' title='bbox 511 2077 734 2128; x_wconf 86' lang='lat' dir='ltr'><strong>taceam</strong></span> <span class='ocrx_word' id='word_1_262' title='bbox 756 2071 826 2124; x_wconf 92' lang='lat' dir='ltr'><strong>de</strong></span> <span class='ocrx_word' id='word_1_263' title='bbox 843 2068 1066 2136; x_wconf 88' lang='lat' dir='ltr'><strong>alienis,</strong></span> <span class='ocrx_word' id='word_1_264' title='bbox 1091 2069 1189 2124; x_wconf 91' lang='lat' dir='ltr'><strong>sed</strong></span> <span class='ocrx_word' id='word_1_265' title='bbox 1213 2082 1414 2122; x_wconf 89' lang='lat' dir='ltr'><strong>omnes</strong></span> <span class='ocrx_word' id='word_1_266' title='bbox 1437 2084 1581 2138; x_wconf 85' lang='lat' dir='ltr'><strong>quos</strong></span> <span class='ocrx_word' id='word_1_267' title='bbox 1605 2069 1660 2124; x_wconf 90' lang='lat' dir='ltr'><strong>in</strong></span> <span class='ocrx_word' id='word_1_268' title='bbox 1688 2086 1814 2126; x_wconf 90' lang='lat' dir='ltr'><strong>mea</strong></span> <span class='ocrx_word' id='word_1_269' title='bbox 1840 2075 1988 2126; x_wconf 85' lang='lat' dir='ltr'><strong>terra</strong></span> 
     </span>
    </p>
   </div>
   <div class='ocr_carea' id='block_1_37' title="bbox 357 2156 1987 2230">
    <p class='ocr_par' dir='ltr' id='par_1_37' title="bbox 357 2156 1987 2230">
     <span class='ocr_line' id='line_1_37' title="bbox 357 2156 1987 2230; baseline -0.003 -12"><span class='ocrx_word' id='word_1_270' title='bbox 357 2160 663 2228; x_wconf 87' lang='lat' dir='ltr'><strong>ordinavit,</strong></span> <span class='ocrx_word' id='word_1_271' title='bbox 697 2175 882 2230; x_wconf 90' lang='lat' dir='ltr'><strong>usque</strong></span> <span class='ocrx_word' id='word_1_272' title='bbox 913 2157 983 2212; x_wconf 88' lang='lat' dir='ltr'><strong>ad</strong></span> <span class='ocrx_word' id='word_1_273' title='bbox 1015 2156 1396 2211; x_wconf 87' lang='lat' dir='ltr'><strong>novissimum</strong></span> <span class='ocrx_word' id='word_1_274' title='bbox 1431 2158 1812 2227; x_wconf 83' lang='lat' dir='ltr'><strong>quadrantem</strong></span> <span class='ocrx_word' id='word_1_275' title='bbox 1843 2160 1987 2213; x_wconf 75' lang='lat' dir='ltr'><strong>redi-</strong></span> 
     </span>
    </p>
   </div>
   <div class='ocr_carea' id='block_1_38' title="bbox 357 2245 1990 2318">
    <p class='ocr_par' dir='ltr' id='par_1_38' title="bbox 357 2245 1990 2318">
     <span class='ocr_line' id='line_1_38' title="bbox 357 2245 1990 2318; baseline -0.005 -10"><span class='ocrx_word' id='word_1_276' title='bbox 357 2267 514 2308; x_wconf 89' lang='lat' dir='ltr'><strong>mere</strong></span> <span class='ocrx_word' id='word_1_277' title='bbox 535 2249 686 2306; x_wconf 82' lang='lat' dir='ltr'><strong>fecit.</strong></span> <span class='ocrx_word' id='word_1_278' title='bbox 713 2247 876 2312; x_wconf 90' lang='lat' dir='ltr'><strong>Quod</strong></span> <span class='ocrx_word' id='word_1_279' title='bbox 896 2246 943 2301; x_wconf 93' lang='lat' dir='ltr'><strong>si</strong></span> <span class='ocrx_word' id='word_1_280' title='bbox 968 2263 1082 2300; x_wconf 89' lang='lat' dir='ltr'><strong>non</strong></span> <span class='ocrx_word' id='word_1_281' title='bbox 1113 2245 1370 2310; x_wconf 85' lang='lat' dir='ltr'><strong>creditis,</strong></span> <span class='ocrx_word' id='word_1_282' title='bbox 1395 2247 1771 2302; x_wconf 83' lang='lat' dir='ltr'><strong>Lutevensem</strong></span> <span class='ocrx_word' id='word_1_283' title='bbox 1797 2249 1990 2318; x_wconf 88' lang='lat' dir='ltr'><strong>requi-</strong></span> 
     </span>
    </p>
   </div>
   <div class='ocr_carea' id='block_1_39' title="bbox 361 2333 1986 2410">
    <p class='ocr_par' dir='ltr' id='par_1_39' title="bbox 361 2333 1986 2410">
     <span class='ocr_line' id='line_1_39' title="bbox 361 2333 1986 2410; baseline -0.003 -14"><span class='ocrx_word' id='word_1_284' title='bbox 361 2341 468 2396; x_wconf 87' lang='lat' dir='ltr'><strong>rite</strong></span> <span class='ocrx_word' id='word_1_285' title='bbox 515 2337 855 2410; x_wconf 89' lang='lat' dir='ltr'><strong>episcopum</strong></span> <span class='ocrx_word' id='word_1_286' title='bbox 885 2339 944 2390; x_wconf 89' lang='lat' dir='ltr'><strong>et</strong></span> <span class='ocrx_word' id='word_1_287' title='bbox 971 2333 1350 2390; x_wconf 88' lang='lat' dir='ltr'><strong>Helenensem</strong></span> <span class='ocrx_word' id='word_1_288' title='bbox 1392 2341 1446 2390; x_wconf 91' lang='lat' dir='ltr'><strong>et</strong></span> <span class='ocrx_word' id='word_1_289' title='bbox 1477 2335 1536 2388; x_wconf 92' lang='lat' dir='ltr'><strong>hi</strong></span> <span class='ocrx_word' id='word_1_290' title='bbox 1575 2335 1683 2392; x_wconf 91' lang='lat' dir='ltr'><strong>hoc</strong></span> <span class='ocrx_word' id='word_1_291' title='bbox 1716 2336 1875 2392; x_wconf 81' lang='lat' dir='ltr'><strong>vobis</strong></span> <span class='ocrx_word' id='word_1_292' title='bbox 1907 2341 1986 2392; x_wconf 86' lang='lat' dir='ltr'><strong>te-</strong></span> 
     </span>
    </p>
   </div>
   <div class='ocr_carea' id='block_1_40' title="bbox 346 2510 1991 2584">
    <p class='ocr_par' dir='ltr' id='par_1_40' title="bbox 346 2510 1991 2584">
     <span class='ocr_line' id='line_1_40' title="bbox 346 2510 1991 2584; baseline -0.009 -13"><span class='ocrx_word' id='word_1_293' title='bbox 346 2543 353 2550; x_wconf 88' lang='grc'><strong>·</strong></span> <span class='ocrx_word' id='word_1_294' title='bbox 435 2516 512 2584; x_wconf 87' lang='grc'><strong>(3)</strong></span> <span class='ocrx_word' id='word_1_295' title='bbox 541 2513 736 2568; x_wconf 78' lang='lat' dir='ltr'><strong>Nullus</strong></span> <span class='ocrx_word' id='word_1_296' title='bbox 761 2512 841 2566; x_wconf 84' lang='lat' dir='ltr'><strong>ibi</strong></span> <span class='ocrx_word' id='word_1_297' title='bbox 860 2512 1184 2581; x_wconf 55' lang='lat' dir='ltr'><strong>baptizatur.</strong></span> <span class='ocrx_word' id='word_1_298' title='bbox 1205 2510 1426 2584; x_wconf 84' lang='lat' dir='ltr'><strong>Durum</strong></span> <span class='ocrx_word' id='word_1_299' title='bbox 1450 2510 1592 2565; x_wconf 91' lang='lat' dir='ltr'><strong>illud</strong></span> <span class='ocrx_word' id='word_1_300' title='bbox 1617 2529 1681 2584; x_wconf 86' lang='lat' dir='ltr'><strong>ac</strong></span> <span class='ocrx_word' id='word_1_301' title='bbox 1711 2513 1874 2570; x_wconf 88' lang='lat' dir='ltr'><strong>valde</strong></span> <span class='ocrx_word' id='word_1_302' title='bbox 1905 2516 1991 2570; x_wconf 87' lang='lat' dir='ltr'><strong>in-</strong></span> 
     </span>
    </p>
   </div>
   <div class='ocr_carea' id='block_1_41' title="bbox 362 2582 1992 2654">
    <p class='ocr_par' dir='ltr' id='par_1_41' title="bbox 362 2582 1992 2654">
     <span class='ocr_line' id='line_1_41' title="bbox 362 2582 1992 2654; baseline -0.001 -12"><span class='ocrx_word' id='word_1_303' title='bbox 362 2582 713 2650; x_wconf 84' lang='lat' dir='ltr'><strong>humanum,</strong></span> <span class='ocrx_word' id='word_1_304' title='bbox 743 2585 800 2638; x_wconf 85' lang='lat' dir='ltr'><strong>et</strong></span> <span class='ocrx_word' id='word_1_305' title='bbox 829 2598 1068 2654; x_wconf 88' lang='lat' dir='ltr'><strong>prorsus</strong></span> <span class='ocrx_word' id='word_1_306' title='bbox 1094 2582 1447 2654; x_wconf 81' lang='lat' dir='ltr'><strong>contrarium</strong></span> <span class='ocrx_word' id='word_1_307' title='bbox 1477 2583 1692 2654; x_wconf 90' lang='lat' dir='ltr'><strong>regulis</strong></span> <span class='ocrx_word' id='word_1_308' title='bbox 1724 2585 1992 2641; x_wconf 87' lang='lat' dir='ltr'><strong>ecclesia-</strong></span> 
     </span>
    </p>
   </div>
   <div class='ocr_carea' id='block_1_42' title="bbox 367 2652 1997 2726">
    <p class='ocr_par' dir='ltr' id='par_1_42' title="bbox 367 2652 1997 2726">
     <span class='ocr_line' id='line_1_42' title="bbox 367 2652 1997 2726; baseline 0 -14"><span class='ocrx_word' id='word_1_309' title='bbox 367 2656 550 2722; x_wconf 88' lang='lat' dir='ltr'><strong>sticis,</strong></span> <span class='ocrx_word' id='word_1_310' title='bbox 583 2671 710 2726; x_wconf 65' lang='lat' dir='ltr'><strong>quae</strong></span> <span class='ocrx_word' id='word_1_311' title='bbox 726 2652 985 2726; x_wconf 81' lang='lat' dir='ltr'><strong>tempore</strong></span> <span class='ocrx_word' id='word_1_312' title='bbox 1009 2652 1300 2726; x_wconf 82' lang='lat' dir='ltr'><strong>interdicti</strong></span> <span class='ocrx_word' id='word_1_313' title='bbox 1327 2652 1766 2726; x_wconf 67' lang='lat' dir='ltr'><strong>servantlocum</strong></span> <span class='ocrx_word' id='word_1_314' title='bbox 1795 2658 1997 2712; x_wconf 89' lang='lat' dir='ltr'><strong>huma-</strong></span> 
     </span>
    </p>
   </div>
   <div class='ocr_carea' id='block_1_43' title="bbox 1855 2747 1995 2783">
    <p class='ocr_par' dir='ltr' id='par_1_43' title="bbox 1855 2747 1995 2783">
     <span class='ocr_line' id='line_1_43' title="bbox 1855 2747 1995 2783; baseline -0.007 0"><span class='ocrx_word' id='word_1_315' title='bbox 1855 2747 1995 2783; x_wconf 75' lang='lat' dir='ltr'><strong>(Bill-</strong></span> 
     </span>
    </p>
   </div>
   <div class='ocr_carea' id='block_1_44' title="bbox 363 2745 2000 2870">
    <p class='ocr_par' dir='ltr' id='par_1_44' title="bbox 363 2745 2000 2870">
     <span class='ocr_line' id='line_1_44' title="bbox 369 2745 1995 2798; baseline -0.009 -14"><span class='ocrx_word' id='word_1_316' title='bbox 369 2745 557 2794; x_wconf 79' lang='lat' dir='ltr'><strong>mtau,</strong></span> <span class='ocrx_word' id='word_1_317' title='bbox 609 2745 988 2780; x_wconf 77' lang='lat' dir='ltr'><strong>OODCBOBDLCS</strong></span> <span class='ocrx_word' id='word_1_318' title='bbox 1031 2745 1322 2793; x_wconf 67' lang='lat' dir='ltr'><strong>baptisma</strong></span> <span class='ocrx_word' id='word_1_319' title='bbox 1359 2745 1757 2794; x_wconf 69' lang='lat' dir='ltr'><strong>parvunorum,</strong></span> <span class='ocrx_word' id='word_1_320' title='bbox 1816 2745 1995 2798; x_wconf 75' lang='grc' dir='ltr'>ρωῃι-</span> 
     </span>
     <span class='ocr_line' id='line_1_45' title="bbox 363 2793 2000 2870; baseline 0 -16"><span class='ocrx_word' id='word_1_321' title='bbox 363 2798 576 2854; x_wconf 88' lang='lat' dir='ltr'><strong>tentias</strong></span> <span class='ocrx_word' id='word_1_322' title='bbox 588 2795 985 2870; x_wconf 80' lang='lat' dir='ltr'><strong>morientium,</strong></span> <span class='ocrx_word' id='word_1_323' title='bbox 1009 2794 1282 2847; x_wconf 76' lang='lat' dir='ltr'><strong>viaticum</strong></span> <span class='ocrx_word' id='word_1_324' title='bbox 1303 2793 1362 2848; x_wconf 89' lang='lat' dir='ltr'><strong>in</strong></span> <span class='ocrx_word' id='word_1_325' title='bbox 1383 2795 1541 2849; x_wconf 75' lang='lat' dir='ltr'><strong>exitu</strong></span> <span class='ocrx_word' id='word_1_326' title='bbox 1563 2797 1785 2870; x_wconf 83' lang='lat' dir='ltr'><strong>mortis,</strong></span> <span class='ocrx_word' id='word_1_327' title='bbox 1809 2799 2000 2870; x_wconf 87' lang='lat' dir='ltr'><strong>sepul-</strong></span> 
     </span>
    </p>
   </div>
   <div class='ocr_carea' id='block_1_45' title="bbox 365 2867 2001 2936">
    <p class='ocr_par' dir='ltr' id='par_1_45' title="bbox 365 2867 2001 2936">
     <span class='ocr_line' id='line_1_46' title="bbox 365 2867 2001 2936; baseline 0 -11"><span class='ocrx_word' id='word_1_328' title='bbox 365 2875 559 2925; x_wconf 84' lang='lat' dir='ltr'><strong>turam</strong></span> <span class='ocrx_word' id='word_1_329' title='bbox 590 2867 956 2930; x_wconf 88' lang='lat' dir='ltr'><strong>clericorum,</strong></span> <span class='ocrx_word' id='word_1_330' title='bbox 984 2881 1328 2936; x_wconf 81' lang='lat' dir='ltr'><strong>pauperum,</strong></span> <span class='ocrx_word' id='word_1_331' title='bbox 1353 2867 1814 2936; x_wconf 85' lang='lat' dir='ltr'><strong>peregrinorum,</strong></span> <span class='ocrx_word' id='word_1_332' title='bbox 1842 2867 1896 2924; x_wconf 81' lang='lat' dir='ltr'><strong>et</strong></span> <span class='ocrx_word' id='word_1_333' title='bbox 1918 2871 2001 2925; x_wconf 89' lang='lat' dir='ltr'><strong>in-</strong></span> 
     </span>
    </p>
   </div>
   <div class='ocr_carea' id='block_1_46' title="bbox 366 2935 2000 3020">
    <p class='ocr_par' dir='ltr' id='par_1_46' title="bbox 366 2935 2000 3020">
     <span class='ocr_line' id='line_1_47' title="bbox 366 2935 2000 3020; baseline -0.001 -24"><span class='ocrx_word' id='word_1_334' title='bbox 366 2941 616 3020; x_wconf 68' lang='lat' dir='ltr'><strong>fantipm</strong></span> <span class='ocrx_word' id='word_1_335' title='bbox 641 2954 680 3018; x_wconf 77' lang='lat' dir='ltr'><strong>a</strong></span> <span class='ocrx_word' id='word_1_336' title='bbox 711 2935 1200 3020; x_wconf 49' lang='lat' dir='ltr'><strong>bimalu‘etintra,</strong></span> <span class='ocrx_word' id='word_1_337' title='bbox 1223 2935 1656 3020; x_wconf 76' lang='lat' dir='ltr'><strong>benedictiones</strong></span> <span class='ocrx_word' id='word_1_338' title='bbox 1687 2940 2000 3020; x_wconf 77' lang='lat' dir='ltr'><strong>nuptiales,</strong></span> 
     </span>
    </p>
   </div>
   <div class='ocr_carea' id='block_1_47' title="bbox 366 3005 2004 3084">
    <p class='ocr_par' dir='ltr' id='par_1_47' title="bbox 366 3005 2004 3084">
     <span class='ocr_line' id='line_1_48' title="bbox 366 3005 2004 3084; baseline 0.001 -20"><span class='ocrx_word' id='word_1_339' title='bbox 366 3005 1160 3084; x_wconf 59' lang='lat' dir='ltr'><strong>purificationesmulierum,</strong></span> <span class='ocrx_word' id='word_1_340' title='bbox 1185 3012 1356 3084; x_wconf 81' lang='lat' dir='ltr'><strong>prout</strong></span> <span class='ocrx_word' id='word_1_341' title='bbox 1376 3006 1434 3060; x_wconf 82' lang='lat' dir='ltr'><strong>in</strong></span> <span class='ocrx_word' id='word_1_342' title='bbox 1463 3009 1639 3084; x_wconf 78' lang='lat' dir='ltr'><strong>variis</strong></span> <span class='ocrx_word' id='word_1_343' title='bbox 1670 3005 2004 3084; x_wconf 79' lang='lat' dir='ltr'><strong>regionibus</strong></span> 
     </span>
    </p>
   </div>
   <div class='ocr_carea' id='block_1_48' title="bbox 370 3076 2002 3152">
    <p class='ocr_par' dir='ltr' id='par_1_48' title="bbox 370 3076 2002 3152">
     <span class='ocr_line' id='line_1_49' title="bbox 370 3076 2002 3152; baseline 0.001 -16"><span class='ocrx_word' id='word_1_344' title='bbox 370 3076 582 3152; x_wconf 64' lang='lat' dir='ltr'><strong>regula</strong></span> <span class='ocrx_word' id='word_1_345' title='bbox 603 3076 1291 3152; x_wconf 78' lang='lat' dir='ltr'><strong>variant_._In_universum</strong></span> <span class='ocrx_word' id='word_1_346' title='bbox 1314 3079 1504 3152; x_wconf 80' lang='lat' dir='ltr'><strong>tamen</strong></span> <span class='ocrx_word' id='word_1_347' title='bbox 1530 3077 1822 3152; x_wconf 73' lang='lat' dir='ltr'><strong>affirmare</strong></span> <span class='ocrx_word' id='word_1_348' title='bbox 1851 3082 2002 3146; x_wconf 87' lang='lat' dir='ltr'><strong>licet,</strong></span> 
     </span>
    </p>
   </div>
   <div class='ocr_carea' id='block_1_49' title="bbox 369 3146 2003 3223">
    <p class='ocr_par' dir='ltr' id='par_1_49' title="bbox 369 3146 2003 3223">
     <span class='ocr_line' id='line_1_50' title="bbox 369 3146 2003 3223; baseline 0.001 -17"><span class='ocrx_word' id='word_1_349' title='bbox 369 3146 627 3223; x_wconf 71' lang='lat' dir='ltr'><strong>tempore</strong></span> <span class='ocrx_word' id='word_1_350' title='bbox 657 3146 947 3223; x_wconf 81' lang='lat' dir='ltr'><strong>interdicti</strong></span> <span class='ocrx_word' id='word_1_351' title='bbox 971 3146 1320 3223; x_wconf 76' lang='lat' dir='ltr'><strong>permissum</strong></span> <span class='ocrx_word' id='word_1_352' title='bbox 1354 3149 1533 3203; x_wconf 83' lang='lat' dir='ltr'><strong>fuisse</strong></span> <span class='ocrx_word' id='word_1_353' title='bbox 1557 3151 1846 3223; x_wconf 83' lang='lat' dir='ltr'><strong>baptisma</strong></span> <span class='ocrx_word' id='word_1_354' title='bbox 1879 3170 2003 3223; x_wconf 89' lang='lat' dir='ltr'><strong>par-</strong></span> 
     </span>
    </p>
   </div>
   <div class='ocr_carea' id='block_1_50' title="bbox 369 3216 2004 3290">
    <p class='ocr_par' dir='ltr' id='par_1_50' title="bbox 369 3216 2004 3290">
     <span class='ocr_line' id='line_1_51' title="bbox 369 3216 2004 3290; baseline 0.001 -13"><span class='ocrx_word' id='word_1_355' title='bbox 369 3216 659 3290; x_wconf 71' lang='lat' dir='ltr'><strong>vulorum,</strong></span> <span class='ocrx_word' id='word_1_356' title='bbox 699 3216 1394 3288; x_wconf 47' lang='lat' dir='ltr'><strong>itemque&#39;pmnitentiam</strong></span> <span class='ocrx_word' id='word_1_357' title='bbox 1437 3216 1829 3276; x_wconf 79' lang='lat' dir='ltr'><strong>morientium.</strong></span> <span class='ocrx_word' id='word_1_358' title='bbox 1859 3216 2004 3279; x_wconf 79' lang='lat' dir='ltr'><strong>Vide</strong></span> 
     </span>
    </p>
   </div>
   <div class='ocr_carea' id='block_1_51' title="bbox 369 2723 1757 2794">
    <p class='ocr_par' dir='ltr' id='par_1_51' title="bbox 369 2723 1757 2794">
     <span class='ocr_line' id='line_1_52' title="bbox 369 2723 1757 2794; baseline -0.003 -10"><span class='ocrx_word' id='word_1_359' title='bbox 369 2727 557 2794; x_wconf 89' lang='lat' dir='ltr'><strong>nitati,</strong></span> <span class='ocrx_word' id='word_1_360' title='bbox 599 2723 988 2780; x_wconf 73' lang='lat' dir='ltr'><strong>concedentes</strong></span> <span class='ocrx_word' id='word_1_361' title='bbox 1031 2723 1322 2794; x_wconf 85' lang='lat' dir='ltr'><strong>baptisma</strong></span> <span class='ocrx_word' id='word_1_362' title='bbox 1359 2724 1757 2794; x_wconf 80' lang='lat' dir='ltr'><strong>parvulorum,</strong></span> 
     </span>
    </p>
   </div>
   <div class='ocr_carea' id='block_1_52' title="bbox 2093 1890 3772 1963">
    <p class='ocr_par' dir='ltr' id='par_1_52' title="bbox 2093 1890 3772 1963">
     <span class='ocr_line' id='line_1_53' title="bbox 2093 1890 3772 1963; baseline -0.001 -15"><span class='ocrx_word' id='word_1_363' title='bbox 2093 1895 2273 1958; x_wconf 90' lang='lat' dir='ltr'><strong>Quem</strong></span> <span class='ocrx_word' id='word_1_364' title='bbox 2327 1907 2484 1963; x_wconf 88' lang='lat' dir='ltr'><strong>rogo,</strong></span> <span class='ocrx_word' id='word_1_365' title='bbox 2519 1907 2618 1962; x_wconf 91' lang='lat' dir='ltr'><strong>per</strong></span> <span class='ocrx_word' id='word_1_366' title='bbox 2643 1890 2826 1946; x_wconf 89' lang='lat' dir='ltr'><strong>Deum</strong></span> <span class='ocrx_word' id='word_1_367' title='bbox 2859 1895 2915 1944; x_wconf 91' lang='lat' dir='ltr'><strong>et</strong></span> <span class='ocrx_word' id='word_1_368' title='bbox 2945 1893 3219 1945; x_wconf 88' lang='lat' dir='ltr'><strong>sanctum</strong></span> <span class='ocrx_word' id='word_1_369' title='bbox 3269 1892 3538 1961; x_wconf 84' lang='lat' dir='ltr'><strong>Petrum,</strong></span> <span class='ocrx_word' id='word_1_370' title='bbox 3569 1894 3644 1946; x_wconf 87' lang='lat' dir='ltr'><strong>ut</strong></span> <span class='ocrx_word' id='word_1_371' title='bbox 3683 1891 3772 1947; x_wconf 84' lang='lat' dir='ltr'><strong>ab</strong></span> 
     </span>
    </p>
   </div>
   <div class='ocr_carea' id='block_1_53' title="bbox 2097 1977 3776 2052">
    <p class='ocr_par' dir='ltr' id='par_1_53' title="bbox 2097 1977 3776 2052">
     <span class='ocr_line' id='line_1_54' title="bbox 2097 1977 3776 2052; baseline -0.001 -16"><span class='ocrx_word' id='word_1_372' title='bbox 2097 1981 2204 2036; x_wconf 90' lang='lat' dir='ltr'><strong>hac</strong></span> <span class='ocrx_word' id='word_1_373' title='bbox 2225 1979 2820 2035; x_wconf 77' lang='lat' dir='ltr'><strong>excommunicatione</strong></span> <span class='ocrx_word' id='word_1_374' title='bbox 2861 1995 2952 2033; x_wconf 90' lang='lat' dir='ltr'><strong>me</strong></span> <span class='ocrx_word' id='word_1_375' title='bbox 2993 1977 3278 2047; x_wconf 85' lang='lat' dir='ltr'><strong>absolvat,</strong></span> <span class='ocrx_word' id='word_1_376' title='bbox 3312 1994 3563 2051; x_wconf 84' lang='lat' dir='ltr'><strong>meoque</strong></span> <span class='ocrx_word' id='word_1_377' title='bbox 3604 1996 3776 2052; x_wconf 68' lang='lat' dir='ltr'><strong>pra-</strong></span> 
     </span>
    </p>
   </div>
   <div class='ocr_carea' id='block_1_54' title="bbox 2098 2066 3775 2140">
    <p class='ocr_par' dir='ltr' id='par_1_54' title="bbox 2098 2066 3775 2140">
     <span class='ocr_line' id='line_1_55' title="bbox 2098 2066 3775 2140; baseline -0.001 -15"><span class='ocrx_word' id='word_1_378' title='bbox 2098 2069 2210 2125; x_wconf 90' lang='lat' dir='ltr'><strong>suli</strong></span> <span class='ocrx_word' id='word_1_379' title='bbox 2243 2069 2311 2124; x_wconf 90' lang='lat' dir='ltr'><strong>de</strong></span> <span class='ocrx_word' id='word_1_380' title='bbox 2335 2085 2425 2122; x_wconf 89' lang='lat' dir='ltr'><strong>me</strong></span> <span class='ocrx_word' id='word_1_381' title='bbox 2457 2067 2794 2132; x_wconf 78' lang='lat' dir='ltr'><strong>satisfaciat,</strong></span> <span class='ocrx_word' id='word_1_382' title='bbox 2821 2066 3101 2138; x_wconf 89' lang='lat' dir='ltr'><strong>quoniam</strong></span> <span class='ocrx_word' id='word_1_383' title='bbox 3145 2083 3330 2138; x_wconf 89' lang='lat' dir='ltr'><strong>usque</strong></span> <span class='ocrx_word' id='word_1_384' title='bbox 3358 2067 3614 2123; x_wconf 81' lang='lat' dir='ltr'><strong>Romam</strong></span> <span class='ocrx_word' id='word_1_385' title='bbox 3648 2083 3775 2140; x_wconf 83' lang='lat' dir='ltr'><strong>ego</strong></span> 
     </span>
    </p>
   </div>
   <div class='ocr_carea' id='block_1_55' title="bbox 2099 2153 3777 2229">
    <p class='ocr_par' dir='ltr' id='par_1_55' title="bbox 2099 2153 3777 2229">
     <span class='ocr_line' id='line_1_56' title="bbox 2099 2153 3777 2229; baseline -0.001 -17"><span class='ocrx_word' id='word_1_386' title='bbox 2099 2157 2371 2212; x_wconf 82' lang='lat' dir='ltr'><strong>libentius</strong></span> <span class='ocrx_word' id='word_1_387' title='bbox 2396 2156 2728 2211; x_wconf 77' lang='lat' dir='ltr'><strong>satisfacere</strong></span> <span class='ocrx_word' id='word_1_388' title='bbox 2756 2155 2836 2209; x_wconf 90' lang='lat' dir='ltr'><strong>ire</strong></span> <span class='ocrx_word' id='word_1_389' title='bbox 2859 2172 2974 2210; x_wconf 87' lang='lat' dir='ltr'><strong>non</strong></span> <span class='ocrx_word' id='word_1_390' title='bbox 3007 2155 3278 2226; x_wconf 89' lang='lat' dir='ltr'><strong>ambigo;</strong></span> <span class='ocrx_word' id='word_1_391' title='bbox 3310 2153 3424 2223; x_wconf 91' lang='lat' dir='ltr'><strong>ille,</strong></span> <span class='ocrx_word' id='word_1_392' title='bbox 3453 2155 3572 2211; x_wconf 86' lang='lat' dir='ltr'><strong>nisi</strong></span> <span class='ocrx_word' id='word_1_393' title='bbox 3598 2155 3777 2229; x_wconf 82' lang='lat' dir='ltr'><strong>liga.-</strong></span> 
     </span>
    </p>
   </div>
   <div class='ocr_carea' id='block_1_56' title="bbox 2101 2242 3014 2317">
    <p class='ocr_par' dir='ltr' id='par_1_56' title="bbox 2101 2242 3014 2317">
     <span class='ocr_line' id='line_1_57' title="bbox 2101 2242 3014 2317; baseline -0.001 -16"><span class='ocrx_word' id='word_1_394' title='bbox 2101 2253 2214 2314; x_wconf 88' lang='lat' dir='ltr'><strong>tus,</strong></span> <span class='ocrx_word' id='word_1_395' title='bbox 2251 2246 2490 2317; x_wconf 84' lang='lat' dir='ltr'><strong>inquam</strong></span> <span class='ocrx_word' id='word_1_396' title='bbox 2523 2250 2728 2315; x_wconf 87' lang='lat' dir='ltr'><strong>sponte</strong></span> <span class='ocrx_word' id='word_1_397' title='bbox 2755 2260 2866 2297; x_wconf 89' lang='lat' dir='ltr'><strong>non</strong></span> <span class='ocrx_word' id='word_1_398' title='bbox 2890 2242 3014 2300; x_wconf 88' lang='lat' dir='ltr'><strong>ibit.</strong></span> 
     </span>
    </p>
   </div>
   <div class='ocr_carea' id='block_1_57' title="bbox 2103 2509 3780 2583">
    <p class='ocr_par' dir='ltr' id='par_1_57' title="bbox 2103 2509 3780 2583">
     <span class='ocr_line' id='line_1_58' title="bbox 2103 2509 3780 2583; baseline -0.001 -15"><span class='ocrx_word' id='word_1_399' title='bbox 2103 2531 2252 2583; x_wconf 87' lang='lat' dir='ltr'><strong>cap.,</strong></span> <span class='ocrx_word' id='word_1_400' title='bbox 2271 2513 2622 2583; x_wconf 78' lang='lat' dir='ltr'><strong>Inquisitioni</strong></span> <span class='ocrx_word' id='word_1_401' title='bbox 2637 2519 2763 2578; x_wconf 74' lang='lat' dir='ltr'><strong>tuze,</strong></span> <span class='ocrx_word' id='word_1_402' title='bbox 2784 2509 3130 2583; x_wconf 78' lang='lat' dir='ltr'><strong>Desentent.</strong></span> <span class='ocrx_word' id='word_1_403' title='bbox 3151 2525 3528 2583; x_wconf 76' lang='lat' dir='ltr'><strong>excommun.</strong></span> <span class='ocrx_word' id='word_1_404' title='bbox 3544 2509 3780 2583; x_wconf 70' lang='lat' dir='ltr'><strong>BALuz.</strong></span> 
     </span>
    </p>
   </div>
   <div class='ocr_carea' id='block_1_58' title="bbox 2174 2531 3788 2653">
    <p class='ocr_par' dir='ltr' id='par_1_58' title="bbox 2174 2531 3788 2653">
     <span class='ocr_line' id='line_1_59' title="bbox 2215 2531 3780 2583; baseline 0.001 -18"><span class='ocrx_word' id='word_1_405' title='bbox 2215 2554 2252 2577; x_wconf 84' lang='lat'><strong>.,</strong></span> <span class='ocrx_word' id='word_1_406' title='bbox 2271 2531 2618 2583; x_wconf 78' lang='lat' dir='ltr'><strong>mquzszuom</strong></span> <span class='ocrx_word' id='word_1_407' title='bbox 2637 2531 2763 2578; x_wconf 70' lang='lat' dir='ltr'><strong>“UE,</strong></span> <span class='ocrx_word' id='word_1_408' title='bbox 2784 2531 2862 2564; x_wconf 75' lang='lat' dir='ltr'>U0</span> <span class='ocrx_word' id='word_1_409' title='bbox 2881 2531 3130 2564; x_wconf 70' lang='grc' dir='ltr'><strong>ΒΕΙΙιϐΠῐι.</strong></span> <span class='ocrx_word' id='word_1_410' title='bbox 3151 2531 3528 2565; x_wconf 74' lang='grc' dir='ltr'><strong>ϐΧΟΟΙΙΙΙΠυΠ.</strong></span> <span class='ocrx_word' id='word_1_411' title='bbox 3545 2531 3780 2568; x_wconf 76' lang='lat' dir='ltr'><strong>DALUZ.</strong></span> 
     </span>
     <span class='ocr_line' id='line_1_60' title="bbox 2174 2531 3788 2653; baseline 0.002 -17"><span class='ocrx_word' id='word_1_412' title='bbox 2174 2531 2250 2653; x_wconf 46' lang='lat' dir='ltr'><strong>Et)</strong></span> <span class='ocrx_word' id='word_1_413' title='bbox 2276 2583 2824 2653; x_wconf 74' lang='lat' dir='ltr'><strong>Anathematimtum.</strong></span> <span class='ocrx_word' id='word_1_414' title='bbox 2857 2579 3156 2653; x_wconf 82' lang='lat' dir='ltr'><strong>Nimirum</strong></span> <span class='ocrx_word' id='word_1_415' title='bbox 3173 2580 3232 2653; x_wconf 82' lang='lat' dir='ltr'><strong>in</strong></span> <span class='ocrx_word' id='word_1_416' title='bbox 3259 2580 3508 2653; x_wconf 79' lang='lat' dir='ltr'><strong>concilio</strong></span> <span class='ocrx_word' id='word_1_417' title='bbox 3534 2580 3788 2639; x_wconf 83' lang='lat' dir='ltr'><strong>Floren-</strong></span> 
     </span>
    </p>
   </div>
   <div class='ocr_carea' id='block_1_59' title="bbox 2103 2651 3788 2724">
    <p class='ocr_par' dir='ltr' id='par_1_59' title="bbox 2103 2651 3788 2724">
     <span class='ocr_line' id='line_1_61' title="bbox 2103 2651 3788 2724; baseline 0.001 -16"><span class='ocrx_word' id='word_1_418' title='bbox 2103 2651 2246 2713; x_wconf 65' lang='lat' dir='ltr'><strong>tino;</strong></span> <span class='ocrx_word' id='word_1_419' title='bbox 2296 2655 2446 2724; x_wconf 86' lang='lat' dir='ltr'><strong>quod</strong></span> <span class='ocrx_word' id='word_1_420' title='bbox 2483 2671 2513 2706; x_wconf 86' lang='lat' dir='ltr'><strong>a</strong></span> <span class='ocrx_word' id='word_1_421' title='bbox 2546 2669 2694 2724; x_wconf 82' lang='lat' dir='ltr'><strong>pana</strong></span> <span class='ocrx_word' id='word_1_422' title='bbox 2724 2651 2950 2724; x_wconf 81' lang='lat' dir='ltr'><strong>Victore</strong></span> <span class='ocrx_word' id='word_1_423' title='bbox 2985 2653 3033 2706; x_wconf 89' lang='grc' dir='ltr'>ΙΙ</span> <span class='ocrx_word' id='word_1_424' title='bbox 3063 2651 3338 2724; x_wconf 85' lang='lat' dir='ltr'><strong>habitum</strong></span> <span class='ocrx_word' id='word_1_425' title='bbox 3381 2651 3577 2724; x_wconf 84' lang='lat' dir='ltr'><strong>fuerat</strong></span> <span class='ocrx_word' id='word_1_426' title='bbox 3609 2669 3788 2710; x_wconf 88' lang='lat' dir='ltr'><strong>anno</strong></span> 
     </span>
    </p>
   </div>
   <div class='ocr_carea' id='block_1_60' title="bbox 2107 2722 3792 2798">
    <p class='ocr_par' dir='ltr' id='par_1_60' title="bbox 2107 2722 3792 2798">
     <span class='ocr_line' id='line_1_62' title="bbox 2107 2722 3792 2798; baseline 0.001 -19"><span class='ocrx_word' id='word_1_427' title='bbox 2107 2722 2424 2798; x_wconf 70' lang='lat' dir='ltr'><strong>superiore.</strong></span> <span class='ocrx_word' id='word_1_428' title='bbox 2469 2722 2570 2778; x_wconf 72' lang='lat' dir='ltr'><strong>Cui</strong></span> <span class='ocrx_word' id='word_1_429' title='bbox 2611 2723 2856 2798; x_wconf 85' lang='lat' dir='ltr'><strong>concilio</strong></span> <span class='ocrx_word' id='word_1_430' title='bbox 2910 2722 3251 2798; x_wconf 51' lang='lat' dir='ltr'><strong>interlyisse</strong></span> <span class='ocrx_word' id='word_1_431' title='bbox 3287 2738 3408 2798; x_wconf 49' lang='grc' dir='ltr'><strong>ξιξ</strong></span> <span class='ocrx_word' id='word_1_432' title='bbox 3453 2723 3792 2798; x_wconf 69' lang='lat' dir='ltr'><strong>episcopos</strong></span> 
     </span>
    </p>
   </div>
   <div class='ocr_carea' id='block_1_61' title="bbox 2107 2792 3794 2864">
    <p class='ocr_par' dir='ltr' id='par_1_61' title="bbox 2107 2792 3794 2864">
     <span class='ocr_line' id='line_1_63' title="bbox 2107 2792 3794 2864; baseline 0.001 -13"><span class='ocrx_word' id='word_1_433' title='bbox 2107 2792 2272 2852; x_wconf 79' lang='lat' dir='ltr'><strong>docet</strong></span> <span class='ocrx_word' id='word_1_434' title='bbox 2295 2798 2386 2850; x_wconf 78' lang='lat' dir='ltr'><strong>hic</strong></span> <span class='ocrx_word' id='word_1_435' title='bbox 2410 2796 2590 2848; x_wconf 79' lang='lat' dir='ltr'><strong>locus.</strong></span> <span class='ocrx_word' id='word_1_436' title='bbox 2616 2795 2699 2848; x_wconf 84' lang='lat' dir='ltr'><strong>Ad</strong></span> <span class='ocrx_word' id='word_1_437' title='bbox 2727 2809 2853 2848; x_wconf 88' lang='lat' dir='ltr'><strong>eam</strong></span> <span class='ocrx_word' id='word_1_438' title='bbox 2874 2809 3045 2864; x_wconf 88' lang='lat' dir='ltr'><strong>porro</strong></span> <span class='ocrx_word' id='word_1_439' title='bbox 3067 2792 3335 2848; x_wconf 82' lang='lat' dir='ltr'><strong>Guifredi</strong></span> <span class='ocrx_word' id='word_1_440' title='bbox 3360 2792 3794 2852; x_wconf 70' lang='lat' dir='ltr'><strong>Narbonensis</strong></span> 
     </span>
    </p>
   </div>
   <div class='ocr_carea' id='block_1_62' title="bbox 2109 2863 3797 2938">
    <p class='ocr_par' dir='ltr' id='par_1_62' title="bbox 2109 2863 3797 2938">
     <span class='ocr_line' id='line_1_64' title="bbox 2109 2863 3797 2938; baseline 0 -16"><span class='ocrx_word' id='word_1_441' title='bbox 2109 2867 2538 2938; x_wconf 71' lang='lat' dir='ltr'><strong>excommuuicr</strong></span> <span class='ocrx_word' id='word_1_442' title='bbox 2555 2866 2765 2938; x_wconf 79' lang='lat' dir='ltr'><strong>tionem</strong></span> <span class='ocrx_word' id='word_1_443' title='bbox 2815 2863 3141 2938; x_wconf 53' lang='lat' dir='ltr'><strong>respexisse</strong></span> <span class='ocrx_word' id='word_1_444' title='bbox 3171 2864 3409 2920; x_wconf 89' lang='lat' dir='ltr'><strong>videtur</strong></span> <span class='ocrx_word' id='word_1_445' title='bbox 3426 2863 3797 2938; x_wconf 80' lang='lat' dir='ltr'><strong>_Gre.gorius</strong></span> 
     </span>
    </p>
   </div>
   <div class='ocr_carea' id='block_1_63' title="bbox 2110 2934 3798 3002">
    <p class='ocr_par' dir='ltr' id='par_1_63' title="bbox 2110 2934 3798 3002">
     <span class='ocr_line' id='line_1_65' title="bbox 2110 2934 3798 3002; baseline 0.002 -12"><span class='ocrx_word' id='word_1_446' title='bbox 2110 2939 2226 3002; x_wconf 83' lang='lat' dir='ltr'><strong>VI],</strong></span> <span class='ocrx_word' id='word_1_447' title='bbox 2259 2940 2398 2992; x_wconf 85' lang='lat' dir='ltr'><strong>dum</strong></span> <span class='ocrx_word' id='word_1_448' title='bbox 2437 2937 2555 2990; x_wconf 72' lang='lat' dir='ltr'><strong>hanc</strong></span> <span class='ocrx_word' id='word_1_449' title='bbox 2596 2936 2651 2988; x_wconf 88' lang='lat' dir='ltr'><strong>in</strong></span> <span class='ocrx_word' id='word_1_450' title='bbox 2695 2934 2940 2990; x_wconf 85' lang='lat' dir='ltr'><strong>concilio</strong></span> <span class='ocrx_word' id='word_1_451' title='bbox 2973 2935 3236 2990; x_wconf 83' lang='lat' dir='ltr'><strong>Romano</strong></span> <span class='ocrx_word' id='word_1_452' title='bbox 3279 2934 3596 2992; x_wconf 54' lang='lat' dir='ltr'><strong>sanciebat&#39;</strong></span> <span class='ocrx_word' id='word_1_453' title='bbox 3613 2955 3798 2994; x_wconf 87' lang='lat' dir='ltr'><strong>anno</strong></span> 
     </span>
    </p>
   </div>
   <div class='ocr_carea' id='block_1_64' title="bbox 2114 3007 3796 3082">
    <p class='ocr_par' dir='ltr' id='par_1_64' title="bbox 2114 3007 3796 3082">
     <span class='ocr_line' id='line_1_66' title="bbox 2114 3007 3796 3082; baseline -0.001 -18"><span class='ocrx_word' id='word_1_454' title='bbox 2114 3011 2252 3082; x_wconf 51' lang='grc' dir='ltr'>1ίο48</span> <span class='ocrx_word' id='word_1_455' title='bbox 2285 3028 2298 3065; x_wconf 91' lang='lat'><strong>:</strong></span> <span class='ocrx_word' id='word_1_456' title='bbox 2335 3015 2673 3082; x_wconf 69' lang='lat' dir='ltr'><strong>Renovamus</strong></span> <span class='ocrx_word' id='word_1_457' title='bbox 2701 3007 3592 3082; x_wconf 60' lang='lat' dir='ltr'><strong>etiamexcommunicatiouema</strong></span> <span class='ocrx_word' id='word_1_458' title='bbox 3625 3026 3796 3082; x_wconf 70' lang='lat' dir='ltr'><strong>prae-</strong></span> 
     </span>
    </p>
   </div>
   <div class='ocr_carea' id='block_1_65' title="bbox 2112 3076 3801 3148">
    <p class='ocr_par' dir='ltr' id='par_1_65' title="bbox 2112 3076 3801 3148">
     <span class='ocr_line' id='line_1_67' title="bbox 2112 3076 3801 3148; baseline 0 -14"><span class='ocrx_word' id='word_1_459' title='bbox 2112 3081 2479 3134; x_wconf 73' lang='lat' dir='ltr'><strong>decessnribus</strong></span> <span class='ocrx_word' id='word_1_460' title='bbox 2534 3079 2736 3131; x_wconf 73' lang='lat' dir='ltr'><strong>nostris</strong></span> <span class='ocrx_word' id='word_1_461' title='bbox 2782 3080 3013 3148; x_wconf 12' lang='lat' dir='ltr'><strong>[&#39;actamr</strong></span> <span class='ocrx_word' id='word_1_462' title='bbox 3035 3092 3202 3148; x_wconf 84' lang='lat' dir='ltr'><strong>super</strong></span> <span class='ocrx_word' id='word_1_463' title='bbox 3226 3076 3555 3148; x_wconf 74' lang='lat' dir='ltr'><strong>Guilredum</strong></span> <span class='ocrx_word' id='word_1_464' title='bbox 3588 3076 3801 3136; x_wconf 56' lang='lat' dir='ltr'><strong>archi-</strong></span> 
     </span>
    </p>
   </div>
   <div class='ocr_carea' id='block_1_66' title="bbox 2035 3147 3803 3250">
    <p class='ocr_par' dir='ltr' id='par_1_66' title="bbox 2035 3147 3803 3250">
     <span class='ocr_line' id='line_1_68' title="bbox 2035 3147 3803 3250; baseline 0 -44"><span class='ocrx_word' id='word_1_465' title='bbox 2035 3184 2077 3250; x_wconf 78' lang='lat' dir='ltr'>C</span> <span class='ocrx_word' id='word_1_466' title='bbox 2115 3153 2418 3250; x_wconf 62' lang='lat' dir='ltr'><strong>episcupuni</strong></span> <span class='ocrx_word' id='word_1_467' title='bbox 2451 3150 2868 3250; x_wconf 46' lang='lat' dir='ltr'><strong>Narlierzeusem,</strong></span> <span class='ocrx_word' id='word_1_468' title='bbox 2893 3152 2943 3202; x_wconf 85' lang='lat' dir='ltr'><strong>et</strong></span> <span class='ocrx_word' id='word_1_469' title='bbox 2959 3147 3164 3250; x_wconf 64' lang='lat' dir='ltr'><strong>absque</strong></span> <span class='ocrx_word' id='word_1_470' title='bbox 3192 3149 3313 3204; x_wconf 83' lang='lat' dir='ltr'><strong>ulla</strong></span> <span class='ocrx_word' id='word_1_471' title='bbox 3333 3153 3803 3250; x_wconf 64' lang='lat' dir='ltr'><strong>recuperationi:</strong></span> 
     </span>
    </p>
   </div>
   <div class='ocr_carea' id='block_1_67' title="bbox 2115 3220 3518 3292">
    <p class='ocr_par' dir='ltr' id='par_1_67' title="bbox 2115 3220 3518 3292">
     <span class='ocr_line' id='line_1_69' title="bbox 2115 3220 3518 3292; baseline 0 -16"><span class='ocrx_word' id='word_1_472' title='bbox 2115 3220 2206 3288; x_wconf 79' lang='lat' dir='ltr'><strong>spe</strong></span> <span class='ocrx_word' id='word_1_473' title='bbox 2235 3220 2300 3278; x_wconf 83' lang='lat' dir='ltr'><strong>ab</strong></span> <span class='ocrx_word' id='word_1_474' title='bbox 2326 3221 2616 3292; x_wconf 72' lang='lat' dir='ltr'><strong>episcopali</strong></span> <span class='ocrx_word' id='word_1_475' title='bbox 2645 3220 2822 3289; x_wconf 78' lang='lat' dir='ltr'><strong>ofﬁcio</strong></span> <span class='ocrx_word' id='word_1_476' title='bbox 2851 3234 2974 3273; x_wconf 86' lang='lat' dir='ltr'><strong>eum</strong></span> <span class='ocrx_word' id='word_1_477' title='bbox 2991 3220 3397 3275; x_wconf 75' lang='lat' dir='ltr'><strong>sub-movemus.</strong></span> <span class='ocrx_word' id='word_1_478' title='bbox 3432 3221 3518 3276; x_wconf 86' lang='lat' dir='ltr'><strong>lo.</strong></span> 
     </span>
    </p>
   </div>
   <div class='ocr_carea' id='block_1_68' title="bbox 369 3358 3795 3391">
    <p class='ocr_par' dir='ltr' id='par_1_68' title="bbox 369 3358 3795 3391">
     <span class='ocr_line' id='line_1_70' title="bbox 369 3358 3795 3391; baseline 0 -6"><span class='ocrx_word' id='word_1_479' title='bbox 369 3358 3795 3391; x_wconf 54' lang='grc' dir='ltr'>Μ</span> 
     </span>
    </p>
   </div>
   <div class='ocr_carea' id='block_1_69' title="bbox 1780 3481 2340 3528">
    <p class='ocr_par' dir='ltr' id='par_1_69' title="bbox 1780 3481 2340 3528">
     <span class='ocr_line' id='line_1_71' title="bbox 1780 3481 2340 3528; baseline -0.002 -4"><span class='ocrx_word' id='word_1_480' title='bbox 1780 3481 1943 3528; x_wconf 76' lang='lat' dir='ltr'><strong>ANNO</strong></span> <span class='ocrx_word' id='word_1_481' title='bbox 1985 3482 2133 3528; x_wconf 83' lang='lat' dir='ltr'><strong>DOMI</strong></span> <span class='ocrx_word' id='word_1_482' title='bbox 2176 3481 2340 3526; x_wconf 74' lang='lat' dir='ltr'><strong>MLVlI</strong></span> 
     </span>
    </p>
   </div>
   <div class='ocr_carea' id='block_1_70' title="bbox 1653 3615 2457 3744">
    <p class='ocr_par' dir='ltr' id='par_1_70' title="bbox 1653 3615 2457 3744">
     <span class='ocr_line' id='line_1_72' title="bbox 1653 3615 2457 3744; baseline 0.002 -4"><span class='ocrx_word' id='word_1_483' title='bbox 1653 3615 2457 3744; x_wconf 79' lang='lat' dir='ltr'><strong>THEUZO</strong></span> 
     </span>
    </p>
   </div>
   <div class='ocr_carea' id='block_1_71' title="bbox 1120 3784 2990 3869">
    <p class='ocr_par' dir='ltr' id='par_1_71' title="bbox 1120 3784 2990 3869">
     <span class='ocr_line' id='line_1_73' title="bbox 1120 3784 2990 3869; baseline 0.002 -5"><span class='ocrx_word' id='word_1_484' title='bbox 1120 3784 1444 3866; x_wconf 62' lang='lat' dir='ltr'><strong>EREMITA</strong></span> <span class='ocrx_word' id='word_1_485' title='bbox 1483 3809 1572 3864; x_wconf 89' lang='lat' dir='ltr'><strong>ET</strong></span> <span class='ocrx_word' id='word_1_486' title='bbox 1613 3811 1997 3869; x_wconf 87' lang='lat' dir='ltr'><strong>MONACHUS</strong></span> <span class='ocrx_word' id='word_1_487' title='bbox 2035 3813 2094 3868; x_wconf 88' lang='lat' dir='ltr'><strong>s.</strong></span> <span class='ocrx_word' id='word_1_488' title='bbox 2137 3811 2410 3868; x_wconf 69' lang='lat' dir='ltr'><strong>MARLE</strong></span> <span class='ocrx_word' id='word_1_489' title='bbox 2449 3811 2536 3865; x_wconf 90' lang='lat' dir='ltr'><strong>DE</strong></span> <span class='ocrx_word' id='word_1_490' title='bbox 2573 3810 2990 3867; x_wconf 79' lang='lat' dir='ltr'><strong>FLORENTIA.</strong></span> 
     </span>
    </p>
   </div>
   <div class='ocr_carea' id='block_1_72' title="bbox 1488 4052 2626 4141">
    <p class='ocr_par' dir='ltr' id='par_1_72' title="bbox 1488 4052 2626 4141">
     <span class='ocr_line' id='line_1_74' title="bbox 1488 4052 2626 4141; baseline 0 -5"><span class='ocrx_word' id='word_1_491' title='bbox 1488 4053 1954 4140; x_wconf 89' lang='lat' dir='ltr'><strong>NOTITIA</strong></span> <span class='ocrx_word' id='word_1_492' title='bbox 2011 4052 2626 4141; x_wconf 80' lang='lat' dir='ltr'><strong>HISTORICA</strong></span> 
     </span>
    </p>
   </div>
   <div class='ocr_carea' id='block_1_73' title="bbox 1377 4201 2729 4274">
    <p class='ocr_par' dir='ltr' id='par_1_73' title="bbox 1377 4201 2729 4274">
     <span class='ocr_line' id='line_1_75' title="bbox 1377 4201 2729 4274; baseline -0.004 -13"><span class='ocrx_word' id='word_1_493' title='bbox 1377 4201 1639 4261; x_wconf 73' lang='lat' dir='ltr'><strong>(Annales</strong></span> <span class='ocrx_word' id='word_1_494' title='bbox 1667 4202 2127 4274; x_wconf 78' lang='lat' dir='ltr'><strong>Camaldulenses,</strong></span> <span class='ocrx_word' id='word_1_495' title='bbox 2158 4205 2300 4258; x_wconf 90' lang='lat' dir='ltr'><strong>tom.</strong></span> <span class='ocrx_word' id='word_1_496' title='bbox 2335 4201 2405 4270; x_wconf 86' lang='lat' dir='ltr'><strong>ll,</strong></span> <span class='ocrx_word' id='word_1_497' title='bbox 2438 4216 2568 4273; x_wconf 88' lang='lat' dir='ltr'><strong>pag.</strong></span> <span class='ocrx_word' id='word_1_498' title='bbox 2607 4201 2729 4271; x_wconf 87' lang='grc'>163)</span> 
     </span>
    </p>
   </div>
   <div class='ocr_carea' id='block_1_74' title="bbox 438 4443 3803 4520">
    <p class='ocr_par' dir='ltr' id='par_1_74' title="bbox 438 4443 3803 4520">
     <span class='ocr_line' id='line_1_76' title="bbox 438 4443 3803 4520; baseline 0.003 -20"><span class='ocrx_word' id='word_1_499' title='bbox 438 4443 897 4517; x_wconf 88' lang='lat' dir='ltr'><strong>Distinguendus</strong></span> <span class='ocrx_word' id='word_1_500' title='bbox 945 4449 1033 4502; x_wconf 88' lang='lat' dir='ltr'><strong>est</strong></span> <span class='ocrx_word' id='word_1_501' title='bbox 1061 4446 1292 4502; x_wconf 86' lang='lat' dir='ltr'><strong>Theuzo</strong></span> <span class='ocrx_word' id='word_1_502' title='bbox 1318 4447 1558 4503; x_wconf 88' lang='lat' dir='ltr'><strong>eremita</strong></span> <span class='ocrx_word' id='word_1_503' title='bbox 1595 4453 1650 4503; x_wconf 92' lang='lat' dir='ltr'><strong>et</strong></span> <span class='ocrx_word' id='word_1_504' title='bbox 1675 4449 1996 4506; x_wconf 86' lang='lat' dir='ltr'><strong>monachus</strong></span> <span class='ocrx_word' id='word_1_505' title='bbox 2027 4452 2072 4517; x_wconf 88' lang='lat' dir='ltr'><strong>D</strong></span> <span class='ocrx_word' id='word_1_506' title='bbox 2105 4449 2407 4516; x_wconf 89' lang='lat' dir='ltr'><strong>monacho,</strong></span> <span class='ocrx_word' id='word_1_507' title='bbox 2431 4448 3316 4520; x_wconf 87' lang='lat' dir='ltr'><strong>cujusinterventuPrataliense</strong></span> <span class='ocrx_word' id='word_1_508' title='bbox 3330 4453 3803 4511; x_wconf 85' lang='lat' dir='ltr'><strong>monasterium</strong></span> 
     </span>
    </p>
   </div>
   <div class='ocr_carea' id='block_1_75' title="bbox 361 4533 1994 4594">
    <p class='ocr_par' dir='ltr' id='par_1_75' title="bbox 361 4533 1994 4594">
     <span class='ocr_line' id='line_1_77' title="bbox 361 4533 1994 4594; baseline 0.004 -6"><span class='ocrx_word' id='word_1_509' title='bbox 361 4534 580 4588; x_wconf 69' lang='lat' dir='ltr'><strong>Sanctze</strong></span> <span class='ocrx_word' id='word_1_510' title='bbox 613 4533 802 4588; x_wconf 63' lang='lat' dir='ltr'><strong>Maria:</strong></span> <span class='ocrx_word' id='word_1_511' title='bbox 825 4535 894 4590; x_wconf 92' lang='lat' dir='ltr'><strong>de</strong></span> <span class='ocrx_word' id='word_1_512' title='bbox 930 4535 1216 4590; x_wconf 86' lang='lat' dir='ltr'><strong>Florentia</strong></span> <span class='ocrx_word' id='word_1_513' title='bbox 1247 4535 1318 4590; x_wconf 91' lang='lat' dir='ltr'><strong>ab</strong></span> <span class='ocrx_word' id='word_1_514' title='bbox 1351 4535 1462 4590; x_wconf 90' lang='lat' dir='ltr'><strong>alio</strong></span> <span class='ocrx_word' id='word_1_515' title='bbox 1493 4535 1702 4592; x_wconf 87' lang='lat' dir='ltr'><strong>celebri</strong></span> <span class='ocrx_word' id='word_1_516' title='bbox 1746 4545 1801 4592; x_wconf 89' lang='lat' dir='ltr'><strong>et</strong></span> <span class='ocrx_word' id='word_1_517' title='bbox 1831 4539 1994 4594; x_wconf 87' lang='lat' dir='ltr'><strong>beato</strong></span> 
     </span>
    </p>
   </div>
   <div class='ocr_carea' id='block_1_76' title="bbox 360 4621 1990 4697">
    <p class='ocr_par' dir='ltr' id='par_1_76' title="bbox 360 4621 1990 4697">
     <span class='ocr_line' id='line_1_78' title="bbox 360 4621 1990 4697; baseline 0.003 -22"><span class='ocrx_word' id='word_1_518' title='bbox 360 4621 684 4688; x_wconf 89' lang='lat' dir='ltr'><strong>Theuzone,</strong></span> <span class='ocrx_word' id='word_1_519' title='bbox 725 4623 906 4677; x_wconf 91' lang='lat' dir='ltr'><strong>sancti</strong></span> <span class='ocrx_word' id='word_1_520' title='bbox 937 4623 1180 4678; x_wconf 85' lang='lat' dir='ltr'><strong>Joannis</strong></span> <span class='ocrx_word' id='word_1_521' title='bbox 1209 4621 1500 4678; x_wconf 88' lang='lat' dir='ltr'><strong>Gualberti</strong></span> <span class='ocrx_word' id='word_1_522' title='bbox 1553 4623 1858 4696; x_wconf 90' lang='lat' dir='ltr'><strong>discipulo,</strong></span> <span class='ocrx_word' id='word_1_523' title='bbox 1892 4627 1990 4697; x_wconf 91' lang='lat' dir='ltr'><strong>qui</strong></span> 
     </span>
    </p>
   </div>
   <div class='ocr_carea' id='block_1_77' title="bbox 359 4709 1992 4782">
    <p class='ocr_par' dir='ltr' id='par_1_77' title="bbox 359 4709 1992 4782">
     <span class='ocr_line' id='line_1_79' title="bbox 359 4709 1992 4782; baseline 0.003 -18"><span class='ocrx_word' id='word_1_524' title='bbox 359 4709 560 4765; x_wconf 91' lang='lat' dir='ltr'><strong>eodem</strong></span> <span class='ocrx_word' id='word_1_525' title='bbox 583 4713 837 4780; x_wconf 91' lang='lat' dir='ltr'><strong>tempore</strong></span> <span class='ocrx_word' id='word_1_526' title='bbox 855 4711 1082 4766; x_wconf 86' lang='lat' dir='ltr'><strong>vivebat</strong></span> <span class='ocrx_word' id='word_1_527' title='bbox 1106 4729 1118 4777; x_wconf 94' lang='lat'>;</span> <span class='ocrx_word' id='word_1_528' title='bbox 1143 4711 1214 4766; x_wconf 88' lang='lat' dir='ltr'><strong>de</strong></span> <span class='ocrx_word' id='word_1_529' title='bbox 1238 4728 1350 4782; x_wconf 88' lang='lat' dir='ltr'><strong>quo</strong></span> <span class='ocrx_word' id='word_1_530' title='bbox 1373 4711 1710 4768; x_wconf 82' lang='lat' dir='ltr'><strong>consulendi</strong></span> <span class='ocrx_word' id='word_1_531' title='bbox 1729 4717 1992 4769; x_wconf 89' lang='lat' dir='ltr'><strong>auctores</strong></span> 
     </span>
    </p>
   </div>
   <div class='ocr_carea' id='block_1_78' title="bbox 363 4796 1992 4870">
    <p class='ocr_par' dir='ltr' id='par_1_78' title="bbox 363 4796 1992 4870">
     <span class='ocr_line' id='line_1_80' title="bbox 363 4796 1992 4870; baseline 0.004 -20"><span class='ocrx_word' id='word_1_532' title='bbox 363 4796 852 4854; x_wconf 87' lang='lat' dir='ltr'><strong>Vallumbrosani.</strong></span> <span class='ocrx_word' id='word_1_533' title='bbox 903 4799 1071 4854; x_wconf 63' lang='lat' dir='ltr'><strong>Alius</strong></span> <span class='ocrx_word' id='word_1_534' title='bbox 1111 4799 1325 4870; x_wconf 89' lang='lat' dir='ltr'><strong>pariter</strong></span> <span class='ocrx_word' id='word_1_535' title='bbox 1361 4799 1588 4855; x_wconf 85' lang='lat' dir='ltr'><strong>videtur</strong></span> <span class='ocrx_word' id='word_1_536' title='bbox 1639 4819 1671 4856; x_wconf 91' lang='lat' dir='ltr'><strong>a</strong></span> <span class='ocrx_word' id='word_1_537' title='bbox 1719 4801 1992 4858; x_wconf 77' lang='lat' dir='ltr'><strong>Theuwne</strong></span> 
     </span>
    </p>
   </div>
   <div class='ocr_carea' id='block_1_79' title="bbox 358 4883 1992 4960">
    <p class='ocr_par' dir='ltr' id='par_1_79' title="bbox 358 4883 1992 4960">
     <span class='ocr_line' id='line_1_81' title="bbox 358 4883 1992 4960; baseline 0.005 -24"><span class='ocrx_word' id='word_1_538' title='bbox 358 4883 618 4938; x_wconf 71' lang='lat' dir='ltr'><strong>monacho</strong></span> <span class='ocrx_word' id='word_1_539' title='bbox 637 4889 687 4939; x_wconf 82' lang='lat' dir='ltr'><strong>et</strong></span> <span class='ocrx_word' id='word_1_540' title='bbox 707 4885 933 4952; x_wconf 72' lang='lat' dir='ltr'><strong>indigno</strong></span> <span class='ocrx_word' id='word_1_541' title='bbox 957 4885 1246 4947; x_wconf 81' lang='lat' dir='ltr'><strong>sacerdote,</strong></span> <span class='ocrx_word' id='word_1_542' title='bbox 1278 4887 1376 4956; x_wconf 89' lang='lat' dir='ltr'><strong>qui</strong></span> <span class='ocrx_word' id='word_1_543' title='bbox 1416 4903 1476 4942; x_wconf 87' lang='lat' dir='ltr'><strong>se</strong></span> <span class='ocrx_word' id='word_1_544' title='bbox 1517 4887 1830 4942; x_wconf 80' lang='lat' dir='ltr'><strong>subscribit</strong></span> <span class='ocrx_word' id='word_1_545' title='bbox 1860 4893 1992 4960; x_wconf 90' lang='lat' dir='ltr'><strong>post</strong></span> 
     </span>
    </p>
   </div>
   <div class='ocr_carea' id='block_1_80' title="bbox 357 4967 1990 5042">
    <p class='ocr_par' dir='ltr' id='par_1_80' title="bbox 357 4967 1990 5042">
     <span class='ocr_line' id='line_1_82' title="bbox 357 4967 1990 5042; baseline 0.003 -19"><span class='ocrx_word' id='word_1_546' title='bbox 357 4967 611 5041; x_wconf 87' lang='lat' dir='ltr'><strong>Petrum,</strong></span> <span class='ocrx_word' id='word_1_547' title='bbox 632 4972 811 5042; x_wconf 89' lang='lat' dir='ltr'><strong>hujus</strong></span> <span class='ocrx_word' id='word_1_548' title='bbox 834 4972 1086 5026; x_wconf 78' lang='lat' dir='ltr'><strong>nominis</strong></span> <span class='ocrx_word' id='word_1_549' title='bbox 1110 4974 1451 5038; x_wconf 87' lang='lat' dir='ltr'><strong>secundum,</strong></span> <span class='ocrx_word' id='word_1_550' title='bbox 1477 4975 1745 5029; x_wconf 78' lang='lat' dir='ltr'><strong>abbatem</strong></span> <span class='ocrx_word' id='word_1_551' title='bbox 1769 4983 1990 5031; x_wconf 69' lang='lat' dir='ltr'><strong>Sanctae</strong></span> 
     </span>
    </p>
   </div>
   <div class='ocr_carea' id='block_1_81' title="bbox 358 5056 1984 5130">
    <p class='ocr_par' dir='ltr' id='par_1_81' title="bbox 358 5056 1984 5130">
     <span class='ocr_line' id='line_1_83' title="bbox 358 5056 1984 5130; baseline 0.003 -18"><span class='ocrx_word' id='word_1_552' title='bbox 358 5056 546 5112; x_wconf 70' lang='lat' dir='ltr'><strong>Mariae</strong></span> <span class='ocrx_word' id='word_1_553' title='bbox 573 5059 894 5121; x_wconf 68' lang='lat' dir='ltr'><strong>Florentiae,</strong></span> <span class='ocrx_word' id='word_1_554' title='bbox 920 5059 973 5110; x_wconf 91' lang='lat' dir='ltr'><strong>in</strong></span> <span class='ocrx_word' id='word_1_555' title='bbox 999 5059 1198 5112; x_wconf 75' lang='lat' dir='ltr'><strong>charta</strong></span> <span class='ocrx_word' id='word_1_556' title='bbox 1220 5063 1656 5114; x_wconf 76' lang='lat' dir='ltr'><strong>restaurationis</strong></span> <span class='ocrx_word' id='word_1_557' title='bbox 1682 5065 1984 5130; x_wconf 71' lang='lat' dir='ltr'><strong>cujusdam</strong></span> 
     </span>
    </p>
   </div>
   <div class='ocr_carea' id='block_1_82' title="bbox 355 5143 1988 5216">
    <p class='ocr_par' dir='ltr' id='par_1_82' title="bbox 355 5143 1988 5216">
     <span class='ocr_line' id='line_1_84' title="bbox 355 5143 1988 5216; baseline 0.001 -18"><span class='ocrx_word' id='word_1_558' title='bbox 355 5143 660 5216; x_wconf 86' lang='lat' dir='ltr'><strong>hospitalis</strong></span> <span class='ocrx_word' id='word_1_559' title='bbox 718 5144 868 5215; x_wconf 83' lang='lat' dir='ltr'><strong>apud</strong></span> <span class='ocrx_word' id='word_1_560' title='bbox 924 5145 1332 5200; x_wconf 83' lang='lat' dir='ltr'><strong>Puecinellium</strong></span> <span class='ocrx_word' id='word_1_561' title='bbox 1388 5150 1607 5216; x_wconf 72' lang='lat' dir='ltr'><strong>(Clu-un.</strong></span> <span class='ocrx_word' id='word_1_562' title='bbox 1654 5151 1827 5203; x_wconf 66' lang='grc' dir='ltr'><strong>(ιεἰἶιίιι.</strong></span> <span class='ocrx_word' id='word_1_563' title='bbox 1877 5154 1988 5204; x_wconf 76' lang='lat' dir='ltr'><strong>Flo-</strong></span> 
     </span>
    </p>
   </div>
   <div class='ocr_carea' id='block_1_83' title="bbox 355 5231 1984 5300">
    <p class='ocr_par' dir='ltr' id='par_1_83' title="bbox 355 5231 1984 5300">
     <span class='ocr_line' id='line_1_85' title="bbox 355 5231 1984 5300; baseline 0.004 -15"><span class='ocrx_word' id='word_1_564' title='bbox 355 5235 517 5299; x_wconf 62' lang='lat' dir='ltr'><strong>reat,</strong></span> <span class='ocrx_word' id='word_1_565' title='bbox 545 5248 596 5300; x_wconf 90' lang='lat' dir='ltr'><strong>p.</strong></span> <span class='ocrx_word' id='word_1_566' title='bbox 619 5232 766 5298; x_wconf 60' lang='lat'><strong>251:);</strong></span> <span class='ocrx_word' id='word_1_567' title='bbox 791 5247 924 5283; x_wconf 86' lang='lat' dir='ltr'><strong>nam</strong></span> <span class='ocrx_word' id='word_1_568' title='bbox 950 5231 1178 5286; x_wconf 83' lang='lat' dir='ltr'><strong>Theuzn</strong></span> <span class='ocrx_word' id='word_1_569' title='bbox 1197 5237 1436 5286; x_wconf 75' lang='lat' dir='ltr'><strong>eremita</strong></span> <span class='ocrx_word' id='word_1_570' title='bbox 1465 5235 1851 5289; x_wconf 71' lang='lat' dir='ltr'><strong>w-i-isimifitcr</strong></span> <span class='ocrx_word' id='word_1_571' title='bbox 1874 5255 1984 5292; x_wconf 86' lang='lat' dir='ltr'><strong>non</strong></span> 
     </span>
    </p>
   </div>
   <div class='ocr_carea' id='block_1_84' title="bbox 355 5319 1984 5390">
    <p class='ocr_par' dir='ltr' id='par_1_84' title="bbox 355 5319 1984 5390">
     <span class='ocr_line' id='line_1_86' title="bbox 355 5319 1984 5390; baseline 0.002 -16"><span class='ocrx_word' id='word_1_572' title='bbox 355 5319 463 5374; x_wconf 86' lang='lat' dir='ltr'><strong>fuit</strong></span> <span class='ocrx_word' id='word_1_573' title='bbox 502 5320 811 5385; x_wconf 90' lang='lat' dir='ltr'><strong>sacerdos;</strong></span> <span class='ocrx_word' id='word_1_574' title='bbox 867 5327 1208 5374; x_wconf 65' lang='lat' dir='ltr'><strong>sacramenta</strong></span> <span class='ocrx_word' id='word_1_575' title='bbox 1251 5320 1425 5386; x_wconf 84' lang='lat' dir='ltr'><strong>enim,</strong></span> <span class='ocrx_word' id='word_1_576' title='bbox 1485 5326 1628 5376; x_wconf 86' lang='lat' dir='ltr'><strong>teste</strong></span> <span class='ocrx_word' id='word_1_577' title='bbox 1684 5322 1984 5390; x_wconf 85' lang='lat' dir='ltr'><strong>Damiano,</strong></span> 
     </span>
    </p>
   </div>
   <div class='ocr_carea' id='block_1_85' title="bbox 352 5406 1986 5479">
    <p class='ocr_par' dir='ltr' id='par_1_85' title="bbox 352 5406 1986 5479">
     <span class='ocr_line' id='line_1_87' title="bbox 352 5406 1986 5479; baseline 0.006 -19"><span class='ocrx_word' id='word_1_578' title='bbox 352 5406 540 5462; x_wconf 86' lang='lat' dir='ltr'><strong>divina</strong></span> <span class='ocrx_word' id='word_1_579' title='bbox 591 5423 692 5479; x_wconf 87' lang='lat' dir='ltr'><strong>per</strong></span> <span class='ocrx_word' id='word_1_580' title='bbox 735 5408 900 5461; x_wconf 78' lang='lat' dir='ltr'><strong>totius</strong></span> <span class='ocrx_word' id='word_1_581' title='bbox 940 5409 1078 5460; x_wconf 81' lang='lat' dir='ltr'><strong>anui</strong></span> <span class='ocrx_word' id='word_1_582' title='bbox 1113 5407 1382 5461; x_wconf 79' lang='lat' dir='ltr'><strong>circulum</strong></span> <span class='ocrx_word' id='word_1_583' title='bbox 1447 5411 1669 5462; x_wconf 65' lang='lat' dir='ltr'><strong>nonnisi</strong></span> <span class='ocrx_word' id='word_1_584' title='bbox 1721 5413 1904 5478; x_wconf 78' lang='lat' dir='ltr'><strong>semel,</strong></span> <span class='ocrx_word' id='word_1_585' title='bbox 1937 5423 1986 5470; x_wconf 82' lang='lat' dir='ltr'><strong>et</strong></span> 
     </span>
    </p>
   </div>
   <div class='ocr_carea' id='block_1_86' title="bbox 355 5494 1984 5559">
    <p class='ocr_par' dir='ltr' id='par_1_86' title="bbox 355 5494 1984 5559">
     <span class='ocr_line' id='line_1_88' title="bbox 355 5494 1984 5559; baseline 0.007 -15"><span class='ocrx_word' id='word_1_586' title='bbox 355 5499 466 5544; x_wconf 78' lang='lat' dir='ltr'><strong>tum</strong></span> <span class='ocrx_word' id='word_1_587' title='bbox 504 5509 614 5548; x_wconf 79' lang='lat' dir='ltr'><strong>non</strong></span> <span class='ocrx_word' id='word_1_588' title='bbox 651 5511 685 5548; x_wconf 89' lang='lat' dir='ltr'><strong>a</strong></span> <span class='ocrx_word' id='word_1_589' title='bbox 729 5495 818 5548; x_wconf 84' lang='lat' dir='ltr'><strong>sui</strong></span> <span class='ocrx_word' id='word_1_590' title='bbox 864 5495 1180 5548; x_wconf 71' lang='lat' dir='ltr'><strong>monasterii</strong></span> <span class='ocrx_word' id='word_1_591' title='bbox 1220 5494 1604 5559; x_wconf 75' lang='lat' dir='ltr'><strong>sacerdolz&#39;.&#39;ms,</strong></span> <span class='ocrx_word' id='word_1_592' title='bbox 1645 5495 1738 5549; x_wconf 79' lang='lat' dir='ltr'><strong>sed</strong></span> <span class='ocrx_word' id='word_1_593' title='bbox 1765 5498 1984 5556; x_wconf 81' lang='lat' dir='ltr'><strong>aliunde</strong></span> 
     </span>
    </p>
   </div>
   <div class='ocr_carea' id='block_1_87' title="bbox 360 5579 1982 5654">
    <p class='ocr_par' dir='ltr' id='par_1_87' title="bbox 360 5579 1982 5654">
     <span class='ocr_line' id='line_1_89' title="bbox 360 5579 1982 5654; baseline 0.008 -21"><span class='ocrx_word' id='word_1_594' title='bbox 360 5579 600 5649; x_wconf 59' lang='lat' dir='ltr'><strong>quaesitis</strong></span> <span class='ocrx_word' id='word_1_595' title='bbox 631 5580 1004 5654; x_wconf 85' lang='lat' dir='ltr'><strong>percipiebat.</strong></span> <span class='ocrx_word' id='word_1_596' title='bbox 1037 5580 1202 5637; x_wconf 88' lang='lat' dir='ltr'><strong>Alius</strong></span> <span class='ocrx_word' id='word_1_597' title='bbox 1232 5579 1470 5637; x_wconf 81' lang='lat' dir='ltr'><strong>domum</strong></span> <span class='ocrx_word' id='word_1_598' title='bbox 1501 5585 1591 5640; x_wconf 85' lang='lat' dir='ltr'><strong>est</strong></span> <span class='ocrx_word' id='word_1_599' title='bbox 1619 5599 1654 5638; x_wconf 90' lang='lat' dir='ltr'><strong>a</strong></span> <span class='ocrx_word' id='word_1_600' title='bbox 1679 5583 1982 5646; x_wconf 86' lang='lat' dir='ltr'><strong>Theuzone</strong></span> 
     </span>
    </p>
   </div>
   <div class='ocr_carea' id='block_1_88' title="bbox 2106 4536 3808 4610">
    <p class='ocr_par' dir='ltr' id='par_1_88' title="bbox 2106 4536 3808 4610">
     <span class='ocr_line' id='line_1_90' title="bbox 2106 4536 3808 4610; baseline 0.005 -18"><span class='ocrx_word' id='word_1_601' title='bbox 2106 4539 2215 4594; x_wconf 85' lang='lat' dir='ltr'><strong>sub</strong></span> <span class='ocrx_word' id='word_1_602' title='bbox 2248 4555 2354 4592; x_wconf 89' lang='lat' dir='ltr'><strong>sua</strong></span> <span class='ocrx_word' id='word_1_603' title='bbox 2386 4536 2736 4610; x_wconf 89' lang='lat' dir='ltr'><strong>protectione</strong></span> <span class='ocrx_word' id='word_1_604' title='bbox 2769 4554 3034 4610; x_wconf 88' lang='lat' dir='ltr'><strong>recepere</strong></span> <span class='ocrx_word' id='word_1_605' title='bbox 3063 4555 3218 4594; x_wconf 89' lang='lat' dir='ltr'><strong>anno</strong></span> <span class='ocrx_word' id='word_1_606' title='bbox 3249 4538 3393 4593; x_wconf 65' lang='lat'>4002</span> <span class='ocrx_word' id='word_1_607' title='bbox 3432 4538 3582 4596; x_wconf 87' lang='lat' dir='ltr'><strong>Otto</strong></span> <span class='ocrx_word' id='word_1_608' title='bbox 3620 4541 3706 4610; x_wconf 86' lang='lat' dir='ltr'><strong>Il,</strong></span> <span class='ocrx_word' id='word_1_609' title='bbox 3744 4549 3808 4600; x_wconf 83' lang='lat' dir='ltr'><strong>et</strong></span> 
     </span>
    </p>
   </div>
   <div class='ocr_carea' id='block_1_89' title="bbox 2103 4625 3805 4698">
    <p class='ocr_par' dir='ltr' id='par_1_89' title="bbox 2103 4625 3805 4698">
     <span class='ocr_line' id='line_1_91' title="bbox 2103 4625 3805 4698; baseline 0.005 -18"><span class='ocrx_word' id='word_1_610' title='bbox 2103 4643 2253 4682; x_wconf 88' lang='lat' dir='ltr'><strong>anno</strong></span> <span class='ocrx_word' id='word_1_611' title='bbox 2285 4628 2420 4681; x_wconf 77' lang='grc'>1020</span> <span class='ocrx_word' id='word_1_612' title='bbox 2463 4625 2767 4694; x_wconf 83' lang='lat' dir='ltr'><strong>Henricus,</strong></span> <span class='ocrx_word' id='word_1_613' title='bbox 2802 4627 3209 4698; x_wconf 88' lang='lat' dir='ltr'><strong>imperatores.</strong></span> <span class='ocrx_word' id='word_1_614' title='bbox 3239 4627 3496 4683; x_wconf 89' lang='lat' dir='ltr'><strong>Putatur</strong></span> <span class='ocrx_word' id='word_1_615' title='bbox 3525 4628 3805 4688; x_wconf 85' lang='lat' dir='ltr'><strong>Theuzo</strong></span> 
     </span>
    </p>
   </div>
   <div class='ocr_carea' id='block_1_90' title="bbox 2101 4713 3803 4787">
    <p class='ocr_par' dir='ltr' id='par_1_90' title="bbox 2101 4713 3803 4787">
     <span class='ocr_line' id='line_1_92' title="bbox 2101 4713 3803 4787; baseline 0.004 -18"><span class='ocrx_word' id='word_1_616' title='bbox 2101 4714 2344 4769; x_wconf 88' lang='lat' dir='ltr'><strong>eremita</strong></span> <span class='ocrx_word' id='word_1_617' title='bbox 2365 4717 2566 4768; x_wconf 88' lang='lat' dir='ltr'><strong>auctor</strong></span> <span class='ocrx_word' id='word_1_618' title='bbox 2585 4713 2999 4769; x_wconf 87' lang='lat' dir='ltr'><strong>Commentarii</strong></span> <span class='ocrx_word' id='word_1_619' title='bbox 3029 4713 3089 4769; x_wconf 91' lang='lat' dir='ltr'><strong>in</strong></span> <span class='ocrx_word' id='word_1_620' title='bbox 3113 4713 3402 4787; x_wconf 87' lang='lat' dir='ltr'><strong>Regulam</strong></span> <span class='ocrx_word' id='word_1_621' title='bbox 3425 4718 3640 4772; x_wconf 87' lang='lat' dir='ltr'><strong>sancti</strong></span> <span class='ocrx_word' id='word_1_622' title='bbox 3677 4723 3803 4776; x_wconf 87' lang='lat' dir='ltr'><strong>Pa-</strong></span> 
     </span>
    </p>
   </div>
   <div class='ocr_carea' id='block_1_91' title="bbox 2099 4800 3805 4874">
    <p class='ocr_par' dir='ltr' id='par_1_91' title="bbox 2099 4800 3805 4874">
     <span class='ocr_line' id='line_1_93' title="bbox 2099 4800 3805 4874; baseline 0.004 -18"><span class='ocrx_word' id='word_1_623' title='bbox 2099 4802 2208 4856; x_wconf 91' lang='lat' dir='ltr'><strong>tris</strong></span> <span class='ocrx_word' id='word_1_624' title='bbox 2239 4800 2554 4868; x_wconf 90' lang='lat' dir='ltr'><strong>Benedicti,</strong></span> <span class='ocrx_word' id='word_1_625' title='bbox 2579 4817 2753 4872; x_wconf 91' lang='lat' dir='ltr'><strong>qnem</strong></span> <span class='ocrx_word' id='word_1_626' title='bbox 2777 4801 2991 4858; x_wconf 86' lang='lat' dir='ltr'><strong>dicavit</strong></span> <span class='ocrx_word' id='word_1_627' title='bbox 3012 4803 3287 4874; x_wconf 89' lang='lat' dir='ltr'><strong>episcopo</strong></span> <span class='ocrx_word' id='word_1_628' title='bbox 3309 4801 3625 4860; x_wconf 87' lang='lat' dir='ltr'><strong>Odelrico.</strong></span> <span class='ocrx_word' id='word_1_629' title='bbox 3658 4807 3805 4863; x_wconf 85' lang='lat' dir='ltr'><strong>Bri-</strong></span> 
     </span>
    </p>
   </div>
   <div class='ocr_carea' id='block_1_92' title="bbox 2098 4889 3800 4964">
    <p class='ocr_par' dir='ltr' id='par_1_92' title="bbox 2098 4889 3800 4964">
     <span class='ocr_line' id='line_1_94' title="bbox 2098 4889 3800 4964; baseline 0.004 -20"><span class='ocrx_word' id='word_1_630' title='bbox 2098 4890 2306 4944; x_wconf 84' lang='lat' dir='ltr'><strong>xianus</strong></span> <span class='ocrx_word' id='word_1_631' title='bbox 2357 4889 2537 4959; x_wconf 88' lang='lat' dir='ltr'><strong>hujus</strong></span> <span class='ocrx_word' id='word_1_632' title='bbox 2577 4889 2832 4945; x_wconf 89' lang='lat' dir='ltr'><strong>nominis</strong></span> <span class='ocrx_word' id='word_1_633' title='bbox 2863 4890 3110 4946; x_wconf 89' lang='lat' dir='ltr'><strong>antistes</strong></span> <span class='ocrx_word' id='word_1_634' title='bbox 3138 4891 3370 4946; x_wconf 88' lang='lat' dir='ltr'><strong>vivebat</strong></span> <span class='ocrx_word' id='word_1_635' title='bbox 3400 4907 3574 4948; x_wconf 84' lang='lat' dir='ltr'><strong>anno</strong></span> <span class='ocrx_word' id='word_1_636' title='bbox 3614 4895 3800 4964; x_wconf 83' lang='lat'><strong>1027,</strong></span> 
     </span>
    </p>
   </div>
   <div class='ocr_carea' id='block_1_93' title="bbox 2099 4977 3803 5042">
    <p class='ocr_par' dir='ltr' id='par_1_93' title="bbox 2099 4977 3803 5042">
     <span class='ocr_line' id='line_1_95' title="bbox 2099 4977 3803 5042; baseline 0.006 -11"><span class='ocrx_word' id='word_1_637' title='bbox 2099 4983 2154 5032; x_wconf 90' lang='lat' dir='ltr'><strong>et</strong></span> <span class='ocrx_word' id='word_1_638' title='bbox 2192 4978 2439 5032; x_wconf 82' lang='lat' dir='ltr'><strong>decessit</strong></span> <span class='ocrx_word' id='word_1_639' title='bbox 2484 4993 2634 5032; x_wconf 87' lang='lat' dir='ltr'><strong>anno</strong></span> <span class='ocrx_word' id='word_1_640' title='bbox 2671 4978 2822 5031; x_wconf 77' lang='grc'>1048.</span> <span class='ocrx_word' id='word_1_641' title='bbox 2877 4977 3037 5033; x_wconf 86' lang='lat' dir='ltr'><strong>Alter</strong></span> <span class='ocrx_word' id='word_1_642' title='bbox 3083 4977 3388 5034; x_wconf 90' lang='lat' dir='ltr'><strong>Odelrieus</strong></span> <span class='ocrx_word' id='word_1_643' title='bbox 3441 4979 3803 5042; x_wconf 83' lang='lat' dir='ltr'><strong>Firmanus</strong></span> 
     </span>
    </p>
   </div>
   <div class='ocr_carea' id='block_1_94' title="bbox 2100 5066 3802 5139">
    <p class='ocr_par' dir='ltr' id='par_1_94' title="bbox 2100 5066 3802 5139">
     <span class='ocr_line' id='line_1_96' title="bbox 2100 5066 3802 5139; baseline 0.005 -19"><span class='ocrx_word' id='word_1_644' title='bbox 2100 5067 2408 5137; x_wconf 79' lang='lat' dir='ltr'><strong>cpiscopus</strong></span> <span class='ocrx_word' id='word_1_645' title='bbox 2449 5066 2801 5136; x_wconf 83' lang='lat' dir='ltr'><strong>subscripsit</strong></span> <span class='ocrx_word' id='word_1_646' title='bbox 2830 5066 3074 5121; x_wconf 90' lang='lat' dir='ltr'><strong>concilio</strong></span> <span class='ocrx_word' id='word_1_647' title='bbox 3106 5067 3369 5122; x_wconf 81' lang='lat' dir='ltr'><strong>Romano</strong></span> <span class='ocrx_word' id='word_1_648' title='bbox 3401 5084 3575 5125; x_wconf 88' lang='lat' dir='ltr'><strong>anno</strong></span> <span class='ocrx_word' id='word_1_649' title='bbox 3614 5072 3802 5139; x_wconf 81' lang='grc'>1059,</span> 
     </span>
    </p>
   </div>
   <div class='ocr_carea' id='block_1_95' title="bbox 2098 5153 3802 5224">
    <p class='ocr_par' dir='ltr' id='par_1_95' title="bbox 2098 5153 3802 5224">
     <span class='ocr_line' id='line_1_97' title="bbox 2098 5153 3802 5224; baseline 0.006 -16"><span class='ocrx_word' id='word_1_650' title='bbox 2098 5155 2186 5208; x_wconf 89' lang='lat' dir='ltr'><strong>cui</strong></span> <span class='ocrx_word' id='word_1_651' title='bbox 2219 5155 2389 5208; x_wconf 79' lang='lat' dir='ltr'><strong>etiam</strong></span> <span class='ocrx_word' id='word_1_652' title='bbox 2423 5153 2724 5224; x_wconf 85' lang='lat' dir='ltr'><strong>epistolam</strong></span> <span class='ocrx_word' id='word_1_653' title='bbox 2749 5154 2907 5208; x_wconf 88' lang='lat' dir='ltr'><strong>dedit</strong></span> <span class='ocrx_word' id='word_1_654' title='bbox 2923 5155 3077 5210; x_wconf 90' lang='lat' dir='ltr'><strong>circa</strong></span> <span class='ocrx_word' id='word_1_655' title='bbox 3101 5172 3324 5211; x_wconf 82' lang='lat' dir='ltr'><strong>annum</strong></span> <span class='ocrx_word' id='word_1_656' title='bbox 3349 5156 3488 5210; x_wconf 86' lang='grc'>1061</span> <span class='ocrx_word' id='word_1_657' title='bbox 3520 5157 3802 5218; x_wconf 84' lang='lat' dir='ltr'><strong>Damia-</strong></span> 
     </span>
    </p>
   </div>
   <div class='ocr_carea' id='block_1_96' title="bbox 2098 5241 3799 5320">
    <p class='ocr_par' dir='ltr' id='par_1_96' title="bbox 2098 5241 3799 5320">
     <span class='ocr_line' id='line_1_98' title="bbox 2098 5241 3799 5320; baseline 0.007 -24"><span class='ocrx_word' id='word_1_658' title='bbox 2098 5261 2228 5297; x_wconf 83' lang='lat' dir='ltr'><strong>nus.</strong></span> <span class='ocrx_word' id='word_1_659' title='bbox 2252 5243 2440 5296; x_wconf 84' lang='lat' dir='ltr'><strong>Potuit</strong></span> <span class='ocrx_word' id='word_1_660' title='bbox 2471 5249 2662 5296; x_wconf 90' lang='lat' dir='ltr'><strong>tamen</strong></span> <span class='ocrx_word' id='word_1_661' title='bbox 2695 5241 2881 5314; x_wconf 90' lang='lat' dir='ltr'><strong>ipsius</strong></span> <span class='ocrx_word' id='word_1_662' title='bbox 2901 5243 3318 5300; x_wconf 86' lang='lat' dir='ltr'><strong>Commentarii</strong></span> <span class='ocrx_word' id='word_1_663' title='bbox 3361 5250 3588 5302; x_wconf 84' lang='lat' dir='ltr'><strong>auctor</strong></span> <span class='ocrx_word' id='word_1_664' title='bbox 3620 5264 3799 5320; x_wconf 85' lang='lat' dir='ltr'><strong>esse,</strong></span> 
     </span>
    </p>
   </div>
   <div class='ocr_carea' id='block_1_97' title="bbox 2095 5328 3801 5404">
    <p class='ocr_par' dir='ltr' id='par_1_97' title="bbox 2095 5328 3801 5404">
     <span class='ocr_line' id='line_1_99' title="bbox 2095 5328 3801 5404; baseline 0.006 -20"><span class='ocrx_word' id='word_1_665' title='bbox 2095 5330 2242 5384; x_wconf 89' lang='lat' dir='ltr'><strong>alter</strong></span> <span class='ocrx_word' id='word_1_666' title='bbox 2270 5345 2398 5386; x_wconf 86' lang='lat' dir='ltr'><strong>esse</strong></span> <span class='ocrx_word' id='word_1_667' title='bbox 2419 5328 2648 5384; x_wconf 87' lang='lat' dir='ltr'><strong>&#39;l‘heuzo</strong></span> <span class='ocrx_word' id='word_1_668' title='bbox 2671 5331 2995 5387; x_wconf 89' lang='lat' dir='ltr'><strong>monachus</strong></span> <span class='ocrx_word' id='word_1_669' title='bbox 3016 5332 3234 5404; x_wconf 88' lang='lat' dir='ltr'><strong>pariter</strong></span> <span class='ocrx_word' id='word_1_670' title='bbox 3263 5331 3646 5393; x_wconf 68' lang='lat' dir='ltr'><strong>Florentium</strong></span> <span class='ocrx_word' id='word_1_671' title='bbox 3683 5340 3801 5395; x_wconf 86' lang='lat' dir='ltr'><strong>ab-</strong></span> 
     </span>
    </p>
   </div>
   <div class='ocr_carea' id='block_1_98' title="bbox 2094 5414 3799 5497">
    <p class='ocr_par' dir='ltr' id='par_1_98' title="bbox 2094 5414 3799 5497">
     <span class='ocr_line' id='line_1_100' title="bbox 2094 5414 3799 5497; baseline 0.009 -26"><span class='ocrx_word' id='word_1_672' title='bbox 2094 5415 2284 5484; x_wconf 76' lang='lat' dir='ltr'><strong>hatiae,</strong></span> <span class='ocrx_word' id='word_1_673' title='bbox 2311 5414 2397 5472; x_wconf 82' lang='lat' dir='ltr'><strong>vel</strong></span> <span class='ocrx_word' id='word_1_674' title='bbox 2417 5414 2630 5488; x_wconf 87' lang='lat' dir='ltr'><strong>aliquis</strong></span> <span class='ocrx_word' id='word_1_675' title='bbox 2646 5416 2796 5472; x_wconf 88' lang='lat' dir='ltr'><strong>alius</strong></span> <span class='ocrx_word' id='word_1_676' title='bbox 2817 5418 3083 5488; x_wconf 87' lang='lat' dir='ltr'><strong>ejusdem</strong></span> <span class='ocrx_word' id='word_1_677' title='bbox 3105 5419 3366 5476; x_wconf 88' lang='lat' dir='ltr'><strong>nominis</strong></span> <span class='ocrx_word' id='word_1_678' title='bbox 3394 5426 3799 5497; x_wconf 82' lang='lat' dir='ltr'><strong>monachus;</strong></span> 
     </span>
    </p>
   </div>
   <div class='ocr_carea' id='block_1_99' title="bbox 2092 5504 3798 5581">
    <p class='ocr_par' dir='ltr' id='par_1_99' title="bbox 2092 5504 3798 5581">
     <span class='ocr_line' id='line_1_101' title="bbox 2092 5504 3798 5581; baseline 0.01 -23"><span class='ocrx_word' id='word_1_679' title='bbox 2092 5504 2210 5561; x_wconf 91' lang='lat' dir='ltr'><strong>imo</strong></span> <span class='ocrx_word' id='word_1_680' title='bbox 2232 5505 2445 5576; x_wconf 86' lang='lat' dir='ltr'><strong>pignus</strong></span> <span class='ocrx_word' id='word_1_681' title='bbox 2475 5505 2748 5560; x_wconf 87' lang='lat' dir='ltr'><strong>daremus</strong></span> <span class='ocrx_word' id='word_1_682' title='bbox 2769 5505 3140 5564; x_wconf 87' lang='lat' dir='ltr'><strong>Theuzonem</strong></span> <span class='ocrx_word' id='word_1_683' title='bbox 3163 5508 3419 5581; x_wconf 88' lang='lat' dir='ltr'><strong>hujusce</strong></span> <span class='ocrx_word' id='word_1_684' title='bbox 3441 5513 3798 5574; x_wconf 85' lang='lat' dir='ltr'><strong>Commen-</strong></span> 
     </span>
    </p>
   </div>
   <div class='ocr_carea' id='block_1_100' title="bbox 2090 5591 3799 5670">
    <p class='ocr_par' dir='ltr' id='par_1_100' title="bbox 2090 5591 3799 5670">
     <span class='ocr_line' id='line_1_102' title="bbox 2090 5591 3799 5670; baseline 0.011 -20"><span class='ocrx_word' id='word_1_685' title='bbox 2090 5591 2222 5650; x_wconf 85' lang='lat' dir='ltr'><strong>tarii</strong></span> <span class='ocrx_word' id='word_1_686' title='bbox 2267 5592 2612 5666; x_wconf 84' lang='lat' dir='ltr'><strong>scriptorem</strong></span> <span class='ocrx_word' id='word_1_687' title='bbox 2662 5593 3072 5670; x_wconf 85' lang='lat' dir='ltr'><strong>requirendam</strong></span> <span class='ocrx_word' id='word_1_688' title='bbox 3103 5613 3234 5658; x_wconf 83' lang='lat' dir='ltr'><strong>esse</strong></span> <span class='ocrx_word' id='word_1_689' title='bbox 3263 5596 3422 5661; x_wconf 72' lang='lat' dir='ltr'><strong>inter</strong></span> <span class='ocrx_word' id='word_1_690' title='bbox 3472 5599 3799 5667; x_wconf 82' lang='lat' dir='ltr'><strong>Mediola-</strong></span> 
     </span>
    </p>
   </div>
  </div>
