3968 6350
108 355 222 415 845

832 355 990 417 ODO
1032 355 1359 418 FOSSAT.
1407 356 1864 420 MONACHUS.
1897 391 1978 405 —
2007 357 2329 422 NOTITIA
2374 360 2818 425 HISTORICA.

3406 361 3525 449 846

108 504 315 544 nenscs
341 486 1003 561 monachos.lntegrum
1035 490 1762 561 opus‘pcrcurrimus,m.l-
1796 497 1845 557 Α
1878 492 2291 548 .Herlz'olancnsis
2349 496 2671 549 monasterii
2712 494 2878 549 abbas
2919 501 3197 565 perpetuac
3246 494 3525 564 felicitatis

106 576 322 648 libique
351 591 420 632 se
453 580 667 633 auctor
696 577 891 649 prodit
919 577 1114 648 aliquo
1146 578 1381 641 indicio,
1416 580 1529 632 nisi
1580 580 1768 649 capite

88 667 189 731 14,
249 664 349 720 ubi
401 664 720 736 inquirens
758 666 1019 737 quomodo
1039 667 1363 737 peragemlw
1409 671 1521 722 sint
1563 671 1768 737 vigilia:

106 754 475 810 innaialitizs
517 762 855 822 sanctorum,
905 754 1237 826 exemplum
1287 755 1454 810 ofl'ert
1501 756 1766 811 Ecclesiae

107 840 590 907 Mediolanensis,
637 843 738 898 ubi
788 858 1015 913 corpora
1071 848 1362 898 servantur
1407 848 1461 898 et
1512 845 1770 900 coluntur

103 933 272 988 sancti
309 931 599 986 Ambrosii
642 940 695 987 et
742 936 1059 988 sanctorum
1118 931 1365 987 Gervasii
1409 940 1461 988 et
1499 934 1762 989 Protasii.

104 1020 169 1075 Et
197 1019 387 1092 capite
416 1022 485 1074 61
522 1019 779 1092 loquens
826 1022 899 1076 de
941 1020 1249 1076 monachis
1299 1020 1644 1091 peregrinis,
1701 1038 1769 1076 ac

107 1108 433 1180 exemplum
469 1110 779 1165 adducens
801 1111 1187 1164 formatarum
1211 1109 1766 1181 cpistolarum,quas

107 1197 350 1254 scribere
380 1197 610 1253 debent
636 1199 878 1254 abbates
896 1197 1337 1270 episcopis,hzec
1359 1198 1533 1253 verba
1551 1198 1725 1253 habet
1749 1216 1761 1254 :

107 1286 413 1344 Venerabili
467 1286 933 1343 Christicolarum
982 1289 1096 1342 vita
1143 1287 1408 1353 decorata,
1460 1287 1586 1357 plus
1635 1288 1765 1341 C(PIO

105 1393 261 1448 quam
285 1379 459 1433 terra:
488 1378 700 1443 vicino,
731 1375 928 1431 domno
958 1375 1043 1431 ill.
1074 1376 1310 1448 praesuli
1342 1375 1650 1431 venerando
1680 1374 1761 1430 ill.

1879 582 2115 651 obpudia
2143 586 2303 652 atque
2330 584 2699 653 angelicorum
2730 585 2958 654 synaxis
2995 583 3286 638 consortia.
3317 583 3528 638 Prteter

1877 670 2174 741 exemplar
2203 671 2534 726 chartarum
2564 673 2742 743 hujus
2763 670 3178 727 Commentaril
3199 671 3528 727 Theuzonis

1878 759 2031 829 quod
2064 760 2350 814 asservari
2382 760 2441 815 in
2473 760 2710 815 abbatia
2740 760 3073 816 Florentina
3120 753 3230 815 sub
3263 776 3427 815 num.
3457 761 3531 816 58

1877 846 2089 902 asserit
2121 846 2516 912 Mahillonius,
2551 848 2823 920 quodque
2854 848 3064 905 saeculo
3094 866 3189 903 xvx
3239 848 3348 902 fuit
3394 865 3526 904 con-

1877 934 2615 1006 scriptum,nitidissimum
2642 936 2888 992 alterum
2914 937 3211 1009 exemplar
3240 937 3527 993 membra-

1875 1022 2426 1092 naeeum,saeculum
2459 1042 2556 1080 xxv
2584 1025 2669 1080 vel
2695 1042 2766 1080 xv
2796 1030 3363 1089 exaratum,servant
3394 1042 3524 1081 mo-

1876 1111 2043 1166 nachi
2072 1112 2255 1167 nostri
2279 1112 2472 1167 Sancti
2495 1112 2724 1167 Mathize
2746 1114 2817 1168 de
2830 1113 3192 1182 Muriano,ex
3212 1130 3325 1183 quo
3345 1114 3523 1169 etiam

1875 1198 2181 1269 epistolam
2245 1198 2453 1269 ipisius
2503 1199 2990 1271 nuncupatoriam
3039 1200 3110 1254 ad
3167 1199 3522 1267 Odelricam,

1875 1303 2003 1357 quae
2036 1287 2268 1357 praefixa
2285 1291 2374 1342 est
2397 1287 2824 1343 Commentario
2841 1305 2943 1343 seu
2965 1289 3160 1360 potius
3190 1287 3519 1344 collectioni

1875 1390 1945 1429 ex
1974 1375 2148 1431 dictis
2177 1375 2628 1446 praecedentium
2662 1375 2919 1442 Patrum,
2952 1377 3183 1433 damus.

1504 1586 2135 1732 PROLOGUS

490 1830 1211 1923 EXPOSITIONIS
1253 1830 1674 1920 REGULIE
1729 1831 1816 1920 S.
1859 1831 1947 1918 P.
1993 1831 2089 1919 N.
2133 1830 2664 1921 BENEDIGTI
2707 1831 3135 1923 ABBATIS

1295 2009 1574 2090 Scriptus
1603 2027 1640 2069 a
1668 2010 2003 2070 THEUZONB
2032 2010 2335 2071 monacho.

222 2175 449 2247 (Annal.
487 2171 769 2238 Camald.,
799 2175 943 2225 tom.
977 2169 1047 2237 lI,
1078 2168 1341 2241 Append.
1376 2186 1431 2240 p.
1470 2169 1589 2235 156,
1608 2167 1882 2295 ἃηέεέξὶᾹὲ

1870 2183 1919 2223 :e
1952 2168 2150 2311 seaculi
2180 2186 2283 2224 xm
2317 2170 2655 2225 monasterii
2680 2168 3006 2227 S.‘Mathiae
3032 2170 3104 2227 de
3136 2171 3404 2229 Mariano

1870 2256 2002 2294 ~um.

926 2526 1149 2572 INCIPIT
1195 2525 1504 2570 EXPOSITIO
1551 2524 1792 2570 REGULE
1836 2526 2018 2571 BBATI
2062 2527 2385 2572 BENEDICTI
2426 2528 2706 2574 ABBATIS.

107 2680 249 2734 Versa
309 2674 657 2734 dilectionis
711 2670 1089 2745 praerogativa
1142 2670 1485 2725 circumfluo
1544 2670 1759 2725 domno
1791 2673 1839 2737 Β
1870 2670 2168 2743 ingratus;
2204 2672 2307 2727 sed
2341 2671 2498 2743 quia,
2533 2676 2597 2725 ut
2625 2671 2704 2726 ait
2732 2672 2939 2726 beatus
2971 2671 3308 2742 Gregorius,
3338 2672 3519 2745 degu-

108 2768 385 2825 Oosuuco
418 2761 746 2823 venerabili
778 2759 1307 2833 episcopo,Theuzo
1334 2762 1599 2831 peccator
1630 2776 1758 2830 per-
1820 2821 1840 2835 '

108 2862 277 2929 petua:
308 2854 620 2913 felicitatis
660 2850 924 2918 obsonia,
958 2866 1024 2906 ac
1054 2853 1348 2921 perpetuae
1388 2846 1763 2903 indeﬁcentia

109 2945 392 3003 fidelitatis
425 2941 858 3001 emolumenta.

168 3036 544 3107 Quanquam,
580 3030 663 3086 mi
686 3028 1011 3085 venerande
1046 3026 1213 3081 Pater
1241 3026 1393 3081 beati
1426 3025 1617 3080 Patris
1654 3024 1759 3079 Be-

110 3124 305 3180 nedicti
339 3121 586 3197 Regulae
618 3120 776 3174 dicta
806 3117 866 3173 in
898 3117 1194 3190 plerisque
1224 3116 1532 3171 vidcantur
1562 3118 1760 3186 aperta

110 3229 223 3269 esse
243 3218 300 3269 ct
327 3212 826 3276 dilucida,tamen
850 3204 909 3261 in
933 3205 1287 3278 quibusdam
1312 3205 1509 3259 minus
1537 3203 1757 3259 studio-
1788 3246 1791 3249 ‹

112 3302 201 3371 sis,
231 3308 308 3371 et,
341 3305 408 3357 ut
437 3302 525 3356 ita
571 3297 788 3365 dicam,
841 3295 1057 3350 imitari
1106 3299 1163 3349 et
1200 3293 1347 3349 scire
1400 3292 1757 3357 nolentibus,

110 3408 213 3446 non
244 3391 411 3447 facile
442 3392 594 3446 sunt
623 3385 905 3458 patentia,
952 3383 1275 3440 secundum
1318 3381 1470 3453 quod
1520 3380 1758 3435 illorum

111 3480 512 3537 demonstrant
554 3474 867 3549 opera.Qui
898 3473 948 3529 si
980 3472 1068 3528 vel
1098 3471 1302 3527 leviter
1322 3469 1635 3527 accedendi
1656 3487 1757 3542 po-

112 3569 385 3626 stularent
414 3567 757 3631 introitum,
790 3561 1096 3619 confestim
1129 3559 1240 3616 sibi
1271 3558 1461 3632 quoad
1486 3558 1761 3614 interiora

112 3663 400 3727 penetrare
426 3658 701 3730 possent,
725 3652 943 3708 ostium
976 3650 1304 3708 invenirent
1333 3648 1758 3721 apertum.Cla-

113 3744 188 3802 vis
214 3747 368 3803 enim
398 3746 451 3818 ej
463 3744 681 3802 usdcm
704 3741 839 3797 ostii
862 3739 1135 3797 continue
1158 3739 1374 3795 ibidem
1400 3738 1757 3809 dependens,

114 3850 216 3890 non
246 3852 306 3893 se
336 3834 705 3892 subduceret
725 3848 759 3886 a
779 3846 958 3885 manu
979 3827 1227 3884 libenter
1247 3826 1471 3899 operire
1496 3825 1757 3881 volentis.

114 3921 223 3986 Quo
253 3925 301 3982 si
332 3924 471 3998 quis
504 3919 692 3979 semel
713 3919 965 3975 intrasse
984 3916 1160 3973 fuerit
1181 3914 1668 3989 dignus,ulterius
1690 3916 1761 3970 de

1871 2764 2022 2814 stare
2062 2758 2336 2814 nolumus
2387 2758 2756 2814 dulcedinem
2812 2758 2971 2813 intus
3010 2758 3180 2813 nobis
3228 2763 3517 2832 paratam,

1871 2865 2141 2903 amamus
2174 2847 2311 2902 foris
2343 2846 2540 2903 miseri
2596 2847 2808 2901 famem
2858 2850 3159 2903 nostram:
3210 2850 3518 2920 propterea

1867 2952 1973 3007 ego
2002 2954 2071 2991 ex
2097 2936 2267 2991 dictis
2300 2935 2749 3008 praecedentium
2794 2935 3030 2992 Patrum
3083 2935 3193 2992 hoc
3242 2936 3513 2993 strictum

1868 3024 2235 3096 breviterque
2268 3023 2575 3097 perstrinxi
2607 3023 2985 3097 opusculum,
3025 3042 3141 3081 non
3191 3024 3427 3098 penitus
3482 3043 3517 3082 a

1870 3129 1962 3168 me
1992 3114 2237 3180 editum,
2269 3115 2368 3169 sed
2403 3130 2471 3168 ex
2501 3113 2704 3169 alienis
2747 3112 3051 3171 laboribus
3101 3118 3392 3187 carptum,
3445 3132 3517 3172 ne

1869 3202 2016 3258 forte
2054 3202 2163 3257 sibi
2197 3202 2330 3275 quis
2351 3203 2484 3259 velit
2504 3202 2938 3258 excusationem
2962 3203 3246 3259 asciscere
3267 3202 3514 3274 malum,

1871 3292 2096 3346 nudum
2131 3292 2359 3364 Regula:
2393 3309 2507 3347 non
2533 3296 2725 3364 posset
2747 3309 2982 3363 carpere
3006 3291 3517 3363 lextum.Denique

1869 3380 2140 3435 eumdem
2189 3385 2435 3447 textum,
2486 3379 2882 3451 particulatim
2931 3396 3035 3451 per
3081 3396 3339 3451 congrua
3387 3379 3517 3437 loca

1871 3468 2144 3537 divisum,
2177 3469 2478 3535 ordinans,
2510 3466 2789 3539 virgulas,
2816 3484 2929 3538 quo
2960 3466 3189 3522 facilius
3223 3467 3511 3540 quidquid

1869 3574 1937 3612 ex
1971 3574 2036 3612 eo
2094 3557 2370 3630 quaeritur
2408 3556 2653 3611 inveniri
2714 3555 2919 3628 possit,
2971 3555 3309 3629 pracnotavi.
3356 3555 3518 3613 Hane

1868 3645 2051 3719 igitur
2098 3645 2495 3701 collectionem
2542 3648 2744 3700 vestra:
2789 3645 3126 3717 paternitati
3173 3646 3518 3703 examinan-

1870 3736 2005 3790 dam
2039 3735 2244 3789 offerre
2273 3733 2491 3801 curavi,
2525 3737 2609 3804 ut,
2643 3733 2692 3788 si
2726 3734 2870 3789 forte
2911 3735 2981 3789 ad
3015 3735 3361 3791 aemulorum
3394 3752 3519 3792 ma-

1871 3841 1984 3879 nus
2014 3822 2208 3895 delata
2237 3821 2430 3889 fuerit,
2454 3837 2568 3877 non
2610 3821 2689 3877 ibi
2742 3822 3067 3894 quidquam
3101 3824 3256 3895 quod
3308 3823 3521 3879 canina

1870 3913 2042 3969 dente
2073 3911 2397 3979 corrodant,
2434 3911 2534 3965 sed
2566 3910 2762 3982 potius
2791 3911 2863 3966 ad
2896 3927 2995 3967 eos
3029 3912 3101 3967 ab
3132 3909 3359 3968 infelice
3389 3929 3517 3985 per-

116 3987 556 4086 caducisatque
586 4009 834 4067 terrenis
875 3987 1269 4064 incommodis
1321 4021 1435 4060 non
1496 4004 1766 4060 existeret
1795 3987 1838 4054 C
1870 4001 2088 4058 tinacia
2116 4003 2424 4069 removeat,
2458 3999 2710 4071 reperire
2740 4003 2977 4071 queant.
3008 3999 3230 4057 Valete.

116 4168 3526 4206 μ

1471 4290 1636 4337 ANNO
1678 4289 1894 4338 DOHINI
1935 4287 2159 4336 HLVIII.

1769 4423 1871 4552 D

1769 4423 1871 4552 D

1021 4420 1758 4720 MONACHUSO
1787 4417 2629 4715 FC?SSATENSIS

1619 4833 2027 4845 *—

1332 4954 1729 5029 NOTITIA
1781 4950 2315 5026 HISTORICA.

744 5109 1000 5179 (Fanum.
1031 5107 1365 5163 Bibliotheca
1396 5105 1591 5161 media!
1621 5110 1671 5160 et
1702 5104 1913 5173 inﬁmae
1941 5105 2277 5171 Latinitatis,
2310 5105 2452 5157 tom.
2486 5102 2580 5169 IV,
2614 5118 2745 5175 pag.
2782 5103 2911 5174 158)

1620 5256 2043 5265 _.—..—.__——

188 5360 325 5432 Odo,
369 5360 708 5419 monachus
745 5362 1094 5424 Fossatenszs,
1146 5356 1384 5427 scripsit
1430 5372 1582 5410 anno
1631 5355 1772 5410 4058
1802 5361 1846 5424 1)
1876 5354 2081 5410 Jacobi
2114 5354 2191 5408 du
2225 5352 2417 5419 Breul,
2444 5353 2799 5410 Bcnedictini
2823 5354 3234 5427 supplemento
3256 5346 3532 5416 Antiqui-

130 5447 307 5517 Vitam
337 5453 542 5508 domui
570 5448 876 5504 Burchardi
905 5448 1139 5502 comitis
1173 5444 1629 5507 Melodunensis,
1674 5443 1773 5514 qui
1886 5448 2072 5498 tatum
2106 5441 2547 5507 Parisiensium,
2584 5443 2763 5511 Paris,
2805 5444 2965 5511 1614,
2998 5443 3050 5508 4,
3109 5446 3164 5494 et
3195 5439 3253 5490 in
3291 5434 3533 5489 Andreae

131 5540 272 5609 apud
310 5541 629 5614 Hugonem
659 5537 940 5611 Capetum
965 5541 1023 5590 et
1052 5536 1369 5591 Robcrtum
1410 5534 1537 5603 ejus
1587 5532 1772 5586 ﬁlium
1886 5532 1963 5585 du
1994 5532 2241 5597 Chcsne,
2277 5534 2317 5584 t.
2356 5530 2423 5584 1V
2454 5531 2818 5603 Scriptorum
2852 5532 2922 5586 de
2953 5530 3138 5614 rebus
3156 5525 3531 5614 Francorum,

131 5610 437 5703 gratiosus;
469 5627 634 5684 diem
665 5610 810 5682 obiit
834 5627 900 5682 A.
934 5624 1094 5681 1012.
1126 5623 1327 5680 Exstat
1357 5621 1417 5677 in
1447 5619 1623 5678 Brolii
1654 5619 1773 5677 sive
1885 5638 1943 5696 p.
1978 5621 2105 5690 115,
2137 5621 2197 5676 et
2222 5617 2811 5690 Gallice,Sebastiano
2850 5612 3182 5676 Roulliardo
3202 5610 3531 5681 interprete:
