3916 6360
400 414 518 506 847

1459 445 1743 508 ODONIS
1787 441 2304 506 FOSSA'I‘ENSIS
2349 441 2728 504 MONACHI.

3718 443 3843 506 848

404 576 465 630 in
494 577 622 646 ejus
651 575 904 634 Historia
930 577 1188 634 Civitatis
1208 578 1655 634 Melodunensis.
1681 576 1892 632 Perist
1903 579 2028 644 628,
2058 576 2113 642 Α
2143 575 2401 632 Odonem
2431 575 2742 648 prodierat,
2771 575 2920 632 forte
2947 577 3145 632 tamen
3177 574 3253 632 ab
3297 574 3410 633 hoc
3439 575 3588 650 ipso
3623 576 3843 637 Odone

402 665 456 718 4.
491 666 511 687 ⁸
539 664 662 720 Sub
691 664 870 736 hujus
900 667 1198 739 scriptoris
1227 667 1462 722 nomine
1493 666 1742 736 legimus
1782 664 2039 720 indicata

399 753 554 824 apud
587 753 955 811 Monttaucon
986 754 1476 811 Bibliothecarum
1510 771 1640 826 pag.
1677 754 1833 822 1278,
1859 756 2038 809 Vitam

398 839 455 898 S.
487 841 664 898 Mauri
691 845 874 900 metro
902 847 958 899 et
988 861 1159 915 prosa
1193 843 1493 915 scriptam,
1525 858 1703 912 quam
1735 841 1794 895 in
1842 842 2036 896 nescio

399 946 517 1002 qua
531 931 744 1004 (neque
764 933 918 988 enim
938 932 1176 1003 indicat)
1201 932 1417 989 Gallica
1434 930 1789 986 Bibliotheca
1811 936 2037 986 exstare

401 1018 560 1076 dicit.
595 1021 914 1094 Scriptores
943 1021 1206 1078 Historiae
1237 1020 1528 1076 litterariae
1562 1017 1709 1075 Gall.
1743 1024 1884 1074 tom.
1911 1019 2035 1085 VII,

404 1125 536 1182 pag.
594 1109 716 1178 494,
769 1114 1007 1167 censent
1052 1110 1243 1166 Vitam
1295 1109 1456 1164 illam
1515 1109 1573 1164 S.
1630 1107 1814 1162 Mauri
1866 1123 2038 1178 prosa

399 1197 676 1270 scriptam
707 1199 880 1256 aliam
912 1215 1027 1254 non
1057 1215 1184 1254 esse
1215 1199 1286 1254 ab
1317 1215 1385 1253 ea
1413 1215 1540 1268 qua:
1565 1197 1690 1267 jam
1733 1195 1872 1250 olim
1904 1200 2037 1250 ante

399 1347 1772 1378 Μ

2145 663 2780 720 recensitam.Alterum
2800 680 2933 720 vero
2956 669 3142 720 metro
3167 663 3463 736 scriptum
3489 663 3846 723 faoilehnic

2147 754 2256 824 ipsi
2288 753 2472 808 Odoni
2505 753 2680 809 tribui
2709 769 2883 826 posse
2912 757 3174 810 censent.
3197 753 3443 811 Monent
3473 753 3845 828 lnsuperex

2146 841 2482 898 Mabillonio
2514 843 2573 898 in
2609 845 2765 897 Actis
2797 842 2898 897 SS.
2945 841 3474 900 Benedictinorum
3539 848 3707 901 tom.
3767 845 3840 912 Il,
3875 839 3881 842 ’

2148 949 2277 1002 pag.
2310 931 2436 999 596,
2466 930 2692 986 calamo
2723 931 2987 1002 ejusdem
3017 929 3240 988 Odonis
3286 932 3499 989 deberi
3553 931 3842 1007 Respon-

2147 1020 2300 1074 soria
2324 1020 2382 1074 in
2413 1019 2693 1075 honorem
2724 1020 2788 1076 S.
2827 1019 3292 1092 Barolini,primi
3325 1021 3576 1078 abbatis
3613 1019 3838 1080 Fossa-

2145 1109 2348 1176 tensis,
2384 1125 2512 1180 qua
2541 1108 2680 1164 olim
2729 1109 2788 1163 in
2836 1109 3044 1165 ofﬁcio
3089 1108 3224 1166 festi
3282 1111 3571 1182 ejusdem
3633 1113 3837 1169 sancti

2147 1197 2300 1268 apud
2331 1196 2650 1253 cmnobitas
2679 1195 2812 1253 illos
2836 1197 3218 1254 canebantur.

1295 1475 1581 1567 VITA
1649 1473 2052 1566 DOMIN
2063 1473 2101 1564 Ι
2171 1473 2898 1566 BURCHARDI

1680 1675 2152 1732 VENEBABILIS
2191 1675 2501 1732 COMITIS.

1111 1828 1241 1911 Qui
1273 1827 1392 1895 sub
1431 1831 1714 1918 Hugone
1755 1829 2004 1917 Capeto
2043 1839 2102 1894 et
2142 1827 2286 1916 ejus
2323 1827 2462 1898 ﬁlio
2496 1827 2782 1896 Roberto
2806 1829 3063 1917 ﬂoruit,

1270 1998 1632 2060 AUGTORE
1675 1999 1937 2059 ODONE
1980 1997 2358 2060 MONACHO
2401 1997 2906 2060 FOSSATENSI.

397 2157 589 2230 (Apud
615 2155 929 2226 Duchesn.,
961 2156 1158 2227 Script.
1193 2157 1312 2211 Rer.
1346 2158 1568 2230 Franc.,_
1577 2159 1733 2230 tom.
1769 2155 1860 2230 I_V,
1888 2171 2023 2230 pag'
2044 2154 2182 2230 _115,
2214 2172 2280 2208 ex
2311 2155 2565 2230 editione
2595 2155 2796 2230 Jacobi
2839 2159 3057 2228 Brodii,
3093 2163 3368 2220 monachi
3400 2169 3458 2221 S.
3523 2167 3831 2227 Germani

1451 2228 1520 2281 de
1553 2227 1756 2292 Pratis,
1793 2226 1844 2279 in
1880 2225 2275 2298 Supplement.
2310 2226 2501 2297 Antiq.
2535 2226 2743 2297 Paris.)

1547 2519 1957 2608 INCIPIT
2023 2517 2648 2609 PROLOGUS

473 2699 864 2770 Religiosorum
921 2702 1071 2768 gesta
1129 2701 1403 2765 virorum,
1467 2699 1572 2752 vita
1633 2699 1736 2753 Deo
1795 2697 2041 2766 ﬁdeliter,
2075 2699 2122 2765 Β
2146 2700 2578 2767 persecutionem
2610 2701 2920 2770 patiuntur,
2944 2701 3068 2772 jam
3097 2703 3238 2762 dicto
3269 2705 3383 2764 loco
3415 2709 3488 2764 ad
3527 2727 3828 2772 summam

395 2789 748 2862 placentium,
822 2791 1104 2844 memoriae
1157 2787 1372 2842 tradere
1419 2791 1760 2858 posterorum
1815 2787 2040 2857 dignum

399 2865 516 2949 fore
544 2885 894 2935 autumamus
925 2885 1081 2948 atque
1099 2878 1487 2948 justissimum.
1523 2876 2037 2930 Pertranseuntibus

403 2969 553 3022 enim
582 2967 795 3038 generis
840 2966 1072 3020 humani
1116 2965 1388 3030 a’tatibus,
1439 2965 1702 3019 oblivioni
1747 2965 2042 3019 traduntur

405 3071 524 3126 qua
549 3061 817 3124 geruntur
845 3070 878 3108 a
897 3053 1283 3123 ﬁdelibusmisi
1301 3054 1440 3123 forte
1464 3055 1749 3120 contigerit
1767 3053 2040 3122 aliquibus

407 3129 744 3199 membranis
803 3143 1041 3198 inserere
1067 3158 1185 3212 quae
1230 3141 1296 3195 ab
1327 3141 1477 3212 ipsis,
1521 3141 1651 3194 dum
1683 3142 1884 3207 vivunt,
1915 3158 2038 3211 per-

400 3239 640 3304 aguntur
689 3231 1078 3286 honestissime.
1153 3231 1518 3285 Connnonitus
1575 3231 1758 3300 itaque
1813 3231 2042 3283 Patrum

396 3323 649 3392 priorum
679 3319 960 3390 exemplis,
985 3321 1082 3390 qui
1109 3317 1182 3374 de
1205 3319 1392 3373 multis
1430 3320 1520 3372 sui
1569 3320 1823 3387 temporis
1877 3320 2041 3388 gestis

397 3410 642 3482 plurima
673 3408 827 3464 nobis
852 3407 1142 3478 reliquere,
1175 3409 1417 3462 marime
1461 3407 1600 3461 beati
1644 3406 1892 3476 Gregorii
1939 3408 2039 3462 Ilo-

402 3515 580 3555 manae
617 3497 771 3554 urbis
812 3497 1114 3568 apostolici,
1167 3497 1263 3567 qui
1307 3495 1370 3550 de
1414 3497 1670 3568 plurimis
1731 3505 2041 3552 sanctorum

403 3590 565 3660 gestis
596 3591 707 3642 tam
739 3588 796 3642 in
827 3587 1050 3654 Dialogo
1079 3601 1175 3641 suo
1202 3602 1363 3657 quam
1397 3586 1452 3638 in
1492 3587 1756 3640 llonzetiis
1801 3586 2036 3652 disserit,

403 3675 589 3733 studui
615 3675 803 3748 aliqua
829 3673 1094 3746 fratribus
1121 3674 1445 3728 Fossatensis
1474 3674 1730 3730 Ecclesiae
1771 3677 2041 3746 perscrip-

403 3759 548 3832 bere,
580 3763 814 3836 qualiter
842 3762 1168 3818 venerabilis
1197 3779 1368 3818 comes
1411 3763 1773 3832 Burehardus,
1821 3764 2042 3834 eiusque

401 3855 550 3925 filius
577 3853 781 3924 praesul
809 3852 1017 3908 scilicet
1045 3851 1405 3923 Ragenaldus,
1429 3859 1612 3906 sancto
1653 3851 1867 3922 Spiritu
1895 3868 2037 3906 com-

398 3936 667 4012 monente,
697 3939 940 3998 eumdem
969 3941 1146 3996 locum
1175 3939 1470 3995 honoribus
1517 3956 1579 3994 ac
1616 3942 2040 4010 possessionibus

2091 2811 2109 2824 ο
2151 2789 2386 2840 miserim
2418 2788 2785 2843 calamitatem
2809 2788 3102 2860 decidente,
3133 2802 3434 2868 antequam
3458 2803 3698 2871 penitus
3751 2803 3826 2861 ad

2151 2876 2263 2928 ima
2291 2880 2533 2941 corruat,
2578 2892 2734 2946 cogor
2780 2881 3029 2934 nativum
3072 2882 3388 2956 relinquere
3437 2889 3645 2958 solum,
3708 2910 3824 2964 quo

2145 2964 2451 3034 pueriliter,
2485 2973 2543 3019 ut
2593 2965 2803 3022 Christo
2847 2969 3114 3038 placitum
3156 2971 3288 3042 fuit,
3339 2975 3607 3033 educatus
3659 2997 3823 3037 sum.

2147 3053 2422 3106 Pressaris
2451 3053 2716 3124 siquidem
2737 3055 2996 3126 plurimis
3023 3061 3358 3127 stimulatus,
3381 3065 3830 3136 infestationum

2139 3141 2343 3212 jaculis
2374 3143 2742 3212 colaphizatus
2771 3153 2930 3216 atque
2951 3147 3420 3218 fugatus,exteras
3449 3157 3617 3227 cupio
3649 3158 3830 3215 adire

2150 3231 2414 3319 nationes,
2447 3232 2724 3298 ignorans,
2758 3234 2896 3288 sicut
2924 3235 3057 3290 dicit
3093 3237 3382 3308 Apostolus
3425 3241 3494 3297 de
3537 3259 3621 3311 se,
3679 3250 3832 3319 quid

2147 3318 2286 3372 mihi
2311 3319 2564 3387 futurum
2616 3323 2705 3375 sit.
2763 3322 2887 3386 Nec,
2944 3325 3040 3380 hoc
3089 3328 3320 3396 agendo,
3369 3334 3530 3387 eastra
3575 3318 3832 3394 Domini

2144 3417 2470 3478 przeceptum
2525 3411 2705 3479 facere
2755 3415 3095 3482 pertimesco,
3147 3419 3245 3486 qui
3296 3435 3422 3474 suos
3476 3421 3700 3491 fideles,
3763 3431 3827 3482 ut

2147 3499 2320 3551 vitare
2349 3498 2584 3552 calerent
2613 3499 2819 3554 rabiem
2841 3507 3303 3574 persequentium,
3345 3505 3411 3564 de
3461 3510 3703 3570 civitate
3763 3519 3832 3572 in

2148 3587 2420 3640 civitatem
2465 3588 2653 3655 fugere
2691 3588 2866 3659 jubet.
2925 3592 3102 3663 Ipsius
3145 3596 3329 3651 tamen
3378 3615 3541 3670 posco
3599 3614 3834 3662 sanctae

2145 3675 2538 3730 misericordiae
2567 3676 2964 3747 largitatem,ut
2992 3681 3060 3736 ab
3080 3681 3454 3742 hostiumiam
3483 3690 3834 3750 visibilium

2149 3780 2312 3834 quam
2357 3765 2659 3820 visibilium
2714 3768 2937 3823 incursu
2983 3775 3229 3842 ereptum
3268 3775 3486 3844 jugiter
3541 3777 3841 3851 dignetur

2143 3856 2442 3923 protegere,
2475 3870 2630 3923 quem
2648 3857 2884 3926 pretioso
2913 3859 3004 3912 sui
3029 3863 3209 3916 sancti
3235 3865 3529 3932 sanguinis
3568 3869 3840 3930 redemit

2147 3957 2356 3997 cruore.
2389 3942 2687 4012 Antequam
2722 3960 2846 4016 ergo
2893 3947 3110 4004 itineris
3138 3966 3233 4006 seu
3269 3955 3601 4011 mutationis
3653 3976 3840 4018 assu-

397 4032 856 4098 sublimaverunt,
915 4038 1077 4100 atque
1139 4027 1499 4099 pestmodum,
1567 4031 2036 4100 appropinquante
2065 4064 2107 4129 C
2147 4048 2293 4084 mam
2349 4031 2606 4095 laborem,
2662 4033 2762 4088 hoc
2806 4038 3069 4107 scriptum
3102 4039 3227 4110 jam
3270 4041 3430 4097 dictae
3487 4043 3841 4108 Fossatensi

399 4119 528 4190 fine,
557 4119 844 4190 religionis
874 4118 1082 4175 habitu.
1114 4119 1272 4181 Nam,
1306 4119 1429 4172 licet
1460 4118 1630 4173 multa
1671 4133 1858 4173 eorum
1906 4119 2036 4174 bene
2066 4105 2107 4130 “⁴
2145 4121 2403 4176 Ecclesia?
2453 4121 2641 4176 studui
2704 4105 3032 4195 relinquere,
3212 4132 3436 4200 fratres,
3498 4105 3838 4197 devotionis

397 4216 545 4278 gesta
574 4207 888 4264 hacnostra
917 4213 1082 4262 aetate
1135 4206 1405 4260 oblivione
1451 4207 1562 4261 sint
1613 4206 1808 4274 deleta,
1859 4223 2037 4278 pauca

396 4301 600 4368 tamen,
631 4311 756 4368 quae
785 4295 963 4350 adhuc
988 4295 1223 4366 perspici
1245 4302 1472 4364 possunt
1518 4299 1568 4350 et
1619 4310 1744 4365 quae
1795 4295 1860 4349 ab
1904 4300 2038 4351 ante

395 4389 544 4443 nalis
570 4385 836 4458 comperi,
868 4384 932 4438 ob
962 4399 1148 4438 eorum
1172 4387 1494 4454 perpetuum
1522 4384 1837 4438 memoriale
1865 4401 2035 4440 reme-

392 4475 884 4546 morandum,stylo
911 4488 1231 4545 percurrere
1258 4489 1514 4544 aggresus
1543 4473 1752 4527 sum.At
1781 4475 2038 4543 quoniam

393 4564 687 4620 secundum
731 4563 956 4618 Domini
1000 4561 1227 4630 dictum,
1273 4561 1583 4616 abundante
1641 4562 1931 4632 iniquitate
1986 4565 2037 4616 et

395 4654 770 4726 refrzgescente
805 4651 1091 4721 charitate,
1124 4665 1306 4707 omnes
1353 4651 1450 4721 qui
1476 4651 1569 4721 pie
1624 4649 1810 4705 volunt
1860 4653 2037 4706 vivere

2143 4218 2318 4280 atquze
2346 4218 2548 4266 sanctw
2577 4210 2881 4268 dilectionis
2908 4230 3150 4272 amorem
3177 4220 3327 4274 circa
3353 4225 3835 4299 mecmhibentes,

2143 4297 2273 4352 dum
2303 4297 2444 4353 docti
2473 4299 2538 4352 ab
2556 4299 2772 4356 indocto
2787 4306 3129 4375 perceperint
3149 4308 3313 4364 verba
3333 4309 3506 4380 huius
3531 4297 3830 4387 lectionis,

2141 4387 2255 4441 sint
2311 4403 2568 4442 memores
2625 4389 2823 4446 Odonis
2875 4397 3198 4463 peccatoris,
3265 4406 3548 4468 quatenus
3623 4421 3709 4460 eor
3731 4423 3834 4462 um

2142 4476 2346 4530 sanctis
2373 4476 2620 4546 precibus
2639 4495 2854 4534 merear
2875 4485 2996 4552 post
3027 4492 3257 4541 mortem
3299 4490 3496 4546 carnis
3551 4500 3836 4569 consequi

2148 4564 2397 4620 bravium
2424 4568 2647 4623 ueterum
2663 4568 2973 4638 felicitatis.
3002 4572 3194 4630 Amen.

1777 4783 2053 4838 axrucr'r
2095 4791 2408 4841 PROLOGUS.

1663 4961 2126 5058 INCIPIT
2199 4962 2508 5058 VITA.

449 5130 739 5256 'Inclytus‘
764 5164 1158 5256 Burchardus,
1204 5164 1384 5220 nobili
1437 5165 1616 5236 stirpe
1665 5167 2022 5256 progenitus,
2057 5181 2102 5247 ι)
2135 5168 2436 5225 aulaenim
2458 5171 2693 5242 gloriosi
2721 5173 3355 5246 HugonisFrancorum
3378 5183 3548 5256 regis
3571 5191 3819 5247 cunctis

390 5268 554 5310 sacro
583 5252 936 5326 baptismate
965 5257 1051 5308 est
1075 5253 1649 5325 ingeneratus,atque
1678 5254 1948 5309 nobiliter
1969 5256 2026 5310 in

388 5340 662 5414 religione
690 5341 976 5398 catholica
1011 5341 1246 5395 militari
1279 5341 1544 5394 tirocinio
1576 5341 1832 5396 edoctus.
1882 5343 2023 5400 Nam

387 5431 648 5502 pueritiae
678 5435 942 5502 tempora
980 5429 1120 5484 dum
1173 5427 1540 5500 transigeret,
1591 5430 1763 5484 curiae
1820 5431 2022 5503 regali,

389 5533 550 5572 more
579 5519 932 5574 Francorum
966 5531 1292 5586 procerum,
1325 5533 1358 5571 a
1405 5516 1744 5588 parentibus
1774 5519 2025 5576 traditus

391 5608 498 5658 est.
543 5606 672 5672 Qui,
720 5602 1178 5661 Christianitatis
1228 5603 1500 5675 operibus
1548 5603 1796 5675 pollens,
1845 5607 2023 5664 totius

391 5689 709 5765 prudentie
739 5695 912 5765 atque
941 5688 1262 5747 honestatis
1282 5691 1606 5765 assumpsit
1626 5695 2021 5753 commoda.In

2137 5262 2255 5312 tam
2289 5258 2620 5317 coelestibus
2650 5277 2826 5334 quam
2859 5263 3213 5322 militaribus
3237 5266 3642 5330 imbuebatur
3689 5277 3820 5336 ins-

2133 5345 2344 5404 titutis.
2378 5347 2528 5403 Dum
2578 5366 2710 5404 vero
2767 5351 3171 5410 adolescentiae
3221 5359 3403 5428 atque
3454 5359 3821 5430 juventutis

2133 5433 2440 5505 appulitad
2456 5453 2582 5504 nos,
2617 5438 2849 5495 Domini
2863 5441 3204 5513 providente
3219 5445 3436 5516 gratia,
3449 5449 3823 5520 quiﬂdelem

2136 5522 2377 5578 militem
2411 5524 2521 5580 sibi
2551 5543 2686 5582 eum
2721 5530 3058 5599 providebat
3087 5533 3622 5610 futurum,magno
3645 5541 3828 5601 dilec-

2130 5611 2308 5668 tionis
2319 5629 2514 5670 amore
2527 5631 2560 5669 a
2573 5630 2705 5688 rege
2731 5633 2823 5672 am
2829 5619 3069 5691 plectitu
3077 5607 3190 5689 r,in
3205 5625 3441 5679 tantum
3455 5607 3528 5682 ut
3560 5636 3825 5692 cunctos

2131 5703 2447 5760 coaetaneos
2477 5705 2888 5768 transcendere
2927 5708 3242 5774 videretur.
3260 5713 3610 5777 Amabatur
3654 5723 3820 5783 enim
