3916 6344
128 447 249 549 ω

1346 449 1531 511 Vl'l‘A
1573 447 1971 511 BUCHARDI
2016 449 2359 513 GOMITIS.

3406 441 3525 537 8βὲ)

131 600 167 653 a
197 580 754 657 cunctis,bonorque
785 581 1079 641 maximus
1109 583 1160 640 ei
1190 584 1260 640 ab
1292 583 1564 639 omnibus
1595 583 1768 637 Fran-
1799 580 1854 648 Α
1885 580 2038 649 tulit,
2067 586 2125 638 et
2154 598 2355 638 secum
2386 579 2736 655 cogitatione
2763 575 2964 648 tacita,
3016 575 3310 653 quomodo
3354 575 3466 655 hoc
3495 594 3530 633 a

129 689 332 730 corum
351 673 686 747 proceribus
704 673 1173 747 impendebatur.
1198 676 1527 728 Honoratur
1542 686 1774 743 quoque

73 829 81 836 .
129 764 204 820 ab
232 762 442 836 inclyto
475 779 627 837 rege,
658 780 917 834 auroque
948 767 1003 818 et
1032 767 1290 836 argento,
1315 761 1520 817 castris
1544 775 1775 832 quoque

127 868 197 908 ac
228 853 699 927 possessionibus
731 851 931 907 multis
963 851 1200 919 ditatur,
1250 851 1554 922 ipsiusque
1584 848 1774 903 consi-

126 938 331 997 liarius
365 939 751 996 fidelissimus
774 940 1040 995 efficitur.
1076 940 1542 1011 Contigititaque
1566 937 1773 991 iisdem

126 1029 514 1101 temporibus,
548 1029 650 1083 Dei
682 1029 1023 1100 disponente
1046 1028 1291 1099 judicio,
1327 1034 1391 1081 ut
1421 1043 1615 1082 comes
1646 1025 1778 1079 Cor-

127 1117 272 1172 boili
304 1117 505 1182 castri,
538 1116 774 1173 nomine
801 1122 1040 1189 Ilaymo,
1082 1118 1152 1172 ad
1204 1116 1409 1171 limina
1439 1120 1775 1171 sanctorum

127 1205 536 1278 apostolorum
568 1206 720 1263 Petri
753 1209 807 1261 et
832 1206 993 1261 Pauli
1018 1205 1298 1261 orationis
1320 1206 1501 1277 gratia
1534 1205 1777 1259 Romam

128 1298 423 1366 pergeret,
452 1293 785 1366 ibidemque
814 1292 873 1348 in
907 1296 1109 1350 eodem
1142 1294 1345 1350 itinere
1378 1296 1552 1349 linem
1602 1292 1778 1364 hujus

123 1383 260 1438 vita;
292 1384 596 1455 acciperet.
639 1384 760 1447 Quo
810 1384 1101 1453 defuncto,
1153 1384 1500 1439 admonetur
1527 1386 1778 1437 strenuae

114 1472 452 1542 juventutis
485 1471 592 1527 tiro
626 1471 1000 1529 Burchardus
1029 1476 1151 1528 tam
1170 1490 1347 1544 arege
1361 1488 1537 1544 quam
1555 1470 1777 1526 caeteris

126 1559 484 1617 Francorum
509 1560 863 1632 primoribus
890 1560 1679 1633 utpraedicticomitiuxorem
1700 1559 1778 1613 si-

123 1648 189 1703 bi
222 1650 487 1722 conjugio
511 1649 831 1722 copularet.
856 1648 957 1704 Ille
974 1646 1781 1721 vero,quemjamjuventutis

132 1754 240 1793 seu
268 1743 486 1793 natura:
507 1738 781 1794 humana:
807 1738 1126 1793 necessitas
1152 1737 1291 1792 talia
1313 1738 1497 1792 facere
1518 1736 1780 1807 cogebat,

123 1827 433 1898 prisceptis
462 1826 758 1899 regalibus
778 1825 1026 1882 libenter
1039 1826 1251 1899 paruit.
1272 1826 1453 1881 Datur
1477 1840 1611 1896 ergo
1631 1825 1781 1879 dono

123 1913 309 1985 regali
322 1914 371 1969 ei
387 1915 554 1985 uxorj
564 1930 655 1968 am
671 1914 1047 1969 dicticomitis
1059 1912 1780 1982 Ilaimonis,Elisabethvo-

124 2002 326 2070 citata,
355 2002 535 2058 nobili
560 2003 833 2075 progenie
856 2008 912 2057 et
929 2003 1056 2075 ipsa
1072 2008 1299 2071 exorta;
1325 2004 1781 2074 conjunguntur-

126 2109 243 2164 que
277 2096 399 2146 toro
432 2091 697 2162 nuptiali,
731 2096 797 2146 ut
828 2092 1154 2146 secundum
1180 2091 1409 2146 Domini
1443 2091 1775 2162 imperium,

124 2179 289 2253 prole
321 2179 665 2235 dulcissima
688 2181 1062 2251 postmodum
1086 2180 1439 2235 laetarentur.
1470 2182 1529 2234 In
1558 2196 1670 2251 quo
1693 2196 1778 2234 co-

127 2268 279 2341 pulte
311 2268 569 2323 thalamo
602 2269 760 2323 dedit
790 2269 955 2341 Hugo
988 2286 1083 2324 rex
1117 2270 1225 2323 sibi
1262 2268 1608 2324 ﬁdelimiliti
1643 2269 1776 2323 Cas-

126 2362 293 2413 trum
319 2356 693 2421 Milidunum,
719 2358 1033 2429 atquejam
1056 2358 1277 2412 dictum
1300 2357 1655 2425 Corboilum,
1684 2374 1776 2411 co-

126 2446 528 2516 mitatumque
560 2445 864 2500 Parisiacae
895 2446 1093 2512 urbis;
1127 2446 1433 2518 taliterque
1463 2462 1658 2501 comes
1688 2461 1777 2499 re-

124 2533 278 2607 galis
299 2533 1216 2605 etﬁcitur.Susceptoque-honore
1238 2533 1779 2606 temporali,guber-

124 2622 309 2679 nabat
334 2622 444 2678 sibi
475 2623 851 2677 commissam
887 2623 1168 2678 familiam
1201 2624 1522 2678 secundum
1550 2620 1775 2678 Domini

122 2711 509 2767 voluntatem.
546 2711 680 2766 Erat
708 2712 864 2766 enim
890 2711 1078 2767 ﬁdelis
1109 2712 1377 2768 defensor
1396 2711 1773 2767 ecclesiarum

121 2818 254 2873 quae
285 2800 394 2855 sub
426 2798 670 2870 imperio
690 2799 851 2871 regni
875 2800 1229 2854 Francorum
1252 2801 1636 2866 habebantur,
1660 2799 1771 2853 lar-

119 2886 279 2962 gitor
308 2886 833 2959 eleemosynarum,
902 2887 1230 2943 consolator
1273 2888 1646 2954 miserorum,
1677 2905 1772 2943 su-

116 2974 385 3035 blevator
401 2975 703 3049 piissimus
726 2976 1169 3041 monachorum,
1194 2975 1557 3043 clericorum,
1580 2977 1671 3029 vid
1683 2994 1776 3030 ua-

122 3060 285 3133 rum,
310 3071 486 3137 atque
505 3065 799 3137 virginum
824 3064 883 3120 in
906 3064 1187 3121 cmnobiis
1210 3065 1326 3120 Deo
1353 3065 1773 3120 millitantium.

195 3248 338 3299 Cum
360 3243 538 3315 igitur
568 3242 661 3298 his
684 3246 740 3297 et
763 3242 895 3297 aliis
918 3243 1122 3298 multis
1145 3244 1387 3298 Domino
1406 3243 1631 3315 placere
1658 3248 1775 3297 stu-

1884 671 2214 727 sanctuario
2267 670 2370 726 Dei
2424 668 2719 743 prohiberi
2769 672 2992 741 posset,
3044 666 3246 725 sedule
3284 665 3531 723 medita-

1883 761 2073 816 batur.
2108 760 2393 816 Omnibus
2423 742 2559 831 ergo
2589 758 3000 827 inscientibus,
3061 757 3273 815 abbate
3304 742 3535 837 quoque

1884 849 2207 921 ignorante,
2240 849 2580 922 religiosum
2614 848 2758 903 adiit
2785 847 3081 915 comitem,
3138 850 3411 905 cunctam
3442 846 3535 921 sui

1885 939 2076 993 cordis
2108 939 2157 994 ei
2190 931 2453 1010 pandens
2484 936 2865 1003 voluntatem,
2890 953 2956 992 ac
2981 936 3261 991 omnibus
3282 952 3416 992 eum
3439 952 3536 991 ex-

1885 1044 2058 1082 orans
2091 1028 2378 1099 precibus,
2412 1030 2478 1081 ut
2504 1026 2695 1081 locum
2728 1026 2923 1097 ipsum
2950 1040 3177 1080 memor
3193 1020 3537 1101 suaaanima:

1884 1117 1945 1171 in
1976 1116 2288 1189 pristinum
2319 1120 2535 1172 statum
2569 1114 2873 1170 restituere
2905 1114 3269 1186 dignaretur.
3302 1116 3377 1169 At
3406 1130 3531 1169 me-

1888 1211 2151 1261 moratus
2182 1222 2395 1281 comes,
2426 1204 2566 1259 talia
2594 1207 2787 1259 mente
2814 1206 3196 1276 pertractans,
3237 1202 3532 1275 promittit

1889 1313 1951 1351 se
1979 1296 2107 1366 ejus
2139 1294 2409 1367 precibus
2440 1310 2743 1349 assensum
2766 1292 3162 1365 praebiturum.
3186 1292 3530 1349 Accendens

1888 1385 2085 1456 itaque
2116 1384 2187 1440 ad
2219 1383 2370 1455 regis
2402 1382 2788 1455 praesentiam,
2841 1380 3051 1436 humili
3097 1384 3292 1437 mente
3313 1398 3377 1437 ac
3393 1376 3533 1459 voce

1889 1474 2063 1546 coepit
2094 1474 2316 1528 dicere:
2352 1495 2379 1522 «
2414 1472 2591 1537 Licet,
2626 1486 2722 1525 rex
2753 1471 3107 1526 Francorum
3138 1468 3405 1543 gloriose,
3428 1466 3533 1528 tua

1888 1561 2101 1633 regalis
2132 1562 2406 1633 Majestas
2419 1578 2534 1633 prae
2557 1560 2781 1616 caeteris
2802 1559 2946 1615 aulaz
2992 1562 3106 1614 tua:
3154 1558 3405 1614 effecerit
3441 1575 3535 1635 me

1890 1651 2097 1706 castris
2129 1667 2192 1707 ac
2208 1649 2410 1706 multis
2431 1648 2756 1706 honoribus
2772 1647 3017 1705 terrenis
3040 1646 3334 1718 ditiorem,
3350 1664 3535 1705 unum

1890 1745 2087 1796 tamen
2120 1741 2310 1796 adhuc
2340 1739 2575 1812 requiro
2592 1743 2705 1794 tuae
2726 1736 3098 1811 benignitati,
3128 1738 3284 1811 quod
3306 1753 3379 1793 ne
3403 1753 3536 1811 pro-

1891 1829 2112 1897 hibeas,
2174 1846 2350 1901 super
2404 1828 2633 1883 cunctis
2680 1819 3165 1900 precatibus'me
3198 1827 3537 1898 deposcere

1891 1934 2193 1990 agnoscas.
2226 1942 2253 1967 ››
2282 1918 2365 1972 Ad
2392 1933 2566 1988 quem
2588 1934 2685 1972 rex
2718 1934 2727 1971 :
2762 1940 2786 1965 ‹‹
2817 1916 2984 1983 Quid,
3007 1914 3220 1987 inquit,
3245 1913 3391 1971 illud
3418 1919 3531 1987 est,

1890 2007 2253 2075 charissima,
2314 2006 2467 2077 quod
2527 2004 2633 2060 tibi
2693 2005 2751 2059 in
2829 2020 3005 2077 regno
3064 2008 3261 2077 nostro
3339 2003 3532 2079 possit

1888 2096 2134 2168 negari?
2166 2118 2187 2145 ι
2248 2095 2349 2149 Cui
2405 2094 2770 2150 venerandus
2829 2076 3059 2149 comes:
3093 2116 3121 2143 «
3179 2092 3303 2149 Non
3358 2076 3529 2175 valde

1888 2184 2258 2256 multumque
2288 2182 2469 2255 larga,
2504 2183 2604 2237 sed
2635 2198 2815 2253 parva
2831 2181 3063 2236 videtur
3083 2197 3176 2238 res
3193 2197 3322 2238 esse
3350 2178 3526 2255 quam

1888 2273 2141 2345 requiro.
2204 2272 2314 2327 Oro
2372 2287 2627 2342 namque
2682 2274 2748 2326 ut
2803 2269 3109 2327 ecclesiam
3167 2264 3530 2327 Fossatensis

1887 2361 2153 2426 coanobii,
2183 2378 2313 2433 qua:
2345 2359 2525 2432 regali
2556 2359 2795 2414 subdita
2812 2362 2900 2414 est
2920 2358 3203 2427 dominio,
3225 2356 3534 2432 vesterque

1887 2452 2065 2506 ﬁscus
2099 2452 2148 2504 fo
2160 2467 2217 2504 re
2250 2449 2499 2515 videtur,
2524 2446 2669 2502 mihi
2691 2446 2991 2502 servitutis
3013 2450 3215 2503 vestrae
3235 2444 3537 2522 obsequiis

1888 2540 2112 2611 parenti
2148 2543 2245 2593 tua
2265 2535 2541 2610 przecelsa
2565 2537 2839 2608 majestas
2861 2536 3172 2592 concedere
3193 2535 3485 2613 dignetur.
3505 2534 3532 2588 is

1886 2628 1984 2683 Cui
2020 2645 2115 2683 rex
2149 2628 2265 2682 ait:
2301 2650 2328 2675 ‹‹
2378 2629 2522 2681 Cum
2572 2624 2845 2681 omnibus
2897 2628 3121 2680 constet
3149 2625 3533 2697 praedecesso-

1882 2734 2012 2772 rum
2046 2721 2379 2772 nostrorum
2410 2714 2772 2787 temporibus
2802 2713 3055 2786 regalem
3086 2729 3320 2786 semper
3345 2714 3527 2783 fuisse

1883 2806 2199 2872 abbatiam,
2234 2804 2525 2876 quomodo
2556 2802 2707 2858 valet
2749 2802 2873 2858 ﬁeri
2916 2806 2982 2858 ut
3028 2819 3061 2857 a
3108 2806 3311 2858 nostra
3339 2801 3524 2877 regali

1884 2898 2164 2967 potestate
2194 2891 2531 2965 separetur!
2567 2891 2626 2947 Si
2657 2891 2816 2946 enim
2845 2890 2955 2947 hoc
3007 2908 3041 2947 a
3070 2890 3257 2947 nobis
3305 2891 3525 2967 factum

1884 2984 2077 3049 fuerit,
2111 2982 2257 3037 forte
2287 2985 2420 3053 post
2448 2981 2534 3035 tui
2564 2980 2823 3052 corporis
2853 2979 3100 3048 obitum,
3123 2978 3426 3055 heredum
3448 2979 3528 3037 si-

1883 3089 1951 3127 ve
1982 3087 2390 3127 successorum
2422 3074 2656 3125 tuorum
2700 3068 2980 3141 nequitiis
3028 3068 3413 3139 subvertetu’r,
3445 3073 3531 3145 at-

1888 3176 2003 3234 que
2034 3163 2172 3215 tunc
2202 3158 2594 3231 culpabimur,
2626 3158 3169 3230 detrimentumque
3198 3156 3405 3237 animae
3434 3176 3534 3232 pa-

1886 3250 2121 3318 tiemur,
2155 3266 2289 3304 eum
2324 3247 2522 3303 nullus
2544 3247 2789 3319 justitiaa
2820 3246 2995 3302 fuerit
3021 3242 3526 3319 locus,fratribus-

117 3332 287 3390 deret
309 3331 644 3398 virtutibus,
667 3335 866 3403 utpote
886 3332 975 3386 vir
996 3331 1255 3387 saeculari
1282 3332 1500 3387 militia:
1518 3331 1771 3398 deditus,
1802 3316 1845 3383 (ἶ
1883 3356 1995 3409 que
2027 3339 2083 3392 in
2107 3316 2182 3393 reo
2214 3316 2561 3409 degentibus
2590 3335 2886 3390 infinitum
2910 3333 3184 3390 acciderit
3206 3316 3521 3407 detrimen-

118 3423 368 3494 atquein
383 3420 609 3475 cunctis
623 3420 827 3475 mundi
844 3421 1088 3491 negotiis
1104 3420 1440 3492 implicitus,
1457 3421 1583 3491 ejus
1606 3438 1771 3475 mens

120 3511 268 3583 Regi
300 3525 502 3582 regum
542 3508 790 3563 ﬁdeliter
828 3510 1030 3564 devota
1069 3510 1287 3564 mundo
1322 3510 1564 3563 minime
1596 3508 1770 3563 celari

121 3596 336 3675 potuit.
361 3599 488 3654 Non
510 3597 668 3653 enim
691 3598 933 3669 dignum
957 3602 1080 3653 erat
1102 3603 1165 3652 ut
1187 3596 1424 3653 lucerna
1445 3598 1552 3651 sub
1576 3597 1769 3651 modio

120 3686 318 3763 posita
347 3685 568 3741 diutius
599 3685 804 3741 lateret
836 3687 892 3739 in
925 3686 1199 3753 tenebris,
1226 3687 1326 3741 sed
1351 3702 1527 3757 super
1555 3686 1771 3741 cande-

123 3778 361 3833 labrum
392 3780 724 3848 poneretur,
758 3778 823 3829 ut
854 3774 1316 3831 lumenlucernae
1339 3774 1489 3830 clare
1511 3775 1770 3829 ardentis

121 3863 402 3924 omnibus
430 3862 492 3918 in
537 3862 741 3918 limine
783 3867 995 3918 sancta:
1047 3862 1311 3917 Ecclesiae
1342 3862 1772 3918 introeuntibus

120 3954 468 4027 patesceret.
530 3952 816 4023 Tempore
864 3967 1000 4023 ergo
1049 3952 1176 4021 jam
1235 3952 1374 4006 dicti
1419 3952 1771 4006 Francorum

121 4040 284 4114 regis
312 4039 594 4112 Hugonis,
640 4037 884 4094 ecclesia
941 4040 1302 4095 Fossatensis
1348 4040 1611 4104 coenobii,
1646 4057 1772 4111 quae

123 4128 269 4187 olim
301 4129 372 4185 ab
394 4125 654 4199 antiquis
678 4127 914 4199 regibus
938 4126 1209 4182 nobiliter
1232 4128 1417 4182 fuerat
1440 4127 1772 4195 sublimata,

126 4220 247 4294 prae
278 4216 503 4273 caeteris
534 4221 659 4272 erat
690 4216 956 4277 contusa.
990 4221 1166 4287 atque
1190 4216 1349 4271 omni
1380 4216 1649 4271 humanae
1678 4234 1775 4271 ne-

128 4305 511 4364 cessitudinis
541 4304 756 4361 auxilio
787 4304 1082 4360 destituta.
1116 4309 1234 4360 Hoc
1265 4310 1460 4360 autem
1492 4305 1781 4360 acciderat

127 4394 345 4469 partim
369 4391 615 4465 justitiae
659 4392 925 4464 penuria,
970 4393 1179 4463 partim
1229 4410 1459 4465 quoque
1492 4399 1779 4449 rectorum

129 4481 508 4557 negligentia.
545 4481 757 4537 Iisdem
782 4498 1035 4552 namque
1056 4481 1263 4536 diebus
1288 4483 1675 4554 Magenardus
1698 4483 1784 4537 vir

131 4571 372 4640 nobilis,
396 4571 721 4629 secundum
743 4570 1146 4641 hujuscaduci
1170 4570 1363 4626 szsculi
1386 4571 1665 4627 honorem
1689 4589 1786 4627 no-

1880 3432 2024 3480 tum.
2061 3446 2088 3475 ››
2122 3426 2205 3478 Ad
2240 3424 2361 3479 hazc
2392 3440 2586 3479 comes
2616 3439 2962 3495 responsum
2990 3420 3279 3477 reddidit:
3317 3416 3517 3478 «Dum

1879 3496 2120 3568 minime
2151 3529 2305 3567 nunc
2338 3513 2648 3583 impetrare
2696 3510 2857 3565 valeo
2906 3513 2970 3565 ut
3016 3507 3162 3564 mihi
3192 3506 3515 3583 perpetuali

1879 3603 2231 3658 concedatur
2260 3602 2431 3666 dono,
2467 3599 2675 3655 saltem
2705 3599 2814 3654 hoc
2866 3597 3156 3653 tribuatur
3202 3601 3288 3670 ut,
3319 3614 3519 3654 emen-

1880 3689 2131 3746 dationis
2163 3706 2228 3744 ac
2260 3686 2703 3744 restaurationis
2732 3687 2935 3760 gratia,
2967 3703 3146 3743 causa
3175 3683 3408 3762 quoque
3428 3705 3525 3745 sa-

1879 3779 2019 3834 lutis
2048 3782 2379 3834 nostrarum
2414 3777 2769 3847 animarum,
2818 3776 2929 3833 hoc
2975 3776 3274 3850 petitionis
3304 3778 3525 3837 donum

1882 3869 2035 3924 susci
2047 3884 2179 3940 perc
2206 3884 2448 3922 merear.
2480 3865 2661 3922 Valde
2674 3865 2889 3939 quippe
2902 3865 3156 3922 delector
3170 3870 3291 3924 tam
3304 3865 3525 3938 pretio-

1884 3973 2018 4013 sum
2052 3955 2244 4011 locum
2278 3956 2348 4010 ad
2385 3954 2816 4009 emendandum
2866 3954 3181 4027 suscipere,
3212 3950 3525 4029 vestquue

1884 4044 2160 4101 suffultus
2192 4043 2424 4111 auxilio,
2454 4043 2776 4099 honoribus
2806 4060 2873 4099 ac
2901 4042 3374 4115 possessionibus
3404 4042 3528 4118 plu-

1884 4135 2071 4199 rimis,
2103 4134 2152 4188 si
2182 4135 2300 4187 vita
2331 4137 2442 4187 Deo
2475 4132 2722 4205 propitio
2754 4149 2949 4189 comes
2978 4132 3170 4204 fuerit,
3211 4131 3533 4193 sublimare

1887 4229 2063 4296 atque
2094 4223 2152 4276 in
2170 4221 2484 4293 pristinum
2508 4226 2726 4276 statum
2755 4222 2993 4295 erigere.
3019 4221 3275 4279 Salutem
3302 4238 3535 4295 quoque

1888 4329 2030 4367 meae
2062 4309 2291 4377 animm,
2319 4313 2490 4380 atque
2509 4308 2794 4365 scelerum
2813 4314 2869 4365 et
2879 4304 3248 4383 peccatorum
3270 4326 3533 4389 meorum

1890 4398 2343 4456 diminutionem
2363 4396 2863 4469 eleemosynarum
2885 4397 3193 4471 largitione
3208 4415 3313 4471 per
3331 4399 3525 4472 ipsum

1890 4489 2105 4554 locum,
2135 4487 2250 4542 Deo
2273 4491 2585 4552 annuente,
2606 4504 2774 4558 spero
2798 4486 3095 4559 consequi.
3119 4487 3188 4542 Et
3204 4489 3336 4559 post
3355 4472 3534 4558 hujus

1894 4575 2096 4632 caduci
2129 4573 2324 4630 saeculi
2357 4575 2691 4642 decursum,
2725 4573 2914 4646 fragili
2937 4574 3051 4630 mei
3072 4573 3329 4646 corporis
3348 4590 3534 4651 mem-
3582 4602 3585 4605 -

129 4661 333 4719 biliter
388 4665 585 4728 natus,
646 4661 848 4715 eadem
899 4660 1263 4732 gubernabat
1308 4660 1633 4716 ecclesiam.
1677 4661 1782 4726 Qui
1820 4684 1864 4748 ι)
1894 4666 1999 4719 bra
2027 4664 2153 4719 volo
2188 4663 2405 4719 ibidem
2436 4660 2735 4717 tumulari.
2770 4685 2797 4711 ››
2829 4663 3083 4718 Cernens
3112 4662 3309 4735 itaque
3338 4679 3437 4719 rex
3468 4680 3538 4720 ex

131 4768 252 4808 non
277 4750 449 4823 juxta
479 4748 662 4822 patris
693 4748 987 4803 Benedicti
1021 4748 1337 4819 imperium
1374 4749 1788 4821 agens,sa~,culo

129 4838 301 4896 valde
330 4839 588 4908 deditus,
647 4836 981 4893 animarum
1036 4853 1101 4892 ac
1146 4854 1454 4910 corporum
1486 4840 1791 4895 commoda

134 4928 545 5003 postponebat.
578 4925 994 4982 Delectabatur
1025 4926 1181 4980 enim
1214 4943 1424 4982 canum
1457 4932 1630 4999 atque
1660 4928 1789 4982 bes-

132 5016 354 5085 tiarum
381 5014 790 5072 venationibus
822 5014 1136 5085 aviumque
1169 5014 1481 5071 volatibus.
1524 5016 1792 5087 Dumque

133 5104 355 5164 alicubi
385 5103 657 5161 voluntas
688 5103 968 5176 pergendi
1001 5103 1252 5170 adesset,
1281 5104 1562 5176 depositis
1592 5122 1805 5160 mona-

134 5194 410 5252 chalibus
440 5192 829 5259 indumentis,
855 5190 1243 5263 pretiosarum
1270 5192 1508 5263 pellium
1534 5198 1793 5264 tegmen-

133 5280 213 5341 tis
247 5283 658 5352 exornabatur,
692 5280 1215 5351 calamaneumque
1246 5282 1367 5351 [al.,
1400 5281 1793 5337 calamantum

137 5373 440 5446 optimum
475 5386 580 5443 pro
611 5369 824 5441 capitio
877 5368 1089 5424 humili
1139 5370 1316 5441 capiti
1361 5371 1790 5442 imponebatur.

137 5459 401 5532 Subjecti
428 5458 606 5515 etiam
639 5455 857 5529 quique
887 5473 990 5528 pro
1020 5473 1192 5528 posse
1218 5462 1273 5513 et
1304 5458 1411 5530 ipsi
1444 5459 1645 5513 eadem
1678 5475 1796 5514 sec-

137 5550 443 5608 tabantur.
476 5548 557 5603 Ne
585 5562 721 5619 ergo
754 5545 1029 5617 cuiquam
1061 5562 1198 5618 erga
1228 5546 1581 5603 habitatores
1609 5547 1796 5618 ipsius

136 5638 252 5695 loci
278 5636 594 5694 molestum
614 5636 898 5701 videatur,
923 5632 1018 5689 hic
1040 5651 1169 5689 mos
1191 5652 1223 5690 a
1244 5636 1469 5692 cunctis
1495 5635 1797 5690 monachis

142 5729 324 5788 istius
346 5725 511 5799 regni
533 5724 836 5797 agebatur.
859 5723 1223 5795 Dumitaque
1255 5724 1374 5779 haec
1415 5723 1671 5780 etmulta
1685 5723 1799 5779 alia

142 5814 487 5893 agerentur,
511 5812 752 5885 quidam
774 5811 1079 5882 ccsnobita,
1108 5814 1327 5870 Adicus
1350 5813 1602 5882 nomine,
1628 5829 1798 5887 grave

1898 4753 1993 4809 Dei
2025 4750 2321 4807 voluntate
2353 4766 2480 4806 esse
2510 4752 2663 4822 quod
2714 4768 2747 4806 a
2781 4754 2953 4806 9tanto
3001 4751 3352 4824 poscebatur
3388 4751 3536 4820 viro,

1899 4859 2076 4897 causa
2105 4839 2529 4896 emendationis
2562 4856 2626 4894 ac
2656 4839 3076 4909 benefaciendi,
3109 4839 3264 4896 sicut
3300 4832 3544 4913 polliae-

1900 4931 2094 4994 batur,
2125 4930 2252 5000 ejus
2281 4927 2648 4998 providentiae
2679 4928 2975 4984 commisit
3013 4932 3079 4984 ut
3124 4927 3459 4986 sublevator
3478 4920 3546 4986 ﬁ-

1902 5017 2048 5073 delis
2070 5022 2245 5089 atque
2268 5017 2536 5072 defensor
2560 5017 2746 5089 ipsius
2767 5016 3027 5073 ecclesiae
3047 5018 3329 5074 adversus
3349 5017 3550 5079 hostes

1902 5106 2193 5179 malignos
2242 5110 2646 5177 terrarumque
2693 5107 2990 5162 invasores
3037 5098 3331 5164 existeret.
3386 5091 3550 5174 Quod

1903 5196 2077 5250 alacri
2110 5195 2300 5251 cordis
2323 5194 2535 5266 gaudio
2567 5194 2918 5267 suscipiens,
2949 5195 3268 5268 gratiarum
3289 5192 3405 5254 Deo
3427 5195 3549 5252 lau-

1904 5286 2005 5340 des
2040 5284 2276 5356 regique
2308 5281 2539 5338 mortali
2569 5283 2846 5338 reddidit.

1976 5372 2099 5428 lllis
2126 5372 2305 5445 igitur
2332 5372 2538 5427 diebus
2562 5372 2716 5427 fama
2736 5372 3084 5429 venerabilis
3105 5370 3293 5429 Maioli
3314 5371 3545 5427 abbatis

1905 5462 2307 5517 Cluniacensis
2340 5459 2652 5516 laudabilis
2683 5478 2787 5532 per
2815 5477 3045 5518 omnem
3092 5459 3336 5517 Galliam
3366 5459 3545 5515 habe-

1904 5551 2096 5605 batur.
2130 5552 2377 5622 Accepta
2407 5550 2603 5621 itaque
2632 5566 2828 5605 comes
2847 5546 3266 5621 regislicentia,
3284 5547 3358 5602 ad
3379 5564 3544 5604 eum-

1905 5640 2038 5694 dem
2072 5643 2337 5694 sanctum
2371 5637 2557 5692 virum
2585 5638 2854 5709 perrexit.
2885 5639 3143 5706 Cumque
3174 5634 3246 5689 ab
3277 5650 3345 5690 eo
3385 5652 3544 5693 reve-

1907 5732 2119 5795 renter,
2185 5732 2246 5781 ut
2301 5728 2549 5796 dignum
2595 5729 2719 5780 erat
2764 5726 3067 5796 susceptus
3109 5721 3318 5777 fuisset
3360 5722 3541 5780 humo

1907 5820 2257 5888 prostratus,
2291 5818 2411 5869 tam
2444 5811 2845 5869 admirabilem
2867 5808 3215 5869 humilitatis
3235 5808 3540 5870 exhibitio-
