3916 6368
405 507 518 574 851

405 643 949 713 nemadventusque
969 641 1097 713 ejus
1120 641 1189 698 ad
1213 656 1345 696 eum
1367 655 1603 695 causam
1624 655 1659 695 a
1677 643 1796 694 tam
1815 637 2034 710 longin-
2064 633 2120 700 Α

406 749 525 806 qua
549 731 735 804 patria
758 730 1050 802 inquirere
1081 729 1325 786 studuit.
1368 728 1470 784 Cui
1526 743 1758 784 comes:
1792 749 1818 776 «
1854 727 2036 782 Labo-

405 837 532 878 rem
559 819 702 876 tanti
736 819 958 874 itineris
987 833 1318 881 assumens,
1348 833 1461 872 non
1493 815 1936 872 causalevitatis
1964 817 2036 871 ad

404 913 464 966 te
490 909 718 965 venisse
751 907 1101 962 credendum
1121 911 1227 961 est.
1253 904 1509 976 Supplex
1531 919 1786 974 namque
1809 903 2038 975 requiro

407 1003 474 1054 ut
502 997 796 1070 petitionis
825 1012 962 1050 mea)
993 995 1166 1050 verba
1197 993 1505 1064 suscipias,
1540 1008 1608 1046 ne
1641 991 1926 1063 pcsnitens
1955 992 2040 1046 in-

406 1086 623 1152 veniar,
669 1089 789 1140 tam
837 1083 1008 1156 longo
1059 1083 1265 1137 itinere
1315 1081 1609 1152 fatigatus,
1660 1084 1780 1134 tam
1810 1078 2038 1151 longin-

407 1191 582 1248 quam
613 1174 806 1230 adisse
836 1173 1104 1244 patriam.
1131 1173 1340 1226 Locum
1364 1168 1652 1240 siquidem
1678 1168 2041 1224 Fossatensis

404 1263 654 1319 ecclesiae
688 1279 870 1332 nuper
900 1279 934 1316 a
976 1261 1190 1316 domno
1238 1259 1480 1329 Ilugone
1524 1261 1875 1311 Francorum
1908 1273 2040 1328 rege

404 1351 828 1408 emendationis
857 1349 1044 1421 gratia
1072 1348 1322 1418 suscepi,
1357 1361 1528 1416 quem
1563 1345 1808 1416 deposco
1850 1351 2038 1400 vestro

401 1439 700 1496 emendari
731 1457 796 1494 ac
827 1438 1128 1494 sublimari
1154 1436 1440 1508 praesidio,
1464 1439 1750 1505 quatenus
1779 1435 1836 1490 S.
1861 1435 2040 1490 Bene-

299 1571 314 1586 .
402 1529 541 1584 dicti
573 1527 865 1584 institutio
896 1527 1110 1582 ibidem
1145 1525 1408 1595 religiose
1429 1526 1706 1578 servetur.
1732 1523 1856 1577 Non
1877 1523 2033 1578 enim

401 1615 652 1686 alicujus
673 1615 954 1671 auxilium
977 1615 1268 1686 requirere
1281 1611 1498 1668 studui.
1523 1611 1633 1665 nisi
1650 1614 1834 1674 tuum,
1859 1627 2034 1682 quem

403 1703 520 1758 Deo
541 1701 766 1774 placere
791 1699 1063 1772 comperi.
1092 1721 1112 1751 ι
1141 1699 1242 1756 Cui
1265 1703 1426 1770 pater
1448 1695 1689 1752 Maiolus
1711 1697 2035 1765 admirans,

402 1791 736 1864 respondit:
771 1812 798 1838 «
832 1789 974 1844 Cum
1001 1789 1186 1844 multa
1219 1785 1568 1842 monasteria
1599 1785 1657 1839 in
1705 1791 1894 1839 vestro
1927 1787 2039 1841 ha-

402 1881 649 1935 beantur
673 1894 848 1948 regno
879 1894 982 1932 cur
1010 1877 1082 1932 ab
1111 1875 1226 1930 illis
1257 1891 1369 1930 non
1401 1871 1662 1944 accipitis
1693 1874 1846 1943 quod
1879 1891 1912 1928 a
1942 1891 2040 1930 no-

400 1967 491 2023 bis
521 1965 820 2038 requiritis
841 1965 869 2020 ?
897 1964 1076 2020 Valde
1095 1965 1252 2060 eni
1275 1963 1632 2060 laboriosum
1648 1967 1813 2022 nobis
1835 1971 1923 2022 est
1943 1982 2038 2020 ex-
2069 1994 2118 2060 Β

396 2058 552 2112 teras
581 2058 753 2126 atque
783 2053 1108 2125 incognitas
1129 2052 1284 2107 adire
1305 2053 1596 2126 regiones,
1614 2059 1927 2126 nostraque
1948 2070 2038 2108 re-
2069 2052 2092 2108 Τ

396 2143 680 2216 linquere,
741 2147 798 2198 et
853 2147 1044 2198 vestra
1101 2146 1389 2212 appetere.
1449 2142 1732 2198 Avestris
1763 2159 1898 2214 ergo
1929 2143 2038 2198 hoc

400 2233 600 2306 potius
627 2231 836 2287 vicinis
850 2231 1238 2301 expetendum
1259 2233 1542 2300 estquam
1559 2247 1593 2285 a
1614 2231 1782 2286 nobis
1804 2230 2035 2304 longin-

401 2321 536 2393 quis
565 2324 622 2376 et
647 2319 882 2392 ignotis.
918 2341 945 2368 ››
972 2318 1088 2374 Hoc
1119 2333 1316 2374 comes
1345 2319 1608 2386 audiens,
1657 2319 1822 2374 valde
1853 2320 2036 2375 tristis

403 2415 577 2480 atque
603 2412 850 2463 mmstus
878 2407 1162 2470 redditur,
1191 2405 1407 2460 timens
1435 2411 1663 2462 tantum
1694 2407 1800 2462 iter
1847 2407 1905 2462 in
1935 2425 2038 2462 va-

402 2513 546 2554 num
577 2495 986 2566 assumpsisse.
1025 2496 1238 2550 lterum
1259 2510 1394 2565 ergo
1420 2498 1592 2565 atque
1615 2495 1824 2550 iterum
1847 2496 1918 2550 ad
1939 2512 2036 2566 pe-

403 2586 508 2642 des
539 2583 724 2640 sancti
754 2582 860 2638 viri
890 2581 1294 2654 prosternitur,
1319 2597 1562 2652 poscens
1585 2586 1647 2637 ut
1668 2583 1907 2638 affectus
1937 2583 2035 2637 de-

405 2671 602 2730 siderii
634 2672 758 2742 ejus
807 2670 1218 2742 susciperetur.
1268 2670 1516 2725 Sanctus
1563 2669 1759 2741 itaque
1789 2669 2037 2726 Maiolus

404 2760 604 2817 multis
632 2759 941 2816 venerandi
973 2757 1202 2814 comitis
1232 2758 1492 2814 devictus
1522 2759 1812 2830 precibus,
1846 2775 2038 2830 accep-

403 2849 597 2921 tisque
644 2846 1086 2920 perfectior-ibus
1137 2847 1229 2902 sui
1279 2847 1524 2902 coenobii
1578 2847 1874 2915 fratribus,
1902 2864 2036 2903 cum

403 2937 606 2993 eodem
619 2935 827 2992 comite
841 2936 912 2990 ad
927 2933 1282 2990 Parisiacum
1297 2949 1478 3004 usque
1492 2935 1768 3004 pervenit,
1785 2951 2038 3006 cumque

405 3025 478 3080 ad
489 3026 722 3094 portum
733 3021 940 3076 villulae
954 3037 1128 3090 super
1141 3021 1381 3076 ﬂuvium
1396 3021 1666 3076 Matronm
1684 3022 2036 3078 monasterio

404 3110 733 3168 Fossateusi
761 3109 1032 3181 proxima:
1046 3108 1462 3180 pervenissent,
1470 3109 1845 3178 jubetcomes
1866 3109 2039 3166 abba-

401 3203 522 3256 tem
553 3203 940 3268 cunctamque
969 3195 1474 3268 congregationem
1505 3196 1616 3251 sibi
1640 3196 1794 3253 ultra
1821 3199 2037 3254 ﬂumen

404 3300 724 3342 occurrere.
749 3284 832 3339 llli
851 3288 1043 3338 autem
1059 3282 1244 3355 ignari
1265 3283 1611 3350 futurorum,
1632 3283 1900 3341 alacriter
1905 3287 1929 3356 j
1941 3303 2036 3342 us-

404 3373 490 3428 sis
518 3371 745 3428 comitis
777 3350 1370 3441 obediunthumque
1399 3370 1589 3424 cuncti
1621 3371 1858 3427 adunati
1891 3350 2032 3430 fuis-
2066 3350 2108 3416 C

405 3465 552 3528 seut,
586 3459 856 3533 praecepit
885 3464 950 3514 ut
970 3458 1070 3530 qui
1095 3475 1227 3513 cum
1251 3459 1458 3513 abbate
1480 3459 1686 3514 Maiolo
1713 3477 1947 3517 manere
1978 3462 2034 3516 in

404 3549 664 3606 coenobio
693 3547 1032 3612 voluissent,
1065 3548 1306 3618 ejusque
1319 3547 1506 3616 jussis
1528 3547 1583 3601 in
1608 3548 1880 3604 omnibus
1909 3551 2039 3606 obe-

403 3637 548 3701 dire,
597 3636 840 3692 liberam
872 3636 1152 3692 haberent
1197 3634 1489 3690 licentiam
1540 3637 1880 3692 revertendi.
1926 3640 2034 3704 Qui

401 3742 532 3781 vero
561 3723 800 3792 nollent,
834 3724 1059 3779 abirent
1088 3739 1202 3794 quo
1233 3722 1458 3778 vellent.
1496 3721 1580 3776 Illi
1613 3728 1806 3778 autem
1839 3725 2036 3782 tristes

399 3813 715 3870 admodum
763 3811 968 3882 eil‘ecti,
1018 3815 1217 3882 utpote
1260 3810 1419 3866 omni
1476 3811 1731 3866 humano
1771 3813 2032 3869 destituti

397 3901 826 3974 auxilio,magis
845 3900 1145 3972 elegerunt
1164 3899 1285 3954 vias
1305 3898 1496 3954 cordis
1528 3899 1738 3970 proprii
1763 3906 2032 3973 appetere

395 3999 573 4062 quam
605 4005 739 4045 cum
761 3990 968 4046 abbate
996 3987 1080 4044 vel
1115 3987 1415 4043 monachis
1445 3987 1556 4042 sibi
1591 3988 1802 4059 ignotis
1832 3991 1903 4044 ad
1937 4008 2030 4047 ec-

395 4076 636 4133 clesiam
667 4077 874 4132 redire.
897 4075 1127 4132 Nemini
1155 4074 1311 4130 enim
1341 4073 1506 4130 licuit
1534 4091 1601 4130 ex
1633 4075 1724 4131 his
1771 4094 1898 4148 qua:
1927 4079 2027 4134 ba-

393 4164 612 4220 bebaut
657 4181 855 4220 secum
911 4163 1232 4235 quidquam
1281 4163 1522 4227 deferre,
1571 4165 1825 4236 exceptis
1848 4166 2026 4223 indu-

394 4252 608 4308 mentis
637 4251 1056 4324 quibusinduti
1080 4255 1261 4306 erant.
1288 4251 1480 4306 Abbas
1503 4256 1696 4307 autem
1726 4254 2026 4325 Magenar-

391 4340 524 4406 dus,
556 4339 678 4412 qui,
713 4343 777 4395 ut
807 4338 1084 4406 diximus,
1119 4338 1334 4394 nobilis
1356 4340 1779 4411 progenieerat,
1795 4358 1864 4397 ex
1890 4360 2024 4399 sau-

390 4427 676 4502 guinitate
702 4427 857 4483 enim
890 4425 1158 4483 Ansoaldi
1197 4427 1392 4481 divitis
1447 4425 1746 4483 Parisiacae
1775 4430 2024 4488 civitatis

385 4516 688 4584 existebat,
719 4516 776 4572 in
809 4515 1069 4572 cmuotio
1101 4515 1286 4570 sancti
1319 4514 1526 4580 Mauri,
1575 4516 1729 4587 quod
1771 4517 2022 4576 Glauua-

385 4603 590 4660 folium
621 4604 940 4672 dicebatur,
973 4603 1361 4660 transmissus
1391 4607 1499 4671 est,
1535 4608 1600 4658 ut
1639 4604 1852 4661 ibidem
1885 4624 2018 4678 pas-

382 4695 474 4748 tor
500 4692 745 4749 fratrum
776 4692 895 4748 illic
925 4691 1255 4764 degentium
1289 4691 1574 4748 existeret.
1611 4693 1718 4760 Qui
1757 4695 2014 4766 quandiu
2051 4711 2097 4774 ι)

381 4779 544 4848 vixit,
575 4781 636 4836 in
667 4781 868 4836 eodtzm
901 4779 1026 4836 loco
1057 4786 1427 4835 conversatus
1448 4784 1554 4834 est.
1578 4779 1698 4844 Quo
1721 4783 2012 4849 defuncto,

382 4868 749 4923 antevultum
777 4867 1035 4923 cruciﬁxi
1061 4867 1288 4923 Domini
1313 4868 1371 4922 in
1394 4869 1638 4925 ecclesia
1658 4887 1870 4944 corpus
1890 4873 1941 4944 ej
1952 4891 2019 4929 us

379 4953 674 5025 sepultum
705 4959 811 5010 est.

451 5039 698 5097 Sanctus
727 5041 907 5113 igitur
953 5041 1220 5110 Maiolus,
1269 5045 1610 5116 saepefatum
1659 5045 1851 5103 locum
1883 5065 2016 5106 cum

379 5127 502 5183 suis
530 5129 860 5200 suscipiens
903 5131 1226 5198 monachis,
1281 5133 1699 5188 districtionem
1731 5137 2014 5205 regularis

379 5215 601 5274 ordinis
631 5217 895 5274 districts
925 5218 1229 5275 observare
1261 5221 1454 5292 coepit,
1490 5226 1552 5275 ut
1597 5223 1835 5277 omnino
1869 5225 2014 5280 nihil

376 5306 916 5378 prsetermitteretur
944 5324 1010 5362 ex
1031 5307 1123 5362 his
1139 5323 1265 5378 quae
1290 5307 1472 5362 sancti
1499 5307 1788 5363 Benedicti
1811 5313 2012 5382 praeci-

379 5394 465 5465 pit
493 5394 710 5465 regula.
763 5395 1022 5466 Cumque
1072 5394 1416 5464 regulariter
1462 5395 1622 5449 intus
1671 5402 1726 5451 et
1759 5401 2010 5458 exterius

378 5487 586 5536 cuncta
616 5483 829 5538 ibidem
863 5487 1172 5555 agerentur
1197 5498 1261 5536 ac
1281 5481 1526 5537 sollicite
1551 5485 1768 5552 omnia,
1792 5491 1856 5541 ut
1876 5505 2009 5559 pos-

377 5565 698 5633 sibileerat,
720 5570 1027 5624 emendata
1044 5569 1308 5631 fuissent,
1325 5569 1605 5624 accedens
1619 5572 1686 5624 ad
1706 5572 2005 5644 llugouem

377 5655 722 5708 Francorum
748 5672 964 5726 regem,
987 5657 1256 5708 exoratus
1271 5661 1357 5709 cst
1381 5664 1434 5708 ut
1459 5657 1643 5711 victus
1669 5657 2004 5718 alimoniam

377 5753 672 5793 servorum
704 5741 800 5796 Dei
836 5741 944 5794 sub
975 5757 1040 5794 eo
1063 5742 1528 5797 conversantium
1560 5745 2004 5817 multiplicando

377 5823 662 5893 adaugere
693 5826 1046 5896 dignaretur.
1080 5827 1258 5897 Cujus
1280 5844 1476 5900 preces
1499 5847 1595 5885 rex
1617 5832 1859 5904 benigne
1875 5852 2002 5894 sus-

1454 505 1738 568 ODONlS
1782 499 2307 564 FOSSATENSIS
2351 497 2729 562 MONACHI.

3713 494 3836 560 852

2148 633 2738 704 cipiens,adhortante
2766 648 2899 688 eum
2931 629 3143 689 comite
3171 630 3526 690 Burchardo
3559 634 3838 693 contulit

2144 721 2395 778 ecclesia)
2430 721 2764 777 Fossatensi
2795 720 2990 777 villam
3023 739 3152 793 qua;
3185 721 3406 778 dicitur
3435 723 3832 794 Mansiones,

2145 828 2279 866 cum
2310 810 2591 874 ecclesiis,
2622 815 2680 865 et
2707 827 2842 866 cum
2866 809 3833 883 cunctissibiadjacentiis,sitam

2147 899 2205 954 iu
2228 899 2514 954 Parisiaco
2532 897 2682 954 inter
2697 898 3028 970 Sequanam
3046 903 3105 954 et
3123 898 3485 970 Matronam,
3510 901 3684 958 sicut
3705 905 3835 976 ipse

2145 1004 2272 1043 eam
2305 987 2481 1058 regali
2503 989 2638 1058 jure
2668 987 2886 1042 habere
2917 987 3244 1043 videbatur.
3277 988 3460 1045 Facto
3494 990 3718 1064 itaque
3749 997 3834 1047 te-

2148 1080 2436 1131 stamento
2463 1079 2965 1148 monogrammate
2981 1075 3271 1143 ﬁrmatur,
3295 1077 3433 1132 etin
3450 1094 3524 1134 eo
3547 1079 3835 1151 sigillum

2148 1162 2358 1235 regalis
2389 1164 2712 1234 majestatis
2743 1180 2777 1218 a
2809 1162 3144 1236 Ragenaldo
3176 1165 3539 1223 cancellario
3573 1168 3709 1225 ﬁlio
3743 1187 3837 1225 eo-

2148 1251 2330 1317 mitis,
2365 1255 2564 1323 postea
2595 1251 2948 1307 Parisiorum
2983 1251 3254 1323 presule,
3289 1253 3638 1326 imponitur
3667 1273 3834 1313 anno

2146 1339 2432 1394 iucarnati
2463 1339 2634 1395 Verbi
2665 1340 2790 1404 938,
2824 1341 2936 1395 sub
2965 1339 3058 1395 die
3090 1358 3170 1395 x11
3205 1340 3456 1410 Kalend,
3485 1343 3831 1411 Juliarum,

2147 1433 2541 1500 perpetuoque
2571 1428 2629 1482 in
2662 1428 2864 1483 eodem
2899 1429 3254 1484 monasterio
3277 1437 3705 1488 conservatur.
3741 1435 3829 1490 Ob

2148 1517 2254 1570 hoc
2286 1515 2459 1572 etiam
2482 1517 2606 1571 dies
2627 1515 2821 1571 obitus
2844 1516 3032 1587 ipsius
3055 1517 3210 1588 regis
3230 1535 3286 1572 ix
3306 1518 3434 1574 Kal.
3455 1521 3830 1578 Novembris

2150 1621 2335 1675 usque
2349 1604 2520 1660 hodie
2533 1603 2592 1658 in
2605 1602 2732 1676 ipso
2748 1605 3102 1661 monasterio
3115 1605 3439 1664 solenuiter
3451 1607 3828 1667 celebratur.

2147 1692 2248 1747 His
2282 1693 2456 1763 igitur
2488 1692 2565 1748 ita
2616 1693 2884 1764 peractis,
2935 1697 3178 1749 sanctus
3229 1694 3402 1752 Pater
3448 1697 3718 1756 Maiolus
3750 1701 3826 1756 ad

2149 1781 2382 1852 propria
2413 1780 2634 1852 regredi
2657 1779 3034 1838 accelerabat.
3059 1781 3424 1840 Commitens
3447 1801 3593 1859 ergo
3612 1785 3830 1844 locum

2147 1868 2380 1924 cuidam
2414 1868 2682 1941 religioso
2715 1869 2856 1938 viro,
2904 1869 3143 1926 nomine
3194 1873 3472 1940 Teutoni,
3524 1891 3718 1946 quem
3751 1877 3831 1934 de

2147 1957 2420 2013 Cluniaco
2453 1975 2651 2012 secum
2683 1975 2818 2012 cum
2850 1957 3073 2014 caeteris
3105 1959 3453 2030 adduxerat,
3485 1962 3620 2036 ipse
3656 1966 3830 2022 unde

2147 2051 2380 2101 venerat
2411 2061 2674 2102 reversus
2705 2049 2812 2102 est.

2217 2223 2352 2278 Post
2403 2222 2656 2278 multum
2708 2239 2841 2278 vero
2886 2223 3194 2295 temporis,
3242 2225 3380 2281 dum
3427 2231 3688 2284 sanctus
3729 2230 3836 2286 vir

2147 2310 2394 2366 Maiolus
2427 2311 2484 2364 in
2517 2309 2761 2366 Galliam
2794 2310 3000 2367 reverti
3031 2311 3311 2382 differret,
3363 2314 3652 2372 defuncto
3681 2318 3830 2388 jam

2147 2399 2360 2470 inclyte
2393 2415 2524 2470 rege
2556 2399 2818 2470 Hugone,
2851 2416 2988 2455 cum
3020 2400 3128 2472 pia:
3178 2402 3474 2458 memoriae
3504 2403 3829 2462 Bobertus

2147 2504 2244 2542 rex
2273 2486 2429 2542 ﬁlius
2459 2489 2588 2558 ejus
2619 2503 2862 2560 regnum
2893 2487 3274 2566 suscepisset,
3298 2490 3547 2548 consilio
3579 2498 3643 2549 et
3680 2493 3832 2551 bor-

2146 2579 2268 2630 tatu
2299 2575 2530 2630 comitis
2561 2575 2750 2631 eidem
2783 2577 3031 2632 Teutoni
3062 2577 3309 2634 domum
3337 2579 3593 2636 abbatiaa
3619 2582 3827 2640 isdem

2147 2681 2243 2719 rex
2263 2664 2440 2733 dedit,
2465 2681 2714 2735 eumque
2735 2664 3004 2721 abbatem
3026 2666 3302 2724 ordinare
3317 2669 3620 2740 praecepit.
3649 2673 3827 2738 Quod

2146 2769 2279 2807 cum
2312 2753 2383 2807 ad
2441 2769 2614 2809 aures
2669 2752 3145 2810 Cluniacensium
3191 2757 3582 2827 pervenisset,
3647 2759 3829 2816 valde

2144 2841 2342 2896 tristes
2366 2841 2552 2896 ell‘ecti
2575 2845 2730 2908 sunt,
2756 2841 2895 2913 quia
2920 2842 3231 2914 cupiebant
3250 2844 3364 2900 sibi
3387 2844 3592 2918 ipsum
3617 2846 3829 2904 locum

2147 2930 2216 2984 ad
2244 2929 2448 2985 cellam
2480 2929 2758 3001 redigere.
2791 2930 3112 2987 Ordinatus
3144 2935 3345 2989 autem
3368 2934 3707 3006 praedictus
3739 2938 3832 2992 vir

2146 3017 2217 3073 ad
2236 3017 2514 3073 honorem
2535 3017 2858 3090 regiminis,
2877 3035 3091 3092 magno
3105 3021 3302 3077 studio
3315 3024 3834 3082 conabaturonus

2147 3110 2483 3178 susceptum
2513 3123 2676 3178 aequo
2705 3105 3013 3180 disponere
3047 3109 3475 3179 moderamine,
3505 3128 3579 3167 ac
3625 3113 3834 3170 eccle-

2147 3194 2294 3250 siam
2313 3194 2422 3250 sibi
2447 3193 2822 3249 commissam
2837 3212 3071 3252 summo
3088 3196 3415 3254 sublimare
3435 3199 3700 3257 honore.
3726 3203 3833 3258 Pa-

2148 3281 2352 3337 riestes
2365 3282 2518 3338 enim
2531 3283 2717 3353 ipsius
2729 3281 2896 3350 aulae,
2913 3284 3012 3356 qui
3026 3285 3098 3341 ab
3113 3285 3376 3358 antiquis
3389 3287 3641 3345 fuerant
3655 3307 3833 3348 cons-

2148 3371 2343 3438 tructi,
2372 3370 2554 3425 nimia
2575 3375 2856 3427 vetustate
2876 3377 3042 3428 erant
3061 3375 3420 3446 consumpti.
3448 3378 3624 3442 Quod
3660 3379 3832 3436 id'em

2149 3458 2315 3514 Pater
2335 3475 2600 3524 cernens,
2631 3475 2877 3531 eamque
2919 3459 3281 3518 meliorando
3331 3468 3689 3522 restaurare
3722 3485 3832 3523 cu-

2147 3549 2332 3618 piens,
2352 3563 2523 3602 omne
2544 3547 2850 3602 aediﬁcium
2874 3548 3032 3605 illius
3049 3549 3353 3606 solotenus
3372 3553 3613 3618 evertit,
3638 3561 3835 3629 atque

2146 3635 2316 3690 aliam
2337 3636 2577 3706 majoris
2597 3635 3002 3707 amplitudinis
3014 3642 3070 3692 et
3089 3637 3483 3694 excellentiori
3508 3641 3830 3714 dignitate

2143 3723 2538 3794 conspicuam,
2565 3723 2678 3779 Deo
2700 3723 2809 3779 sibi
2831 3724 3169 3792 auxiliante,
3193 3727 3547 3795 construxit,
3581 3729 3830 3790 Deinde

2142 3811 2437 3883 duosigna
2454 3811 2950 3883 pretiosa,nomen
3001 3830 3177 3869 suum
3221 3815 3322 3870 uni
3367 3815 3824 3889 imponens,ad

2141 3900 2418 3956 honorem
2439 3900 2668 3955 Domini
2687 3901 2870 3956 facere
2883 3902 3174 3974 praecepit.
3191 3902 3323 3958 Haec
3357 3904 3563 3977 itaque
3578 3912 3648 3963 et
3661 3909 3830 3965 mul-

2137 3993 2196 4044 ta
2217 3988 2331 4043 alia
2360 3989 2485 4060 ipse
2503 3993 2613 4044 Deo
2657 3989 2872 4061 dignus
2897 3990 3078 4046 abbas
3122 3991 3276 4047 bona
3319 3992 3380 4047 in
3425 3995 3652 4052 eodem
3685 3996 3827 4054 loco

2137 4082 2408 4148 operatus
2453 4081 2543 4132 est
2584 4093 2777 4149 Opera.
2837 4077 3198 4134 Venerabilis
3247 4083 3450 4136 autem
3486 4097 3708 4142 comes
3746 4086 3825 4141 de

2137 4163 2323 4220 salute
2380 4181 2498 4220 suae
2553 4164 2758 4220 animae
2807 4163 2973 4220 valde
3030 4165 3340 4236 sollicitus,
3387 4175 3608 4227 sancto
3669 4189 3824 4230 eum

2135 4252 2355 4322 Spiritu
2387 4252 2752 4320 adhortante,
2785 4253 3030 4308 contulit
3075 4254 3300 4312 dilecta:
3347 4256 3464 4312 sibi
3504 4259 3822 4331 ecclesiae,

2133 4345 2462 4412 sanctaque
2495 4339 2668 4396 matri
2699 4340 2931 4396 Domini
2961 4341 3180 4410 Mariae,
3227 4347 3286 4399 et
3334 4345 3638 4416 apostolis
3670 4351 3818 4422 ejus

2131 4429 2296 4484 Petro
2326 4434 2380 4484 et
2402 4428 2599 4497 Paulo,
2635 4445 2858 4484 necnon
2884 4430 3197 4486 venerabili
3225 4431 3429 4489 Mauro
3460 4437 3820 4497 confessori

2133 4533 2222 4572 res
2255 4516 2642 4588 possessionis
2667 4533 2804 4583 suae,
2840 4534 2967 4589 quas
2999 4518 3266 4590 pretiosae
3297 4519 3412 4576 sibi
3455 4539 3598 4580 esse
3641 4528 3818 4585 vide—

2129 4605 2360 4662 bantur.
2416 4604 2714 4660 Helizabet
2742 4621 2978 4678 quoque
3003 4607 3312 4664 comitissa
3341 4609 3555 4666 sociali
3580 4618 3816 4688 conju-

2126 4693 2220 4766 gio
2250 4693 2334 4748 illi
2349 4694 2573 4764 juncta,
2601 4709 2736 4748 eum
2759 4693 3090 4766 Ragenaldo
3113 4712 3220 4752 suo
3240 4695 3362 4752 tilio
3375 4698 3511 4769 jam
3535 4705 3819 4772 presule

2130 4782 2292 4838 urbis
2322 4781 2524 4838 Parisii
2555 4781 2778 4848 effecto,
2809 4781 2941 4838 talis
2973 4783 3106 4838 facti
3138 4801 3507 4856 assensores,
3544 4794 3611 4846 et
3643 4793 3816 4851 desi-

2129 4870 2296 4938 derii,
2328 4869 2422 4925 sui
2455 4868 2764 4942 participes
2793 4870 3160 4926 exstiterunt.
3193 4873 3493 4930 Accedens
3541 4892 3701 4951 ergo
3737 4883 3815 4938 ad

2129 4959 2279 5030 regis
2309 4959 2696 5030 praesentiam,
2730 4963 3000 5014 exoratus
3031 4964 3122 5015 est
3151 4965 3218 5033 ut
3245 4961 3426 5032 regali
3476 4979 3664 5022 more
3697 4968 3815 5026 hoc

2127 5051 2182 5102 et
2213 5046 2337 5118 ipse
2365 5049 2666 5113 annueret,
2699 5051 3234 5119 testamentum'que
3265 5065 3384 5105 suae
3407 5055 3816 5115 auctoritatis

2118 5135 2352 5203 juberet
2381 5133 2498 5188 fieri
2535 5151 2600 5188 ac
2631 5150 2736 5190 suo
2763 5133 2930 5206 signo
2962 5136 3203 5202 muniri,
3235 5141 3541 5208 quatenus
3572 5158 3697 5214 per
3719 5147 3814 5203 fu-

2127 5230 2254 5277 tura
2287 5229 2546 5294 tempora
2591 5221 2812 5277 eisdem
2871 5223 3048 5280 rebus
3103 5224 3454 5295 praedictum
3489 5227 3818 5290 frueretur

2123 5309 2568 5379 monasterium,
2599 5313 2656 5364 et
2682 5310 2810 5380 ejus
2831 5311 3168 5368 memoriale
3187 5311 3249 5368 in
3275 5313 3632 5374 orationum
3669 5337 3814 5394 pm-

2120 5398 2345 5454 cutibus
2377 5413 2607 5470 semper
2660 5397 2990 5456 haberetur.
3051 5400 3330 5458 Hortante
3385 5400 3603 5475 itaque
3642 5412 3811 5484 regis

2118 5485 2488 5541 clementiam
2519 5488 2568 5555 ej
2581 5505 2646 5542 us
2671 5487 2949 5561 genitrice
2968 5488 3262 5556 Adelaide,
3286 5493 3346 5545 et
3366 5491 3501 5560 ejus
3525 5499 3811 5572 conjuge

2117 5573 2315 5644 regina
2346 5573 2573 5641 Bertha,
2609 5592 2736 5646 quae
2764 5594 2798 5631 a
2831 5581 2991 5632 tanto
3023 5577 3416 5650 poscebantur
3436 5578 3568 5635 viro
3596 5583 3810 5643 liben~

2115 5661 2340 5716 tissime
2371 5662 2594 5718 annuit.
2618 5663 2785 5719 Dedit
2806 5665 3001 5738 itaque
3027 5667 3376 5738 saepedictus
3400 5683 3618 5727 comes
3642 5673 3811 5732 Bur-

2115 5748 2366 5803 chardus
2395 5749 2646 5805 ecclesia:
2705 5753 3034 5810 Fossatensi
3087 5754 3194 5810 has
3246 5755 3686 5826 possessiones
3732 5767 3808 5823 de

2115 5837 2287 5893 rebus
2319 5854 2434 5893 suae
2467 5839 2855 5911 proprietatis,
2888 5841 3083 5902 villam
3113 5842 3406 5915 videlicet,
3436 5861 3576 5916 qua
3603 5849 3806 5910 Nobi~
