3916 6354
146 473 266 538 853

1325 477 1506 540 VITA
1554 474 2008 540 BCRCHARDI
2054 479 2399 546 COMITIS.

3435 483 3554 547 854

175 608 342 667 iacus
386 607 629 678 dicitur,
681 606 741 667 in
807 607 1142 684 episcopatu
1202 609 1581 668 Parisiacensi
1633 625 1811 684 super
1835 609 1893 678 Α
1919 611 2219 672 tribueret.
2255 613 2354 672 Ille
2383 633 2536 686 vero,
2577 615 2676 690 qui
2729 617 2968 693 aptabat
3013 623 3078 676 ut
3121 617 3313 678 cuncti
3343 619 3556 686 milites

145 699 364 756 ﬂumen
388 699 661 756 Matronae
685 699 883 764 sitam,
916 717 1047 754 cum
1073 701 1441 756 advocatione
1474 705 1528 756 et
1562 700 1794 769 vicaria,

144 804 279 844 cum
300 788 544 846 ecclesia
567 789 825 856 etaltari,
853 792 1060 844 etcum
1077 789 1352 846 omnibus
1371 808 1494 862 qua:
1515 791 1585 844 ad
1611 790 1797 861 ipsam

139 878 450 950 aspiciunt.
483 879 628 932 ltem
653 877 709 930 in
735 878 938 932 eodem
977 893 1150 949 pago,
1187 878 1246 932 in
1277 879 1552 934 comitatu
1579 879 1794 933 Corbo-

144 965 344 1022 liensis
361 966 560 1035 castri,
591 965 649 1020 in
681 965 817 1020 villa
846 982 972 1037 qua:
1002 971 1238 1022 vocatur
1268 968 1475 1038 Licias,
1521 985 1792 1022 mansum

143 1054 416 1126 Algardis
447 1071 580 1110 cum
612 1054 887 1108 omnibus
927 1055 996 1109 ad
1041 1053 1210 1110 illum
1245 1056 1698 1128 pertinentibus.
1735 1058 1794 1110 In

142 1142 482 1198 Vastinensi
515 1158 748 1214 quoque
789 1157 961 1214 pago,
993 1143 1050 1197 in
1085 1144 1364 1199 comitatu
1414 1146 1796 1210 Nantonensi,

142 1236 318 1304 atque
336 1232 394 1286 in
411 1232 747 1303 episcopatu
767 1232 1117 1288 Senonensis
1134 1233 1317 1301 urbis,
1339 1234 1558 1306 prazdiu
1572 1251 1625 1288 m
1641 1233 1796 1304 juris

142 1321 259 1388 sui,
311 1321 466 1393 quod
521 1324 896 1392 nuncupatur
944 1321 1094 1387 Scia,
1149 1338 1281 1376 cum
1338 1312 1710 1378 alvbcatione
1742 1327 1798 1377 et

142 1411 382 1477 vicaria,
405 1415 580 1482 atque
599 1409 864 1473 ecclesia,
881 1412 1086 1464 etcum
1113 1412 1338 1465 cunctis
1357 1428 1482 1480 quae
1507 1413 1572 1465 ad
1601 1413 1792 1482 ipsum

143 1499 460 1570 aspiciunt.
495 1499 556 1552 In
589 1498 864 1553 comitatu
907 1500 1082 1553 etiam
1127 1499 1503 1554 Milidunensi
1538 1499 1794 1566 alodum,

141 1589 247 1659 qui
278 1593 515 1643 vocatur
543 1587 877 1654 Curciacus,
913 1604 1044 1642 cum
1077 1588 1446 1644 advocatione
1476 1593 1532 1643 et
1561 1589 1794 1654 vicaria,

138 1681 350 1731 etcum
390 1675 675 1731 omnibus
705 1677 777 1730 ad
811 1692 947 1730 eum
989 1675 1434 1747 pertinentibus.
1470 1677 1628 1731 Ilanc
1660 1693 1796 1748 ergo

139 1781 262 1820 suae
291 1770 504 1820 sanctze
533 1763 864 1817 devotionis
892 1762 1248 1818 voluntatem
1280 1764 1520 1836 plurimi
1552 1766 1796 1820 Franco-

138 1869 276 1906 rum
297 1851 556 1905 videntes
569 1851 1106 1922 etaudientes,erga
1123 1851 1394 1907 eumdem
1408 1851 1600 1906 locum
1619 1853 1796 1924 etipsi

136 1957 210 1994 ex
224 1939 473 2012 propriis
485 1939 656 1992 rebus
673 1939 962 1992 multacon
975 1939 1446 2012 ferebantlnterq
1457 1957 1559 1996 uos
1577 1941 1696 1996 vice
1709 1958 1798 1996 co-
1826 1977 1874 2042 Β

142 2027 500 2083 mesMillidu
512 2027 894 2082 nensisCastri
906 2029 1790 2096 ,nomineJoscelinus,exoratus

138 2123 234 2173 est
253 2121 364 2172 Deo
385 2117 658 2170 devotum
684 2117 982 2184 comitem,
1004 2121 1066 2171 ut
1087 2117 1138 2172 ei
1180 2117 1504 2185 ecclesiam,
1530 2136 1656 2190 quae
1680 2121 1791 2176 sita

136 2211 232 2260 est
262 2205 320 2258 in
354 2204 476 2258 vico
509 2204 606 2276 qui
661 2205 946 2260 Nociacus
993 2206 1184 2262 siccus
1231 2207 1460 2276 dicitur,
1513 2225 1683 2280 quam
1719 2209 1788 2264 de

135 2294 270 2364 ejus
292 2293 573 2348 beneﬁcio
596 2293 952 2364 possidebat,
979 2294 1094 2349 Deo
1118 2301 1175 2350 et
1197 2297 1416 2350 sanctis
1439 2297 1564 2368 ejus
1586 2313 1788 2352 conce-

134 2382 278 2437 dere
300 2381 658 2453 dignaretur.
684 2381 888 2436 Comes
905 2399 1054 2445 vero,
1075 2384 1287 2454 gaudio
1307 2384 1580 2456 repletus,
1603 2385 1789 2439 ethoc

134 2471 338 2542 ipsum
363 2469 564 2524 libenti
589 2469 785 2524 animo
820 2471 1128 2537 concessit,
1166 2471 1289 2542 ipse
1313 2489 1544 2544 quoque
1567 2473 1790 2528 vicero-

135 2575 291 2625 mes,
323 2557 622 2628 cingulum
672 2557 890 2612 militize
944 2577 1046 2630 pro
1096 2561 1328 2615 Christo
1377 2562 1698 2632 deponens,
1731 2562 1789 2615 in

135 2647 346 2703 eodem
379 2647 640 2701 coenobio
671 2647 992 2702 monachus
1027 2650 1396 2720 postmodum
1421 2655 1508 2704 est
1529 2651 1788 2714 effectus,

135 2741 316 2808 atque
338 2735 511 2806 digne
535 2735 710 2789 ﬁnem
746 2753 862 2790 sum
903 2737 1203 2808 complens
1236 2738 1386 2801 vitae,
1411 2739 1625 2794 ibidem
1648 2738 1793 2792 obiit

135 2825 254 2880 sub
285 2824 377 2878 die
407 2841 504 2878 xxv
532 2822 776 2878 Kalend.
809 2824 1120 2894 Aprilium.
1156 2825 1344 2896 Super
1373 2825 1464 2879 bis
1495 2843 1630 2897 ergo
1665 2843 1790 2880 om-

133 2913 318 2971 nibus
350 2911 600 2985 inclytus
633 2929 730 2966 rex
761 2911 1046 2967 Robertus
1078 2914 1441 2968 auctoritatis
1478 2931 1593 2969 suae
1618 2919 1791 2969 testa-

133 3005 406 3058 mentum
437 3001 1289 3074 ﬁerijussit,traditionemque
1313 3003 1503 3058 abbati
1527 3003 1791 3066 Teutoni,

133 3107 242 3148 seu
275 3089 518 3162 reliquis
550 3089 878 3154 monachis,
931 3091 1084 3157 fecit,
1139 3097 1194 3146 et
1244 3093 1490 3163 przefatze
1539 3091 1793 3146 ecclesia:

133 3179 556 3254 munificentiae
591 3196 707 3233 sua:
741 3183 1028 3251 praecepto
1062 3180 1460 3248 conﬁrmavit;
1508 3197 1611 3252 per
1639 3181 1792 3252 quod

131 3268 409 3342 praecepit
425 3267 645 3338 jubens
663 3271 744 3330 ut,
773 3284 958 3338 usque
984 3268 1038 3322 in
1066 3269 1239 3322 ﬁnem
1261 3269 1476 3335 saeculi,
1497 3269 1794 3324 emnobita:

1911 705 2259 760 Francorum
2284 705 2495 762 similia
2519 712 2884 780 peragerent,
2903 707 3146 764 liberam
3186 709 3348 766 dedit
3366 711 3448 767 illi
3469 713 3560 768 fa-

1907 793 2180 849 cultatem
2217 795 2392 850 dandi
2439 795 2725 868 quidquid
2750 798 2877 868 ejus
2898 797 3094 855 animo
3117 798 3399 870 placitum
3422 801 3561 859 fuis-

1909 886 2012 937 set.
2053 883 2306 940 Veniens
2351 884 2548 956 itaque
2579 886 2650 940 ad
2701 885 2812 940 sibi
2859 885 3138 942 dilectum
3189 905 3306 960 prae
3338 891 3560 947 caeteris

1905 970 2117 1036 locum,
2152 989 2285 1027 cum
2306 990 2413 1028 sua
2433 973 2698 1044 conjuge,
2725 989 2851 1045 quae
2877 977 3293 1032 Ermensendis
3323 977 3558 1034 diceba-

1907 1065 2019 1124 tur,
2042 1061 2292 1116 inuotuit
2309 1061 2577 1134 religioso
2611 1063 2805 1117 abbati
2831 1063 3071 1118 Teutoni
3098 1080 3165 1119 ac
3188 1065 3413 1120 cateris
3437 1066 3556 1124 fra-

1907 1147 2096 1201 tribus
2121 1149 2208 1203 sui
2232 1150 2419 1204 cordis
2443 1155 2748 1204 secretum.
2770 1151 3132 1224 Qui,gratias
3158 1157 3269 1208 Deo
3290 1159 3554 1226 agentes,

1908 1237 1965 1291 in
1995 1239 2118 1292 suis
2147 1238 2507 1293 orationibus
2547 1240 2849 1310 praedictos
2881 1241 3158 1311 conjuges
3187 1243 3551 1314 suscipiunt,

1909 1327 2108 1398 sicque
2140 1325 2456 1382 familiares
2487 1327 2586 1382 Dei
2617 1345 2909 1382 servorum
2941 1329 3124 1384 effecti
3165 1334 3325 1394 sunt,
3373 1334 3552 1404 atque

1907 1415 2096 1470 locum
2113 1433 2232 1471 suae
2253 1415 2661 1470 tumulationis
2675 1419 2804 1487 post
2817 1416 3222 1472 resolutionem
3237 1435 3548 1491 corporum

1906 1507 2273 1574 acceperunt.
2307 1503 2603 1558 Dederunt
2628 1519 2763 1575 ergo
2792 1503 3006 1558 ibidem
3040 1505 3343 1575 przedium,
3377 1523 3549 1578 supe-

1907 1591 2028 1645 rius
2062 1591 2428 1645 nominatum
2477 1591 2744 1660 Jureum,
2793 1609 2969 1664 super
3014 1592 3230 1648 flumen
3272 1597 3552 1666 Sequana

1907 1681 2108 1748 situm,
2141 1679 2457 1735 distantem
2491 1698 2526 1734 a
2556 1683 2746 1736 castro
2778 1681 3044 1736 Corboilo
3075 1680 3352 1738 milliario
3382 1686 3439 1738 et
3467 1683 3554 1738 di-

1905 1769 2106 1836 midio,
2138 1767 2442 1823 ecclesiam
2475 1785 2712 1841 quoque
2741 1772 2798 1823 et
2826 1769 3124 1837 vicariam,
3149 1774 3205 1825 et
3224 1770 3553 1828 advocatio-

1909 1873 2064 1923 nem,
2114 1875 2251 1912 cum
2283 1857 2559 1912 omnibus
2605 1858 2672 1911 ad
2717 1875 2847 1908 rum
2886 1848 3332 1928 pertinentibus.
3367 1859 3552 1916 Simili

1906 1947 2078 2001 etiam
2103 1946 2274 2000 modo
2297 1947 2666 2000 donationem
2689 1947 2949 2000 fecerunt
2983 1946 3054 2001 de
3080 1945 3218 2002 villa
3227 1947 3350 2016 jam
3373 1947 3548 2016 dicta,

1903 2051 2030 2106 qua:
2052 2039 2290 2090 vocatur
2315 2034 2519 2102 Lieias,
2541 2033 2600 2088 in
2631 2033 2905 2104 praedicto
2943 2049 3091 2106 pago
3125 2034 3258 2101 sita,
3290 2035 3551 2093 distante

1897 2140 1931 2178 a
1961 2128 2153 2179 castro
2187 2122 2459 2178 milliario
2504 2125 2561 2178 et
2607 2122 2890 2188 dimidio;
2924 2138 3100 2193 quam
3151 2123 3222 2179 de
3265 2124 3548 2182 beneﬁcio

1898 2213 2218 2268 Burchardi
2245 2211 2474 2267 comitis
2499 2215 2557 2266 et
2577 2209 2679 2264 ﬁlii
2693 2211 3052 2282 ejushonore
3069 2211 3385 2283 pontiﬁcali
3409 2223 3554 2285 prte'

1898 2301 2146 2356 cluentis
2195 2299 2459 2356 Rainaldi
2511 2299 2806 2354 tenebant.
2853 2298 3111 2361 Quorum
3162 2315 3451 2356 consensu
3493 2305 3552 2356 et

1898 2389 2192 2444 voluntate
2243 2389 2355 2442 hoc
2403 2388 2625 2442 donum
2675 2387 2940 2441 fecerunt
2989 2403 3093 2458 pro
3153 2391 3378 2442 aeternae
3422 2391 3553 2444 vitae

1899 2477 2387 2543 remuneratione,
2421 2481 2478 2530 et
2510 2492 2610 2547 pro
2643 2475 2975 2530 animarum
3003 2492 3268 2542 suarum,
3303 2475 3423 2532 sive
3451 2477 3556 2534 Ge-

1901 2567 2072 2636 lonis,
2106 2567 2198 2620 cui
2232 2580 2604 2621 successores
2634 2563 2978 2630 existebant,
3023 2568 3197 2636 atque
3243 2568 3553 2637 parentum

1899 2671 2120 2721 eorum,
2145 2653 2533 2717 absolutione,
2557 2669 2687 2707 cum
2715 2652 3088 2707 advocatione
3115 2656 3171 2707 et
3199 2652 3551 2708 vicariorum

1901 2747 2202 2818 potestate,
2237 2748 2450 2798 etcum
2481 2739 2706 2796 cunctis
2736 2757 2865 2812 quae
2891 2741 2961 2796 ad
2995 2740 3186 2812 ipsam
3231 2740 3546 2812 ascipiunt.

1899 2834 2129 2889 Donum
2161 2848 2297 2903 ergo
2327 2832 2534 2885 harum
2571 2845 2762 2884 rerum
2787 2845 2965 2900 super
2985 2827 3165 2884 altare
3185 2829 3408 2884 Sanctae
3430 2829 3548 2886 Ma-

1903 2922 1997 2976 riae
2029 2921 2344 2992 Sanetique
2376 2918 2525 2973 Petri
2557 2917 2805 2990 apostoli
2858 2921 3184 2988 posuerunt
3211 2921 3413 2973 tenore
3441 2917 3549 2973 tali

1902 3008 2282 3064 utannuatim
2297 3005 2746 3079 recognitionem
2763 3005 2986 3077 exipsis
3001 3005 3552 3062 baberentdenomi-

1904 3104 2126 3167 natam,
2151 3095 2422 3152 ambolus
2449 3111 2581 3150 vero
2604 3095 2674 3149 ab
2701 3093 2810 3148 hac
2831 3093 2961 3148 luce
2980 3093 3396 3165 migrantibus,
3421 3111 3552 3166 per-

1905 3192 2079 3260 petuo
2111 3185 2414 3240 habendas
2445 3183 2827 3255 possiderent.
2861 3181 2998 3237 Post
3039 3181 3160 3236 haec
3191 3181 3366 3238 etiam
3397 3183 3551 3254 regis

1907 3278 2186 3332 adeuntes
2218 3273 2609 3346 praesentiam,
2651 3270 2938 3342 deprecati
2967 3273 3105 3325 sunt
3151 3273 3216 3324 ut
3244 3269 3364 3324 haec
3394 3271 3548 3326 dona

132 3356 302 3413 illius
333 3356 440 3410 10οἱ
473 3355 594 3410 haec
628 3355 826 3410 omnia
859 3361 1118 3411 tenerent
1146 3360 1320 3427 atque
1344 3357 1590 3428 plcnilcr
1610 3357 1792 3429 pOSSi-
1821 3343 1864 3408 C
1904 3363 2171 3436 przecepti
2206 3343 2297 3416 sui
2322 3361 2662 3416 auctoritate
2681 3359 2976 3414 roboraret
2995 3361 3052 3412 et
3085 3356 3288 3412 annuli
3311 3358 3400 3412 sul
3431 3357 3546 3414 im-

135 3447 372 3515 derent,
423 3443 740 3514 nullusque
786 3461 900 3511 rex,
961 3443 1162 3500 nullus
1209 3445 1536 3516 episcopus,
1591 3445 1790 3500 nullus

134 3550 364 3601 comes,
395 3537 496 3588 aut
519 3531 636 3587 ulla
657 3533 921 3588 mortalis
936 3536 1192 3604 potestas
1212 3531 1345 3588 illas
1369 3549 1459 3588 res
1481 3533 1788 3604 disponere

133 3627 245 3678 aut
268 3621 328 3676 in
355 3637 462 3677 sua
483 3624 768 3692 potestate
791 3620 1109 3692 quidquam
1131 3620 1340 3676 horum
1364 3621 1668 3676 decernere
1689 3627 1790 3677 aut

133 3711 410 3784 delegare
458 3715 870 3782 praesumeret;
923 3711 1023 3766 sed
1077 3713 1357 3782 perpetua
1397 3710 1688 3766 soliditate
1727 3711 1786 3765 in

131 3801 548 3874 ipsorumjure
568 3799 973 3865 consisterent,
987 3799 1334 3870 disponendi
1349 3804 1522 3870 atque
1541 3799 1788 3854 faciendi

132 3889 212 3946 ad
237 3887 554 3943 utilitatem
577 3887 682 3942 loci
708 3887 996 3959 quidquid
1019 3887 1350 3959 elegissent.
1370 3888 1582 3943 Utvero
1600 3889 1790 3960 ipsius

133 3976 546 4052 praeceptionis
570 3979 744 4048 atque
775 3977 1160 4032 roborationis
1182 3977 1434 4032 edictum
1459 3995 1561 4048 per
1580 3982 1790 4032 cuncta

131 4065 242 4123 aevi
279 4063 958 4138 temporainviolahilem
981 4065 1267 4120 obtineret
1307 4066 1597 4120 ﬁrmitatis
1625 4067 1792 4137 vigo-

135 4171 290 4222 rem,
306 4171 468 4210 more
484 4151 664 4226 regali
681 4169 858 4209 manu
883 4154 1117 4225 propria
1131 4155 1276 4210 conti
1289 4155 1576 4222 rmavit,et
1590 4154 1791 4210 annuli

139 4243 642 4315 suiimpressione
675 4241 943 4314 insigniri
968 4243 1168 4313 jussit.
1189 4244 1351 4309 Quod
1367 4243 1646 4314 Rogerius
1663 4260 1794 4298 can-

139 4330 419 4390 cellarius
442 4331 642 4386 devote
665 4329 904 4402 peregit,
931 4332 1028 4401 qui
1047 4336 1266 4402 postea.
1290 4335 1398 4385 Deo
1423 4331 1790 4398 concedente,

135 4421 214 4478 ad
245 4418 532 4476 honorem
565 4420 940 4491 pontiﬁcatus
969 4419 1029 4472 in
1064 4421 1206 4474 urbe
1246 4419 1576 4474 Belvacensi
1611 4419 1792 4474 subli-

141 4512 346 4565 matus
371 4513 481 4564 est.
505 4513 650 4563 Acta
673 4512 810 4563 sunt
830 4512 1025 4562 autem
1049 4507 1168 4562 hac
1189 4507 1245 4562 in
1267 4507 1495 4562 civitate
1510 4509 1792 4575 Parisius,

141 4613 304 4655 anno
329 4595 612 4651 incarnati
633 4596 806 4651 Verbi
827 4597 952 4662 998,
977 4613 1130 4651 anno
1154 4613 1285 4650 vero
1308 4597 1535 4652 Roberti
1556 4598 1709 4667 regis
1727 4596 1789 4665 X,

139 4685 260 4744 sub
291 4685 385 4740 die
411 4702 514 4738 xm
546 4684 669 4740 Kal.
708 4684 1009 4739 Maiarum.

217 4773 352 4829 Fuit
381 4774 559 4828 etiam
590 4773 737 4846 ipsis
766 4773 974 4828 diebus
1005 4773 1176 4828 miles
1217 4774 1457 4845 quidam
1503 4775 1793 4845 egregius,

137 4861 428 4938 potentiis
458 4865 516 4917 et
545 4861 770 4917 divitiis
801 4861 998 4917 szeculi
1029 4861 1198 4917 valde
1219 4861 1511 4928 sublimis,
1530 4879 1804 4918 veneran-

136 4953 341 5023 doque
373 4949 570 5006 comiti
597 4949 809 5018 ﬁdelis,
841 4949 1078 5006 nomine
1099 4951 1532 5017 Ermenfredus,
1560 4951 1805 5006 ﬁdeliter

139 5042 268 5098 Deo
314 5037 680 5112 complacare
741 5039 1102 5094 desiderans.
1167 5039 1270 5094 Hic
1328 5039 1544 5110 itaque,
1597 5056 1804 5108 pavore

139 5127 350 5186 cterni
376 5127 649 5201 supplicii
671 5127 1012 5200 perterritus
1033 5127 1518 5199 etexemplisjam
1543 5127 1680 5182 dicti
1696 5127 1801 5182 viri

141 5217 423 5288 religiose
453 5217 776 5281 animatus,
809 5215 1009 5270 retulit
1056 5220 1113 5270 et
1163 5216 1414 5270 multum
1465 5215 1656 5271 locum
1691 5216 1801 5271 sibi

141 5305 538 5364 commissum
571 5305 832 5376 diligere,
864 5321 929 5358 ac
961 5305 1029 5358 de
1057 5305 1304 5376 propriis
1328 5305 1796 5376 possessionibus

145 5411 214 5453 se
239 5393 388 5450 velle
418 5395 477 5449 in
508 5411 575 5450 eo
604 5393 827 5466 largiri.
882 5397 1228 5464 Deprecatus
1273 5399 1362 5449 est
1410 5395 1606 5464 itaque
1637 5409 1796 5458 cum,

145 5487 448 5559 quatenus
476 5482 698 5550 villam,
731 5498 909 5554 quam
946 5483 1017 5536 de
1059 5481 1186 5552 ejus
1238 5482 1514 5537 beneﬁcio
1544 5482 1796 5548 tenebat,

145 5588 285 5647 quae
325 5571 517 5628 Licias
557 5571 750 5643 (Lices)
784 5569 1130 5643 appellatur,
1171 5560 1422 5626 ecclesiae
1470 5571 1798 5626 Fossatensi

145 5663 343 5728 daret,
372 5660 454 5715 ita
476 5664 540 5716 ut
559 5661 734 5716 etiam
757 5660 1038 5733 praedium
1063 5675 1180 5715 suae
1212 5659 1618 5732 possessionis,
1645 5659 1799 5730 quod

145 5753 359 5810 Jurem
409 5749 586 5821 (Jury)
643 5749 876 5816 dicitur,
934 5752 1255 5820 spontanca
1302 5749 1592 5804 voluntate
1622 5746 1800 5803 simul

1901 3451 2201 3524 pressione
2223 3449 2453 3504 munire
2475 3448 2831 3520 dignaretur.
2858 3447 2986 3516 Ipse
3015 3460 3246 3516 quoque
3267 3461 3386 3500 suae
3415 3460 3540 3501 ma-

1896 3541 2002 3595 tris
2023 3537 2337 3596 Adelaidis.
2359 3533 2907 3604 uxorisqueBerthae
2928 3531 3428 3604 suggestionibus,
3454 3532 3542 3589 uti

1896 3632 2167 3700 precatus
2199 3627 2404 3691 fuerat,
2438 3623 2676 3696 peregit.
2726 3620 3063 3693 Conscripto
3111 3619 3310 3694 itaque
3358 3624 3538 3679 testa-

1897 3721 2113 3782 mento,
2146 3732 2210 3769 ac
2234 3715 2732 3784 monogrammate
2753 3711 2906 3782 regis
2927 3727 3105 3766 manu
3126 3710 3296 3779 facto,
3319 3711 3538 3768 France

1898 3811 2037 3862 tunc
2087 3802 2490 3867 cancellarius,
2546 3805 2749 3873 postea
2791 3816 2926 3854 vero
2964 3798 3272 3872 episcopus
3331 3799 3541 3854 Parisii

1899 3895 2108 3959 factus,
2131 3891 2449 3961 imaginem
2473 3889 2620 3960 regit
2640 3887 2945 3958 imposuit.
2971 3887 3211 3942 Factum
3232 3890 3323 3942 est
3341 3891 3536 3943 autem

1899 3983 1934 4038 b
1945 3999 2010 4036 oc
2034 3983 2090 4036 in
2107 3979 2380 4052 praedicta
2395 3979 2534 4032 urbe
2547 3993 2699 4032 anno
2713 3975 3132 4032 incarnationis
3146 3974 3360 4031 Christi
3375 3975 3536 4042 1000,⁹

1901 4069 2215 4124 indictione
2235 4085 2334 4132 xu,
2359 4083 2510 4120 anno
2532 4081 2664 4120 vero
2695 4063 2855 4136 regni
2894 4063 3095 4135 inclyti
3131 4063 3285 4136 regis
3308 4062 3542 4118 Roberti

1899 4177 1977 4214 xu
2010 4156 2271 4213 feliciter.

1973 4247 2074 4301 His
2098 4245 2178 4300 ita
2201 4243 2469 4309 narratis,
2493 4241 2564 4296 ad
2586 4245 2852 4295 nostrum
2869 4239 3273 4295 Burchardum
3296 4239 3550 4296 reﬂecta-

1903 4341 1998 4389 tur
2028 4334 2232 4406 stylus.
2268 4331 2410 4386 Huic
2441 4347 2577 4401 ergo
2607 4329 2936 4383 venerando
2981 4327 3200 4394 comiti,
3234 4329 3548 4400 instigante

1902 4423 2144 4478 humani
2177 4420 2404 4494 generis
2445 4417 2703 4482 inimico,
2751 4416 3000 4472 infestus
3050 4419 3224 4488 atque
3271 4415 3546 4472 inimicus

1907 4511 2189 4568 existebat
2209 4508 2373 4563 valde
2395 4509 2516 4561 Odo
2539 4523 2754 4569 comes,
2795 4505 3040 4575 ejusque
3061 4503 3231 4558 bonis
3255 4502 3549 4558 invidebat

1904 4600 2151 4663 actibus,
2177 4597 2312 4669 quia
2332 4595 2497 4650 illum
2523 4595 2578 4648 in
2611 4593 2743 4648 aula
2764 4593 2916 4664 regis
2937 4591 3048 4647 sibi
3075 4591 3351 4663 praeponi,
3371 4594 3547 4662 atque

1827 4709 1872 4772 D
1902 4687 2196 4753 honorari,
2221 4689 2278 4740 et
2298 4684 2461 4754 diligi
2485 4700 2518 4738 a
2538 4682 2764 4738 cunctis
2786 4679 3198 4751 conspiciebat.
3241 4679 3364 4742 Qua
3389 4679 3465 4772 de
3486 4695 3548 4734 re

1905 4779 2000 4832 sed
2012 4775 2238 4830 uctione
2253 4773 2400 4844 quad
2411 4789 2501 4826 am
2517 4767 3011 4842 atquetraditione
3023 4768 3292 4824 Castrum
3307 4765 3547 4822 Milidu-

1912 4881 2060 4920 num-
2086 4864 2132 4918 ci
2168 4863 2396 4917 furatus
2422 4863 2528 4915 est.
2554 4859 2712 4924 Quod
2736 4873 2868 4911 cum
2887 4855 3207 4924 didicisset,
3233 4854 3554 4911 auxiliante

1911 4953 2022 5008 sibi
2058 4967 2206 5022 rege,
2243 4949 2566 5004 coadunato
2617 4947 2968 5000 Francorum
3016 4944 3298 5010 exercitu,
3350 4942 3558 5000 multis

1911 5040 2174 5096 millibus
2193 5037 2446 5092 militum
2465 5032 3417 5104 circumvallavit.Cernensitaque
3437 5031 3558 5088 Odo

1916 5147 2028 5184 non
2062 5145 2122 5183 se
2162 5142 2332 5198 posse
2381 5123 2596 5180 ibidem
2647 5121 2909 5194 quietum
2958 5136 3218 5188 manere,
3269 5137 3376 5176 nec
3403 5120 3559 5176 idem

1913 5223 2168 5273 castrum
2207 5214 2436 5286 proprio
2467 5212 2716 5267 retinere
2761 5209 3044 5276 dominio,
3091 5209 3240 5265 clam
3271 5225 3402 5264 cum
3435 5208 3560 5264 suis

1907 5307 2110 5362 abiens
2161 5303 2326 5375 fugit.
2373 5301 2748 5357 Burchardus
2803 5317 2937 5355 vero
2986 5299 3378 5370 introgressus
3423 5311 3556 5366 pro-

1908 5395 2098 5467 prium
2127 5393 2341 5463 rncnpit
2363 5393 2644 5445 castrum.
2671 5387 2962 5444 Galterius
2996 5403 3149 5452 vero,
3178 5383 3346 5452 cujus
3377 5381 3554 5436 tradi-

1908 5483 2066 5538 tione
2091 5483 2198 5536 hoc
2227 5485 2457 5534 tantum
2480 5478 2649 5532 nefas
2681 5479 3074 5548 perpetratum
3115 5475 3204 5526 est
3234 5469 3294 5523 in
3335 5472 3552 5538 monte,
3581 5491 3586 5494 ·

1909 5571 2200 5642 quieidem
2217 5566 2713 5639 prmeminet,cum
2727 5558 3300 5632 suaconjugelaqueo
3313 5573 3559 5628 suspen-

1911 5677 2014 5714 sus
2037 5663 2140 5712 est.
2170 5658 2293 5712 Alio
2318 5671 2550 5727 quoque
2571 5648 3090 5724 tempore,inimico
3108 5645 3268 5716 pacis
3289 5644 3557 5715 lucisque

1913 5747 2244 5803 adversario
2277 5745 2640 5808 adhortante,
2684 5741 2743 5796 hi
2794 5741 2906 5796 duo
2955 5733 3196 5792 comites
3244 5731 3305 5787 in
3346 5733 3550 5787 eodem
