3916 6368
353 437 474 512 855
1413 442 1694 508 oooms
1739 441 2260 506 F'OSSATENSIS
2304 442 2681 510 MONACHI.
3660 442 3798 524 alia

354 592 502 654 pago
523 573 897 648 Milidunensi
919 575 1290 636 denominato
1313 575 1421 630 sibi
1444 575 1567 631 loco
1592 576 1806 632 bellum
1833 575 1984 630 inter
2010 575 2068 644 Α,
2095 577 2362 640 abbatem
2393 578 2745 650 suscepisse,
2789 593 2892 636 nec
2921 576 3132 638 debere
3185 592 3326 636 eum
3369 575 3606 654 recipi,
3638 576 3795 654 quia

356 650 417 720 se
447 665 845 722 condixerunt.
888 665 1150 736 Cumque
1196 665 1408 719 ibidem
1461 663 1849 729 advenissent,
1879 680 1983 735 pu-
2092 665 2419 722 animarum
2448 684 2648 724 curam
2686 667 2920 740 penitus
2968 667 3311 740 reliquerat.
3365 650 3526 724 Cum
3565 650 3788 725 autem

352 755 666 827 gnaqueab
685 755 948 826 utrisque
966 754 1226 826 partibus
1244 755 1519 808 acerrime
1544 757 1983 825 praepararetur,
2087 754 2196 828 ipsi
2224 755 2321 810 Dei
2347 771 2508 810 servo
2531 755 2638 811 hoc
2662 755 2994 812 nuntiatum
3041 755 3270 827 fuisset,
3291 755 3468 814 valde
3492 760 3778 816 mmstus

352 843 662 914 praedictus
692 841 858 897 miles
889 842 1318 909 Ermenfredus,
1345 841 1526 896 solius
1549 845 1684 896 tunc
1707 842 1861 912 regis
1882 845 1982 896 do-
2090 843 2358 908 efficitur,
2393 844 2666 916 ignorans
2711 845 2854 917 quid
2910 861 3083 918 agere
3125 849 3230 902 aut
3277 862 3396 920 quo
3429 862 3500 902 se
3535 851 3786 903 vertere

351 933 532 988 minio
554 932 842 997 subditus,
869 932 992 988 suis
1030 931 1301 985 manibus
1325 949 1387 986 ac
1419 932 1545 1001 ejus
1584 931 1850 1003 potestati
1874 930 1982 984 hu-
2091 933 2344 986 deberet.
2379 933 2636 987 Tandem
2669 933 2992 990 meditatus
3023 933 3080 989 in
3115 935 3298 1001 corde,
3339 951 3476 1002 suo,
3525 935 3787 992 confor-

351 1019 566 1076 militer
593 1037 653 1075 se
683 1020 976 1075 submisit.
1027 1023 1150 1074 Non
1199 1020 1352 1074 enim
1404 1037 1531 1074 mos
1572 1023 1714 1086 erat,
1762 1036 1866 1074 nec
1895 1022 1985 1074 est
2091 1024 2250 1074 tante
2274 1019 2438 1074 illum
2463 1021 2728 1088 Domino,
2757 1022 3180 1095 quisperantes
3200 1022 3257 1078 in
3280 1039 3344 1080 se
3364 1039 3486 1099 non
3512 1023 3784 1092 deserit,

352 1109 604 1175 Francis,
630 1109 688 1163 in
710 1108 880 1176 bello,
907 1109 1099 1180 aliquo
1123 1109 1292 1164 modo
1314 1108 1552 1164 introire
1587 1109 1807 1179 absque
1840 1125 1983 1179 praz-
2092 1107 2326 1165 salubre
2349 1109 2660 1166 concilium
2686 1111 2920 1183 reperit.
2946 1111 3093 1167 Nam
3130 1115 3371 1184 repente
3411 1113 3488 1169 ad
3515 1113 3788 1170 Clunia-

354 1197 540 1253 sentia
569 1202 668 1252 aut
696 1198 869 1268 jussu
920 1197 1137 1269 proprii
1185 1197 1452 1252 senioris.
1502 1197 1818 1252 Humiliato
1848 1211 1984 1267 ergo
2092 1213 2224 1252 cum
2249 1198 2338 1252 sui
2365 1198 2609 1254 cmnobii
2636 1197 2828 1254 locum
2856 1199 3050 1255 rediit.
3070 1199 3274 1274 Ibique
3291 1201 3447 1257 duos
3483 1202 3785 1272 abbates,

351 1286 681 1341 Burchardo
710 1287 874 1340 valde
907 1287 964 1340 in
987 1291 1298 1358 conspectu
1336 1287 1452 1353 Dei,
1477 1289 1764 1357 quatenus
1785 1289 1986 1340 contra
2092 1285 2188 1356 qui
2211 1290 2342 1357 post
2363 1285 2556 1358 ipsum
2586 1287 2642 1343 in
2667 1287 2775 1342 sibi
2804 1287 3122 1344 commisso
3147 1287 3273 1344 loco
3299 1289 3573 1346 ordinati
3600 1297 3786 1362 sunt,

350 1373 578 1429 hostem
595 1375 1220 1446 superbum,ccrviccm
1239 1375 1494 1446 corporis
1507 1378 1560 1428 et
1575 1373 1768 1428 cordis
1800 1373 1983 1445 rigide
2092 1374 2428 1445 supervixit,
2453 1380 2625 1446 atque
2643 1374 2702 1430 in
2725 1380 2928 1432 sancta
2949 1376 3416 1450 conversatione,
3463 1384 3531 1434 ut
3575 1397 3786 1454 cmpe-

350 1462 688 1536 erigentem,
710 1462 947 1518 victoria
963 1463 1071 1517 sibi
1100 1463 1356 1529 daretur,
1377 1463 1432 1516 in
1459 1479 1728 1534 campum
1751 1461 1980 1528 villulae,
2035 1524 2043 1530 ε
2092 1466 2199 1528 rat,
2233 1463 2571 1534 permansit.
2602 1465 2780 1520 Nemo
2811 1464 2970 1520 enim
3001 1463 3240 1522 illorum
3272 1467 3376 1522 diu
3417 1467 3628 1524 vivere
3661 1486 3786 1541 po-

350 1553 442 1610 cui
464 1569 675 1608 nomen
706 1551 1010 1608 Orceiacus
1043 1552 1256 1623 (Orsay)
1289 1555 1397 1618 est,
1445 1550 1620 1607 simul
1669 1550 1982 1623 pugnaturi
2091 1550 2223 1616 tuit,
2255 1551 2410 1621 quia,
2445 1551 2676 1606 Domini
2725 1553 3072 1625 disponente
3109 1553 3359 1625 judicio,
3395 1559 3785 1626 potestatem

349 1641 718 1698 conveniunt.
750 1639 869 1694 Illis
902 1640 1094 1712 itaque
1127 1640 1184 1695 in
1226 1640 1348 1694 acie
1394 1639 1846 1707 decertantibus,
1881 1638 1980 1693 Dei
2092 1637 2392 1709 regiminis
2443 1639 2676 1694 nonnisi
2717 1639 2978 1714 quinque
3001 1641 3176 1700 annis
3197 1646 3548 1702 tenuerunt.
3595 1648 3784 1702 Com-

341 1727 566 1800 judicio
587 1725 1980 1798 exercitusOdonisintrasemetipsumdimicans,
2092 1725 2458 1798 pleto'igitur
2484 1727 2754 1798 termino,
2797 1729 2896 1801 qui
2926 1730 3213 1802 praeteriri
3257 1747 3376 1788 non
3399 1736 3630 1804 potest,
3667 1733 3786 1790 ibi~

353 1833 567 1890 magna
594 1816 745 1870 caede
765 1815 1170 1886 prosternitur.
1203 1815 1573 1870 Burchardus
1595 1831 1747 1881 vero,
1782 1815 1838 1869 in
1871 1815 1980 1869 Do-
2090 1815 2223 1870 dem
2249 1815 2491 1871 feliciter
2515 1815 2658 1872 obiit
2688 1817 2800 1872 sub
2831 1817 2925 1873 die
2966 1817 3137 1874 ldum
3179 1819 3663 1892 Septembrium.
3693 1823 3782 1880 Ad

351 1905 510 1960 mino
559 1902 906 1958 fiducialiter
952 1903 1271 1967 confidens,
1323 1919 1496 1974 super
1542 1903 1742 1958 hostes
1789 1903 1978 1970 irruit,
2013 1937 2061 2001 B
2091 1903 2260 1974 cujus
2291 1902 2650 1975 sepulcrum,
2682 1907 2746 1960 ut
2777 1905 2990 1961 referre
3040 1906 3406 1973 audivimus,
3459 1908 3642 1966 multi
3680 1909 3781 1966 in-

350 1992 672 2064 multisque
701 1991 962 2047 millibus
994 1991 1332 2058 interfectis,
1365 1991 1605 2047 victoria
1626 1990 1706 2046 illi
1741 1992 1810 2046 de
1842 1989 1983 2046 coelo
2013 1989 2060 2001 "
2091 1990 2243 2048 ﬁrmi
2277 1997 2476 2064 postea
2508 1992 2816 2049 sanitatem
2850 1999 3216 2066 receperunt.

347 2081 644 2138 tribuitur.
676 2081 892 2135 Videns
921 2097 1154 2153 quoque
1183 2081 1303 2135 Odo
1332 2079 1588 2135 multum
1619 2096 1794 2136 suum
1825 2096 1982 2134 exer-
2163 2079 2262 2134 His
2293 2096 2426 2151 ergo
2456 2079 2513 2135 in
2548 2081 2821 2148 narratis,
2855 2082 2926 2137 ad
2959 2098 3029 2138 ea
3053 2100 3185 2155 quae
3233 2083 3452 2142 omissa
3481 2091 3640 2144 sunt
3677 2102 3780 2143 re.-

349 2167 1344 2240 citumminui,valdeque,occisum
1365 2167 1984 2240 percampiplanitiem
2093 2167 2355 2222 ﬂectatur
2403 2167 2612 2240 stylus.
2673 2169 2885 2226 Audito
2927 2170 3132 2243 itaque
3195 2189 3291 2228 rex
3335 2173 3493 2244 quod
3550 2175 3783 2232 taliter

345 2260 558 2331 jacere,
583 2274 686 2313 nec
711 2257 806 2312 illa
827 2257 918 2313 die
946 2257 1176 2330 penitus
1200 2273 1370 2328 posse
1407 2255 1676 2310 victorem
1719 2257 1984 2322 existere,
2091 2260 2254 2326 pater
2276 2260 2455 2311 Teuto
2482 2256 2674 2314 locum
2707 2258 3032 2331 fratresque
3084 2259 3436 2332 rsliquisset,
3484 2265 3776 2321 tractare

351 2343 1984 2419 pavorevalidotremefactusvaldequeelfcctusconfusus,
2091 2341 2334 2398 sollicite
2363 2361 2495 2398 cum
2526 2345 2954 2403 venerabilibus
2975 2347 3137 2418 viris,
3162 2347 3501 2406 Burchardo
3523 2349 3780 2408 scilicet

352 2435 598 2491 timebat
618 2432 1012 2488 minimeinde
1033 2433 1294 2500 evadere,
1323 2431 1684 2488 sedlatenter
1703 2431 1984 2487 auxilium
2093 2435 2264 2505 atque
2315 2433 2592 2489 Rainaldo
2641 2435 2908 2505 praesule,
2957 2436 3152 2509 coepit,
3200 2437 3498 2510 quomodo
3537 2455 3618 2495 ex
3651 2439 3776 2498 Do-

351 2524 502 2597 fuga:
532 2520 816 2578 citissime
848 2520 1030 2592 petiit.
1066 2521 1158 2575 Sic
1191 2520 1385 2591 itaque
1411 2521 1524 2575 Deo
1553 2520 1742 2576 fidelis
1769 2537 1984 2588 comes,
2095 2519 2236 2574 mini
2260 2519 2553 2577 voluntate
2579 2521 2771 2594 ipsum
2796 2521 2990 2580 locum
3031 2524 3306 2582 ordinare
3341 2530 3614 2598 possent.
3653 2528 3774 2594 Qui

351 2611 536 2668 victor
581 2609 854 2676 existens,
903 2608 1152 2664 laudans
1202 2625 1335 2663 cum
1384 2607 1506 2662 suis
1551 2608 1885 2676 Dominum,
1914 2609 1984 2663 ad
2095 2607 3778 2684 solertiindustriacommoniti,ﬁliumHaimoniscomitis,

352 2697 586 2772 propria
613 2713 744 2752 cum
771 2697 982 2769 gaudio
1010 2697 1331 2752 revertitur.
2096 2696 2332 2750 fratrem
2369 2697 2555 2770 ipsius
2585 2699 2866 2770 episcopi,
2900 2700 3140 2757 nomine
3186 2701 3634 2772 Theobaldum,
3671 2706 3784 2776 qui

423 2787 748 2860 Religiosus
781 2785 1030 2856 denique
1062 2785 1242 2841 abbas
1265 2785 1749 2856 Teuto,jejuniis,
1783 2789 1838 2841 et
1869 2802 1991 2840 ora-
2088 2784 2213 2852 jam
2247 2785 2507 2840 cmnobio
2537 2787 2960 2842 Cormaricensi
3011 2792 3282 2861 praeerat,
3333 2790 3409 2846 ad
3461 2807 3526 2848 se
3560 2793 3788 2848 venire

353 2875 633 2944 tionibus,
665 2872 1118 2946 vigiliarumque
1167 2873 1709 2945 pernoctationibus
1757 2873 1991 2928 assidue
2096 2873 2458 2944 praecipiunt.
2492 2875 2592 2929 Cui
2627 2891 2727 2930 rex
2757 2876 2978 2932 donum
3009 2877 3258 2934 abbatis:
3281 2879 3468 2946 dedit,
3499 2895 3789 2954 eumque

352 2964 634 3035 intentus,
663 2961 778 3017 Deo
809 2977 1038 3033 semper
1067 2960 1292 3032 placere
1325 2961 1572 3016 fideliter
1599 2961 1988 3028 desiderabat,
2097 2965 2318 3032 patrem
2343 2962 2762 3020 monachorum
2793 2965 2914 3020 fore
2944 2965 3276 3036 constituit,
3301 2967 3446 3040 quia
3467 2972 3529 3024 et
3544 2967 3683 3042 ipse
3710 2987 3785 3026 ex

357 3067 488 3121 cum
519 3066 654 3124 ergo
689 3049 748 3104 in
779 3049 902 3104 loco
939 3048 1046 3104 sibi
1071 3049 1385 3105 commisso
1409 3050 1763 3114 arduam,ut
1793 3049 1992 3120 cupie-
2097 3047 2578 3106 Cluniacensibus
2638 3055 2782 3119 erat,
2851 3058 3026 3125 atque
3083 3054 3273 3110 sancti
3323 3055 3516 3129 patris
3567 3057 3784 3115 Maioli

357 3140 480 3208 bat,
508 3139 707 3206 vitam,
741 3138 812 3193 ob
843 3136 1149 3210 pastoralis
1187 3136 1464 3192 custodiae
1491 3153 1712 3200 curam,
1751 3136 1993 3191 minime
2097 3136 2460 3193 institutione
2485 3139 2728 3196 edoctus
2752 3141 2957 3198 fuerat.
2999 3141 3320 3200 Nobilitate
3352 3148 3565 3202 autem
3589 3145 3787 3220 hujus

358 3242 584 3285 servare
613 3229 830 3300 posset,
870 3225 1174 3280 Remensis
1205 3223 1366 3279 urbis
1391 3241 1607 3296 pagum
1629 3225 1699 3279 ad
1726 3223 1992 3280 habitan-
2027 3295 2062 3307 Α
2101 3225 2302 3279 mundi
2337 3225 2611 3282 sublimis
2656 3245 2852 3284 comes
2883 3246 2999 3286 non
3042 3229 3237 3287 solum
3269 3232 3330 3286 in
3378 3231 3510 3290 loco
3543 3233 3623 3290 de
3657 3252 3784 3307 quo

356 3317 496 3372 dum
527 3295 635 3372 sibi
667 3313 856 3386 elegit.
902 3314 1158 3369 Habetur
1207 3295 1496 3385 siquidem
1545 3312 1684 3368 illuc
1724 3313 1988 3384 quaedam
2021 3295 2066 3362 C
2101 3329 2292 3369 sermo
2320 3313 2532 3385 agitur,
2563 3332 2761 3371 verum
2793 3317 2968 3372 etiam
3021 3335 3124 3390 per
3173 3318 3364 3377 multa
3393 3295 3788 3382 monasteria

359 3401 852 3477 possessiuncula,
885 3419 1059 3474 quam
1091 3401 1380 3473 gloriosus
1403 3419 1498 3455 rex
1529 3400 1768 3456 Carolus
1789 3401 1992 3456 Calvus
2101 3401 2258 3472 regni
2307 3402 2657 3460 Francorum
2703 3403 2888 3460 multa
2929 3407 3084 3462 bona
3125 3406 3395 3476 contulit,
3442 3408 3608 3465 inter
3640 3428 3783 3483 quae

351 3493 605 3552 ecclesiae
636 3491 986 3557 Fossatensi,
1037 3489 1347 3560 abbatique
1399 3489 1750 3558 Godofredo,
1783 3488 1987 3562 refugii
2099 3489 2422 3544 cmnobium
2445 3492 2640 3546 Sancti
2667 3493 2812 3548 Petri
2834 3492 3267 3564 Milidunensis,
3291 3497 3450 3568 quod
3473 3497 3787 3571 Signinus
3832 3515 3845 3529 '

350 3597 528 3636 causa
556 3583 789 3652 propter
806 3583 1272 3634 Normannorum
1295 3577 1778 3649 persecutionem,
1803 3576 1989 3644 dedit,
2098 3577 2840 3650 archipracsulSenonensis
2868 3581 3156 3638 aedificare
3189 3588 3472 3656 ceperat,
3500 3588 3785 3660 propriis

349 3669 409 3727 in
442 3667 748 3740 quaetiam
769 3683 979 3738 corpus
997 3667 1180 3722 sancti
1203 3665 1385 3720 Mauri
1413 3665 1614 3720 multis
1641 3664 1810 3720 annis
1832 3681 1988 3720 reve-
2098 3666 2444 3721 muneribus
2475 3667 2657 3722 ditare
2697 3669 2941 3725 studuit.
2975 3671 3156 3726 Erant
3201 3677 3400 3730 autem
3433 3677 3493 3730 et
3526 3675 3593 3732 in
3633 3675 3788 3734 aliis

350 3759 543 3814 renter
569 3753 821 3810 traditur
849 3757 1273 3810 conservatum.
1308 3751 1452 3808 llluc
1482 3768 1616 3825 ergo
1640 3753 1766 3824 jam
1799 3752 1990 3810 dictus
2095 3755 2261 3826 pagis
2294 3754 2545 3826 plurima
2585 3756 2636 3810 ei
2685 3761 2898 3825 castra,
2943 3775 3012 3814 ex
3059 3759 3278 3832 quibus
3329 3761 3775 3836 Vendocinum

351 3844 554 3911 abbas,
585 3843 828 3916 arduam
860 3858 960 3914 pro
992 3841 1222 3897 Christo
1243 3857 1524 3913 peragens
1546 3840 1742 3905 vitam,
1774 3841 1988 3897 multo-
2095 3842 2420 3914 (Vendeme),
2488 3843 2839 3900 Levazinum
2915 3847 3259 3919 (Lavardin),
3329 3854 3388 3908 et
3462 3849 3786 3911 Montem-

352 3935 610 4004 tempore
641 3933 1014 3991 conservatus
1045 3934 1150 3985 est.
1185 3931 1306 3994 Quo
1337 3945 1600 4000 pergens.
1650 3929 1986 4001 ibidemque
2095 3947 2336 3986 aureum
2361 3932 2636 4003 (Montoz'r)
2664 3933 2895 4006 proprio
2931 3936 3218 3994 retinebat
3260 3937 3560 4010 dominio,
3597 3957 3787 4000 exce-

354 4035 692 4092 permanere
723 4018 1081 4085 desiderans,
1102 4015 1373 4072 baculum
1394 4033 1540 4071 cura:
1565 4017 1868 4088 pastoralis
1888 4033 1990 4088 per
2095 4018 2211 4090 ptis
2243 4019 2395 4088 aliis,
2426 4035 2674 4090 quorum
2700 4022 2940 4080 nomina
2975 4023 3121 4080 mihi
3151 4023 3358 4097 ignota
3377 4027 3688 4099 existunt,
3723 4037 3788 4090 et

353 4105 679 4162 suiservitii
702 4106 1064 4174 ministrum,
1085 4105 1320 4160 nomine
1342 4104 1988 4178 Valterum,quemipse
2094 4123 2223 4178 quas
2245 4106 2414 4162 multi
2457 4107 2674 4164 milites
2726 4109 2991 4166 beneficii
3021 4116 3078 4167 et
3109 4112 3414 4171 fidelitatis
3445 4118 3659 4189 gratia
3701 4122 3781 4177 ab

354 4194 415 4248 in
445 4192 678 4250 Domini
726 4193 933 4248 timore
965 4193 1304 4260 nutriverat,
1335 4193 1611 4249 fratribus
1635 4195 1984 4269 transmisit,
2093 4196 2220 4268 ipso
2253 4195 2646 4269 possidebant.
2680 4197 2892 4254 Statuit
2919 4199 3174 4273 denique
3206 4202 3516 4262 decretum
3547 4211 3622 4262 ut
3643 4211 3784 4281 qui-

353 4281 638 4337 mandans
668 4283 732 4336 ut
759 4280 870 4336 sibi
901 4282 1222 4336 secundum
1253 4280 1464 4336 Christi
1509 4281 1862 4339 voluntatem
1894 4285 1983 4338 di-
2091 4299 2320 4354 cunque
2352 4283 2609 4340 fidelium
2643 4301 2886 4342 suorum
2917 4304 2986 4344 ex
3015 4289 3142 4345 suis
3173 4290 3387 4348 castris
3427 4292 3620 4352 vellet
3664 4280 3782 4354 ali-

349 4386 528 4443 gnum
562 4372 850 4442 pastorem
883 4367 1178 4442 eligerent.
1212 4368 1328 4423 Hoc
1377 4384 1510 4440 ergo
1557 4369 1853 4426 cmnobitzs
1881 4387 1983 4426 au-
2091 4386 2266 4442 quam
2287 4375 2508 4442 partem
2523 4376 2806 4428 terrarum
2822 4373 3077 4432 ecclesiae
3101 4376 3446 4436 Fossatensi
3466 4381 3778 4453 tribuere,

353 4457 599 4523 dientes,
631 4455 798 4512 valde
841 4455 1032 4512 mirati
1082 4461 1254 4528 atque
1303 4456 1500 4512 tristes
1547 4457 1754 4523 effecti,
1787 4459 1983 4516 comiti
2090 4457 2331 4514 liberam
2363 4459 2600 4518 haberet
2628 4459 2923 4518 licentiam
2953 4463 3154 4534 dandi,
3206 4466 3439 4540 absque
3475 4469 3779 4541 jussione

344 4545 634 4620 praecipuo
666 4562 732 4601 ac
761 4547 888 4617 ejus
921 4544 1036 4601 filio
1068 4545 1421 4601 Parisiorum
1445 4545 1676 4616 prasuli
1701 4546 1981 4604 Rainaldo
2089 4563 2329 4602 suorum
2377 4565 2802 4620 successorum,
2852 4551 3136 4624 quidquid
3193 4554 3396 4612 animo
3450 4556 3778 4620 libuisset.

343 4634 606 4706 protinus
627 4635 1388 4692 studuerunt.innotcscere.
1415 4632 1706 4688 Illiautem
1728 4633 1848 4689 hmo
1864 4653 1982 4690 om-
2008 4654 2057 4719 Β
2089 4635 2252 4698 Quod
2284 4653 2318 4690 a
2347 4637 2703 4707 quibusdam
2735 4643 3051 4706 servatum,
3101 4647 3309 4714 postea
3350 4645 3553 4704 multa
3590 4652 3782 4711 nobis

344 4722 442 4778 nia
469 4722 621 4796 regis
651 4723 891 4778 auribus
938 4722 1338 4777 innotuerunt.
1388 4721 1752 4778 Venerabilis
1781 4729 1974 4780 autem
2086 4722 2281 4795 largiti
2313 4729 2469 4780 sunt.
2503 4725 2750 4782 Dederat
2778 4731 2973 4784 autem
3001 4729 3236 4790 cuidam
3260 4749 3370 4791 suo
3404 4741 3776 4810 praeposito,

347 4813 512 4880 pater
537 4814 734 4876 Teuto,
764 4809 824 4868 in
847 4811 972 4880 jam
1004 4809 1156 4866 dicta
1188 4809 1322 4864 villa
1345 4809 1545 4865 multis
1587 4811 1796 4866 diebus
1818 4828 1977 4867 com-
2085 4811 2318 4900 nomine
2347 4813 2585 4878 Badoni,
2615 4829 2681 4870 ac
2710 4814 2940 4872 duobus
2961 4816 3150 4890 ipsius
3171 4809 3777 4900 haeredibus,quod-

347 4897 964 4970 moratus,injejuniis
1001 4903 1057 4954 et
1077 4898 1456 4966 orationibus,
1481 4905 1651 4970 atque
1672 4897 1730 4954 in
1752 4902 1977 4978 cunctis
2084 4899 2219 4954 dam
2243 4899 2586 4956 beneficium
2611 4901 2804 4958 taliter
2828 4907 2912 4971 ut,
2935 4904 3144 4968 diebus
3159 4923 3281 4964 suae
3309 4907 3466 4978 vita,
3499 4897 3772 4974 censum

345 4983 630 5054 bonorum
649 4976 1975 5058 operumexhibitionibus,inquantumhomini
2083 4986 2270 5058 ipsius
2301 4989 2650 5044 monasterio
2683 4990 3097 5062 persolverent,
3149 4993 3208 5049 id
3247 5000 3340 5054 est
3366 4976 3540 5056 kan
3578 5020 3773 5068 num-

346 5071 576 5128 mortali
605 5073 879 5146 possibile
905 5073 1031 5139 fuit,
1064 5073 1178 5129 Deo
1201 5073 1498 5145 sibiopern
1523 5074 1760 5142 ferente,
1785 5075 1978 5132 solila-
2083 5091 2242 5140 mos;
2277 5075 2394 5131 illis
2420 5093 2553 5131 vero
2585 5077 2656 5132 ab
2687 5076 2794 5132 hac
2823 5077 2950 5136 luce
2979 5081 3352 5152 substractis,
3389 5084 3608 5160 ἱρεᾳω
3646 5098 3771 5154 χει.-

344 5159 492 5220 riam
514 5159 734 5232 peregit
752 5159 949 5215 vitam.
975 5161 1350 5216 Postmodum
1372 5177 1504 5215 vero
1521 5161 1761 5232 cupiens
1781 5161 1973 5220 locum
2082 5179 2204 5218 ram
2235 5168 2509 5235 perpetuo
2531 5165 2825 5220 cmnobita:
2848 5168 3234 5240 possiderent.
3277 5159 3573 5246 Sed,jam
3602 5181 3774 5241 dicto

339 5247 451 5304 sibi
474 5247 1694 5318 commissum,fratresquequosreliquerat
1711 5247 1970 5318 revisere,
2082 5255 2202 5308 viro
2235 5254 2504 5320 obeunte,
2536 5253 2693 5310 filius
2731 5253 2942 5326 ipsius,
2989 5258 3285 5316 Alrannus
3335 5264 3625 5342 nomine,
3663 5275 3774 5346 qui

341 5351 528 5410 usque
575 5337 646 5392 ad
693 5335 1073 5405 Novigcntum
1147 5337 1747 5404 (Negant-sur-Ilfame)
1800 5355 1972 5410 prope
2080 5341 2306 5412 primus
2335 5341 2516 5398 haeres
2548 5342 2869 5414 exstiterat,
2895 5346 3183 5422 cujusque
3203 5365 3422 5413 nomen
3450 5352 3518 5412 in
3546 5335 3776 5420 eligi-ta

340 5423 758 5478 monasterium
783 5423 1060 5495 pervenit.
1088 5422 1303 5477 Ibidem
1329 5439 1464 5493 ergo
1481 5423 1661 5494 figens
1678 5440 1968 5495 gressum,
2079 5428 2507 5496 continebatur,
2526 5431 2808 5488 accedens
2828 5434 2898 5490 ad
2922 5435 3204 5506 Odonem,
3224 5439 3328 5511 qui
3347 5446 3771 5513 postmodum

340 5509 882 5597 mandatgfratribus
913 5529 971 5565 se
1019 5510 1244 5578 adesse,
1286 5513 1458 5597 atque
1489 5511 1559 5565 ad
1609 5525 1706 5565 eos
1738 5529 1798 5566 sc
1827 5515 1968 5570 velle
2075 5515 2200 5571 loco
2251 5517 2480 5588 praefuit
2525 5522 2755 5590 accepto
2801 5523 3005 5593 pretio,
3051 5509 3472 5597 super‘altare
3525 5545 3770 5596 sancta;

335 5591 548 5699 venire.
581 5595 740 5657 Quod
788 5597 952 5652 multi
997 5597 1317 5699 audientes,
1358 5596 1506 5652 hanc
1532 5597 1659 5666 ejus
1695 5599 1964 5656 desiderii
2075 5603 2264 5659 Maria:
2286 5607 2550 5662 eamdem
2572 5609 2765 5678 posuit
2786 5591 3334 5686 chartulam,—atque
3365 5591 3771 5699 cunctati};

341 5675 698 5734 devotionem
743 5684 1183 5754 prohibuerunt,
1232 5683 1488 5764 dicentes
1539 5701 1644 5740 suo
1693 5684 1814 5742 loco
1839 5687 1963 5757 jam
2075 5691 2135 5745 in
2167 5708 2234 5747 ea
2264 5691 2554 5765 descripta
2572 5675 2748 5754 erant
2779 5697 2976 5755 abbati
3006 5716 3072 5756 ac
3103 5675 3418 5762 monachis
