3968 6332
125 452 240 524 857

1302 449 1485 516 VITA
1536 449 1988 514 BURCHARDI
2036 450 2381 514 COMITIS.

3430 459 3550 521 858

127 587 272 646 Sunt
301 586 509 642 autem
541 583 684 659 ipsae
716 600 808 640 res
846 598 963 640 non
1008 599 1254 658 magnae,
1309 585 1410 640 sed
1460 585 1779 640 admodum
1813 587 1867 652 Α
1895 603 2095 643 vocem
2144 587 2293 644 servi
2341 585 2441 642 Dei
2493 589 2549 642 et
2596 584 2866 657 precibus
2910 587 3096 642 sancti
3147 588 3236 643 sui
3277 594 3548 647 exoratus

129 692 334 749 parvae,
382 675 512 729 sita:
546 673 604 728 in
653 673 1039 730 Parisiacensi
1087 690 1234 746 pago
1266 690 1381 729 non
1422 672 1593 744 longe
1625 691 1657 728 a
1699 690 1788 726 ca-

129 763 290 821 stello
323 762 620 829 Corboilo,
645 764 745 820 scd
781 764 838 817 in
861 763 1106 819 circuitu
1139 763 1403 834 ejusdem
1436 762 1634 818 castri.
1672 763 1788 816 Hoc

129 859 212 910 est
243 853 302 908 in
333 851 478 907 villa
505 869 636 924 quae
668 856 906 907 vocatur
938 853 1149 920 Lieias,
1186 851 1448 907 villulam
1485 869 1611 923 qua:
1645 850 1787 906 dici-

129 948 222 1000 tur
250 943 691 1015 Burgunnaria,
716 960 781 996 eo
812 943 965 1013 quod
993 942 1069 998 ibi
1094 942 1538 1014 Burgundiones
1566 941 1790 996 habita-

128 1035 350 1098 verunt,
404 1029 766 1087 ubihabetur
810 1031 956 1086 silva
994 1047 1129 1086 cum
1181 1037 1333 1088 terra
1383 1030 1610 1086 arabili.
1646 1032 1786 1086 Item

132 1137 303 1193 prope
351 1125 623 1176 castrum
673 1121 1040 1187 farinarium,
1091 1121 1245 1192 quod
1298 1125 1534 1176 vocatur
1565 1119 1784 1187 Tolvia,

133 1227 260 1265 cum
306 1209 562 1265 dimidio
608 1210 888 1280 aripenno
930 1215 1115 1276 terrae,
1161 1211 1231 1265 ad
1272 1209 1704 1275 aediﬁcandum,
1739 1209 1788 1264 si

133 1299 299 1356 fuerit
327 1316 501 1370 opus.
546 1301 608 1355 In
643 1299 769 1370 ipso
810 1315 1040 1369 quoque
1070 1299 1195 1353 loco
1238 1298 1670 1370 aliquantulum
1719 1300 1789 1353 de

131 1394 279 1446 terra
317 1387 524 1446 Sancti
582 1386 885 1459 Stephani.
929 1386 1144 1442 Caetera
1202 1404 1334 1442 vero
1384 1392 1542 1454 sunt,
1594 1387 1650 1441 id
1702 1392 1788 1442 est

133 1484 330 1535 contra
359 1477 681 1533 castellum
726 1475 911 1531 sancti
955 1476 1248 1548 Exuperii,
1281 1480 1337 1532 et
1377 1477 1434 1531 in
1475 1476 1696 1547 juniori
1731 1482 1789 1531 et

133 1569 188 1624 in
210 1567 384 1625 veteri
407 1565 706 1632 Corboilo,
735 1570 790 1620 et
819 1565 877 1619 in
901 1566 1115 1630 Ateias,
1150 1569 1206 1620 et
1235 1566 1293 1620 in
1323 1565 1576 1633 Sosiaeo,
1611 1570 1787 1636 atque

134 1658 187 1718 in
217 1657 455 1716 Sintrio.
491 1657 632 1720 Quae
665 1654 764 1726 qui
806 1659 1016 1710 cuncta
1045 1671 1283 1710 noscere
1313 1655 1494 1726 cupit,
1530 1655 1588 1709 in
1620 1653 1785 1710 char-

132 1753 270 1817 tula,
301 1748 425 1805 sive
471 1747 535 1801 in
569 1748 919 1802 testamento
951 1744 1183 1800 Roberti
1222 1744 1398 1816 regis,
1446 1746 1599 1815 quod
1635 1762 1787 1800 anno

134 1836 415 1898 incarnati
445 1833 626 1892 Verbi
671 1834 826 1900 1028,
861 1849 1013 1888 anno
1044 1849 1176 1887 vero
1208 1833 1369 1905 regni
1404 1832 1493 1888 sui
1534 1851 1634 1899 xu,
1670 1834 1786 1888 fac-

136 1929 253 1984 tum
283 1929 393 1992 est,
428 1928 635 1996 aperte
667 1921 917 1994 reperire
949 1921 1181 1976 valebit.

201 2016 276 2074 Eo
327 2013 517 2086 igitur
542 2018 826 2082 tempore,
852 2011 991 2064 dum
1019 2011 1374 2065 Francorum
1414 2026 1661 2082 regnum
1695 2028 1792 2083 op-

135 2104 271 2163 time.
300 2119 443 2175 pace
474 2119 511 2160 a
545 2101 798 2157 Roberto
830 2098 1082 2170 glorioso
1115 2116 1247 2171 rege
1277 2100 1705 2171 gubernaretur
1734 2106 1790 2155 et

139 2191 387 2249 Ecclesia
407 2191 513 2249 Dei
540 2189 704 2262 pacis
723 2188 1030 2244 concordia
1053 2203 1110 2242 re
1118 2187 1389 2257 pleretur,
1415 2188 1611 2244 subito
1637 2188 1789 2244 idem

142 2297 377 2352 regnum
411 2278 682 2349 maligna
703 2276 1084 2331 conturbatur
1106 2276 1476 2332 adversitate.
1504 2277 1665 2332 Unde
1696 2293 1789 2331 ac-

142 2369 271 2424 cidit
300 2372 366 2424 ut
410 2367 662 2440 quidam
711 2365 889 2434 hujus
936 2363 1154 2429 saeculi,
1204 2368 1444 2420 ventosa
1491 2365 1792 2420 nobilitate

142 2457 434 2529 praedives,
467 2454 758 2512 Arnulfus
779 2453 1088 2519 vocitatus,
1110 2453 1423 2508 comitatus
1447 2454 1635 2509 officio
1655 2454 1794 2509 insi-

143 2546 353 2619 gnitus,
382 2549 597 2601 contra
615 2544 898 2597 domuum
927 2542 1244 2596 Robertum
1267 2542 1614 2614 insurgeret,
1651 2560 1790 2597 cun-

143 2640 226 2691 cta
253 2653 376 2708 quae
399 2636 534 2707 ejus
565 2631 768 2690 ditioni
790 2631 1053 2702 subjecta
1073 2631 1193 2686 fore
1213 2631 1560 2687 videbantur
1590 2633 1792 2687 incen-

143 2723 228 2779 dio
258 2725 690 2788 concremaret,
713 2725 769 2774 et
800 2737 866 2775 ea
896 2719 1051 2774 mala
1073 2736 1200 2790 quae
1232 2719 1444 2774 inferre
1477 2723 1703 2791 poterat
1733 2719 1792 2774 in

143 2813 403 2868 monibus
425 2811 758 2866 adhiberet.
777 2809 899 2872 Qua
920 2807 1214 2862 discordia
1236 2807 1578 2878 przevalente
1597 2812 1652 2862 et
1673 2807 1795 2863 dia-

144 2901 247 2956 boli
296 2901 524 2956 saevitia
560 2902 875 2970 praeeunte,
911 2897 1236 2952 cmnobium
1271 2897 1460 2952 sancti
1511 2896 1791 2952 Walarici

146 2990 292 3056 adiit,
323 2988 605 3045 incendio
637 2991 850 3041 cuncta
877 3003 1002 3058 quae
1036 2985 1225 3057 potuit
1253 2987 1666 3052 concremavit,
1697 2990 1790 3041 at-

144 3096 244 3150 que
271 3079 469 3152 ipsum
513 3093 730 3148 corpus
776 3075 1126 3130 confessoris
1155 3075 1633 3146 Christigproprio
1684 3076 1788 3130 do-

145 3169 288 3224 mino
334 3165 627 3223 subdidit.
676 3165 798 3228 Qua
830 3165 899 3218 de
932 3179 992 3218 re
1041 3162 1281 3218 tristitia
1322 3180 1534 3234 magna
1583 3163 1785 3236 repleti

143 3257 417 3325 monachi,
451 3259 622 3311 tanto
655 3257 917 3308 carentes
947 3257 1213 3324 patrono,
1258 3252 1428 3306 celeri
1462 3270 1665 3324 gressu
1701 3270 1788 3306 re-

1896 677 2201 745 Dominus,
2234 676 2429 732 subito
2461 692 2791 747 :equoreum
2843 693 3004 731 mare
3042 675 3123 731 ita
3170 677 3421 732 divisum
3464 685 3552 734 est

1897 772 1963 822 ut
1991 765 2174 837 bajuli
2225 766 2410 821 sancti
2452 765 2732 837 corporis,
2766 769 2823 820 et
2855 755 3388 839 cuuctusipopulus
3424 767 3548 823 lau-

1897 856 2158 910 dandoet
2173 855 2563 910 benedicendo
2580 855 2895 910 Dominum
2920 855 3126 923 Deum,
3149 873 3284 912 cum
3317 873 3551 914 summa

1896 944 2088 999 laudis
2115 945 2436 1010 devotione,
2472 944 2615 999 illud
2633 961 2965 1015 aequoreum
2993 945 3174 1001 maris
3197 945 3546 1017 periculum,

1897 1033 2067 1088 siccis
2087 1034 2365 1105 vestigiis,
2390 1034 2608 1105 absque
2633 1033 2749 1088 ullo
2777 1034 2954 1088 maris
2978 1034 3256 1105 periculo,
3284 1039 3548 1106 pertran-

1898 1123 2056 1177 siret.
2090 1123 2171 1176 Ex
2203 1139 2318 1192 quo
2350 1123 2500 1176 facto
2533 1121 2677 1177 illud
2725 1123 3009 1178 Dominus
3041 1124 3312 1179 reiterare
3345 1125 3548 1197 digna-

1897 1214 1993 1266 tus
2017 1215 2106 1265 est
2127 1210 2473 1265 miraculum
2498 1212 2650 1281 quod
2673 1212 3012 1283 perMoyscn
3037 1212 3324 1268 famulum
3348 1231 3546 1283 suum,

1897 1300 2258 1372 fugientibus
2291 1299 2426 1353 {iliis
2462 1299 2659 1364 Israel,
2691 1317 2789 1370 per
2825 1301 3084 1356 medium
3130 1319 3289 1358 mare
3322 1303 3547 1375 operari

1898 1389 2173 1460 dignatus
2204 1393 2310 1443 est.
2346 1387 2493 1442 Illud
2535 1405 2770 1459 quoque
2816 1389 3143 1445 coenobium
3182 1390 3383 1448 multis
3415 1411 3528 1464 pra:

1899 1478 2130 1532 diorum
2175 1495 2417 1532 suorum
2479 1477 2959 1547 possessionibus
3022 1479 3272 1534 ditatum
3314 1481 3550 1538 reddere

1899 1567 2163 1638 cupiens,
2197 1565 2384 1621 multa
2414 1565 2768 1621 intrinsecus
2797 1571 2854 1621 et
2875 1566 3237 1622 extrinsecus
3269 1569 3340 1623 ob
3371 1586 3544 1624 suum

1898 1659 2244 1727 perpetuum
2311 1654 2647 1710 memoriale
2693 1654 2994 1726 largiendo
3055 1655 3323 1713 contulit.
3389 1658 3550 1714 Unde

1897 1744 2072 1800 etiam
2116 1744 2332 1799 ibidem
2377 1743 2502 1800 dies
2544 1744 2928 1800 anniversarii
2979 1745 3166 1817 ipsius
3216 1745 3557 1806 solemniter

1899 1833 2244 1900 celebratur,
2270 1839 2552 1904 tanquam
2576 1834 2623 1889 si
2637 1850 2892 1905 przesens
2906 1834 3022 1890 illic
3039 1836 3272 1891 adesset
3287 1852 3527 1910 corpore
3540 1881 3552 1894 .

1821 1955 1868 2018 B
1899 1924 2006 1989 Qui
2055 1923 2229 1978 etiam
2261 1923 2528 1978 testando
2560 1923 2927 1994 profitentur,
2963 1923 3012 1978 si
3048 1924 3325 1995 possibile
3375 1932 3550 1995 esset,

1901 2017 1966 2068 ut
1994 2013 2146 2084 apud
2195 2011 2328 2067 illos
2376 2029 2586 2083 corpus
2628 2011 2786 2068 illius
2839 2011 3169 2077 haberetur,
3223 2015 3376 2085 quod
3425 2017 3549 2072 ﬁeri

1901 2118 2017 2156 non
2040 2101 2207 2170 valet,
2232 2101 2369 2173 quia
2398 2101 2506 2156 hoc
2537 2100 2819 2156 voluntati
2851 2101 2952 2156 Dei
3000 2100 3227 2174 placere
3263 2120 3377 2158 non
3410 2121 3551 2160 con-

1902 2191 2170 2257 ﬁdimus;
2221 2195 2418 2246 tamen
2464 2188 2623 2244 illius
2675 2191 3072 2245 venerandum
3117 2208 3329 2264 corpus
3376 2211 3554 2266 penes

1902 2279 2086 2335 sancti
2118 2277 2388 2336 Walarici
2421 2296 2634 2349 corpus
2667 2283 2998 2349 poneretur,
3034 2284 3326 2351 quatenus
3377 2299 3551 2354 quem

1900 2368 2187 2424 honorare
2218 2367 2447 2422 studuit
2472 2367 2530 2422 in
2564 2372 2715 2422 terra
2745 2385 2877 2422 cum
2912 2368 3038 2440 ipso
3072 2386 3305 2442 quoque
3334 2388 3367 2426 a
3398 2372 3553 2427 chri-

1903 2462 1991 2512 sto
2037 2455 2516 2511 honoriﬁcaretur
2563 2455 2620 2509 in
2671 2455 2813 2510 ccelo
2863 2459 2920 2510 et
2968 2455 3026 2510 in
3073 2461 3246 2514 terra.
3284 2458 3416 2526 Sed,
3461 2457 3554 2516 his
3615 2493 3624 2498 -

1902 2545 2159 2611 omissis,
2185 2545 2255 2600 ad
2291 2549 2557 2599 nostrum
2591 2545 2993 2600 Burchardum
3018 2546 3388 2604 reflectamus
3418 2549 3554 2604 arti-

1904 2634 2124 2698 culum,
2180 2651 2245 2689 ac
2278 2632 2526 2704 qualiter
2555 2633 2625 2687 ad
2658 2650 2891 2688 sacrum
2924 2631 3184 2689 ordinem
3221 2637 3551 2704 accesserit,

1901 2730 1958 2778 et
2006 2724 2077 2778 ad
2118 2722 2415 2777 Christum
2449 2722 2824 2793 postmodum
2858 2721 3203 2792 pervenerit,
3238 2723 3554 2780 auxiliante

1903 2811 2170 2878 Domino,
2208 2814 2463 2866 vertatur
2492 2809 2698 2881 stylus,
2733 2815 2788 2864 et
2818 2810 3044 2865 cunctis
3075 2810 3184 2866 hoc
3209 2797 3552 2883 {ignoranti-

1901 2902 2013 2956 bus
2057 2904 2256 2955 nostra
2299 2897 2559 2954 oratione
2596 2899 3020 2970 manifestaque
3052 2899 3274 2956 ratione
3320 2901 3549 2957 cunctis

1903 2991 2338 3046 demonstretur
2369 2987 2735 3043 mortalibus.

1975 3078 2188 3135 Diebus
2212 3077 2389 3150 igitur
2412 3076 2671 3147 praedicti
2693 3077 2942 3144 abbatis,
2967 3076 3133 3133 miles
3157 3077 3410 3135 invictus
3433 3081 3549 3136 Deo

1899 3167 2143 3222 devotus
2175 3183 2369 3221 comes
2404 3166 2778 3220 Burchardus
2811 3167 2868 3220 in
2901 3165 3263 3224 inﬁrmitatis
3305 3167 3549 3241 languo-

1903 3271 2023 3310 rem
2055 3255 2288 3310 decidit.
2324 3255 2435 3310 Sed
2469 3254 2745 3325 quoniam
2795 3251 2988 3309 omnis
3021 3255 3176 3310 [ilius
3209 3255 3309 3328 qui
3342 3257 3546 3328 recipi-

143 3361 259 3417 gem
276 3347 638 3401 Francorum
663 3343 897 3408 adeunt,
924 3345 1225 3414 poscentes
1251 3346 1315 3395 ut
1337 3342 1421 3397 eis
1445 3357 1784 3397 succurrere
1817 3325 1858 3390 C
1898 3349 1995 3398 tur
2021 3360 2053 3398 a
2083 3343 2198 3398 Deo
2230 3343 2702 3409 misericorditer,
2729 3342 3073 3414 ﬂagellatur,
3093 3345 3435 3400 desiderans
3461 3345 3550 3401 iu-

143 3433 489 3506 dignaretur.
546 3430 654 3496 Qui
693 3430 778 3486 eis
822 3429 1191 3501 praesentiam
1223 3431 1313 3484 sui
1359 3429 1630 3485 exhibere
1671 3448 1786 3484 non

141 3523 342 3591 valens,
376 3523 671 3578 domuum
694 3519 1066 3574 Bucbardum
1098 3519 1386 3573 exorando
1419 3519 1783 3590 deprecatur,

144 3616 200 3665 ut
225 3611 304 3667 eis
335 3628 446 3666 sua
485 3609 614 3665 vice
646 3611 1101 3675 succurreret,et
1131 3607 1214 3661 eis
1246 3623 1458 3678 corpus
1488 3611 1782 3675 sanctum,

142 3715 243 3771 quo
270 3699 507 3769 valeret,
540 3697 844 3769 juvamine
877 3696 1116 3751 reddere
1135 3695 1364 3750 faceret.
1401 3695 1782 3751 Venerandus

141 3804 259 3843 vero
300 3786 686 3844 Burchardus
717 3801 911 3841 comes
963 3783 1102 3839 illuc
1162 3784 1499 3851 adveniens,
1562 3785 1630 3840 de
1681 3785 1782 3840 Dei

143 3876 316 3947 gratia
384 3877 566 3934 corde
621 3875 941 3940 confidens,
1019 3873 1291 3927 comitem
1365 3872 1785 3928 Flandrensem

143 3964 286 4032 adiit,
319 3966 482 4038 regia
512 3963 733 4035 profert
768 3963 962 4028 verba,
995 3965 1052 4016 et
1086 3977 1220 4015 eum
1252 3962 1545 4016 exorando
1578 3963 1785 4034 depre-

146 4057 310 4122 catur,
344 4058 645 4126 quatenus
690 4050 1042 4106 confessoris
1081 4049 1297 4105 Christi
1330 4051 1614 4118 membra,
1659 4068 1786 4122 quae

147 4139 334 4213 iniqua
379 4140 704 4214 cupiditate
751 4137 1089 4203 sustulerat,
1140 4137 1437 4192 voluntate
1477 4142 1533 4193 et
1564 4139 1788 4194 miseri-

149 4231 325 4286 cordia
363 4230 468 4287 Dei
501 4232 818 4302 praeeunte,
861 4227 984 4284 solo
1017 4227 1351 4284 restitueret
1381 4228 1633 4299 proprio.
1678 4228 1785 4292 Qui

148 4319 260 4388 ejus
291 4319 565 4392 precibus
596 4333 908 4374 assensum
939 4315 1224 4387 praebens,
1257 4331 1458 4386 pacem
1490 4316 1622 4370 fecit
1651 4333 1785 4372 cum

148 4421 264 4478 rege
287 4413 344 4464 et
382 4407 649 4473 Francis,
681 4411 739 4461 et
770 4405 925 4477 quod
956 4422 990 4460 a
1021 4409 1180 4460 tanto
1229 4403 1440 4459 comite
1481 4405 1785 4476 petebatur

147 4493 393 4553 celeriter
450 4493 827 4567 adimpletur.
901 4495 1162 4564 Cumque
1228 4494 1527 4549 venissent
1567 4495 1636 4548 ad
1682 4493 1788 4548 ilu-

145 4582 287 4642 vium
316 4587 419 4657 qui
454 4586 703 4640 Summa
741 4582 977 4651 dicitur,
1012 4589 1067 4638 et
1096 4582 1231 4638 inde
1262 4583 1511 4638 transire
1546 4581 1780 4652 vellent,

145 4679 361 4744 repente
414 4691 578 4731 mare
627 4677 875 4729 cernunt
918 4671 1258 4739 inundasse,
1302 4677 1357 4726 et
1395 4672 1546 4726 viam
1578 4676 1780 4728 sancto
1815 4690 1860 4753 Ι)
1892 4674 2223 4731 consolator
2291 4674 2662 4744 miserorum,
2740 4674 3076 4731 sublevator

147 4764 379 4834 corpori,
413 4763 735 4834 comitique
784 4761 1140 4827 Burchardo,
1174 4766 1229 4816 et
1260 4761 1482 4817 caeteris
1514 4761 1613 4832 qui
1645 4779 1781 4816 cum

147 4863 203 4904 eo
229 4857 406 4923 erant,
443 4853 751 4925 denegare.
784 4852 946 4906 Tunc
979 4866 1195 4917 comes,
1229 4850 1327 4921 qui
1366 4850 1603 4921 bajulus
1657 4868 1788 4907 san-

148 4937 212 4992 cti
241 4941 500 5014 corporis
530 4945 673 5009 erat,
707 4941 930 4998 cunctis
960 4939 1334 4997 audientibus
1359 4943 1415 4995 et
1443 4940 1629 4996 Deum
1669 4946 1785 4998 tota

151 5033 326 5086 mente
356 5029 953 5102 ignorantibus,dixit
987 5045 999 5082 :
1037 5052 1064 5077 «
1098 5028 1343 5085 Domine
1361 5029 1501 5084 Jesu
1533 5029 1780 5100 Christe,

150 5113 192 5168 si
213 5117 609 5176 misericordia
638 5117 952 5175 voluntatis
983 5121 1095 5174 tuae
1119 5117 1312 5174 existit
1342 5122 1407 5173 ut
1436 5135 1648 5190 corpus
1678 5118 1784 5175 hu-

146 5201 232 5271 jus
259 5207 444 5263 sancti
487 5207 575 5262 tui
624 5207 858 5279 preprio
889 5206 1232 5263 restituatur
1261 5207 1544 5277 ccenobio,
1571 5208 1782 5277 jubeas

153 5293 301 5350 nobis
320 5294 431 5350 hoc
461 5295 684 5351 ﬂumen
717 5295 895 5352 maris
926 5295 1236 5351 clementia
1261 5300 1370 5351 tuae
1394 5296 1672 5352 bonitatis
1703 5297 1784 5351 di-

148 5378 343 5449 videre,
373 5388 430 5439 et
457 5384 617 5439 viam
648 5384 827 5454 hujus
873 5385 1101 5440 itineris
1133 5384 1443 5441 clementia
1485 5389 1584 5441 tua
1614 5385 1781 5441 nobis

153 5472 384 5536 pandere
425 5490 543 5527 non
585 5473 953 5545 dedignetur,
986 5477 1276 5546 quatenus
1306 5473 1426 5528 haec
1459 5473 1646 5546 plebs,
1681 5477 1782 5529 tuo

151 5559 354 5616 nomini
382 5561 670 5628 serviens,
693 5563 764 5616 ad
789 5561 1022 5618 laudem
1045 5562 1242 5634 gloriae
1275 5567 1384 5618 tuae
1416 5569 1472 5618 et
1502 5563 1574 5617 ad
1598 5562 1779 5617 hono-

153 5661 259 5702 rem
288 5648 463 5720 hujus
493 5649 682 5705 sancti
713 5650 797 5705 tui
829 5653 998 5706 corde
1028 5653 1230 5707 devoto
1263 5667 1507 5708 munera
1539 5651 1781 5706 laudum

149 5731 268 5792 laeta
283 5739 472 5796 cordis
484 5737 875 5796 exsultatione
893 5741 1214 5812 persolvere
1237 5740 1442 5797 valeat.
1473 5762 1500 5788 ››
1524 5740 1610 5795 Ad
1631 5739 1783 5795 hanc

1901 3432 2080 3487 veniri
2110 3431 2357 3503 vigilans
2388 3431 2595 3485 anima:
2626 3448 2768 3499 sua),
2802 3435 3000 3486 custos
3034 3431 3273 3504 pervigil
3309 3433 3552 3491 existere

1897 3519 2184 3591 cupiebat.
2221 3519 2490 3574 Protinus
2522 3519 2676 3574 enim
2708 3518 2920 3574 militia
2949 3517 3243 3575 saecularis
3297 3525 3554 3578 contem-

1897 3608 2078 3674 nitur,
2127 3605 2489 3662 monachalis
2531 3606 2648 3661 vita
2678 3606 2992 3677 appetitur,
3036 3607 3264 3663 caeleste
3301 3626 3550 3682 regnum

1896 3700 2015 3752 toto
2047 3696 2260 3752 mentis
2291 3695 2506 3750 intuitu
2539 3694 2990 3766 concupiscitur.
3037 3697 3384 3754 Formidans
3415 3717 3551 3772 ergo

1898 3785 2102 3841 mortis
2153 3783 2480 3856 periculum
2529 3784 2773 3839 minime
2818 3801 2989 3856 posse
3019 3787 3281 3852 evadere,
3314 3793 3550 3860 accepto

1897 3892 2039 3932 auro
2079 3878 2135 3930 et
2175 3879 2436 3946 argento,
2471 3873 2779 3945 palliisque
2813 3878 2868 3928 et
2899 3874 3098 3930 multis
3131 3877 3549 3931 monasteriali-

1896 3965 2009 4020 bus
2041 3963 2422 4028 ornamentis,
2456 3963 2514 4017 in
2537 3966 2870 4017 constructo
2899 3970 2953 4018 et
2975 3964 3256 4020 aediﬁcato
3282 3983 3312 4020 a
3336 3982 3397 4020 se
3422 3965 3548 4022 loco

1898 4051 2265 4108 monachiala
2293 4051 2639 4106 indumenta
2665 4051 2910 4122 requirit
2952 4058 3008 4107 et
3049 4053 3277 4125 accipit.
3313 4054 3401 4109 Fit
3433 4058 3551 4110 luc-

1897 4146 1991 4197 tus
2033 4141 2238 4213 ingens
2287 4140 2358 4194 ab
2399 4139 2674 4195 omnibus
2726 4141 3080 4197 Francorum
3123 4143 3483 4213 proceribus,
3518 4163 3552 4201 a

1897 4230 2222 4296 monachis,
2252 4246 2285 4285 a
2314 4228 2561 4297 clericis,
2606 4248 2640 4284 a
2671 4230 2882 4297 viduis,
2919 4249 2952 4285 a
2983 4233 3210 4288 cunctis
3241 4233 3551 4290 ordinibus

1896 4320 2203 4390 utriusque
2233 4335 2404 4374 sexus
2431 4323 2487 4372 et
2517 4319 2728 4386 aetatis,
2760 4336 2824 4374 eo
2858 4321 3013 4389 quod
3049 4321 3312 4392 ipsorum
3352 4326 3548 4393 patro-

1897 4425 2009 4464 nus
2040 4425 2137 4464 eos
2159 4408 2448 4462 desereret
2479 4424 2627 4478 quos
2659 4407 2878 4462 aifabili
2903 4409 3168 4477 consilio,
3203 4409 3548 4467 dulcissime

1895 4497 2148 4569 alloquio
2192 4496 2514 4552 confortare
2545 4496 2782 4552 solebat.
2823 4496 3115 4569 Plangunt
3145 4500 3340 4553 cuncti
3390 4499 3547 4554 mili-

1895 4591 2004 4656 tes,
2082 4585 2481 4642 lamentantur
2547 4585 2803 4641 univcxsi
2879 4603 3184 4657 pauperes,
3267 4587 3545 4658 quoniam

3159 4675 3508 4733 afflictorum
3532 4719 3544 4743 ,

1895 4769 2239 4821 cunctorum
2300 4763 2556 4819 militum
2599 4780 2736 4836 spes
2777 4769 2834 4819 et
2865 4764 3182 4835 refugium,
3216 4767 3287 4822 ab
3321 4784 3545 4836 eorum,

1894 4853 2348 4910 subtrahebatur
2373 4853 2730 4924 aspectibus,
2764 4857 2821 4908 et
2851 4852 2961 4924 ipsi
2993 4854 3334 4924 praesidium
3366 4855 3548 4912 totius

1893 4961 2012 5000 suae
2044 4942 2252 4998 salutis
2282 4946 2338 4997 et
2375 4941 2792 4998 consolationis
2832 4943 3203 5000 amittebant.
3237 4946 3309 4999 At
3347 4948 3552 5002 contra

1893 5033 2214 5100 caanobitae,
2246 5030 2464 5087 Christi
2512 5032 2683 5098 servi,
2731 5030 2867 5086 licet
2911 5032 2981 5088 de
3014 5034 3142 5105 ejus
3174 5032 3549 5091 incommodo

1891 5122 2285 5188 tristarentur,
2347 5120 2687 5192 gaudebant
2751 5124 2969 5189 tamen,
3052 5123 3334 5194 quoniam
3427 5129 3548 5180 tam

1892 5211 2162 5283 egregius
2212 5207 2400 5275 miles,
2448 5207 2705 5264 comitali
2755 5208 2973 5265 honore
3035 5211 3410 5283 praefulgens,
3455 5228 3547 5273 se-

1891 5300 2149 5353 cundum
2195 5298 2426 5352 Domini
2477 5302 2848 5369 praeceptum,
2907 5305 3116 5355 cuncta
3177 5299 3543 5369 relinquebat

1892 5389 2137 5458 ejusque
2176 5389 2388 5458 jugum
2431 5403 2606 5443 suave
2661 5393 2717 5442 et
2748 5404 2900 5442 onus
2931 5388 3055 5443 leve
3108 5391 3297 5441 mente
3339 5388 3545 5442 devota

1892 5477 2268 5547 suscipiebat.
2310 5476 2662 5531 Deferuntur
2705 5475 2901 5547 itaque
2934 5475 3086 5530 inter
3114 5479 3320 5528 caetera
3353 5474 3544 5540 ipsius

1892 5569 2256 5635 ornamenta,
2286 5582 2425 5620 vasa
2458 5564 2711 5636 plurima
2743 5581 2916 5619 aurea
2959 5567 3014 5617 et
3050 5565 3342 5632 argentea,
3395 5580 3545 5618 aerea

1892 5657 1948 5707 et
1981 5651 2190 5725 lignea,
2225 5651 2575 5707 candelabra
2598 5669 2831 5723 quoque
2853 5649 3123 5721 pretiosa.
3150 5650 3282 5712 Quae
3317 5650 3537 5717 omnia,

1893 5745 1958 5796 ut
1989 5741 2235 5812 dignum
2267 5743 2408 5806 erat,
2433 5740 2505 5795 ad
2538 5745 2749 5794 saneta:
2787 5735 3058 5802 ecclesiae,
3093 5751 3192 5791 seu
3223 5735 3406 5790 sancti
3459 5737 3543 5791 al-
