3916 6374
384 461 500 525 859

991 459 1273 525 ODONIS
1317 457 1793 524 FOSSATENIS
1837 455 2192 522 MONACHI
2237 459 2421 526 Vl'l‘A
2461 459 2917 528 BURCHARDI
2957 461 3147 528 COM.

3661 461 3779 526 860

383 595 524 652 taris
574 594 897 652 ministeria
938 597 1308 669 deputantur.
1367 595 1522 649 Inter
1563 593 1686 648 haec
1733 608 1867 664 ergo
1899 592 2014 648 duo
2043 592 2099 660 Α
2127 594 2367 652 chorum
2393 597 2642 669 agmine.
2661 596 2896 670 Corpori
2926 595 3343 671 persolvuntur
3363 595 3662 670 obsequia
3693 595 3778 654 fu-

379 702 519 740 vasa
541 685 792 757 pretiosa
820 686 888 739 ad
912 685 1192 757 limpham
1217 683 1570 738 fundendam
1592 682 1709 736 sive
1739 680 2015 754 recipien-

382 775 514 829 dam
549 775 605 828 in
639 759 952 828 sacerdotis
986 773 1278 834 manibus,
1313 787 1564 842 quorum
1603 787 1784 825 unum
1821 771 2011 824 mani-

383 863 586 933 pulum
626 879 920 924 vocamus,
973 877 1037 916 eo
1077 862 1230 932 quod
1271 877 1447 914 manu
1497 859 1737 930 geritur,
1783 859 1841 914 in
1897 876 2009 930 quo

381 951 556 1006 etiam
591 951 788 1004 litterre
821 951 1106 1004 habentur
1137 965 1261 1018 quae
1296 949 1543 1020 Abagari
1575 948 1728 1017 regis
1760 948 1829 1002 ad
1875 964 2006 1002 san-

380 1041 614 1112 guinem
649 1040 1029 1093 minuendum
1062 1055 1192 1092 eum
1229 1038 1407 1092 fuisse
1437 1040 1745 1090 testantur.
1787 1036 1848 1089 In
1881 1035 2007 1106 ipso

381 1145 609 1199 quoque
647 1128 771 1196 ipse
815 1143 913 1181 rex
970 1144 1098 1181 cum
1145 1144 1203 1182 se
1257 1127 1728 1197 phlebotomante
1780 1123 2008 1194 alioque

379 1217 486 1271 sibi
532 1216 833 1282 serviente,
883 1231 950 1270 ex
995 1216 1244 1287 pretioso
1278 1231 1536 1286 puroque
1574 1231 1714 1268 auro
1755 1213 2009 1267 cernitur

376 1305 749 1376 imaginatus,
782 1310 1020 1374 tamque
1073 1305 1386 1375 pretiosum
1423 1320 1485 1356 ac
1518 1303 1788 1357 decorum
1817 1318 1916 1355 vas
1947 1302 2004 1354 in

375 1393 483 1448 hac
508 1393 689 1464 patria
719 1392 958 1447 minime
988 1392 1200 1446 dicitur
1219 1391 1485 1446 inveniri.
1509 1393 1718 1445 'l‘extus
1743 1391 1916 1444 etiam
1939 1388 2005 1442 li-

375 1483 460 1536 bri
494 1482 676 1536 sancti
702 1481 1016 1552 Evangelii,
1051 1481 1266 1552 optime
1297 1480 1504 1534 litteris
1537 1479 1728 1533 aureis
1761 1478 2008 1533 conscri-

361 1577 529 1641 ptus,
563 1587 704 1624 auro
759 1573 814 1622 et
861 1575 1097 1641 argento
1131 1574 1300 1639 atque
1351 1569 1520 1622 ebore
1551 1567 1735 1621 inciso
1769 1567 2008 1638 pulchre

374 1664 668 1730 operatus,
701 1659 942 1712 minime
963 1658 1160 1712 defuit.
1191 1659 1406 1711 Aureus
1429 1673 1658 1727 quoque
1687 1657 1842 1710 ensis
1874 1672 2006 1710 cum

374 1748 604 1819 cingulo
655 1764 846 1813 aureo,
893 1764 960 1802 ex
990 1763 1103 1816 quo
1135 1746 1242 1800 hoc
1275 1761 1554 1814 magnum
1588 1745 2006 1799 monasterium

373 1839 590 1892 dicitur
637 1853 763 1891 esse
805 1837 1145 1906 inemptum,
1187 1851 1220 1888 a
1249 1833 1466 1888 lumbis
1511 1833 1822 1898 resolutus,
1881 1835 2007 1903 ejus

370 1929 521 1982 dono
552 1925 761 1981 allatus
811 1923 939 2017 fuit.
975 1925 1254 2017 Item-vas
1285 1923 1600 1994 pretiosum
1633 1921 1796 2017 valde
1825 1938 1892 1976 ex
1923 1922 2006 1977 la-
2038 1952 2085 2017 B

369 2016 520 2086 pide,
547 2031 718 2086 quem
741 2012 1004 2069 berillum
1031 2012 1300 2078 dicimus,
1322 2028 1390 2065 ex
1411 2027 1525 2081 quo
1548 2027 1699 2081 aqua
1717 2009 1777 2064 in
1805 2014 2006 2065 sancto

368 2103 542 2157 calice
575 2103 946 2170 fundebatur,
991 2100 1300 2170 locumque
1341 2116 1456 2170 quo
1496 2099 1710 2152 milites
1759 2099 2006 2153 exerceri

368 2191 556 2247 solent
585 2190 908 2246 cristallino
959 2189 1150 2260 lapide
1188 2188 1406 2258 optime
1457 2191 1756 2257 operatum
1809 2203 2004 2241 secum

368 2280 593 2336 detulit.
627 2282 938 2336 Servorum
970 2293 1198 2348 quoque
1241 2281 1296 2330 et
1327 2275 1668 2330 ancillarum
1708 2275 2003 2330 infinitum

369 2366 616 2423 contulit
647 2382 981 2421 numerum.
1026 2365 1170 2427 Quid
1196 2364 1363 2435 plura
1384 2364 1412 2416 ‘?
1433 2381 1601 2418 nemo
1624 2363 1731 2417 hac
1776 2363 2006 2417 mortali

369 2472 540 2510 carne
571 2454 806 2525 tegitur,
843 2453 940 2524 qui
982 2458 1192 2507 cuncta
1224 2453 1351 2522 ejus
1395 2453 1546 2506 dona
1577 2451 1822 2523 pleniter
1863 2468 2005 2506 enu-

371 2559 592 2598 merare
648 2542 852 2596 valeat.
900 2542 1043 2596 Cum
1105 2557 1238 2612 ergo
1295 2546 1415 2594 tam
1472 2539 1757 2611 gloriosus
1813 2556 2006 2594 comes

368 2631 692 2686 innumeris
715 2631 768 2683 in
799 2630 1008 2685 saeculo
1041 2629 1314 2684 claruerit
1343 2627 1680 2692 honoribus,
1713 2626 1857 2681 nulli
1889 2627 2003 2682 hze-

367 2721 590 2786 redum,
643 2718 788 2773 nulli
849 2719 1194 2782 amicorum,
1253 2716 1396 2772 nulli
1455 2733 1694 2771 suorum
1744 2715 2002 2770 fidelium

364 2812 544 2874 tanta,
592 2807 844 2878 exceptis
884 2806 1114 2871 castris,
1163 2805 1416 2877 reliquit,
1459 2809 1676 2875 quanta
1724 2805 1836 2858 Deo
1868 2820 2002 2858 san-

368 2897 593 2968 ctisque
622 2898 748 2966 ejus
773 2895 830 2949 in
863 2895 987 2950 loco
1011 2894 1122 2948 sibi
1153 2911 1266 2965 prze
1290 2893 1514 2948 cunctis
1547 2892 1754 2946 dilecto
1778 2909 1880 2964 pro
1911 2908 2002 2946 sa-

367 2984 488 3040 lute
519 3003 636 3038 suae
669 2984 875 3038 animae
909 2982 1172 3038 contulit.

438 3073 612 3126 Sacro
653 3072 830 3143 igitur
859 3071 1152 3126 schemate
1179 3070 1445 3141 religiose
1475 3071 1735 3134 indutus,
1759 3069 1816 3123 in
1833 3070 2004 3124 domo

369 3160 478 3216 sibi
499 3162 669 3230 juxta
693 3159 995 3214 ecclesiam
1036 3164 1355 3230 praeparata
1389 3157 1657 3230 plurimis
1696 3157 1900 3212 diebus
1921 3158 2006 3211 in-

372 3248 576 3302 ﬁrmus
599 3246 804 3317 jacuit,
831 3247 1202 3317 postmodum
1226 3262 1465 3299 suorum
1490 3261 1785 3300 servorum
1809 3261 2006 3315 preces

369 3352 469 3406 pro
483 3353 546 3391 eo
562 3352 791 3406 semper
804 3334 1172 3389 fundentium
1188 3334 1462 3389 dominus
1478 3334 1606 3404 pius
1621 3333 1882 3404 placatus
1895 3350 2002 3388 con
2032 3313 2075 3380 Ο

367 3423 652 3479 valescere
683 3424 873 3494 coepit,
908 3427 1083 3494 atque
1106 3439 1239 3476 cum
1269 3421 1488 3476 caeteris
1518 3421 1674 3476 abire
1703 3421 2000 3476 fratribus.

366 3512 508 3566 Cum
532 3510 726 3583 itaque
757 3511 991 3565 sanitati
1023 3510 1288 3564 redditus
1324 3509 1564 3564 Domino
1595 3508 1842 3564 fideliter
1872 3508 2002 3580 pla-

373 3615 498 3654 cere
529 3601 808 3664 studeret,
841 3598 922 3652 illi
943 3598 1159 3669 jugiter
1189 3596 1408 3670 gratias
1437 3595 1722 3651 referebat
1751 3612 2001 3666 eumque

373 3685 580 3740 humili
606 3690 794 3740 mente
817 3685 1212 3750 benedicebat,
1232 3685 1368 3755 quia
1401 3701 1518 3739 sua:
1551 3688 1765 3739 sanctae
1783 3685 2006 3739 miseri-

373 3774 578 3828 cordiae
604 3774 848 3845 gratiam
881 3773 961 3827 illi
994 3772 1254 3828 etiam'in
1282 3773 1388 3827 hoe
1418 3772 1617 3826 ordine
1653 3773 2000 3828 conferebat.

372 3861 678 3916 Servitium
708 3879 938 3932 quoque
969 3865 1180 3916 sanetae
1213 3859 1492 3927 Ecclesiae,
1527 3861 1680 3931 quod
1713 3877 1872 3915 more
1898 3877 2002 3915 cae-

372 3951 702 4005 nobitarum
735 3967 767 4004 a
798 3949 1006 4005 saeculo
1037 3949 1295 4003 conversi
1331 3954 1440 4003 Deo
1474 3949 1741 4003 exhibere
1771 3949 2002 4016 debent,

370 4037 496 4108 ipse
531 4038 618 4091 vir
659 4037 1060 4092 nobilissimus
1101 4036 1306 4090 humili
1343 4037 1642 4091 devotione
1673 4037 2004 4108 peragebat.

373 4127 634 4196 Cumque
663 4126 712 4179 ei
745 4143 778 4181 a
803 4126 1080 4180 fratribus
1103 4126 1390 4180 diceretur
1413 4142 1425 4180 :
1449 4125 1674 4196 thuid
1697 4130 1814 4180 tam
1843 4126 2004 4180 nobi-

373 4213 446 4268 lis
475 4213 562 4268 vir
590 4213 850 4270 seculari
881 4214 1161 4284 dignitate
1187 4213 1512 4284 praecelsus,
1546 4213 1860 4268 senectutis
1883 4214 2008 4283 jam

373 4300 569 4356 labore
617 4302 854 4366 fractus,
890 4318 950 4356 se
988 4300 1348 4356 humiliando
1396 4301 1650 4373 affligere
1693 4301 2010 4373 dignatur?

375 4390 470 4446 ille
501 4391 919 4462 respondebat:
955 4413 982 4440 «
1007 4390 1083 4456 Si,
1115 4389 1325 4461 inquit,
1365 4407 1496 4444 cum
1527 4389 1764 4445 militari
1793 4391 2008 4445 honore

375 4479 729 4536 sublimatus
743 4495 952 4544 essem,
970 4483 1164 4550 atque,
1181 4483 1245 4532 ut
1261 4477 1472 4546 dicitis,
1493 4477 1744 4533 militum
1760 4479 2009 4550 stipatus

373 4569 626 4641 agmine,
647 4567 959 4623 comitatus
981 4567 1264 4639 dignitate
1282 4566 1592 4639 fulgerem;
1628 4566 1856 4621 mortali
1889 4566 2010 4638 regi

2122 685 2343 751 nebria,
2385 690 2648 742 sanctam
2692 687 2807 742 Deo
2837 687 3319 743 commendantes
3349 685 3646 745 animam.
3687 685 3777 742 Fit

2121 777 2352 843 repente
2383 773 2600 830 clamor
2635 792 2738 847 per
2784 776 3010 841 urbem,
3043 791 3148 846 per
3176 774 3440 842 castella,
3489 775 3660 830 vicos
3723 779 3780 829 et

2120 862 2735 934 plateas.Coneurrunt
2752 863 2992 930 milites,
3026 863 3237 918 divites
3259 867 3316 918 et
3339 879 3662 935 pauperes,
3695 879 3780 918 se-

2119 967 2221 1005 nes
2249 953 2580 1022 etjuvenes,
2602 953 2785 1007 viduae
2807 955 2864 1008 et
2889 951 3166 1024 virgines,
3191 953 3387 1007 cuncti
3415 952 3774 1024 plangentes

2116 1043 2172 1094 et
2219 1039 2522 1109 ejulantes,
2573 1040 2776 1113 repleti
2818 1039 3014 1096 dolore
3061 1044 3119 1096 et
3175 1040 3432 1095 miseria.
3479 1041 3774 1113 Impletur

2115 1125 2558 1183 Fossatusluctu
2591 1133 2647 1184 et
2676 1129 2895 1201 gemitu
2927 1129 3240 1199 omnisque
3261 1128 3484 1184 doloris
3513 1129 3778 1200 plenitu-

2115 1216 2268 1283 dine,
2301 1216 2576 1274 amittens
2605 1223 2913 1289 patronum
2943 1221 3002 1272 et
3040 1217 3411 1282 advocatum,
3445 1232 3632 1288 quem
3665 1217 3774 1272 ha-

2115 1307 2250 1360 bere
2279 1306 2490 1360 meruit
2520 1307 2882 1361 defensorem
2923 1309 2980 1360 et
3021 1305 3452 1360 sublevatorem
3495 1305 3780 1361 fidelissi-

2116 1411 2278 1448 mum
2290 1393 2531 1450 .Clamat
2545 1411 2605 1449 se
2621 1394 2861 1448 minime
2873 1392 3129 1464 amplius
3147 1397 3340 1448 tamen
3355 1397 3743 1464 reperturum
3755 1436 3769 1460 ,

2117 1483 2284 1551 cujus
2301 1481 2535 1538 nobilita
2546 1487 2598 1537 te
2616 1483 2851 1547 ditetur,
2867 1483 3038 1552 cujus
3060 1480 3276 1536 auxilio
3287 1485 3406 1536 tam
3425 1480 3780 1536 ﬁdelissime

2119 1572 2445 1638 muniatur;
2477 1571 2576 1625 sed
2609 1570 2901 1626 morsibus
2923 1573 3120 1641 patere
3143 1569 3568 1642 malignorum,
3605 1570 3776 1624 inva-

2117 1661 2278 1714 sione
2291 1659 2458 1730 diripi
2479 1659 2759 1727 hostium,
2775 1662 2947 1728 atque
2964 1661 3311 1713 cunctorum
3327 1659 3782 1714 adversantium

2116 1745 2474 1817 malignitate
2503 1745 2872 1800 circumdari.
2905 1745 3068 1808 Quod
3098 1743 3179 1799 ita
3211 1746 3595 1816 postmodum
3627 1746 3782 1800 acci-

2118 1835 2296 1898 disse,
2345 1834 2569 1888 cunctis
2597 1834 2770 1889 hodie
2799 1851 2900 1906 per
2924 1834 3125 1888 orbem
3167 1833 3520 1905 degentibus
3565 1834 3778 1889 claret.

2115 1922 2403 1994 Sepelitur
2433 1923 2610 1994 igitur
2635 1927 2751 1977 tam
2771 1921 2983 1978 nobilis
3008 1921 3116 1976 viri
3149 1922 3409 1993 corporis
3439 1923 3616 1995 gleba
3637 1929 3784 1979 ante

2117 2012 2339 2067 vultum
2371 2013 2554 2067 nostri
2581 2010 2982 2082 Redemptoris
3011 2011 3074 2064 in
3099 2010 3296 2076 domo,
3331 2011 3428 2065 ubi
3451 2011 3672 2067 fratres
3701 2012 3778 2066 ad

2115 2101 2470 2154 matutinum
2502 2104 2558 2154 et
2588 2099 2906 2154 serotinum
2949 2097 3366 2154 conveniebant
3395 2097 3777 2169 capitulum.

2113 2190 2472 2243 Studuerunt
2501 2192 2694 2242 autem
2727 2186 2953 2258 antiqui
2985 2190 3182 2258 patres
3220 2187 3345 2256 ejus
3375 2186 3778 2241 mausoleum

2114 2276 2331 2331 talibus
2380 2277 2650 2331 decorare
2695 2275 3020 2340 versiculis,
3071 2291 3185 2347 quo
3231 2275 3356 2345 ejus
3401 2277 3786 2346 perpetuum

2114 2364 2449 2419 memoriale
2481 2363 2606 2419 sine
2631 2364 2743 2418 fine
2775 2367 3038 2418 maneret
3063 2361 3414 2417 inviolabile.

2209 2463 2300 2510 Hic
2329 2462 2409 2509 vir
2437 2475 2661 2523 magnus
2691 2463 2802 2509 erat
2850 2459 3286 2523 quondamhdum
3319 2471 3542 2521 corpore
3573 2459 3750 2516 vixit.

2207 2525 2427 2594 {lumine
2459 2521 2808 2594 Barchardus,
2826 2521 2934 2594 Per
2961 2521 3150 2594 mundi
3180 2523 3403 2594 climata.
3423 2524 3612 2594 notus.

2209 2587 2388 2636 Celsus
2417 2590 2530 2634 erat
2558 2585 2776 2644 meritis,
2808 2583 2960 2633 dictis
2991 2584 3252 2646 factisque
3282 2583 3562 2646 modestus
3597 2598 3610 2632 :

2207 2648 2532 2707 Pauperibus
2561 2647 2759 2710 largus,
2789 2646 2964 2710 viduis
2993 2659 3100 2710 per
3119 2645 3312 2710 cuncta
3339 2645 3638 2710 benignus.

2205 2711 2371 2771 Ipsius
2399 2722 2466 2758 en
2497 2707 2689 2770 corpus
2719 2708 2924 2758 tumulo
2953 2707 3242 2770 requiescit
3269 2707 3328 2771 in
3357 2708 3482 2771 isto,

2205 2769 2422 2822 Martius
2452 2769 2684 2821 ostendit
2712 2775 2900 2834 quarto
2929 2769 3189 2834 migrasse
3221 2769 3493 2818 Kalendas

2113 2871 2216 2924 Illa
2255 2873 2449 2925 autem
2480 2867 2679 2922 tabula
2698 2864 2950 2938 sepulcri
2971 2865 3159 2937 ipsius
3182 2867 3255 2920 ab
3287 2865 3788 2920 antecessoribus

2113 2958 2327 3013 nostris
2348 2945 2565 3028 optime
2587 2959 2822 3026 Operata
2841 2969 2908 3008 ac
2929 2954 3204 3008 decorata
3226 2951 3337 3008 fuit
3355 2969 3540 3024 super
3563 2959 3790 3025 pectus

2112 3047 2238 3116 ejus
2271 3062 2408 3100 crux
2453 3045 2730 3098 deaurata
2771 3059 2904 3097 cum
2937 3041 3145 3097 litteris
3169 3067 3202 3097 α
3232 3045 3288 3096 et
3322 3065 3360 3094 ω
3392 3043 3796 3113 superposita

2112 3136 2222 3189 fuit
2253 3151 2264 3189 :
2299 3139 2354 3188 et
2373 3149 2479 3187 nos
2503 3147 2736 3202 quoque
2759 3129 3020 3202 pueritiae
3039 3134 3249 3184 nostra:
3271 3132 3544 3201 tempore
3576 3130 3788 3186 oculis

2113 3223 2328 3278 nostris
2371 3219 2753 3292 inspeximus.
2787 3221 2922 3284 Quae
2953 3222 3166 3273 cuneta
3205 3221 3340 3288 post
3383 3219 3672 3286 modum,
3723 3225 3797 3274 ut

2113 3310 2284 3365 hodie
2315 3313 2492 3382 patet,
2527 3307 2760 3380 penitus
2791 3307 3088 3361 destructa
3119 3305 3399 3361 existunt.

2179 3396 2539 3454 Venerabilis
2570 3410 2801 3468 quoque
2832 3394 3087 3450 Elisabet
3109 3393 3417 3450 comitissa
3447 3411 3604 3450 uxor
3648 3397 3800 3467 ejus

2109 3487 2380 3543 eumdem
2413 3484 2606 3540 locum
2638 3483 2962 3539 secundum
2991 3499 3166 3538 sexus
3197 3482 3289 3537 sui
3321 3487 3614 3538 naturam
3653 3501 3798 3540 ma-

2111 3575 2241 3649 gnis
2273 3572 2612 3628 muneribus
2659 3571 2842 3626 ditare
2881 3570 3127 3636 studuit,
3165 3587 3293 3640 quae
3326 3587 3362 3625 a
3391 3570 3620 3626 saeculo
3675 3573 3804 3628 mi-

2111 3680 2287 3737 grans
2315 3662 2531 3716 ibidem
2557 3659 2788 3732 sepulta
2805 3661 2982 3730 jacet.
3015 3659 3198 3729 Cujus
3229 3659 3430 3715 obitus
3461 3660 3598 3715 dies
3657 3663 3804 3733 agi-

2109 3758 2206 3808 tur
2233 3768 2304 3806 xv
2334 3749 2455 3804 Kal.
2496 3748 2858 3804 Februarias.
2903 3747 3082 3818 Cujus
3131 3747 3311 3801 etiam
3363 3747 3806 3820 polyandrum

2113 3841 2206 3896 his
2231 3840 2532 3894 decoratur
2572 3835 2875 3892 versiculis
2901 3853 2914 3890 :

2207 3942 2309 3986 Hos
2337 3934 2534 3998 placuit
2565 3934 2792 3998 Domino
2820 3933 2974 3998 vivos
2995 3934 3322 3998 conjungere
3353 3933 3538 3998 binos,

2269 3995 2654 4060 Et‘polyandra
2683 3995 2840 4060 simul
2863 3995 3095 4060 jungere
3129 3995 3202 4042 sic
3229 3995 3418 4060 voluit.

2210 4061 2319 4109 Hoc
2345 4057 2684 4123 quicunque,_
2701 4057 2849 4120 legis,
2871 4057 3127 4123 persolve
3153 4057 3673 4123 carmiua_psalmi,

2268 4117 2492 4183 Spiritus
2517 4117 2582 4169 ut
2605 4117 2820 4168 valeant
2848 4117 3104 4168 scandere
3135 4131 3302 4182 regna
3329 4117 3442 4181 poli

2116 4220 2250 4274 Haec
2293 4219 2363 4272 de
2410 4216 2612 4272 multis
2655 4214 2890 4270 comitis
2923 4215 3104 4286 gestis
3133 4213 3393 4270 sufficiat
3436 4232 3826 4275 enarrasse.

2113 4311 2258 4361 Sunt
2279 4305 2527 4376 denique
2555 4304 2864 4358 innumera
2881 4302 3168 4358 bonorum
3193 4303 3322 4373 ejus
3343 4319 3616 4374 operum
3645 4315 3826 4372 acta,

2117 4413 2243 4468 quae
2275 4393 2505 4449 fastidio
2528 4391 2907 4463 compellente
2929 4391 3339 4462 relinquimus,
3374 4393 3526 4462 quia
3561 4396 3656 4450 ad
3697 4397 3834 4451 alia

2117 4481 2370 4556 gerenda
2389 4481 2622 4536 festinat
2641 4479 2896 4535 animus.
2922 4479 3101 4535 Nobis
3123 4495 3280 4551 ergo,
3307 4479 3555 4550 fratres,
3589 4485 3832 4540 solerti

2119 4571 2311 4627 studio
2341 4568 2762 4642 providendum
2780 4571 2869 4623 est
2887 4570 2953 4621 ut
2973 4567 3143 4622 istius
3173 4566 3280 4622 viri
3303 4571 3838 4646 ceterorumque

372 4656 902 4728 lucernaindigenti
918 4672 1148 4712 cereum
1164 4671 1342 4710 manu
1357 4655 1769 4723 anteterebam,
1793 4659 2009 4727 quanto
2039 4675 2086 4739 Ι)
2117 4659 2552 4714 benefactorum
2591 4655 3012 4727 eleemosynas,
3047 4671 3194 4726 qua
3225 4672 3331 4726 pro
3365 4657 3840 4733 redemptione

375 4745 562 4816 magis
593 4762 749 4800 nunc
771 4743 1084 4799 immortali
1108 4743 1446 4815 Imperatori
1467 4744 1646 4798 debeo
1667 4743 1902 4812 servire,
1924 4747 2009 4798 at-

377 4850 488 4903 que
520 4837 651 4887 ante
681 4833 876 4903 ipsum
908 4831 1253 4888 candelabra
1283 4831 1543 4887 ardentia
1571 4832 1843 4887 manibus
1875 4849 2009 4887 cum

377 4919 728 4974 exhibitione
757 4919 1105 4976 humilitatis
1135 4923 1459 4976 reverenter
1499 4921 1735 4976 ferre?»
1766 4925 1887 4975 Hoc
1929 4919 2012 4974 di-

377 5022 514 5061 cens
534 5010 590 5060 et
612 5021 809 5076 agens,
831 5023 1106 5078 magnum
1133 5010 1201 5062 de
1223 5025 1284 5063 se
1309 5007 1658 5063 humilitatis
1682 5008 2010 5079 exemplum

378 5093 604 5148 cunctis
631 5093 963 5149 videntibus
1002 5099 1058 5150 ct
1087 5095 1460 5150 audientibus
1510 5095 1887 5166 proponebat.
1918 5095 2012 5151 Sic

376 5182 573 5254 itaque
626 5186 740 5236 Deo
787 5183 1064 5253 probatus
1116 5189 1189 5248 et,
1238 5183 1396 5238 velut
1425 5200 1630 5238 aurum
1671 5182 2008 5251 pretiosum,

376 5271 510 5344 igne
542 5271 927 5338 examinatus,
961 5272 1168 5327 iterum
1201 5272 1499 5343 languoris
1547 5270 1814 5325 molestia
1841 5273 2012 5326 corri-

375 5362 550 5430 pitur,
576 5365 746 5431 atque
778 5361 848 5414 ad
871 5365 1127 5414 extrema
1146 5359 1472 5414 deducitur.
1497 5357 1657 5414 Sacri
1686 5357 1864 5430 igitur
1884 5375 2008 5414 cor-

377 5448 533 5516 poris
553 5453 610 5500 et
631 5449 933 5518 sanguinis
957 5449 1164 5502 Christi
1189 5447 1550 5518 perceptione
1570 5447 1853 5514 munitus,
1880 5449 2010 5503 bea—

377 5537 500 5583 tum
531 5533 774 5587 Tim-nino
805 5534 1074 5604 spiritum
1101 5534 1350 5588 reddidit
1371 5535 1480 5588 sub
1506 5535 1674 5589 dieiv
1705 5534 2010 5591 Kalendar.

381 5617 740 5673 Martim-um.
785 5623 906 5684 Quo
956 5623 1245 5684 defuncto,
1279 5621 1555 5676 continuo
1588 5625 1755 5677 adest
1803 5626 2012 5693 prmsul

385 5719 516 5756 eum
540 5703 876 5762 clericorum
905 5725 1168 5774 numero,
1195 5707 1374 5763 abbas
1395 5726 1625 5780 quoque
1659 5727 1792 5765 cum
1816 5727 2016 5768 mona-

2118 4747 2431 4803 criminum
2462 4761 2703 4800 suorum
2750 4743 2886 4799 huic
2933 4742 3060 4798 loco
3121 4744 3534 4815 contulerunt,
3615 4749 3846 4805 taliter

2119 4839 2253 4891 ante
2301 4833 2497 4890 oculos
2533 4831 2860 4889 Conditoris
2893 4849 2996 4903 pro
3047 4831 3192 4903 ipsis
3227 4833 3718 4906 deserviamus,
3775 4845 3848 4894 ut

2119 4941 2258 4991 non,
2280 4923 2434 4994 quod
2465 4923 2684 4976 avertat
2703 4919 2857 4976 Deus
2889 4937 2924 4975 a
2948 4919 3142 4990 nobis,
3162 4921 3235 4976 ad
3259 4923 3558 4979 sternam
3595 4928 3848 4982 conm-

2119 5013 2342 5068 sionem
2371 5009 2732 5083 proveniant.
2767 5007 3085 5064 Sciendum
3115 5013 3206 5065 est
3235 5008 3396 5064 enim
3433 5015 3628 5083 quod
3673 5017 3848 5072 elec-

2119 5100 2378 5172 mosynis
2407 5100 2695 5154 bonorum
2723 5096 2980 5152 virorum
3013 5097 3316 5170 praesentis
3345 5098 3490 5155 vita;
3513 5117 3846 5168 cursum,

2119 5188 2231 5243 Deo
2257 5185 2590 5246 auxiliante,
2617 5183 3021 5255 transigimus,
3055 5183 3304 5255 ideoque
3337 5185 3560 5243 animo
3603 5207 3850 5248 recon-

2121 5277 2376 5331 dendum
2422 5274 2576 5346 quod
2609 5270 2890 5327 Dominus
2919 5271 3256 5328 terribiliter
3295 5279 3694 5343 peceatores
3747 5299 3852 5336 ex-

2123 5363 2455 5436 probrando
2504 5377 2607 5433 per
2636 5359 2982 5432 prophetam
3015 5359 3230 5416 clamat
3258 5360 3474 5418 dicens
3510 5382 3528 5421 :
3577 5373 3860 5426 Peccam

2117 5453 2314 5523 populi
2339 5452 2450 5505 mei
2476 5449 2822 5504 comederunt
2849 5448 2990 5519 (Ose.
3021 5465 3100 5516 ιν,
3133 5449 3209 5519 8).

2194 5537 2605 5594 Anniversaria
2633 5535 2809 5591 etiam
2840 5535 3049 5592 horum
3081 5537 3408 5610 conjugum
3441 5543 3862 5602 solemniter

2126 5645 2159 5682 a
2188 5627 2368 5682 servis
2401 5625 2502 5682 Dei
2523 5625 2584 5680 in
2607 5625 2814 5680 diebus
2836 5625 3130 5696 praedictis
3147 5625 3440 5684 celebrari
3467 5631 3774 5704 debent,
3801 5641 3864 5691 ut

2127 5715 2433 5770 animabus
2483 5728 2684 5769 eorum
2725 5713 2984 5783 proﬁciat
3013 5714 3166 5784 quod
3199 5715 3364 5772 hunc
3407 5733 3546 5788 pra:
3591 5725 3864 5782 caeteris
