3916 6360
2112 388 2139 417 Ι

174 518 285 586 861
932 521 1196 583 DRUGO
1238 520 1569 584 BELLUV.
1619 519 1714 580 ΕΡ

2020 517 2326 580 NOTITIA
2372 516 2816 581 HISTORICA.
3450 520 3566 581 862

175 656 367 713 locum
399 655 747 721 dilexerunt,
771 660 828 710 et
856 672 965 712 sua
993 671 1235 726 corpora
1256 653 1473 709 ibidem
1530 652 1812 709 tumulari
1844 666 1899 731 Α
1930 652 2065 708 beth
2094 669 2227 708 vero
2257 652 2541 721 Cruciaci,
2571 669 2674 725 pro
2699 652 2984 710 Ralnaldo
3015 652 3259 725 praesule
3283 652 3445 720 Seiaa,
3468 669 3570 725 pro

170 744 870 812 .Yoluerunt,utaCbristo
892 744 1139 799 Domino
1163 744 1221 798 in
1242 741 1812 813 diejudiciiresusci-
1930 745 2173 813 Hngnne
2204 757 2336 811 rege
2367 740 2763 809 Mansionum,
2799 759 2904 814 pro
2953 742 3329 798 Ermenfredo
3378 746 3573 797 autem

174 834 286 890 tari
315 838 694 889 mererentur.
718 832 912 904 Usque
942 832 1115 890 hodie
1145 833 1323 901 enim,
1350 833 1405 887 id
1428 838 1515 886 est
1544 830 1819 903 usquead
1929 834 2172 901 ejusque
2203 831 2451 901 conjuge
2482 830 2773 886 Liciarum
2805 834 2862 886 et
2888 831 3070 897 Jurei,
3105 849 3209 904 pro
3267 832 3576 887 abbatibus

176 927 520 994 prasentem
569 939 812 987 annum,
845 922 946 993 qui
977 928 1066 976 est
1094 921 1384 976 incarnati
1436 920 1609 975 Verbi
1662 921 1819 988 1058,
1932 921 2109 983 uujus
2141 919 2604 991 congregationis
2637 920 2899 990 provisor
2956 926 3132 992 atque
3172 921 3577 976 thesaurarius

175 1013 312 1066 anni
342 1028 475 1066 vero
504 1012 667 1081 regni
690 1011 842 1079 regis
865 1011 1217 1065 Francorum
1240 1010 1469 1065 Henrici
1492 1026 1689 1074 xxvm,
1714 1008 1822 1062 hoc
1934 1008 2111 1077 hujus
2167 1006 2277 1063 loci
2316 1008 2641 1079 diligenter,
2685 1010 2908 1080 absque
2953 1010 3148 1065 omnis
3207 1009 3579 1082 negligentia

176 1099 371 1171 ipsum
403 1100 606 1155 devote
638 1100 694 1153 in
723 1099 832 1154 hac
864 1104 1160 1171 peractum
1192 1104 1280 1154 est
1299 1098 1560 1153 ecclesia.
1585 1098 1745 1163 Quod
1769 1101 1825 1150 et
1935 1096 2919 1168 incursu,studerentperﬁcere.Qui
2940 1103 3134 1154 autem
3151 1099 3260 1154 hoc
3274 1099 3577 1154 decretum

178 1194 243 1243 ut
271 1189 332 1242 in
354 1192 651 1259 posterum
677 1189 775 1241 liat
797 1187 1098 1242 humiliter
1122 1187 1421 1242 fatendum
1443 1192 1549 1241 est.
1574 1189 1618 1241 A
1640 1190 1824 1239 recto-
1937 1186 2309 1254 postmodum
2342 1185 2637 1256 despicere
2661 1190 2760 1241 aut
2783 1187 3420 1253 destruereconaretur,
3446 1203 3577 1258 per-

176 1275 343 1332 ribus
371 1293 602 1349 quoque
626 1276 731 1330 loci
762 1278 881 1331 sive
904 1276 1234 1331 aministris
1259 1292 1609 1347 magnopere
1624 1291 1826 1347 procu-
1935 1281 2111 1345 petuo
2142 1274 2762 1329 excommunicationis
2781 1275 3147 1331 anathemate
3168 1276 3572 1331 damnaretur.

179 1364 431 1419 randum
463 1371 551 1419 est
584 1369 664 1430 ut,
699 1365 849 1419 sicut
879 1364 936 1418 in
968 1364 1214 1419 ecclesia
1251 1366 1343 1435 agi
1401 1364 1677 1430 diximus,
1737 1362 1821 1416 sic
2009 1362 2430 1433 Proposueram
2454 1363 2513 1416 in
2546 1364 2825 1433 prooemio
2858 1363 3033 1432 hujus
3064 1364 3266 1434 Operis
3292 1369 3423 1434 post
3452 1363 3576 1418 haec

173 1469 412 1524 quoque
442 1453 676 1508 refectio
708 1469 773 1507 ex
807 1452 1073 1523 pretiosis
1106 1452 1355 1524 dapibus
1413 1458 1469 1506 et
1503 1452 1822 1523 pigmentis
1935 1451 2007 1505 de
2040 1451 2285 1522 praesule
2318 1450 2600 1506 Rainaldo
2631 1452 2826 1522 aliqua
2848 1452 3149 1511 ἀίεεηιδυῑε,
3175 1472 3287 1522 quo
3309 1454 3435 1523 ejus
3462 1469 3574 1508 me-

184 1542 564 1613 proipsorum
588 1540 1522 1613 spiritibussolemnipraeparetur
1545 1539 1823 1611 obsequio
1936 1539 2179 1595 moriale
2212 1540 2463 1611 posteris
2498 1547 2703 1595 notum
2734 1542 2915 1595 ﬁeret.
2950 1544 3061 1595 Sed
3093 1541 3232 1611 quia
3259 1558 3375 1596 non
3400 1546 3489 1596 est
3515 1541 3574 1595 in

177 1630 338 1700 quia,
370 1636 434 1684 ut
464 1630 635 1700 vulgo
658 1630 894 1697 dicitur,
922 1630 1115 1685 inanis
1141 1630 1366 1685 videtur
1381 1645 1509 1685 esse
1538 1629 1703 1684 labor
1725 1627 1827 1700 qui
1937 1634 2222 1700 potestate
2254 1629 2512 1684 hominis
2545 1629 2658 1684 vita
2680 1630 2728 1699 ej
2742 1647 2824 1694 us,
2850 1629 3054 1684 multis
3080 1630 3468 1685 incommodis
3492 1647 3583 1684 ur-

174 1718 365 1773 victus
387 1718 729 1773 alimoniam
762 1735 877 1773 non
899 1718 1128 1773 tribuit.
1153 1718 1223 1771 Et
1250 1734 1319 1772 ne
1340 1718 1449 1772 hoc
1474 1734 1687 1771 vanum
1711 1718 1829 1771 cui-
1936 1717 2227 1789 gentibus,
2255 1733 2347 1772 me
2370 1734 2524 1772 nunc
2545 1717 2655 1772 hoc
2682 1718 2952 1788 perlicere
2975 1718 3217 1773 minime
3233 1717 3584 1783 libet,donec

175 1813 469 1876 quamaut
491 1805 651 1861 flocci
660 1806 1031 1876 pendendum
1054 1805 1581 1871 videatur,abbatis
1608 1804 1827 1861 Giraldi
1937 1811 2144 1876 optata:
2175 1807 2332 1875 pacis
2364 1813 2420 1860 et
2450 1806 2874 1877 tranquilitatis
2898 1811 3133 1878 tempus
3150 1806 3585 1863 adveniat.Gra-

174 1909 285 1949 seu
317 1894 496 1949 totius
526 1894 994 1963 congregationis
1020 1894 1209 1948 favore
1239 1892 1615 1949 acvoluntate
1641 1898 1826 1949 statu-
1939 1894 2049 1949 tias
2074 1901 2269 1950 tamen
2302 1901 2359 1950 et
2389 1895 2447 1950 in
2480 1896 2771 1967 prosperis
2825 1900 2883 1951 et
2936 1896 2995 1950 in
3045 1896 3306 1951 adversis
3353 1911 3585 1967 semper

175 1987 310 2038 tum
333 1984 422 2036 est
454 1986 631 2052 utpro
654 1982 863 2036 cernite
880 1980 1232 2045 Burcbardo,
1256 1981 1355 2051 qui
1370 1986 1533 2036 tanta
1546 1982 1825 2037 beneficia
1858 2031 1903 2056 η
1939 2000 2184 2055 agamus
2206 1984 2345 2039 Jesu
2369 1984 2615 2049 Christo,
2642 1989 2959 2055 sanctoque
2986 1983 3300 2052 Paracleto,
3327 1983 3427 2056 qui
3444 1984 3583 2039 vivit

180 2031 310 2038 η*
337 2031 419 2036 η-
459 2031 627 2052 --τη
880 2031 1232 2045 -ν-μ-η--ι
1262 2031 1824 2051 τ--η---κ-ν--ν--ςη
1940 2031 2183 2055 τις----η
2207 2031 2345 2039 νη-
2375 2031 2615 2049 --η-κω,
2642 2031 2956 2055 "ua-ww
2986 2031 3008 2038 —
3029 2031 3300 2052 -η-ν-ν--ι
3329 2031 3427 2056 γ-

176 2070 323 2125 huic
354 2068 609 2125 ecclesiae
641 2070 983 2133 contulit,ut
1004 2071 1255 2140 quisque
1277 2087 1344 2125 ex
1373 2071 1673 2141 praesentis
1692 2070 1826 2143 styli
1858 2031 1904 2094 B
1936 2077 1994 2127 et
2024 2078 2329 2143 permanet
2360 2090 2513 2128 unus
2544 2073 2699 2128 Deus
2744 2072 3176 2128 indivisibiliter
3220 2089 3323 2145 per
3373 2076 3583 2129 cuncta

175 2163 425 2215 narratu
449 2176 687 2215 noscere
718 2158 1156 2229 valct,provisor
1184 2159 1485 2225 Nobiliaci,
1510 2177 1612 2231 pro
1638 2158 1829 2215 Elisa-
1938 2159 2168 2216 saecula.
2202 2163 2406 2216 Amen.

1026 2318 1278 2355 EXPLICIT
1327 2319 1452 2355 VITA
1493 2318 1673 2356 DOMNI
1718 2318 2045 2357 BURCHARDI
2085 2320 2459 2359 VENERABILIS
2499 2321 2749 2359 COMITIS.

1552 2453 1668 2460 .—

1672 2455 3585 2501 ψ

1565 2614 1707 2652 ANNO
1747 2613 1947 2653 DOMINI
1988 2615 2146 2654 MLVII
2158 2616 2193 2653 Ι.

1234 2774 1551 2972 AN
1584 2775 2546 2975 SELMUS

1088 3078 1804 3173 CANONICUS
1903 3079 2691 3175 LEODIENSIS.

1496 3378 2279 3479 Αωεειινη

818 3567 1300 3715 HISTORIA
1388 3564 2125 3713 EPISCOPORUM
2209 3567 2945 3717 LEODIENSIUM.
3086 3690 3095 3695 _

156 3810 329 3885 (Vide
377 3811 741 3892 .Palrologim
784 3812 913 3892 tam.
965 3808 1249 3891 CXXXIX,
1308 3810 1369 3892 in
1399 3807 1688 3892 Hsaicano
1749 3806 2052 3892 ιθίξτιξίιηεςί,
2113 3807 2181 3861 ad
2211 3810 2495 3892 @4008,
2533 3810 2841 3892 Ansetmum
2872 3812 2938 3866 ab
2992 3814 3577 3892 {Ierigero,__q_uamn’s

245 3882 414 4008 αηῗίξ
433 3883 838 3953 quinquaginta
849 3882 1149 3952 juniorcm,
1178 3882 1399 3951 prapter
1426 3882 1635 3933 arctam
1665 3892 1791 3948 quze
1830 3882 1975 3932 inter
2025 3894 2158 3950 opus
2205 3882 2493 3951 utriusque
2547 3886 2726 3936 exstat
2788 3886 3201 3956 connexionem,
3257 3882 3572 3959 diijungere

248 3970 324 4009 no
350 3969 549 4009 ulmus.

586 4088 3135 4116 ἡ

1557 4213 1702 4251 ANNO
1740 4212 1941 4253 DOMINI
1979 4215 2178 4253 MLVIII.

1547 4368 2199 4527 DROGO

965 4624 2008 4719 BELLOVACENSIS
2079 4608 2790 4722 EPISCOPUS.

1382 4910 1779 4984 NOTITIA
1832 4911 2370 4985 HISTORICA.

24 5058 29 5163 ἑ
1086 5086 1290 5158 (Gallia
1318 5087 1645 5157 christiana,
1673 5105 1803 5145 nov.
1834 5089 2173 5148 edit...tom.
2207 5089 2299 5158 IV,
2334 5106 2465 5163 pag.
2499 5093 2650 5162 708.)

23 5394 37 5435 Ρ
216 5338 509 5397 Occurrit
539 5337 1005 5435 hquamprimum
1061 5336 1252 5435 Qrogo
1310 5354 1406 5435 an,
1470 5338 1630 5407 1035,
1679 5355 1817 5410 quo,
1851 5339 1895 5406 C
1933 5343 2075 5394 tom.
2120 5339 2329 5435 I.~pag.
2358 5340 2448 5406 50,
2478 5356 2573 5396 an.
2606 5342 2837 5399 circiter
2869 5346 3027 5414 1037,
3058 5348 3362 5404 ecclesiam
3399 5348 3579 5407 colle-

28 5430 39 5511 ,
118 5427 518 5492 concedente
539 5426 782 5483 Henrico
795 5443 950 5500 rege,
977 5426 1239 5481 fundavit
1253 5442 1367 5481 non
1390 5426 1556 5499 longe
1578 5428 1650 5483 ab
1675 5428 1819 5484 urbe
1927 5428 2143 5500 giatam
2178 5427 2235 5482 S.
2267 5429 2599 5498 Laurentii;
2623 5436 2681 5486 et
2713 5434 2915 5489 eodem
2944 5451 3098 5490 anno
3120 5436 3235 5491 alia
3250 5438 3307 5492 S.
3331 5437 3574 5495 Bartbo-

119 5514 596 5582 monasterium
626 5516 683 5571 S.
717 5514 1147 5588 Sympboriani.
1180 5516 1346 5570 Anno
1379 5517 1643 5587 sequenti
1704 5518 1819 5572 duo
1928 5516 2117 5572 lomazi
2169 5516 2475 5590 collegiata
2529 5520 2775 5578 fundata
2816 5528 2905 5578 est
2949 5524 3021 5578 ab
3070 5524 3310 5580 Hailone
3367 5525 3572 5584 milite.

113 5612 271 5672 alia
311 5605 673 5660 monasteria
702 5603 1047 5661 instauravit
1072 5621 1085 5658 :
1110 5603 1440 5665 Flaviacum
1477 5623 1705 5678 nempe,
1741 5605 1820 5661 vi-
1926 5606 2174 5660 Henrico
2205 5623 2337 5677 rege
2368 5607 2771 5664 laudationem
2826 5611 3232 5666 conﬁrmante.
3290 5612 3574 5670 Praeterea

24 5693 45 5783 ξ
113 5712 409 5762 parum;
444 5698 501 5749 et
555 5694 873 5751 oratorium
929 5693 1245 5766 virginum,
1308 5711 1463 5749 nunc
1523 5695 1580 5750 S.
1656 5695 1818 5751 Pauli
1927 5695 3566 5783 ejusconsiliomunacn.cumabbaterestitutisuntapud

24 5762 47 5863 ’ξ
109 5783 413 5853 nomine
461 5782 828 5854 insignitum.
894 5782 1179 5839 Fundavit
1236 5784 1410 5839 etiam
1470 5801 1538 5840 ex
1561 5785 1814 5853 Luvetio,
1930 5783 2238 5841 Britolium
2262 5788 2317 5838 et
2338 5783 2462 5855 ipse
2493 5785 2652 5840 dedit
2682 5784 2972 5841 canonicis
3002 5785 3130 5842 suis
3183 5762 3467 5844 ecclesias
3496 5791 3565 5844 de
