  <div class='ocr_page' id='page_1' title='image "/cluster/home/n/w/nwhite01/storage/ocr_20150623/142-143/uc1.31175018423130/1171.png"; bbox 0 0 3916 6358; ppageno 0'>
   <div class='ocr_carea' id='block_1_1' title="bbox 360 433 476 499">
    <p class='ocr_par' dir='ltr' id='par_1_1' title="bbox 360 433 476 499">
     <span class='ocr_line' id='line_1_1' title="bbox 360 433 476 499; baseline 0.026 -3"><span class='ocrx_word' id='word_1_1' title='bbox 360 433 476 499; x_wconf 84' lang='lat'><strong>863</strong></span> 
     </span>
    </p>
   </div>
   <div class='ocr_carea' id='block_1_2' title="bbox 1014 427 3086 527">
    <p class='ocr_par' dir='ltr' id='par_1_2' title="bbox 1014 427 3086 527">
     <span class='ocr_line' id='line_1_2' title="bbox 1014 427 3086 527; baseline -0.001 -29"><span class='ocrx_word' id='word_1_2' title='bbox 1014 431 1410 524; x_wconf 80' lang='lat' dir='ltr'><strong>naoeoms</strong></span> <span class='ocrx_word' id='word_1_3' title='bbox 1450 433 1801 500; x_wconf 86' lang='lat' dir='ltr'><strong>EPISCOPI</strong></span> <span class='ocrx_word' id='word_1_4' title='bbox 1845 431 2274 499; x_wconf 82' lang='lat' dir='ltr'><strong>BELLOVAG.</strong></span> <span class='ocrx_word' id='word_1_5' title='bbox 2302 463 2384 482; x_wconf 83' lang='lat'><strong><em>—</em></strong></span> <span class='ocrx_word' id='word_1_6' title='bbox 2408 428 2797 527; x_wconf 64' lang='lat' dir='ltr'><strong>EPISTQLA</strong></span> <span class='ocrx_word' id='word_1_7' title='bbox 2833 427 2943 526; x_wconf 48' lang='lat' dir='ltr'><strong>an,</strong></span> <span class='ocrx_word' id='word_1_8' title='bbox 2977 427 3086 497; x_wconf 81' lang='lat' dir='ltr'><strong>w.</strong></span> 
     </span>
    </p>
   </div>
   <div class='ocr_carea' id='block_1_3' title="bbox 3653 426 3790 522">
    <p class='ocr_par' dir='ltr' id='par_1_3' title="bbox 3653 426 3790 522">
     <span class='ocr_line' id='line_1_3' title="bbox 3653 426 3790 522; baseline 0 -33"><span class='ocrx_word' id='word_1_9' title='bbox 3653 426 3790 522; x_wconf 58' lang='lat' dir='ltr'><strong>se;</strong></span> 
     </span>
    </p>
   </div>
   <div class='ocr_carea' id='block_1_4' title="bbox 357 533 3783 642">
    <p class='ocr_par' dir='ltr' id='par_1_4' title="bbox 357 533 3783 642">
     <span class='ocr_line' id='line_1_4' title="bbox 357 533 3783 642; baseline -0.002 -16"><span class='ocrx_word' id='word_1_10' title='bbox 357 565 758 636; x_wconf 86' lang='lat' dir='ltr'><strong>Haudivillari,</strong></span> <span class='ocrx_word' id='word_1_11' title='bbox 789 567 861 625; x_wconf 90' lang='lat' dir='ltr'><strong>de</strong></span> <span class='ocrx_word' id='word_1_12' title='bbox 889 566 1089 625; x_wconf 86' lang='lat' dir='ltr'><strong>Exulio</strong></span> <span class='ocrx_word' id='word_1_13' title='bbox 1119 571 1176 624; x_wconf 87' lang='lat' dir='ltr'><strong>et</strong></span> <span class='ocrx_word' id='word_1_14' title='bbox 1205 567 1275 625; x_wconf 89' lang='lat' dir='ltr'><strong>de</strong></span> <span class='ocrx_word' id='word_1_15' title='bbox 1303 571 1358 623; x_wconf 85' lang='lat'><strong>8.</strong></span> <span class='ocrx_word' id='word_1_16' title='bbox 1384 567 1662 636; x_wconf 66' lang='lat' dir='ltr'><strong>Eusebia;</strong></span> <span class='ocrx_word' id='word_1_17' title='bbox 1687 565 1990 624; x_wconf 77' lang='lat' dir='ltr'><strong>monachis</strong></span> <span class='ocrx_word' id='word_1_18' title='bbox 2019 568 2070 634; x_wconf 79' lang='grc' dir='ltr'><strong>Α</strong></span> <span class='ocrx_word' id='word_1_19' title='bbox 2099 584 2248 642; x_wconf 89' lang='lat' dir='ltr'><strong>papa</strong></span> <span class='ocrx_word' id='word_1_20' title='bbox 2275 570 2512 624; x_wconf 91' lang='lat' dir='ltr'><strong>vocatus</strong></span> <span class='ocrx_word' id='word_1_21' title='bbox 2540 567 2612 623; x_wconf 89' lang='lat' dir='ltr'><strong>ad</strong></span> <span class='ocrx_word' id='word_1_22' title='bbox 2635 533 2948 624; x_wconf 84' lang='lat' dir='ltr'><strong>concilium</strong></span> <span class='ocrx_word' id='word_1_23' title='bbox 2968 564 3277 632; x_wconf 84' lang='lat' dir='ltr'><strong>Remense,</strong></span> <span class='ocrx_word' id='word_1_24' title='bbox 3310 579 3416 622; x_wconf 90' lang='lat' dir='ltr'><strong>nec</strong></span> <span class='ocrx_word' id='word_1_25' title='bbox 3444 563 3783 633; x_wconf 75' lang='lat' dir='ltr'><strong>convenit,</strong></span> 
     </span>
    </p>
   </div>
   <div class='ocr_carea' id='block_1_5' title="bbox 354 656 1990 715">
    <p class='ocr_par' dir='ltr' id='par_1_5' title="bbox 354 656 1990 715">
     <span class='ocr_line' id='line_1_5' title="bbox 354 656 1990 715; baseline -0.001 -2"><span class='ocrx_word' id='word_1_26' title='bbox 354 675 488 715; x_wconf 89' lang='lat' dir='ltr'><strong>vero</strong></span> <span class='ocrx_word' id='word_1_27' title='bbox 516 662 571 713; x_wconf 90' lang='lat' dir='ltr'><strong>S.</strong></span> <span class='ocrx_word' id='word_1_28' title='bbox 600 656 836 712; x_wconf 87' lang='lat' dir='ltr'><strong>Luciani</strong></span> <span class='ocrx_word' id='word_1_29' title='bbox 883 657 1029 714; x_wconf 83' lang='lat' dir='ltr'><strong>alias</strong></span> <span class='ocrx_word' id='word_1_30' title='bbox 1087 656 1361 715; x_wconf 88' lang='lat' dir='ltr'><strong>ecclesias</strong></span> <span class='ocrx_word' id='word_1_31' title='bbox 1413 673 1548 713; x_wconf 92' lang='lat' dir='ltr'><strong>cum</strong></span> <span class='ocrx_word' id='word_1_32' title='bbox 1607 657 1884 712; x_wconf 88' lang='lat' dir='ltr'><strong>comitatu</strong></span> <span class='ocrx_word' id='word_1_33' title='bbox 1933 660 1990 712; x_wconf 91' lang='lat' dir='ltr'><strong>et</strong></span> 
     </span>
    </p>
   </div>
   <div class='ocr_carea' id='block_1_6' title="bbox 352 744 1986 817">
    <p class='ocr_par' dir='ltr' id='par_1_6' title="bbox 352 744 1986 817">
     <span class='ocr_line' id='line_1_6' title="bbox 352 744 1986 817; baseline -0.001 -15"><span class='ocrx_word' id='word_1_34' title='bbox 352 747 568 802; x_wconf 87' lang='lat' dir='ltr'><strong>vicaria</strong></span> <span class='ocrx_word' id='word_1_35' title='bbox 594 744 862 811; x_wconf 87' lang='lat' dir='ltr'><strong>Warlosi,</strong></span> <span class='ocrx_word' id='word_1_36' title='bbox 905 747 1074 817; x_wconf 84' lang='lat' dir='ltr'><strong>cujus</strong></span> <span class='ocrx_word' id='word_1_37' title='bbox 1141 745 1218 800; x_wconf 91' lang='lat' dir='ltr'><strong>rei</strong></span> <span class='ocrx_word' id='word_1_38' title='bbox 1279 745 1540 800; x_wconf 79' lang='lat' dir='ltr'><strong>chartam</strong></span> <span class='ocrx_word' id='word_1_39' title='bbox 1594 745 1776 800; x_wconf 89' lang='lat' dir='ltr'><strong>habes</strong></span> <span class='ocrx_word' id='word_1_40' title='bbox 1833 745 1986 816; x_wconf 89' lang='lat' dir='ltr'><strong>apud</strong></span> 
     </span>
    </p>
   </div>
   <div class='ocr_carea' id='block_1_7' title="bbox 354 833 1990 907">
    <p class='ocr_par' dir='ltr' id='par_1_7' title="bbox 354 833 1990 907">
     <span class='ocr_line' id='line_1_7' title="bbox 354 833 1990 907; baseline -0.001 -17"><span class='ocrx_word' id='word_1_41' title='bbox 354 835 656 890; x_wconf 88' lang='lat' dir='ltr'><strong>Luvetium</strong></span> <span class='ocrx_word' id='word_1_42' title='bbox 689 838 828 889; x_wconf 92' lang='lat' dir='ltr'><strong>tom.</strong></span> <span class='ocrx_word' id='word_1_43' title='bbox 866 835 936 906; x_wconf 86' lang='lat' dir='ltr'><strong>II,</strong></span> <span class='ocrx_word' id='word_1_44' title='bbox 968 850 1099 907; x_wconf 86' lang='lat' dir='ltr'><strong>pag.</strong></span> <span class='ocrx_word' id='word_1_45' title='bbox 1133 834 1250 890; x_wconf 83' lang='grc'><strong>190.</strong></span> <span class='ocrx_word' id='word_1_46' title='bbox 1278 835 1442 890; x_wconf 87' lang='lat' dir='ltr'><strong>Anno</strong></span> <span class='ocrx_word' id='word_1_47' title='bbox 1473 833 1611 889; x_wconf 77' lang='lat' dir='ltr'><strong>lO-i&#39;l</strong></span> <span class='ocrx_word' id='word_1_48' title='bbox 1641 833 1990 906; x_wconf 82' lang='lat' dir='ltr'><strong>subscripsit</strong></span> 
     </span>
    </p>
   </div>
   <div class='ocr_carea' id='block_1_8' title="bbox 352 921 1986 995">
    <p class='ocr_par' dir='ltr' id='par_1_8' title="bbox 352 921 1986 995">
     <span class='ocr_line' id='line_1_8' title="bbox 352 921 1986 995; baseline 0 -17"><span class='ocrx_word' id='word_1_49' title='bbox 352 923 562 995; x_wconf 86' lang='lat' dir='ltr'><strong>placito</strong></span> <span class='ocrx_word' id='word_1_50' title='bbox 594 922 877 978; x_wconf 85' lang='lat' dir='ltr'><strong>Henricil</strong></span> <span class='ocrx_word' id='word_1_51' title='bbox 926 923 1080 994; x_wconf 82' lang='lat' dir='ltr'><strong>regis</strong></span> <span class='ocrx_word' id='word_1_52' title='bbox 1136 939 1238 994; x_wconf 88' lang='lat' dir='ltr'><strong>pro</strong></span> <span class='ocrx_word' id='word_1_53' title='bbox 1296 921 1556 978; x_wconf 61' lang='lat' dir='ltr'><strong>coenobio</strong></span> <span class='ocrx_word' id='word_1_54' title='bbox 1617 923 1676 978; x_wconf 85' lang='lat' dir='ltr'><strong>S.</strong></span> <span class='ocrx_word' id='word_1_55' title='bbox 1729 922 1986 978; x_wconf 87' lang='lat' dir='ltr'><strong>Medardi</strong></span> 
     </span>
    </p>
   </div>
   <div class='ocr_carea' id='block_1_9' title="bbox 353 1010 1990 1078">
    <p class='ocr_par' dir='ltr' id='par_1_9' title="bbox 353 1010 1990 1078">
     <span class='ocr_line' id='line_1_9' title="bbox 353 1010 1990 1078; baseline -0.001 -12"><span class='ocrx_word' id='word_1_56' title='bbox 353 1011 789 1067; x_wconf 87' lang='lat' dir='ltr'><strong>Suessionensis</strong></span> <span class='ocrx_word' id='word_1_57' title='bbox 820 1011 1098 1066; x_wconf 83' lang='lat' dir='ltr'><strong>adversus</strong></span> <span class='ocrx_word' id='word_1_58' title='bbox 1132 1011 1444 1066; x_wconf 83' lang='lat' dir='ltr'><strong>Robertum</strong></span> <span class='ocrx_word' id='word_1_59' title='bbox 1469 1010 1876 1066; x_wconf 89' lang='lat' dir='ltr'><strong>Codiacencem</strong></span> <span class='ocrx_word' id='word_1_60' title='bbox 1901 1015 1990 1078; x_wconf 87' lang='lat' dir='ltr'><strong>;et</strong></span> 
     </span>
    </p>
   </div>
   <div class='ocr_carea' id='block_1_10' title="bbox 353 1098 1986 1172">
    <p class='ocr_par' dir='ltr' id='par_1_10' title="bbox 353 1098 1986 1172">
     <span class='ocr_line' id='line_1_10' title="bbox 353 1098 1986 1172; baseline 0 -18"><span class='ocrx_word' id='word_1_61' title='bbox 353 1099 648 1155; x_wconf 85' lang='lat' dir='ltr'><strong>donationi</strong></span> <span class='ocrx_word' id='word_1_62' title='bbox 674 1099 935 1154; x_wconf 88' lang='lat' dir='ltr'><strong>Balduini</strong></span> <span class='ocrx_word' id='word_1_63' title='bbox 953 1098 1281 1154; x_wconf 88' lang='lat' dir='ltr'><strong>cancellarii</strong></span> <span class='ocrx_word' id='word_1_64' title='bbox 1302 1099 1361 1154; x_wconf 87' lang='lat' dir='ltr'><strong>in</strong></span> <span class='ocrx_word' id='word_1_65' title='bbox 1382 1099 1630 1172; x_wconf 78' lang='lat' dir='ltr'><strong>gratiam</strong></span> <span class='ocrx_word' id='word_1_66' title='bbox 1675 1098 1986 1154; x_wconf 87' lang='lat' dir='ltr'><strong>monacho-</strong></span> 
     </span>
    </p>
   </div>
   <div class='ocr_carea' id='block_1_11' title="bbox 355 1187 1988 1260">
    <p class='ocr_par' dir='ltr' id='par_1_11' title="bbox 355 1187 1988 1260">
     <span class='ocr_line' id='line_1_11' title="bbox 355 1187 1988 1260; baseline -0.001 -18"><span class='ocrx_word' id='word_1_67' title='bbox 355 1205 482 1242; x_wconf 86' lang='lat' dir='ltr'><strong>rum</strong></span> <span class='ocrx_word' id='word_1_68' title='bbox 497 1189 554 1243; x_wconf 91' lang='lat' dir='ltr'><strong>S.</strong></span> <span class='ocrx_word' id='word_1_69' title='bbox 580 1187 833 1260; x_wconf 70' lang='lat' dir='ltr'><strong>Praejecti</strong></span> <span class='ocrx_word' id='word_1_70' title='bbox 852 1187 1521 1260; x_wconf 87' lang='lat' dir='ltr'><strong>Quintinopolitanorum</strong></span> <span class='ocrx_word' id='word_1_71' title='bbox 1551 1205 1702 1243; x_wconf 89' lang='lat' dir='ltr'><strong>anno</strong></span> <span class='ocrx_word' id='word_1_72' title='bbox 1723 1187 1988 1260; x_wconf 85' lang='lat' dir='ltr'><strong>sequenti</strong></span> 
     </span>
    </p>
   </div>
   <div class='ocr_carea' id='block_1_12' title="bbox 352 1275 1987 1332">
    <p class='ocr_par' dir='ltr' id='par_1_12' title="bbox 352 1275 1987 1332">
     <span class='ocr_line' id='line_1_12' title="bbox 352 1275 1987 1332; baseline 0.001 -2"><span class='ocrx_word' id='word_1_73' title='bbox 352 1275 537 1331; x_wconf 82' lang='lat' dir='ltr'><strong>adfuit</strong></span> <span class='ocrx_word' id='word_1_74' title='bbox 564 1275 807 1332; x_wconf 88' lang='lat' dir='ltr'><strong>concilio</strong></span> <span class='ocrx_word' id='word_1_75' title='bbox 823 1275 1258 1331; x_wconf 79' lang='lat' dir='ltr'><strong>Silvanertcnsi.</strong></span> <span class='ocrx_word' id='word_1_76' title='bbox 1303 1281 1460 1331; x_wconf 55' lang='lat' dir='ltr'><strong>Anno</strong></span> <span class='ocrx_word' id='word_1_77' title='bbox 1486 1275 1621 1331; x_wconf 83' lang='grc'>1049</span> <span class='ocrx_word' id='word_1_78' title='bbox 1641 1294 1674 1332; x_wconf 88' lang='lat' dir='ltr'><strong>a</strong></span> <span class='ocrx_word' id='word_1_79' title='bbox 1706 1277 1891 1332; x_wconf 91' lang='lat' dir='ltr'><strong>Leone</strong></span> <span class='ocrx_word' id='word_1_80' title='bbox 1920 1276 1987 1332; x_wconf 86' lang='lat' dir='ltr'><strong>IX</strong></span> 
     </span>
    </p>
   </div>
   <div class='ocr_carea' id='block_1_13' title="bbox 2096 643 3783 730">
    <p class='ocr_par' dir='ltr' id='par_1_13' title="bbox 2096 643 3783 730">
     <span class='ocr_line' id='line_1_13' title="bbox 2096 643 3783 730; baseline -0.002 -19"><span class='ocrx_word' id='word_1_81' title='bbox 2096 671 2202 711; x_wconf 88' lang='lat' dir='ltr'><strong>nec</strong></span> <span class='ocrx_word' id='word_1_82' title='bbox 2232 655 2392 712; x_wconf 84' lang='lat' dir='ltr'><strong>misit</strong></span> <span class='ocrx_word' id='word_1_83' title='bbox 2435 654 2906 723; x_wconf 85' lang='lat' dir='ltr'><strong>excusationem;</strong></span> <span class='ocrx_word' id='word_1_84' title='bbox 2967 643 3091 712; x_wconf 46' lang='lat' dir='ltr'><strong>sed&#39;</strong></span> <span class='ocrx_word' id='word_1_85' title='bbox 3123 653 3192 710; x_wconf 73' lang='lat' dir='ltr'><strong>‘in</strong></span> <span class='ocrx_word' id='word_1_86' title='bbox 3243 651 3560 711; x_wconf 69' lang='lat' dir='ltr'><strong>Comitatu&#39;</strong></span> <span class='ocrx_word' id='word_1_87' title='bbox 3603 651 3783 730; x_wconf 79' lang='lat' dir='ltr'><strong>regis</strong></span> 
     </span>
    </p>
   </div>
   <div class='ocr_carea' id='block_1_14' title="bbox 2097 739 3782 818">
    <p class='ocr_par' dir='ltr' id='par_1_14' title="bbox 2097 739 3782 818">
     <span class='ocr_line' id='line_1_14' title="bbox 2097 739 3782 818; baseline -0.002 -18"><span class='ocrx_word' id='word_1_88' title='bbox 2097 759 2474 800; x_wconf 88' lang='lat' dir='ltr'><strong>commanens</strong></span> <span class='ocrx_word' id='word_1_89' title='bbox 2503 743 2752 817; x_wconf 87' lang='lat' dir='ltr'><strong>perrexit</strong></span> <span class='ocrx_word' id='word_1_90' title='bbox 2768 743 2840 800; x_wconf 88' lang='lat' dir='ltr'><strong>ad</strong></span> <span class='ocrx_word' id='word_1_91' title='bbox 2864 742 3083 801; x_wconf 89' lang='lat' dir='ltr'><strong>bellum</strong></span> <span class='ocrx_word' id='word_1_92' title='bbox 3108 759 3323 818; x_wconf 85' lang='lat' dir='ltr'><strong>;quare</strong></span> <span class='ocrx_word' id='word_1_93' title='bbox 3343 739 3782 800; x_wconf 82' lang='lat' dir='ltr'><strong>excommuni-</strong></span> 
     </span>
    </p>
   </div>
   <div class='ocr_carea' id='block_1_15' title="bbox 2095 829 3780 909">
    <p class='ocr_par' dir='ltr' id='par_1_15' title="bbox 2095 829 3780 909">
     <span class='ocr_line' id='line_1_15' title="bbox 2095 829 3780 909; baseline 0 -21"><span class='ocrx_word' id='word_1_94' title='bbox 2095 837 2262 889; x_wconf 91' lang='lat' dir='ltr'><strong>catus</strong></span> <span class='ocrx_word' id='word_1_95' title='bbox 2291 838 2381 889; x_wconf 88' lang='lat' dir='ltr'><strong>est</strong></span> <span class='ocrx_word' id='word_1_96' title='bbox 2407 848 2542 888; x_wconf 91' lang='lat' dir='ltr'><strong>cum</strong></span> <span class='ocrx_word' id='word_1_97' title='bbox 2597 831 3033 909; x_wconf 80' lang='lat' dir='ltr'><strong>archiepiscopo</strong></span> <span class='ocrx_word' id='word_1_98' title='bbox 3065 830 3417 902; x_wconf 83' lang='lat' dir='ltr'><strong>Senonensi,</strong></span> <span class='ocrx_word' id='word_1_99' title='bbox 3469 829 3780 904; x_wconf 89' lang='lat' dir='ltr'><strong>episcopo</strong></span> 
     </span>
    </p>
   </div>
   <div class='ocr_carea' id='block_1_16' title="bbox 2094 918 3784 992">
    <p class='ocr_par' dir='ltr' id='par_1_16' title="bbox 2094 918 3784 992">
     <span class='ocr_line' id='line_1_16' title="bbox 2094 918 3784 992; baseline -0.001 -14"><span class='ocrx_word' id='word_1_100' title='bbox 2094 919 2490 987; x_wconf 80' lang='lat' dir='ltr'><strong>Ambianensi,</strong></span> <span class='ocrx_word' id='word_1_101' title='bbox 2523 925 2580 977; x_wconf 87' lang='lat' dir='ltr'><strong>et</strong></span> <span class='ocrx_word' id='word_1_102' title='bbox 2603 921 2813 977; x_wconf 79' lang='lat' dir='ltr'><strong>abbate</strong></span> <span class='ocrx_word' id='word_1_103' title='bbox 2835 919 2896 978; x_wconf 88' lang='lat' dir='ltr'><strong>S.</strong></span> <span class='ocrx_word' id='word_1_104' title='bbox 2929 920 3212 977; x_wconf 87' lang='lat' dir='ltr'><strong>Medardi.</strong></span> <span class='ocrx_word' id='word_1_105' title='bbox 3245 920 3361 976; x_wconf 90' lang='lat' dir='ltr'><strong>Sed</strong></span> <span class='ocrx_word' id='word_1_106' title='bbox 3393 918 3582 992; x_wconf 88' lang='lat' dir='ltr'><strong>paulo</strong></span> <span class='ocrx_word' id='word_1_107' title='bbox 3635 919 3784 992; x_wconf 71' lang='lat' dir='ltr'><strong>pust</strong></span> 
     </span>
    </p>
   </div>
   <div class='ocr_carea' id='block_1_17' title="bbox 2097 1007 3784 1080">
    <p class='ocr_par' dir='ltr' id='par_1_17' title="bbox 2097 1007 3784 1080">
     <span class='ocr_line' id='line_1_17' title="bbox 2097 1007 3784 1080; baseline -0.001 -15"><span class='ocrx_word' id='word_1_108' title='bbox 2097 1010 2170 1066; x_wconf 87' lang='lat' dir='ltr'><strong>ab</strong></span> <span class='ocrx_word' id='word_1_109' title='bbox 2213 1009 2812 1066; x_wconf 87' lang='lat' dir='ltr'><strong>excommunicatione</strong></span> <span class='ocrx_word' id='word_1_110' title='bbox 2858 1008 3124 1066; x_wconf 91' lang='lat' dir='ltr'><strong>solutum</strong></span> <span class='ocrx_word' id='word_1_111' title='bbox 3177 1007 3561 1080; x_wconf 87' lang='lat' dir='ltr'><strong>conjicimus,</strong></span> <span class='ocrx_word' id='word_1_112' title='bbox 3629 1025 3784 1064; x_wconf 86' lang='lat' dir='ltr'><strong>nam</strong></span> 
     </span>
    </p>
   </div>
   <div class='ocr_carea' id='block_1_18' title="bbox 2093 1097 3787 1171">
    <p class='ocr_par' dir='ltr' id='par_1_18' title="bbox 2093 1097 3787 1171">
     <span class='ocr_line' id='line_1_18' title="bbox 2093 1097 3787 1171; baseline -0.001 -16"><span class='ocrx_word' id='word_1_113' title='bbox 2093 1098 2404 1155; x_wconf 90' lang='lat' dir='ltr'><strong>Ecclesiam</strong></span> <span class='ocrx_word' id='word_1_114' title='bbox 2429 1115 2596 1155; x_wconf 90' lang='lat' dir='ltr'><strong>suam</strong></span> <span class='ocrx_word' id='word_1_115' title='bbox 2626 1099 2952 1171; x_wconf 82' lang='lat' dir='ltr'><strong>gubernare</strong></span> <span class='ocrx_word' id='word_1_116' title='bbox 3006 1097 3280 1171; x_wconf 84' lang='lat' dir='ltr'><strong>perrexit,</strong></span> <span class='ocrx_word' id='word_1_117' title='bbox 3335 1099 3520 1171; x_wconf 85' lang='lat' dir='ltr'><strong>atque</strong></span> <span class='ocrx_word' id='word_1_118' title='bbox 3557 1097 3644 1152; x_wconf 82' lang='lat' dir='ltr'><strong>‘in</strong></span> <span class='ocrx_word' id='word_1_119' title='bbox 3708 1113 3787 1153; x_wconf 85' lang='lat' dir='ltr'><strong>ea</strong></span> 
     </span>
    </p>
   </div>
   <div class='ocr_carea' id='block_1_19' title="bbox 2094 1170 3777 1262">
    <p class='ocr_par' dir='ltr' id='par_1_19' title="bbox 2094 1170 3777 1262">
     <span class='ocr_line' id='line_1_19' title="bbox 2094 1170 3777 1262; baseline -0.001 -19"><span class='ocrx_word' id='word_1_120' title='bbox 2094 1187 2332 1260; x_wconf 79' lang='lat' dir='ltr'><strong>paciﬁca</strong></span> <span class='ocrx_word' id='word_1_121' title='bbox 2369 1187 2521 1244; x_wconf 90' lang='lat' dir='ltr'><strong>diem</strong></span> <span class='ocrx_word' id='word_1_122' title='bbox 2580 1170 2792 1243; x_wconf 86' lang='lat' dir='ltr'><strong>clausit</strong></span> <span class='ocrx_word' id='word_1_123' title='bbox 2835 1170 3182 1262; x_wconf 81' lang='lat' dir='ltr'><strong>extremum.</strong></span> <span class='ocrx_word' id='word_1_124' title='bbox 3236 1170 3472 1242; x_wconf 78' lang='lat' dir='ltr'><strong>Obiisse</strong></span> <span class='ocrx_word' id='word_1_125' title='bbox 3534 1185 3777 1243; x_wconf 84' lang='lat' dir='ltr'><strong>dicitur</strong></span> 
     </span>
    </p>
   </div>
   <div class='ocr_carea' id='block_1_20' title="bbox 2097 1277 2427 1333">
    <p class='ocr_par' dir='ltr' id='par_1_20' title="bbox 2097 1277 2427 1333">
     <span class='ocr_line' id='line_1_20' title="bbox 2097 1277 2427 1333; baseline -0.009 0"><span class='ocrx_word' id='word_1_126' title='bbox 2097 1293 2250 1333; x_wconf 87' lang='lat' dir='ltr'><strong>anno</strong></span> <span class='ocrx_word' id='word_1_127' title='bbox 2271 1277 2427 1331; x_wconf 84' lang='grc'><strong>1058.</strong></span> 
     </span>
    </p>
   </div>
   <div class='ocr_carea' id='block_1_21' title="bbox 831 1773 3267 1870">
    <p class='ocr_par' dir='ltr' id='par_1_21' title="bbox 831 1773 3267 1870">
     <span class='ocr_line' id='line_1_21' title="bbox 831 1773 3267 1870; baseline -0.001 0"><span class='ocrx_word' id='word_1_128' title='bbox 831 1775 1436 1870; x_wconf 87' lang='lat' dir='ltr'><strong>EPISTOLA</strong></span> <span class='ocrx_word' id='word_1_129' title='bbox 1503 1775 1666 1868; x_wconf 87' lang='lat' dir='ltr'><strong>AD</strong></span> <span class='ocrx_word' id='word_1_130' title='bbox 1735 1775 1872 1866; x_wconf 91' lang='lat' dir='ltr'><strong>W.</strong></span> <span class='ocrx_word' id='word_1_131' title='bbox 1948 1774 2824 1870; x_wconf 87' lang='lat' dir='ltr'><strong>COEPISCOPUM</strong></span> <span class='ocrx_word' id='word_1_132' title='bbox 2895 1773 3267 1870; x_wconf 89' lang='lat' dir='ltr'><strong>SUUM.</strong></span> 
     </span>
    </p>
   </div>
   <div class='ocr_carea' id='block_1_22' title="bbox 1407 1977 2667 2052">
    <p class='ocr_par' dir='ltr' id='par_1_22' title="bbox 1407 1977 2667 2052">
     <span class='ocr_line' id='line_1_22' title="bbox 1407 1977 2667 2052; baseline -0.002 -17"><span class='ocrx_word' id='word_1_133' title='bbox 1407 1979 1592 2052; x_wconf 85' lang='lat' dir='ltr'><strong>(Apud</strong></span> <span class='ocrx_word' id='word_1_134' title='bbox 1625 1979 1816 2036; x_wconf 89' lang='lat' dir='ltr'><strong>Baluz.</strong></span> <span class='ocrx_word' id='word_1_135' title='bbox 1845 1979 2080 2052; x_wconf 81' lang='lat' dir='ltr'><strong>Capitul.</strong></span> <span class='ocrx_word' id='word_1_136' title='bbox 2104 1982 2246 2034; x_wconf 87' lang='lat' dir='ltr'><strong>tom.</strong></span> <span class='ocrx_word' id='word_1_137' title='bbox 2273 1979 2342 2048; x_wconf 88' lang='lat' dir='ltr'><strong>Il,</strong></span> <span class='ocrx_word' id='word_1_138' title='bbox 2373 1977 2482 2035; x_wconf 94' lang='lat' dir='ltr'><strong>col.</strong></span> <span class='ocrx_word' id='word_1_139' title='bbox 2507 1978 2667 2034; x_wconf 74' lang='grc'>1549.</span> 
     </span>
    </p>
   </div>
   <div class='ocr_carea' id='block_1_23' title="bbox 421 2209 3771 2285">
    <p class='ocr_par' dir='ltr' id='par_1_23' title="bbox 421 2209 3771 2285">
     <span class='ocr_line' id='line_1_23' title="bbox 421 2209 3771 2285; baseline 0 -15"><span class='ocrx_word' id='word_1_140' title='bbox 421 2213 704 2270; x_wconf 82' lang='lat' dir='ltr'><strong>Consultus</strong></span> <span class='ocrx_word' id='word_1_141' title='bbox 734 2231 768 2268; x_wconf 91' lang='lat' dir='ltr'><strong>a</strong></span> <span class='ocrx_word' id='word_1_142' title='bbox 796 2211 1014 2268; x_wconf 82' lang='lat' dir='ltr'><strong>Widone</strong></span> <span class='ocrx_word' id='word_1_143' title='bbox 1032 2213 1304 2285; x_wconf 80' lang='lat' dir='ltr'><strong>episcopo,</strong></span> <span class='ocrx_word' id='word_1_144' title='bbox 1327 2215 1387 2266; x_wconf 89' lang='lat' dir='ltr'><strong>ut</strong></span> <span class='ocrx_word' id='word_1_145' title='bbox 1417 2211 1646 2285; x_wconf 73' lang='lat' dir='ltr'><strong>ridetur,</strong></span> <span class='ocrx_word' id='word_1_146' title='bbox 1673 2211 2067 2268; x_wconf 84' lang='lat' dir='ltr'><strong>Silvanectensi</strong></span> <span class='ocrx_word' id='word_1_147' title='bbox 2093 2211 2226 2285; x_wconf 84' lang='lat' dir='ltr'><strong>quid</strong></span> <span class='ocrx_word' id='word_1_148' title='bbox 2253 2210 2524 2285; x_wconf 74' lang='lat' dir='ltr'><strong>agendum</strong></span> <span class='ocrx_word' id='word_1_149' title='bbox 2576 2212 2716 2280; x_wconf 85' lang='lat' dir='ltr'><strong>foret</strong></span> <span class='ocrx_word' id='word_1_150' title='bbox 2761 2209 2826 2266; x_wconf 85' lang='lat' dir='ltr'><strong>de</strong></span> <span class='ocrx_word' id='word_1_151' title='bbox 2869 2209 3202 2285; x_wconf 70' lang='lat' dir='ltr'><strong>quibusdam</strong></span> <span class='ocrx_word' id='word_1_152' title='bbox 3259 2209 3586 2285; x_wconf 75' lang='lat' dir='ltr'><strong>hominibus</strong></span> <span class='ocrx_word' id='word_1_153' title='bbox 3619 2283 3624 2285; x_wconf 83' lang='lat'><strong><em>_</em></strong></span> <span class='ocrx_word' id='word_1_154' title='bbox 3653 2230 3771 2285; x_wconf 78' lang='lat' dir='ltr'><strong>qui</strong></span> 
     </span>
    </p>
   </div>
   <div class='ocr_carea' id='block_1_24' title="bbox 347 2281 3774 2353">
    <p class='ocr_par' dir='ltr' id='par_1_24' title="bbox 347 2281 3774 2353">
     <span class='ocr_line' id='line_1_24' title="bbox 347 2281 3774 2353; baseline 0.001 -13"><span class='ocrx_word' id='word_1_155' title='bbox 347 2285 674 2342; x_wconf 78' lang='lat' dir='ltr'><strong>sacerdotem</strong></span> <span class='ocrx_word' id='word_1_156' title='bbox 701 2287 900 2339; x_wconf 76' lang='lat' dir='ltr'><strong>acriter</strong></span> <span class='ocrx_word' id='word_1_157' title='bbox 928 2281 1364 2346; x_wconf 81' lang='lat' dir='ltr'><strong>verberaverunt,</strong></span> <span class='ocrx_word' id='word_1_158' title='bbox 1395 2283 1673 2350; x_wconf 80' lang='lat' dir='ltr'><strong>respondet</strong></span> <span class='ocrx_word' id='word_1_159' title='bbox 1697 2285 1842 2337; x_wconf 83' lang='lat' dir='ltr'><strong>inter</strong></span> <span class='ocrx_word' id='word_1_160' title='bbox 1869 2285 1984 2339; x_wconf 89' lang='lat' dir='ltr'><strong>alia</strong></span> <span class='ocrx_word' id='word_1_161' title='bbox 2013 2299 2083 2339; x_wconf 73' lang='lat' dir='ltr'><strong>ea:</strong></span> <span class='ocrx_word' id='word_1_162' title='bbox 2104 2281 2542 2353; x_wconf 40' lang='lat' dir='ltr'><strong>‘Capitularibus,</strong></span> <span class='ocrx_word' id='word_1_163' title='bbox 2563 2285 2612 2338; x_wconf 85' lang='lat' dir='ltr'><strong>et</strong></span> <span class='ocrx_word' id='word_1_164' title='bbox 2639 2285 2802 2352; x_wconf 83' lang='lat' dir='ltr'><strong>caput</strong></span> <span class='ocrx_word' id='word_1_165' title='bbox 2813 2281 2894 2336; x_wconf 84' lang='lat'><strong>.98</strong></span> <span class='ocrx_word' id='word_1_166' title='bbox 2921 2281 3056 2353; x_wconf 81' lang='lat' dir='ltr'><strong>libri</strong></span> <span class='ocrx_word' id='word_1_167' title='bbox 3071 2298 3162 2353; x_wconf 79' lang='lat' dir='ltr'><strong>_vr.</strong></span> <span class='ocrx_word' id='word_1_168' title='bbox 3197 2285 3272 2338; x_wconf 84' lang='lat' dir='ltr'><strong>De</strong></span> <span class='ocrx_word' id='word_1_169' title='bbox 3326 2281 3774 2343; x_wconf 70' lang='lat' dir='ltr'><strong>sacerdotibus</strong></span> 
     </span>
    </p>
   </div>
   <div class='ocr_carea' id='block_1_25' title="bbox 347 2351 3221 2426">
    <p class='ocr_par' dir='ltr' id='par_1_25' title="bbox 347 2351 3221 2426">
     <span class='ocr_line' id='line_1_25' title="bbox 347 2351 3221 2426; baseline -0.002 -13"><span class='ocrx_word' id='word_1_170' title='bbox 347 2361 405 2413; x_wconf 91' lang='lat' dir='ltr'><strong>et</strong></span> <span class='ocrx_word' id='word_1_171' title='bbox 432 2356 622 2412; x_wconf 88' lang='lat' dir='ltr'><strong>levitis</strong></span> <span class='ocrx_word' id='word_1_172' title='bbox 652 2359 825 2426; x_wconf 90' lang='lat' dir='ltr'><strong>atque</strong></span> <span class='ocrx_word' id='word_1_173' title='bbox 855 2353 1158 2409; x_wconf 88' lang='lat' dir='ltr'><strong>monachis</strong></span> <span class='ocrx_word' id='word_1_174' title='bbox 1190 2353 1508 2408; x_wconf 73' lang='lat' dir='ltr'><strong>interfectis</strong></span> <span class='ocrx_word' id='word_1_175' title='bbox 1539 2355 1623 2408; x_wconf 88' lang='lat' dir='ltr'><strong>vel</strong></span> <span class='ocrx_word' id='word_1_176' title='bbox 1657 2353 1996 2425; x_wconf 81' lang='lat' dir='ltr'><strong>debilitatis,</strong></span> <span class='ocrx_word' id='word_1_177' title='bbox 2026 2354 2096 2409; x_wconf 89' lang='lat' dir='ltr'><strong>ad</strong></span> <span class='ocrx_word' id='word_1_178' title='bbox 2123 2351 2406 2410; x_wconf 74' lang='lat' dir='ltr'><strong>sententia:</strong></span> <span class='ocrx_word' id='word_1_179' title='bbox 2431 2367 2550 2410; x_wconf 66' lang='lat' dir='ltr'><strong>suae</strong></span> <span class='ocrx_word' id='word_1_180' title='bbox 2577 2351 2949 2424; x_wconf 84' lang='lat' dir='ltr'><strong>probationem</strong></span> <span class='ocrx_word' id='word_1_181' title='bbox 2978 2351 3221 2408; x_wconf 77' lang='lat' dir='ltr'><strong>adducit.</strong></span> 
     </span>
    </p>
   </div>
   <div class='ocr_carea' id='block_1_26' title="bbox 421 2502 3776 2580">
    <p class='ocr_par' dir='ltr' id='par_1_26' title="bbox 421 2502 3776 2580">
     <span class='ocr_line' id='line_1_26' title="bbox 421 2502 3776 2580; baseline 0 -16"><span class='ocrx_word' id='word_1_182' title='bbox 421 2506 604 2564; x_wconf 85' lang='lat' dir='ltr'><strong>Fratri</strong></span> <span class='ocrx_word' id='word_1_183' title='bbox 635 2510 692 2561; x_wconf 91' lang='lat' dir='ltr'><strong>et</strong></span> <span class='ocrx_word' id='word_1_184' title='bbox 737 2505 1076 2578; x_wconf 88' lang='lat' dir='ltr'><strong>coepiscopo</strong></span> <span class='ocrx_word' id='word_1_185' title='bbox 1134 2505 1256 2574; x_wconf 87' lang='lat' dir='ltr'><strong>W.,</strong></span> <span class='ocrx_word' id='word_1_186' title='bbox 1315 2508 1376 2558; x_wconf 91' lang='lat' dir='ltr'><strong>D.</strong></span> <span class='ocrx_word' id='word_1_187' title='bbox 1435 2503 1810 2558; x_wconf 88' lang='lat' dir='ltr'><strong>Belvacorum</strong></span> <span class='ocrx_word' id='word_1_188' title='bbox 1859 2503 1976 2575; x_wconf 91' lang='lat' dir='ltr'><strong>epi-</strong></span> <span class='ocrx_word' id='word_1_189' title='bbox 2007 2507 2055 2572; x_wconf 88' lang='grc' dir='ltr'><strong>Β</strong></span> <span class='ocrx_word' id='word_1_190' title='bbox 2084 2503 2226 2559; x_wconf 91' lang='lat' dir='ltr'><strong>citer</strong></span> <span class='ocrx_word' id='word_1_191' title='bbox 2251 2502 3041 2559; x_wconf 89' lang='lat' dir='ltr'><strong>emendentur.Postmodum</strong></span> <span class='ocrx_word' id='word_1_192' title='bbox 3062 2503 3275 2577; x_wconf 78' lang='lat' dir='ltr'><strong>exigite</strong></span> <span class='ocrx_word' id='word_1_193' title='bbox 3295 2503 3366 2560; x_wconf 86' lang='lat' dir='ltr'><strong>ab</strong></span> <span class='ocrx_word' id='word_1_194' title='bbox 3389 2502 3479 2561; x_wconf 88' lang='lat' dir='ltr'><strong>eis</strong></span> <span class='ocrx_word' id='word_1_195' title='bbox 3500 2505 3776 2580; x_wconf 84' lang='lat' dir='ltr'><strong>triginta</strong></span> 
     </span>
    </p>
   </div>
   <div class='ocr_carea' id='block_1_27' title="bbox 353 2593 890 2668">
    <p class='ocr_par' dir='ltr' id='par_1_27' title="bbox 353 2593 890 2668">
     <span class='ocr_line' id='line_1_27' title="bbox 353 2593 890 2668; baseline -0.009 -14"><span class='ocrx_word' id='word_1_196' title='bbox 353 2613 586 2668; x_wconf 83' lang='lat' dir='ltr'><strong>scopus,</strong></span> <span class='ocrx_word' id='word_1_197' title='bbox 621 2593 890 2650; x_wconf 85' lang='lat' dir='ltr'><strong>salutem.</strong></span> 
     </span>
    </p>
   </div>
   <div class='ocr_carea' id='block_1_28' title="bbox 420 2679 1982 2740">
    <p class='ocr_par' dir='ltr' id='par_1_28' title="bbox 420 2679 1982 2740">
     <span class='ocr_line' id='line_1_28' title="bbox 420 2679 1982 2740; baseline -0.001 -1"><span class='ocrx_word' id='word_1_198' title='bbox 420 2684 479 2740; x_wconf 90' lang='lat' dir='ltr'><strong>Si</strong></span> <span class='ocrx_word' id='word_1_199' title='bbox 511 2701 602 2739; x_wconf 91' lang='lat' dir='ltr'><strong>res</strong></span> <span class='ocrx_word' id='word_1_200' title='bbox 633 2683 714 2738; x_wconf 90' lang='lat' dir='ltr'><strong>ita</strong></span> <span class='ocrx_word' id='word_1_201' title='bbox 757 2699 817 2738; x_wconf 89' lang='lat' dir='ltr'><strong>se</strong></span> <span class='ocrx_word' id='word_1_202' title='bbox 874 2681 1048 2737; x_wconf 85' lang='lat' dir='ltr'><strong>habet</strong></span> <span class='ocrx_word' id='word_1_203' title='bbox 1078 2686 1143 2736; x_wconf 90' lang='lat' dir='ltr'><strong>ut</strong></span> <span class='ocrx_word' id='word_1_204' title='bbox 1199 2681 1361 2737; x_wconf 85' lang='lat' dir='ltr'><strong>vobis</strong></span> <span class='ocrx_word' id='word_1_205' title='bbox 1411 2685 1602 2736; x_wconf 87' lang='lat' dir='ltr'><strong>vester</strong></span> <span class='ocrx_word' id='word_1_206' title='bbox 1652 2680 1841 2736; x_wconf 85' lang='lat' dir='ltr'><strong>ﬁdelis</strong></span> <span class='ocrx_word' id='word_1_207' title='bbox 1897 2679 1982 2738; x_wconf 91' lang='lat' dir='ltr'><strong>ill.</strong></span> 
     </span>
    </p>
   </div>
   <div class='ocr_carea' id='block_1_29' title="bbox 349 2769 1986 2844">
    <p class='ocr_par' dir='ltr' id='par_1_29' title="bbox 349 2769 1986 2844">
     <span class='ocr_line' id='line_1_29' title="bbox 349 2769 1986 2844; baseline -0.002 -17"><span class='ocrx_word' id='word_1_208' title='bbox 349 2771 624 2840; x_wconf 89' lang='lat' dir='ltr'><strong>narravit,</strong></span> <span class='ocrx_word' id='word_1_209' title='bbox 659 2771 786 2828; x_wconf 93' lang='lat' dir='ltr'><strong>illos</strong></span> <span class='ocrx_word' id='word_1_210' title='bbox 817 2771 1128 2844; x_wconf 88' lang='lat' dir='ltr'><strong>sacrilegos</strong></span> <span class='ocrx_word' id='word_1_211' title='bbox 1160 2787 1273 2826; x_wconf 89' lang='lat' dir='ltr'><strong>non</strong></span> <span class='ocrx_word' id='word_1_212' title='bbox 1293 2775 1410 2826; x_wconf 90' lang='lat' dir='ltr'><strong>tam</strong></span> <span class='ocrx_word' id='word_1_213' title='bbox 1434 2769 1986 2826; x_wconf 87' lang='lat' dir='ltr'><strong>excommunicastis</strong></span> 
     </span>
    </p>
   </div>
   <div class='ocr_carea' id='block_1_30' title="bbox 351 2857 1984 2934">
    <p class='ocr_par' dir='ltr' id='par_1_30' title="bbox 351 2857 1984 2934">
     <span class='ocr_line' id='line_1_30' title="bbox 351 2857 1984 2934; baseline -0.001 -18"><span class='ocrx_word' id='word_1_214' title='bbox 351 2877 527 2934; x_wconf 89' lang='lat' dir='ltr'><strong>quam</strong></span> <span class='ocrx_word' id='word_1_215' title='bbox 574 2859 1106 2916; x_wconf 82' lang='lat' dir='ltr'><strong>excommunicatos</strong></span> <span class='ocrx_word' id='word_1_216' title='bbox 1136 2875 1264 2915; x_wconf 88' lang='lat' dir='ltr'><strong>esse</strong></span> <span class='ocrx_word' id='word_1_217' title='bbox 1293 2857 1703 2914; x_wconf 85' lang='lat' dir='ltr'><strong>denuntiastis.</strong></span> <span class='ocrx_word' id='word_1_218' title='bbox 1731 2859 1876 2914; x_wconf 89' lang='lat' dir='ltr'><strong>Nam</strong></span> <span class='ocrx_word' id='word_1_219' title='bbox 1936 2858 1984 2914; x_wconf 90' lang='lat' dir='ltr'><strong>si</strong></span> 
     </span>
    </p>
   </div>
   <div class='ocr_carea' id='block_1_31' title="bbox 350 2947 1987 3020">
    <p class='ocr_par' dir='ltr' id='par_1_31' title="bbox 350 2947 1987 3020">
     <span class='ocr_line' id='line_1_31' title="bbox 350 2947 1987 3020; baseline -0.001 -16"><span class='ocrx_word' id='word_1_220' title='bbox 350 2949 612 3005; x_wconf 89' lang='lat' dir='ltr'><strong>humana</strong></span> <span class='ocrx_word' id='word_1_221' title='bbox 667 2948 870 3020; x_wconf 86' lang='lat' dir='ltr'><strong>lingua</strong></span> <span class='ocrx_word' id='word_1_222' title='bbox 920 2952 1126 3015; x_wconf 89' lang='lat' dir='ltr'><strong>taceat,</strong></span> <span class='ocrx_word' id='word_1_223' title='bbox 1179 2947 1374 3002; x_wconf 90' lang='lat' dir='ltr'><strong>divina</strong></span> <span class='ocrx_word' id='word_1_224' title='bbox 1424 2951 1617 3002; x_wconf 89' lang='lat' dir='ltr'><strong>tamen</strong></span> <span class='ocrx_word' id='word_1_225' title='bbox 1673 2947 1987 3004; x_wconf 82' lang='lat' dir='ltr'><strong>auctoritas</strong></span> 
     </span>
    </p>
   </div>
   <div class='ocr_carea' id='block_1_32' title="bbox 355 3033 1983 3110">
    <p class='ocr_par' dir='ltr' id='par_1_32' title="bbox 355 3033 1983 3110">
     <span class='ocr_line' id='line_1_32' title="bbox 355 3033 1983 3110; baseline -0.003 -17"><span class='ocrx_word' id='word_1_226' title='bbox 355 3041 487 3110; x_wconf 88' lang='lat' dir='ltr'><strong>post</strong></span> <span class='ocrx_word' id='word_1_227' title='bbox 515 3040 810 3108; x_wconf 88' lang='lat' dir='ltr'><strong>patratum</strong></span> <span class='ocrx_word' id='word_1_228' title='bbox 843 3035 1128 3108; x_wconf 84' lang='lat' dir='ltr'><strong>ﬂagitium</strong></span> <span class='ocrx_word' id='word_1_229' title='bbox 1163 3051 1297 3090; x_wconf 87' lang='lat' dir='ltr'><strong>mox</strong></span> <span class='ocrx_word' id='word_1_230' title='bbox 1327 3033 1456 3090; x_wconf 90' lang='lat' dir='ltr'><strong>illos</strong></span> <span class='ocrx_word' id='word_1_231' title='bbox 1513 3034 1983 3091; x_wconf 88' lang='lat' dir='ltr'><strong>anathematizat.</strong></span> 
     </span>
    </p>
   </div>
   <div class='ocr_carea' id='block_1_33' title="bbox 349 3121 1984 3194">
    <p class='ocr_par' dir='ltr' id='par_1_33' title="bbox 349 3121 1984 3194">
     <span class='ocr_line' id='line_1_33' title="bbox 349 3121 1984 3194; baseline -0.001 -14"><span class='ocrx_word' id='word_1_232' title='bbox 349 3125 511 3190; x_wconf 90' lang='lat' dir='ltr'><strong>Quod</strong></span> <span class='ocrx_word' id='word_1_233' title='bbox 543 3141 610 3180; x_wconf 83' lang='lat' dir='ltr'><strong>ex</strong></span> <span class='ocrx_word' id='word_1_234' title='bbox 640 3123 832 3179; x_wconf 85' lang='lat' dir='ltr'><strong>verbis</strong></span> <span class='ocrx_word' id='word_1_235' title='bbox 856 3123 1087 3178; x_wconf 88' lang='lat' dir='ltr'><strong>Domini</strong></span> <span class='ocrx_word' id='word_1_236' title='bbox 1119 3122 1446 3194; x_wconf 87' lang='lat' dir='ltr'><strong>colligimus</strong></span> <span class='ocrx_word' id='word_1_237' title='bbox 1475 3123 1559 3178; x_wconf 90' lang='lat' dir='ltr'><strong>sic</strong></span> <span class='ocrx_word' id='word_1_238' title='bbox 1583 3121 1876 3194; x_wconf 82' lang='lat' dir='ltr'><strong>loquentis</strong></span> <span class='ocrx_word' id='word_1_239' title='bbox 1913 3124 1984 3178; x_wconf 87' lang='lat' dir='ltr'><strong>ad</strong></span> 
     </span>
    </p>
   </div>
   <div class='ocr_carea' id='block_1_34' title="bbox 349 3212 1986 3285">
    <p class='ocr_par' dir='ltr' id='par_1_34' title="bbox 349 3212 1986 3285">
     <span class='ocr_line' id='line_1_34' title="bbox 349 3212 1986 3285; baseline -0.001 -17"><span class='ocrx_word' id='word_1_240' title='bbox 349 3212 671 3285; x_wconf 89' lang='lat' dir='ltr'><strong>discipulos</strong></span> <span class='ocrx_word' id='word_1_241' title='bbox 707 3229 884 3268; x_wconf 90' lang='lat' dir='ltr'><strong>suos:</strong></span> <span class='ocrx_word' id='word_1_242' title='bbox 919 3213 1024 3280; x_wconf 86' lang='lat' dir='ltr'><strong>Qui</strong></span> <span class='ocrx_word' id='word_1_243' title='bbox 1081 3227 1169 3266; x_wconf 77' lang='lat' dir='ltr'><strong>vos</strong></span> <span class='ocrx_word' id='word_1_244' title='bbox 1224 3213 1432 3284; x_wconf 86' lang='lat' dir='ltr'><strong>spernit</strong></span> <span class='ocrx_word' id='word_1_245' title='bbox 1456 3227 1544 3266; x_wconf 84' lang='lat' dir='ltr'><strong>me</strong></span> <span class='ocrx_word' id='word_1_246' title='bbox 1596 3213 1822 3282; x_wconf 81' lang='lat' dir='ltr'><strong>spernit.</strong></span> <span class='ocrx_word' id='word_1_247' title='bbox 1883 3213 1986 3280; x_wconf 82' lang='lat' dir='ltr'><strong>Qui</strong></span> 
     </span>
    </p>
   </div>
   <div class='ocr_carea' id='block_1_35' title="bbox 355 3299 1984 3371">
    <p class='ocr_par' dir='ltr' id='par_1_35' title="bbox 355 3299 1984 3371">
     <span class='ocr_line' id='line_1_35' title="bbox 355 3299 1984 3371; baseline -0.001 -15"><span class='ocrx_word' id='word_1_248' title='bbox 355 3319 448 3358; x_wconf 82' lang='lat' dir='ltr'><strong>vos</strong></span> <span class='ocrx_word' id='word_1_249' title='bbox 499 3303 698 3368; x_wconf 83' lang='lat' dir='ltr'><strong>tangit,</strong></span> <span class='ocrx_word' id='word_1_250' title='bbox 759 3301 933 3370; x_wconf 78' lang='lat' dir='ltr'><strong>tangit</strong></span> <span class='ocrx_word' id='word_1_251' title='bbox 981 3300 1254 3371; x_wconf 78' lang='lat' dir='ltr'><strong>pupillam</strong></span> <span class='ocrx_word' id='word_1_252' title='bbox 1309 3300 1456 3354; x_wconf 87' lang='lat' dir='ltr'><strong>oculi</strong></span> <span class='ocrx_word' id='word_1_253' title='bbox 1496 3302 1622 3354; x_wconf 87' lang='lat' dir='ltr'><strong>mei.</strong></span> <span class='ocrx_word' id='word_1_254' title='bbox 1672 3299 1774 3354; x_wconf 88' lang='lat' dir='ltr'><strong>lsti</strong></span> <span class='ocrx_word' id='word_1_255' title='bbox 1831 3299 1984 3355; x_wconf 84' lang='lat' dir='ltr'><strong>enim</strong></span> 
     </span>
    </p>
   </div>
   <div class='ocr_carea' id='block_1_36' title="bbox 349 3386 1985 3460">
    <p class='ocr_par' dir='ltr' id='par_1_36' title="bbox 349 3386 1985 3460">
     <span class='ocr_line' id='line_1_36' title="bbox 349 3386 1985 3460; baseline -0.001 -14"><span class='ocrx_word' id='word_1_256' title='bbox 349 3391 612 3446; x_wconf 87' lang='lat' dir='ltr'><strong>membra</strong></span> <span class='ocrx_word' id='word_1_257' title='bbox 631 3389 843 3444; x_wconf 87' lang='lat' dir='ltr'><strong>Christi</strong></span> <span class='ocrx_word' id='word_1_258' title='bbox 875 3393 931 3443; x_wconf 88' lang='lat' dir='ltr'><strong>et</strong></span> <span class='ocrx_word' id='word_1_259' title='bbox 959 3387 1243 3460; x_wconf 88' lang='lat' dir='ltr'><strong>pupillam</strong></span> <span class='ocrx_word' id='word_1_260' title='bbox 1267 3388 1552 3443; x_wconf 88' lang='lat' dir='ltr'><strong>Dominici</strong></span> <span class='ocrx_word' id='word_1_261' title='bbox 1574 3386 1726 3444; x_wconf 92' lang='lat' dir='ltr'><strong>oculi</strong></span> <span class='ocrx_word' id='word_1_262' title='bbox 1750 3405 1862 3443; x_wconf 90' lang='lat' dir='ltr'><strong>non</strong></span> <span class='ocrx_word' id='word_1_263' title='bbox 1891 3405 1985 3445; x_wconf 87' lang='lat' dir='ltr'><strong>so-</strong></span> 
     </span>
    </p>
   </div>
   <div class='ocr_carea' id='block_1_37' title="bbox 349 3476 1980 3550">
    <p class='ocr_par' dir='ltr' id='par_1_37' title="bbox 349 3476 1980 3550">
     <span class='ocr_line' id='line_1_37' title="bbox 349 3476 1980 3550; baseline -0.001 -16"><span class='ocrx_word' id='word_1_264' title='bbox 349 3479 472 3534; x_wconf 90' lang='lat' dir='ltr'><strong>lum</strong></span> <span class='ocrx_word' id='word_1_265' title='bbox 502 3477 1048 3550; x_wconf 84' lang='lat' dir='ltr'><strong>tetigerunt,sed,ut</strong></span> <span class='ocrx_word' id='word_1_266' title='bbox 1079 3476 1496 3546; x_wconf 89' lang='lat' dir='ltr'><strong>audio,acriter</strong></span> <span class='ocrx_word' id='word_1_267' title='bbox 1513 3477 1980 3532; x_wconf 88' lang='lat' dir='ltr'><strong>verberaverunt.</strong></span> 
     </span>
    </p>
   </div>
   <div class='ocr_carea' id='block_1_38' title="bbox 353 3564 1984 3638">
    <p class='ocr_par' dir='ltr' id='par_1_38' title="bbox 353 3564 1984 3638">
     <span class='ocr_line' id='line_1_38' title="bbox 353 3564 1984 3638; baseline -0.002 -15"><span class='ocrx_word' id='word_1_268' title='bbox 353 3567 514 3624; x_wconf 89' lang='lat' dir='ltr'><strong>Unde</strong></span> <span class='ocrx_word' id='word_1_269' title='bbox 534 3570 591 3622; x_wconf 89' lang='lat' dir='ltr'><strong>et</strong></span> <span class='ocrx_word' id='word_1_270' title='bbox 609 3566 876 3638; x_wconf 87' lang='lat' dir='ltr'><strong>protinus</strong></span> <span class='ocrx_word' id='word_1_271' title='bbox 897 3564 1090 3620; x_wconf 90' lang='lat' dir='ltr'><strong>divino</strong></span> <span class='ocrx_word' id='word_1_272' title='bbox 1113 3565 1334 3635; x_wconf 90' lang='lat' dir='ltr'><strong>judicio</strong></span> <span class='ocrx_word' id='word_1_273' title='bbox 1348 3564 1756 3620; x_wconf 89' lang='lat' dir='ltr'><strong>communione</strong></span> <span class='ocrx_word' id='word_1_274' title='bbox 1779 3564 1984 3637; x_wconf 83' lang='lat' dir='ltr'><strong>privati</strong></span> 
     </span>
    </p>
   </div>
   <div class='ocr_carea' id='block_1_39' title="bbox 351 3651 1986 3725">
    <p class='ocr_par' dir='ltr' id='par_1_39' title="bbox 351 3651 1986 3725">
     <span class='ocr_line' id='line_1_39' title="bbox 351 3651 1986 3725; baseline -0.001 -15"><span class='ocrx_word' id='word_1_275' title='bbox 351 3655 604 3710; x_wconf 87' lang='lat' dir='ltr'><strong>fuerunt.</strong></span> <span class='ocrx_word' id='word_1_276' title='bbox 637 3653 744 3708; x_wconf 92' lang='lat' dir='ltr'><strong>Ubi</strong></span> <span class='ocrx_word' id='word_1_277' title='bbox 775 3653 844 3708; x_wconf 90' lang='lat' dir='ltr'><strong>de</strong></span> <span class='ocrx_word' id='word_1_278' title='bbox 892 3669 952 3708; x_wconf 91' lang='lat' dir='ltr'><strong>re</strong></span> <span class='ocrx_word' id='word_1_279' title='bbox 1005 3651 1262 3724; x_wconf 88' lang='lat' dir='ltr'><strong>peritura</strong></span> <span class='ocrx_word' id='word_1_280' title='bbox 1319 3653 1529 3725; x_wconf 88' lang='lat' dir='ltr'><strong>agitur,</strong></span> <span class='ocrx_word' id='word_1_281' title='bbox 1587 3654 1790 3708; x_wconf 65' lang='lat' dir='ltr'><strong>dandas</strong></span> <span class='ocrx_word' id='word_1_282' title='bbox 1845 3657 1986 3710; x_wconf 87' lang='lat' dir='ltr'><strong>sunt</strong></span> 
     </span>
    </p>
   </div>
   <div class='ocr_carea' id='block_1_40' title="bbox 347 3741 1980 3814">
    <p class='ocr_par' dir='ltr' id='par_1_40' title="bbox 347 3741 1980 3814">
     <span class='ocr_line' id='line_1_40' title="bbox 347 3741 1980 3814; baseline 0 -16"><span class='ocrx_word' id='word_1_283' title='bbox 347 3743 587 3798; x_wconf 86' lang='lat' dir='ltr'><strong>forsitan</strong></span> <span class='ocrx_word' id='word_1_284' title='bbox 621 3741 678 3796; x_wconf 94' lang='lat' dir='ltr'><strong>in</strong></span> <span class='ocrx_word' id='word_1_285' title='bbox 712 3741 1065 3814; x_wconf 88' lang='lat' dir='ltr'><strong>quibusdam</strong></span> <span class='ocrx_word' id='word_1_286' title='bbox 1097 3741 1343 3812; x_wconf 89' lang='lat' dir='ltr'><strong>negotiis</strong></span> <span class='ocrx_word' id='word_1_287' title='bbox 1379 3742 1584 3797; x_wconf 86' lang='lat' dir='ltr'><strong>barum</strong></span> <span class='ocrx_word' id='word_1_288' title='bbox 1613 3741 1980 3798; x_wconf 87' lang='lat' dir='ltr'><strong>vocationum</strong></span> 
     </span>
    </p>
   </div>
   <div class='ocr_carea' id='block_1_41' title="bbox 2090 2591 3773 2664">
    <p class='ocr_par' dir='ltr' id='par_1_41' title="bbox 2090 2591 3773 2664">
     <span class='ocr_line' id='line_1_41' title="bbox 2090 2591 3773 2664; baseline 0.002 -16"><span class='ocrx_word' id='word_1_289' title='bbox 2090 2592 2272 2648; x_wconf 89' lang='lat' dir='ltr'><strong>libras</strong></span> <span class='ocrx_word' id='word_1_290' title='bbox 2297 2607 2424 2662; x_wconf 78' lang='lat' dir='ltr'><strong>quae</strong></span> <span class='ocrx_word' id='word_1_291' title='bbox 2439 2591 2631 2648; x_wconf 88' lang='lat' dir='ltr'><strong>solent</strong></span> <span class='ocrx_word' id='word_1_292' title='bbox 2657 2591 2782 2647; x_wconf 91' lang='lat' dir='ltr'><strong>dari</strong></span> <span class='ocrx_word' id='word_1_293' title='bbox 2809 2608 2912 2664; x_wconf 92' lang='lat' dir='ltr'><strong>pro</strong></span> <span class='ocrx_word' id='word_1_294' title='bbox 2928 2591 3277 2648; x_wconf 85' lang='lat' dir='ltr'><strong>infractione</strong></span> <span class='ocrx_word' id='word_1_295' title='bbox 3301 2592 3437 2649; x_wconf 85' lang='lat' dir='ltr'><strong>atrii</strong></span> <span class='ocrx_word' id='word_1_296' title='bbox 3455 2592 3742 2651; x_wconf 67' lang='lat' dir='ltr'><strong>ecclesiae</strong></span> <span class='ocrx_word' id='word_1_297' title='bbox 3759 2639 3773 2652; x_wconf 96' lang='lat'><strong>.</strong></span> 
     </span>
    </p>
   </div>
   <div class='ocr_carea' id='block_1_42' title="bbox 2091 2673 3773 2754">
    <p class='ocr_par' dir='ltr' id='par_1_42' title="bbox 2091 2673 3773 2754">
     <span class='ocr_line' id='line_1_42' title="bbox 2091 2673 3773 2754; baseline 0.002 -18"><span class='ocrx_word' id='word_1_298' title='bbox 2091 2679 2272 2736; x_wconf 88' lang='lat' dir='ltr'><strong>Multo</strong></span> <span class='ocrx_word' id='word_1_299' title='bbox 2294 2680 2449 2737; x_wconf 89' lang='lat' dir='ltr'><strong>enim</strong></span> <span class='ocrx_word' id='word_1_300' title='bbox 2472 2679 2777 2754; x_wconf 87' lang='lat' dir='ltr'><strong>pretiosior</strong></span> <span class='ocrx_word' id='word_1_301' title='bbox 2800 2682 2890 2736; x_wconf 88' lang='lat' dir='ltr'><strong>est</strong></span> <span class='ocrx_word' id='word_1_302' title='bbox 2913 2679 3016 2736; x_wconf 88' lang='lat' dir='ltr'><strong>Dei</strong></span> <span class='ocrx_word' id='word_1_303' title='bbox 3033 2673 3304 2737; x_wconf 75' lang='lat' dir='ltr'><strong>minister</strong></span> <span class='ocrx_word' id='word_1_304' title='bbox 3323 2697 3508 2754; x_wconf 87' lang='lat' dir='ltr'><strong>quam</strong></span> <span class='ocrx_word' id='word_1_305' title='bbox 3532 2683 3773 2740; x_wconf 84' lang='lat' dir='ltr'><strong>atrium</strong></span> 
     </span>
    </p>
   </div>
   <div class='ocr_carea' id='block_1_43' title="bbox 2092 2761 3771 2843">
    <p class='ocr_par' dir='ltr' id='par_1_43' title="bbox 2092 2761 3771 2843">
     <span class='ocr_line' id='line_1_43' title="bbox 2092 2761 3771 2843; baseline 0.004 -19"><span class='ocrx_word' id='word_1_306' title='bbox 2092 2768 2294 2842; x_wconf 89' lang='lat' dir='ltr'><strong>templi</strong></span> <span class='ocrx_word' id='word_1_307' title='bbox 2314 2767 2401 2825; x_wconf 89' lang='lat' dir='ltr'><strong>vel</strong></span> <span class='ocrx_word' id='word_1_308' title='bbox 2424 2768 2688 2842; x_wconf 86' lang='lat' dir='ltr'><strong>parietes.</strong></span> <span class='ocrx_word' id='word_1_309' title='bbox 2714 2767 2996 2825; x_wconf 70' lang='lat' dir='ltr'><strong>Praeterea</strong></span> <span class='ocrx_word' id='word_1_310' title='bbox 3007 2783 3272 2841; x_wconf 87' lang='lat' dir='ltr'><strong>congrua</strong></span> <span class='ocrx_word' id='word_1_311' title='bbox 3287 2769 3654 2843; x_wconf 85' lang='lat' dir='ltr'><strong>injungatur</strong></span> <span class='ocrx_word' id='word_1_312' title='bbox 3674 2761 3771 2830; x_wconf 83' lang='lat' dir='ltr'><strong>eis</strong></span> 
     </span>
    </p>
   </div>
   <div class='ocr_carea' id='block_1_44' title="bbox 2093 2857 3765 2932">
    <p class='ocr_par' dir='ltr' id='par_1_44' title="bbox 2093 2857 3765 2932">
     <span class='ocr_line' id='line_1_44' title="bbox 2093 2857 3765 2932; baseline 0.001 -18"><span class='ocrx_word' id='word_1_313' title='bbox 2093 2857 2433 2930; x_wconf 78' lang='lat' dir='ltr'><strong>pmnitentia</strong></span> <span class='ocrx_word' id='word_1_314' title='bbox 2462 2861 2563 2914; x_wconf 89' lang='lat' dir='ltr'><strong>aut</strong></span> <span class='ocrx_word' id='word_1_315' title='bbox 2591 2859 2814 2932; x_wconf 87' lang='lat' dir='ltr'><strong>septem</strong></span> <span class='ocrx_word' id='word_1_316' title='bbox 2845 2859 2948 2912; x_wconf 91' lang='lat' dir='ltr'><strong>aut</strong></span> <span class='ocrx_word' id='word_1_317' title='bbox 2967 2857 3232 2930; x_wconf 89' lang='lat' dir='ltr'><strong>quinque</strong></span> <span class='ocrx_word' id='word_1_318' title='bbox 3255 2874 3582 2926; x_wconf 87' lang='lat' dir='ltr'><strong>annorum,</strong></span> <span class='ocrx_word' id='word_1_319' title='bbox 3607 2863 3680 2916; x_wconf 90' lang='lat' dir='ltr'><strong>ut</strong></span> <span class='ocrx_word' id='word_1_320' title='bbox 3697 2865 3765 2918; x_wconf 87' lang='lat' dir='ltr'><strong>et</strong></span> 
     </span>
    </p>
   </div>
   <div class='ocr_carea' id='block_1_45' title="bbox 2092 2943 3773 3018">
    <p class='ocr_par' dir='ltr' id='par_1_45' title="bbox 2092 2943 3773 3018">
     <span class='ocr_line' id='line_1_45' title="bbox 2092 2943 3773 3018; baseline 0.002 -17"><span class='ocrx_word' id='word_1_321' title='bbox 2092 2945 2190 3001; x_wconf 91' lang='lat' dir='ltr'><strong>isti</strong></span> <span class='ocrx_word' id='word_1_322' title='bbox 2229 2943 2595 3018; x_wconf 87' lang='lat' dir='ltr'><strong>corrigantur</strong></span> <span class='ocrx_word' id='word_1_323' title='bbox 2622 2948 2679 3000; x_wconf 89' lang='lat' dir='ltr'><strong>et</strong></span> <span class='ocrx_word' id='word_1_324' title='bbox 2708 2943 2896 3001; x_wconf 66' lang='lat' dir='ltr'><strong>caeteri</strong></span> <span class='ocrx_word' id='word_1_325' title='bbox 2925 2948 3151 3001; x_wconf 90' lang='lat' dir='ltr'><strong>metum</strong></span> <span class='ocrx_word' id='word_1_326' title='bbox 3179 2944 3460 3003; x_wconf 88' lang='lat' dir='ltr'><strong>habeant.</strong></span> <span class='ocrx_word' id='word_1_327' title='bbox 3507 2951 3637 3004; x_wconf 88' lang='lat' dir='ltr'><strong>Hoc</strong></span> <span class='ocrx_word' id='word_1_328' title='bbox 3667 2955 3773 3006; x_wconf 88' lang='lat' dir='ltr'><strong>est</strong></span> 
     </span>
    </p>
   </div>
   <div class='ocr_carea' id='block_1_46' title="bbox 2093 3029 3771 3108">
    <p class='ocr_par' dir='ltr' id='par_1_46' title="bbox 2093 3029 3771 3108">
     <span class='ocr_line' id='line_1_46' title="bbox 2093 3029 3771 3108; baseline 0.003 -18"><span class='ocrx_word' id='word_1_329' title='bbox 2093 3037 2429 3106; x_wconf 82' lang='lat' dir='ltr'><strong>excerptum</strong></span> <span class='ocrx_word' id='word_1_330' title='bbox 2441 3034 2683 3090; x_wconf 86' lang='lat' dir='ltr'><strong>desexto</strong></span> <span class='ocrx_word' id='word_1_331' title='bbox 2712 3032 2860 3090; x_wconf 88' lang='lat' dir='ltr'><strong>libro</strong></span> <span class='ocrx_word' id='word_1_332' title='bbox 2885 3029 3771 3108; x_wconf 79' lang='lat' dir='ltr'><strong>Capituliarium,capitu1098:</strong></span> 
     </span>
    </p>
   </div>
   <div class='ocr_carea' id='block_1_47' title="bbox 2093 3111 3777 3194">
    <p class='ocr_par' dir='ltr' id='par_1_47' title="bbox 2093 3111 3777 3194">
     <span class='ocr_line' id='line_1_47' title="bbox 2093 3111 3777 3194; baseline 0.002 -16"><span class='ocrx_word' id='word_1_333' title='bbox 2093 3123 2156 3178; x_wconf 88' lang='lat' dir='ltr'><strong>Si</strong></span> <span class='ocrx_word' id='word_1_334' title='bbox 2183 3123 2304 3194; x_wconf 89' lang='lat' dir='ltr'><strong>quis</strong></span> <span class='ocrx_word' id='word_1_335' title='bbox 2330 3118 2657 3178; x_wconf 70' lang='lat' dir='ltr'><strong>sacerdotem</strong></span> <span class='ocrx_word' id='word_1_336' title='bbox 2685 3111 2772 3178; x_wconf 82' lang='lat' dir='ltr'><strong>vel</strong></span> <span class='ocrx_word' id='word_1_337' title='bbox 2797 3123 3022 3178; x_wconf 85' lang='lat' dir='ltr'><strong>levitam</strong></span> <span class='ocrx_word' id='word_1_338' title='bbox 3049 3127 3147 3179; x_wconf 86' lang='lat' dir='ltr'><strong>aut</strong></span> <span class='ocrx_word' id='word_1_339' title='bbox 3173 3125 3510 3180; x_wconf 86' lang='lat' dir='ltr'><strong>monachum</strong></span> <span class='ocrx_word' id='word_1_340' title='bbox 3558 3125 3777 3182; x_wconf 85' lang='lat' dir='ltr'><strong>debili-</strong></span> 
     </span>
    </p>
   </div>
   <div class='ocr_carea' id='block_1_48' title="bbox 2092 3211 3778 3288">
    <p class='ocr_par' dir='ltr' id='par_1_48' title="bbox 2092 3211 3778 3288">
     <span class='ocr_line' id='line_1_48' title="bbox 2092 3211 3778 3288; baseline 0.004 -22"><span class='ocrx_word' id='word_1_341' title='bbox 2092 3213 2307 3278; x_wconf 86' lang='lat' dir='ltr'><strong>taverit,</strong></span> <span class='ocrx_word' id='word_1_342' title='bbox 2333 3211 2498 3284; x_wconf 74' lang='lat' dir='ltr'><strong>juxta</strong></span> <span class='ocrx_word' id='word_1_343' title='bbox 2516 3213 2719 3266; x_wconf 87' lang='lat' dir='ltr'><strong>statuta</strong></span> <span class='ocrx_word' id='word_1_344' title='bbox 2744 3212 2999 3282; x_wconf 86' lang='lat' dir='ltr'><strong>priorum</strong></span> <span class='ocrx_word' id='word_1_345' title='bbox 3041 3212 3418 3284; x_wconf 79' lang='lat' dir='ltr'><strong>capitulorum</strong></span> <span class='ocrx_word' id='word_1_346' title='bbox 3465 3229 3598 3286; x_wconf 72' lang='lat' dir='ltr'><strong>quae</strong></span> <span class='ocrx_word' id='word_1_347' title='bbox 3651 3216 3778 3288; x_wconf 80' lang='lat' dir='ltr'><strong>legi</strong></span> 
     </span>
    </p>
   </div>
   <div class='ocr_carea' id='block_1_49' title="bbox 2093 3299 3777 3374">
    <p class='ocr_par' dir='ltr' id='par_1_49' title="bbox 2093 3299 3777 3374">
     <span class='ocr_line' id='line_1_49' title="bbox 2093 3299 3777 3374; baseline 0.004 -19"><span class='ocrx_word' id='word_1_348' title='bbox 2093 3299 2292 3357; x_wconf 67' lang='lat' dir='ltr'><strong>Salicae</strong></span> <span class='ocrx_word' id='word_1_349' title='bbox 2317 3303 2444 3356; x_wconf 82' lang='lat' dir='ltr'><strong>sunt</strong></span> <span class='ocrx_word' id='word_1_350' title='bbox 2499 3299 2686 3356; x_wconf 86' lang='lat' dir='ltr'><strong>addita</strong></span> <span class='ocrx_word' id='word_1_351' title='bbox 2739 3304 3046 3372; x_wconf 86' lang='lat' dir='ltr'><strong>componat,</strong></span> <span class='ocrx_word' id='word_1_352' title='bbox 3103 3304 3157 3356; x_wconf 86' lang='lat' dir='ltr'><strong>et</strong></span> <span class='ocrx_word' id='word_1_353' title='bbox 3212 3301 3441 3374; x_wconf 75' lang='lat' dir='ltr'><strong>insuper</strong></span> <span class='ocrx_word' id='word_1_354' title='bbox 3498 3303 3777 3362; x_wconf 83' lang='lat' dir='ltr'><strong>bannum</strong></span> 
     </span>
    </p>
   </div>
   <div class='ocr_carea' id='block_1_50' title="bbox 2090 3387 3774 3462">
    <p class='ocr_par' dir='ltr' id='par_1_50' title="bbox 2090 3387 3774 3462">
     <span class='ocr_line' id='line_1_50' title="bbox 2090 3387 3774 3462; baseline 0.004 -19"><span class='ocrx_word' id='word_1_355' title='bbox 2090 3395 2354 3456; x_wconf 87' lang='lat' dir='ltr'><strong>nostrum,</strong></span> <span class='ocrx_word' id='word_1_356' title='bbox 2386 3387 2442 3443; x_wconf 83' lang='lat' dir='ltr'><strong>id</strong></span> <span class='ocrx_word' id='word_1_357' title='bbox 2472 3395 2550 3444; x_wconf 83' lang='lat' dir='ltr'><strong>est</strong></span> <span class='ocrx_word' id='word_1_358' title='bbox 2577 3389 2868 3459; x_wconf 70' lang='lat' dir='ltr'><strong>sexaginta</strong></span> <span class='ocrx_word' id='word_1_359' title='bbox 2893 3387 3096 3444; x_wconf 85' lang='lat' dir='ltr'><strong>solidos</strong></span> <span class='ocrx_word' id='word_1_360' title='bbox 3123 3390 3283 3446; x_wconf 90' lang='lat' dir='ltr'><strong>nobis</strong></span> <span class='ocrx_word' id='word_1_361' title='bbox 3331 3391 3648 3462; x_wconf 86' lang='lat' dir='ltr'><strong>persolvat,</strong></span> <span class='ocrx_word' id='word_1_362' title='bbox 3714 3402 3774 3450; x_wconf 79' lang='lat' dir='ltr'><strong>et</strong></span> 
     </span>
    </p>
   </div>
   <div class='ocr_carea' id='block_1_51' title="bbox 2090 3477 3775 3550">
    <p class='ocr_par' dir='ltr' id='par_1_51' title="bbox 2090 3477 3775 3550">
     <span class='ocr_line' id='line_1_51' title="bbox 2090 3477 3775 3550; baseline 0.004 -19"><span class='ocrx_word' id='word_1_363' title='bbox 2090 3493 2250 3532; x_wconf 88' lang='lat' dir='ltr'><strong>arma</strong></span> <span class='ocrx_word' id='word_1_364' title='bbox 2292 3477 2586 3550; x_wconf 83' lang='lat' dir='ltr'><strong>relinquat,</strong></span> <span class='ocrx_word' id='word_1_365' title='bbox 2645 3480 2806 3548; x_wconf 85' lang='lat' dir='ltr'><strong>atque</strong></span> <span class='ocrx_word' id='word_1_366' title='bbox 2861 3477 2924 3532; x_wconf 90' lang='lat' dir='ltr'><strong>in</strong></span> <span class='ocrx_word' id='word_1_367' title='bbox 2975 3479 3306 3534; x_wconf 84' lang='lat' dir='ltr'><strong>monasterio</strong></span> <span class='ocrx_word' id='word_1_368' title='bbox 3361 3477 3559 3536; x_wconf 88' lang='lat' dir='ltr'><strong>diebus</strong></span> <span class='ocrx_word' id='word_1_369' title='bbox 3617 3483 3775 3539; x_wconf 70' lang='lat' dir='ltr'><strong>vitae</strong></span> 
     </span>
    </p>
   </div>
   <div class='ocr_carea' id='block_1_52' title="bbox 2087 3565 3771 3642">
    <p class='ocr_par' dir='ltr' id='par_1_52' title="bbox 2087 3565 3771 3642">
     <span class='ocr_line' id='line_1_52' title="bbox 2087 3565 3771 3642; baseline 0.002 -22"><span class='ocrx_word' id='word_1_370' title='bbox 2087 3579 2206 3622; x_wconf 76' lang='lat' dir='ltr'><strong>suae</strong></span> <span class='ocrx_word' id='word_1_371' title='bbox 2254 3565 2354 3621; x_wconf 89' lang='lat' dir='ltr'><strong>sub</strong></span> <span class='ocrx_word' id='word_1_372' title='bbox 2409 3565 2585 3621; x_wconf 84' lang='lat' dir='ltr'><strong>ardua</strong></span> <span class='ocrx_word' id='word_1_373' title='bbox 2629 3566 2960 3638; x_wconf 69' lang='lat' dir='ltr'><strong>paenitentia</strong></span> <span class='ocrx_word' id='word_1_374' title='bbox 3005 3565 3110 3622; x_wconf 86' lang='lat' dir='ltr'><strong>Deo</strong></span> <span class='ocrx_word' id='word_1_375' title='bbox 3174 3567 3380 3623; x_wconf 82' lang='lat' dir='ltr'><strong>serviat</strong></span> <span class='ocrx_word' id='word_1_376' title='bbox 3463 3584 3771 3642; x_wconf 81' lang='lat' dir='ltr'><strong>nusquam</strong></span> 
     </span>
    </p>
   </div>
   <div class='ocr_carea' id='block_1_53' title="bbox 2083 3651 3770 3726">
    <p class='ocr_par' dir='ltr' id='par_1_53' title="bbox 2083 3651 3770 3726">
     <span class='ocr_line' id='line_1_53' title="bbox 2083 3651 3770 3726; baseline 0.005 -18"><span class='ocrx_word' id='word_1_377' title='bbox 2083 3657 2204 3726; x_wconf 86' lang='lat' dir='ltr'><strong>post</strong></span> <span class='ocrx_word' id='word_1_378' title='bbox 2239 3651 2460 3709; x_wconf 85' lang='lat' dir='ltr'><strong>modum</strong></span> <span class='ocrx_word' id='word_1_379' title='bbox 2477 3652 2678 3710; x_wconf 55' lang='lat' dir='ltr'><strong>seculo</strong></span> <span class='ocrx_word' id='word_1_380' title='bbox 2704 3653 2789 3708; x_wconf 84' lang='lat' dir='ltr'><strong>vel</strong></span> <span class='ocrx_word' id='word_1_381' title='bbox 2817 3651 3176 3710; x_wconf 59' lang='lat' dir='ltr'><strong>secutoribus</strong></span> <span class='ocrx_word' id='word_1_382' title='bbox 3210 3655 3586 3725; x_wconf 87' lang='lat' dir='ltr'><strong>militaturus,</strong></span> <span class='ocrx_word' id='word_1_383' title='bbox 3650 3675 3770 3715; x_wconf 72' lang='lat' dir='ltr'><strong>ne-</strong></span> 
     </span>
    </p>
   </div>
   <div class='ocr_carea' id='block_1_54' title="bbox 2089 3741 2836 3826">
    <p class='ocr_par' dir='ltr' id='par_1_54' title="bbox 2089 3741 2836 3826">
     <span class='ocr_line' id='line_1_54' title="bbox 2089 3741 2836 3826; baseline 0 -30"><span class='ocrx_word' id='word_1_384' title='bbox 2089 3757 2194 3814; x_wconf 85' lang='lat' dir='ltr'><strong>que</strong></span> <span class='ocrx_word' id='word_1_385' title='bbox 2211 3757 2438 3821; x_wconf 74' lang='lat' dir='ltr'><strong>uxorem</strong></span> <span class='ocrx_word' id='word_1_386' title='bbox 2465 3741 2836 3826; x_wconf 54' lang='lat' dir='ltr'><strong>copulatum.</strong></span> 
     </span>
    </p>
   </div>
   <div class='ocr_carea' id='block_1_55' title="bbox 347 3808 3778 3939">
    <p class='ocr_par' dir='ltr' id='par_1_55' title="bbox 347 3808 3778 3939">
     <span class='ocr_line' id='line_1_55' title="bbox 347 3808 3778 3939; baseline 0.001 -53"><span class='ocrx_word' id='word_1_387' title='bbox 347 3827 672 3910; x_wconf 78' lang='lat' dir='ltr'><strong>dilationes.</strong></span> <span class='ocrx_word' id='word_1_388' title='bbox 729 3808 968 3896; x_wconf 67' lang='lat' dir='ltr'><strong>Cuando</strong></span> <span class='ocrx_word' id='word_1_389' title='bbox 999 3808 1200 3884; x_wconf 71' lang='lat' dir='ltr'><strong>autem</strong></span> <span class='ocrx_word' id='word_1_390' title='bbox 1225 3829 1333 3885; x_wconf 90' lang='lat' dir='ltr'><strong>hoc</strong></span> <span class='ocrx_word' id='word_1_391' title='bbox 1362 3827 1475 3885; x_wconf 87' lang='lat' dir='ltr'><strong>tale</strong></span> <span class='ocrx_word' id='word_1_392' title='bbox 1519 3833 1575 3885; x_wconf 85' lang='lat' dir='ltr'><strong>et</strong></span> <span class='ocrx_word' id='word_1_393' title='bbox 1621 3831 1741 3885; x_wconf 88' lang='lat' dir='ltr'><strong>tam</strong></span> <span class='ocrx_word' id='word_1_394' title='bbox 1791 3829 1978 3886; x_wconf 81' lang='lat' dir='ltr'><strong>maxi-</strong></span> <span class='ocrx_word' id='word_1_395' title='bbox 2009 3872 2051 3939; x_wconf 65' lang='grc' dir='ltr'>Ο</span> <span class='ocrx_word' id='word_1_396' title='bbox 2095 3808 2114 3814; x_wconf 47' lang='grc'><strong><em>“</em></strong></span> <span class='ocrx_word' id='word_1_397' title='bbox 2159 3808 2444 3902; x_wconf 70' lang='lat' dir='ltr'><strong>Tempore</strong></span> <span class='ocrx_word' id='word_1_398' title='bbox 2467 3808 2738 3900; x_wconf 75' lang='lat' dir='ltr'><strong>Ludovici</strong></span> <span class='ocrx_word' id='word_1_399' title='bbox 2769 3815 2945 3902; x_wconf 76' lang='lat' dir='ltr'><strong>regis,</strong></span> <span class='ocrx_word' id='word_1_400' title='bbox 2977 3829 3166 3903; x_wconf 79' lang='lat' dir='ltr'><strong>patris</strong></span> <span class='ocrx_word' id='word_1_401' title='bbox 3214 3831 3499 3909; x_wconf 62' lang='lat' dir='ltr'><strong>Lotharii,</strong></span> <span class='ocrx_word' id='word_1_402' title='bbox 3526 3833 3778 3894; x_wconf 62' lang='lat' dir='ltr'><strong>fertur</strong></span> 
     </span>
    </p>
   </div>
   <div class='ocr_carea' id='block_1_56' title="bbox 348 3915 3776 3995">
    <p class='ocr_par' dir='ltr' id='par_1_56' title="bbox 348 3915 3776 3995">
     <span class='ocr_line' id='line_1_56' title="bbox 348 3915 3776 3995; baseline 0.002 -21"><span class='ocrx_word' id='word_1_403' title='bbox 348 3936 510 3974; x_wconf 90' lang='lat' dir='ltr'><strong>mum</strong></span> <span class='ocrx_word' id='word_1_404' title='bbox 541 3917 923 3975; x_wconf 86' lang='lat' dir='ltr'><strong>committitur</strong></span> <span class='ocrx_word' id='word_1_405' title='bbox 951 3915 1342 3990; x_wconf 87' lang='lat' dir='ltr'><strong>sacrilegium,</strong></span> <span class='ocrx_word' id='word_1_406' title='bbox 1373 3917 1429 3972; x_wconf 91' lang='lat' dir='ltr'><strong>in</strong></span> <span class='ocrx_word' id='word_1_407' title='bbox 1464 3935 1578 3990; x_wconf 90' lang='lat' dir='ltr'><strong>quo</strong></span> <span class='ocrx_word' id='word_1_408' title='bbox 1620 3934 1823 3974; x_wconf 89' lang='lat' dir='ltr'><strong>verum</strong></span> <span class='ocrx_word' id='word_1_409' title='bbox 1880 3919 1978 3975; x_wconf 90' lang='lat' dir='ltr'><strong>Dei</strong></span> <span class='ocrx_word' id='word_1_410' title='bbox 2010 3915 2051 3939; x_wconf 69' lang='grc' dir='ltr'>υ</span> <span class='ocrx_word' id='word_1_411' title='bbox 2089 3917 2368 3992; x_wconf 89' lang='lat' dir='ltr'><strong>quiddam</strong></span> <span class='ocrx_word' id='word_1_412' title='bbox 2399 3922 2616 3974; x_wconf 85' lang='lat' dir='ltr'><strong>actum.</strong></span> <span class='ocrx_word' id='word_1_413' title='bbox 2639 3919 2782 3975; x_wconf 88' lang='lat' dir='ltr'><strong>Cum</strong></span> <span class='ocrx_word' id='word_1_414' title='bbox 2815 3918 3055 3991; x_wconf 90' lang='lat' dir='ltr'><strong>quidam</strong></span> <span class='ocrx_word' id='word_1_415' title='bbox 3085 3919 3174 3974; x_wconf 87' lang='lat' dir='ltr'><strong>ira</strong></span> <span class='ocrx_word' id='word_1_416' title='bbox 3203 3923 3508 3992; x_wconf 87' lang='lat' dir='ltr'><strong>permotus</strong></span> <span class='ocrx_word' id='word_1_417' title='bbox 3531 3937 3776 3995; x_wconf 87' lang='lat' dir='ltr'><strong>quem-</strong></span> 
     </span>
    </p>
   </div>
   <div class='ocr_carea' id='block_1_57' title="bbox 347 4004 1980 4079">
    <p class='ocr_par' dir='ltr' id='par_1_57' title="bbox 347 4004 1980 4079">
     <span class='ocr_line' id='line_1_57' title="bbox 347 4004 1980 4079; baseline 0 -17"><span class='ocrx_word' id='word_1_418' title='bbox 347 4007 632 4079; x_wconf 89' lang='lat' dir='ltr'><strong>templum</strong></span> <span class='ocrx_word' id='word_1_419' title='bbox 649 4023 765 4062; x_wconf 91' lang='lat' dir='ltr'><strong>non</strong></span> <span class='ocrx_word' id='word_1_420' title='bbox 780 4023 956 4061; x_wconf 90' lang='lat' dir='ltr'><strong>manu</strong></span> <span class='ocrx_word' id='word_1_421' title='bbox 967 4009 1182 4061; x_wconf 78' lang='lat' dir='ltr'><strong>factum</strong></span> <span class='ocrx_word' id='word_1_422' title='bbox 1195 4004 1670 4073; x_wconf 88' lang='lat' dir='ltr'><strong>violatur,eodem</strong></span> <span class='ocrx_word' id='word_1_423' title='bbox 1685 4011 1980 4062; x_wconf 91' lang='lat' dir='ltr'><strong>momento</strong></span> 
     </span>
    </p>
   </div>
   <div class='ocr_carea' id='block_1_58' title="bbox 347 4091 1985 4166">
    <p class='ocr_par' dir='ltr' id='par_1_58' title="bbox 347 4091 1985 4166">
     <span class='ocr_line' id='line_1_58' title="bbox 347 4091 1985 4166; baseline 0 -16"><span class='ocrx_word' id='word_1_424' title='bbox 347 4099 616 4166; x_wconf 87' lang='lat' dir='ltr'><strong>operator</strong></span> <span class='ocrx_word' id='word_1_425' title='bbox 641 4091 1161 4166; x_wconf 88' lang='lat' dir='ltr'><strong>hujusiniquitatis</strong></span> <span class='ocrx_word' id='word_1_426' title='bbox 1183 4110 1296 4149; x_wconf 92' lang='lat' dir='ltr'><strong>non</strong></span> <span class='ocrx_word' id='word_1_427' title='bbox 1319 4097 1545 4148; x_wconf 87' lang='lat' dir='ltr'><strong>tantum</strong></span> <span class='ocrx_word' id='word_1_428' title='bbox 1570 4110 1704 4150; x_wconf 85' lang='lat' dir='ltr'><strong>reus</strong></span> <span class='ocrx_word' id='word_1_429' title='bbox 1733 4095 1985 4150; x_wconf 79' lang='lat' dir='ltr'><strong>eilicitur</strong></span> 
     </span>
    </p>
   </div>
   <div class='ocr_carea' id='block_1_59' title="bbox 347 4179 1982 4255">
    <p class='ocr_par' dir='ltr' id='par_1_59' title="bbox 347 4179 1982 4255">
     <span class='ocr_line' id='line_1_59' title="bbox 347 4179 1982 4255; baseline 0 -17"><span class='ocrx_word' id='word_1_430' title='bbox 347 4181 987 4250; x_wconf 83' lang='lat' dir='ltr'><strong>excommunicationis,</strong></span> <span class='ocrx_word' id='word_1_431' title='bbox 1019 4181 1120 4236; x_wconf 91' lang='lat' dir='ltr'><strong>sed</strong></span> <span class='ocrx_word' id='word_1_432' title='bbox 1145 4181 1319 4236; x_wconf 89' lang='lat' dir='ltr'><strong>etiam</strong></span> <span class='ocrx_word' id='word_1_433' title='bbox 1352 4179 1604 4252; x_wconf 91' lang='lat' dir='ltr'><strong>alicujus</strong></span> <span class='ocrx_word' id='word_1_434' title='bbox 1624 4181 1820 4255; x_wconf 85' lang='lat' dir='ltr'><strong>magni</strong></span> <span class='ocrx_word' id='word_1_435' title='bbox 1842 4199 1982 4254; x_wconf 85' lang='lat' dir='ltr'><strong>sup-</strong></span> 
     </span>
    </p>
   </div>
   <div class='ocr_carea' id='block_1_60' title="bbox 346 4269 1979 4342">
    <p class='ocr_par' dir='ltr' id='par_1_60' title="bbox 346 4269 1979 4342">
     <span class='ocr_line' id='line_1_60' title="bbox 346 4269 1979 4342; baseline 0.001 -18"><span class='ocrx_word' id='word_1_436' title='bbox 346 4269 506 4342; x_wconf 91' lang='lat' dir='ltr'><strong>plicii</strong></span> <span class='ocrx_word' id='word_1_437' title='bbox 535 4271 690 4342; x_wconf 92' lang='lat' dir='ltr'><strong>quod</strong></span> <span class='ocrx_word' id='word_1_438' title='bbox 722 4271 907 4342; x_wconf 86' lang='lat' dir='ltr'><strong>possit</strong></span> <span class='ocrx_word' id='word_1_439' title='bbox 945 4275 1003 4325; x_wconf 83' lang='lat' dir='ltr'><strong>et</strong></span> <span class='ocrx_word' id='word_1_440' title='bbox 1059 4269 1246 4341; x_wconf 90' lang='lat' dir='ltr'><strong>ipsam</strong></span> <span class='ocrx_word' id='word_1_441' title='bbox 1305 4286 1579 4342; x_wconf 88' lang='lat' dir='ltr'><strong>superare</strong></span> <span class='ocrx_word' id='word_1_442' title='bbox 1631 4271 1979 4341; x_wconf 87' lang='lat' dir='ltr'><strong>gehennam.</strong></span> 
     </span>
    </p>
   </div>
   <div class='ocr_carea' id='block_1_61' title="bbox 347 4356 1982 4432">
    <p class='ocr_par' dir='ltr' id='par_1_61' title="bbox 347 4356 1982 4432">
     <span class='ocr_line' id='line_1_61' title="bbox 347 4356 1982 4432; baseline -0.001 -17"><span class='ocrx_word' id='word_1_443' title='bbox 347 4359 518 4415; x_wconf 83' lang='lat' dir='ltr'><strong>Recte</strong></span> <span class='ocrx_word' id='word_1_444' title='bbox 547 4359 726 4432; x_wconf 90' lang='lat' dir='ltr'><strong>igitur</strong></span> <span class='ocrx_word' id='word_1_445' title='bbox 754 4375 851 4414; x_wconf 89' lang='lat' dir='ltr'><strong>eos</strong></span> <span class='ocrx_word' id='word_1_446' title='bbox 899 4359 1120 4430; x_wconf 87' lang='lat' dir='ltr'><strong>absque</strong></span> <span class='ocrx_word' id='word_1_447' title='bbox 1175 4356 1454 4414; x_wconf 90' lang='lat' dir='ltr'><strong>dilatione</strong></span> <span class='ocrx_word' id='word_1_448' title='bbox 1510 4359 1982 4426; x_wconf 83' lang='lat' dir='ltr'><strong>excommunica-</strong></span> 
     </span>
    </p>
   </div>
   <div class='ocr_carea' id='block_1_62' title="bbox 348 4446 1980 4520">
    <p class='ocr_par' dir='ltr' id='par_1_62' title="bbox 348 4446 1980 4520">
     <span class='ocr_line' id='line_1_62' title="bbox 348 4446 1980 4520; baseline -0.002 -16"><span class='ocrx_word' id='word_1_449' title='bbox 348 4447 454 4504; x_wconf 88' lang='lat' dir='ltr'><strong>stis</strong></span> <span class='ocrx_word' id='word_1_450' title='bbox 512 4447 612 4520; x_wconf 87' lang='lat' dir='ltr'><strong>qui</strong></span> <span class='ocrx_word' id='word_1_451' title='bbox 696 4464 810 4503; x_wconf 90' lang='lat' dir='ltr'><strong>non</strong></span> <span class='ocrx_word' id='word_1_452' title='bbox 894 4447 1220 4502; x_wconf 90' lang='lat' dir='ltr'><strong>timuerunt</strong></span> <span class='ocrx_word' id='word_1_453' title='bbox 1286 4447 1591 4502; x_wconf 85' lang='lat' dir='ltr'><strong>extendere</strong></span> <span class='ocrx_word' id='word_1_454' title='bbox 1646 4463 1859 4502; x_wconf 90' lang='lat' dir='ltr'><strong>manus</strong></span> <span class='ocrx_word' id='word_1_455' title='bbox 1923 4446 1980 4501; x_wconf 89' lang='lat' dir='ltr'><strong>in</strong></span> 
     </span>
    </p>
   </div>
   <div class='ocr_carea' id='block_1_63' title="bbox 345 4533 1982 4608">
    <p class='ocr_par' dir='ltr' id='par_1_63' title="bbox 345 4533 1982 4608">
     <span class='ocr_line' id='line_1_63' title="bbox 345 4533 1982 4608; baseline -0.002 -16"><span class='ocrx_word' id='word_1_456' title='bbox 345 4541 579 4592; x_wconf 87' lang='lat' dir='ltr'><strong>sanctos</strong></span> <span class='ocrx_word' id='word_1_457' title='bbox 624 4537 747 4592; x_wconf 95' lang='lat' dir='ltr'><strong>Dei.</strong></span> <span class='ocrx_word' id='word_1_458' title='bbox 797 4536 957 4600; x_wconf 89' lang='lat' dir='ltr'><strong>Quod</strong></span> <span class='ocrx_word' id='word_1_459' title='bbox 991 4535 1040 4591; x_wconf 90' lang='lat' dir='ltr'><strong>si</strong></span> <span class='ocrx_word' id='word_1_460' title='bbox 1094 4537 1388 4606; x_wconf 65' lang='lat' dir='ltr'><strong>queratur</strong></span> <span class='ocrx_word' id='word_1_461' title='bbox 1440 4535 1734 4606; x_wconf 88' lang='lat' dir='ltr'><strong>quomodo</strong></span> <span class='ocrx_word' id='word_1_462' title='bbox 1791 4533 1982 4608; x_wconf 90' lang='lat' dir='ltr'><strong>puniti</strong></span> 
     </span>
    </p>
   </div>
   <div class='ocr_carea' id='block_1_64' title="bbox 344 4621 1986 4696">
    <p class='ocr_par' dir='ltr' id='par_1_64' title="bbox 344 4621 1986 4696">
     <span class='ocr_line' id='line_1_64' title="bbox 344 4621 1986 4696; baseline 0 -16"><span class='ocrx_word' id='word_1_463' title='bbox 344 4623 431 4680; x_wconf 91' lang='lat' dir='ltr'><strong>vel</strong></span> <span class='ocrx_word' id='word_1_464' title='bbox 461 4623 674 4696; x_wconf 90' lang='lat' dir='ltr'><strong>corripi</strong></span> <span class='ocrx_word' id='word_1_465' title='bbox 703 4624 972 4690; x_wconf 88' lang='lat' dir='ltr'><strong>debeant,</strong></span> <span class='ocrx_word' id='word_1_466' title='bbox 1005 4623 1234 4695; x_wconf 85' lang='lat' dir='ltr'><strong>expedit</strong></span> <span class='ocrx_word' id='word_1_467' title='bbox 1277 4622 1361 4678; x_wconf 88' lang='lat' dir='ltr'><strong>eis</strong></span> <span class='ocrx_word' id='word_1_468' title='bbox 1415 4627 1481 4678; x_wconf 90' lang='lat' dir='ltr'><strong>ut</strong></span> <span class='ocrx_word' id='word_1_469' title='bbox 1509 4621 1664 4680; x_wconf 89' lang='lat' dir='ltr'><strong>mola</strong></span> <span class='ocrx_word' id='word_1_470' title='bbox 1730 4621 1986 4680; x_wconf 88' lang='lat' dir='ltr'><strong>asinaria</strong></span> 
     </span>
    </p>
   </div>
   <div class='ocr_carea' id='block_1_65' title="bbox 345 4710 1979 4786">
    <p class='ocr_par' dir='ltr' id='par_1_65' title="bbox 345 4710 1979 4786">
     <span class='ocr_line' id='line_1_65' title="bbox 345 4710 1979 4786; baseline -0.001 -18"><span class='ocrx_word' id='word_1_471' title='bbox 345 4713 566 4786; x_wconf 88' lang='lat' dir='ltr'><strong>gravati</strong></span> <span class='ocrx_word' id='word_1_472' title='bbox 596 4713 1009 4784; x_wconf 89' lang='lat' dir='ltr'><strong>demergantur</strong></span> <span class='ocrx_word' id='word_1_473' title='bbox 1034 4711 1093 4766; x_wconf 91' lang='lat' dir='ltr'><strong>in</strong></span> <span class='ocrx_word' id='word_1_474' title='bbox 1125 4711 1482 4782; x_wconf 87' lang='lat' dir='ltr'><strong>profundum</strong></span> <span class='ocrx_word' id='word_1_475' title='bbox 1505 4711 1704 4780; x_wconf 88' lang='lat' dir='ltr'><strong>maris,</strong></span> <span class='ocrx_word' id='word_1_476' title='bbox 1737 4710 1836 4784; x_wconf 89' lang='lat' dir='ltr'><strong>qui</strong></span> <span class='ocrx_word' id='word_1_477' title='bbox 1899 4711 1979 4766; x_wconf 89' lang='lat' dir='ltr'><strong>fa-</strong></span> 
     </span>
    </p>
   </div>
   <div class='ocr_carea' id='block_1_66' title="bbox 345 4799 1984 4856">
    <p class='ocr_par' dir='ltr' id='par_1_66' title="bbox 345 4799 1984 4856">
     <span class='ocr_line' id='line_1_66' title="bbox 345 4799 1984 4856; baseline 0 -1"><span class='ocrx_word' id='word_1_478' title='bbox 345 4799 524 4856; x_wconf 90' lang='lat' dir='ltr'><strong>mulis</strong></span> <span class='ocrx_word' id='word_1_479' title='bbox 553 4799 766 4856; x_wconf 86' lang='lat' dir='ltr'><strong>Christi</strong></span> <span class='ocrx_word' id='word_1_480' title='bbox 789 4799 1134 4855; x_wconf 88' lang='lat' dir='ltr'><strong>scandalum</strong></span> <span class='ocrx_word' id='word_1_481' title='bbox 1164 4799 1481 4855; x_wconf 88' lang='lat' dir='ltr'><strong>inferentes</strong></span> <span class='ocrx_word' id='word_1_482' title='bbox 1509 4799 1847 4855; x_wconf 85' lang='lat' dir='ltr'><strong>verberibus</strong></span> <span class='ocrx_word' id='word_1_483' title='bbox 1885 4815 1984 4856; x_wconf 87' lang='lat' dir='ltr'><strong>eos</strong></span> 
     </span>
    </p>
   </div>
   <div class='ocr_carea' id='block_1_67' title="bbox 345 4887 1985 4960">
    <p class='ocr_par' dir='ltr' id='par_1_67' title="bbox 345 4887 1985 4960">
     <span class='ocr_line' id='line_1_67' title="bbox 345 4887 1985 4960; baseline 0.001 -18"><span class='ocrx_word' id='word_1_484' title='bbox 345 4892 404 4942; x_wconf 86' lang='lat' dir='ltr'><strong>et</strong></span> <span class='ocrx_word' id='word_1_485' title='bbox 441 4887 810 4942; x_wconf 88' lang='lat' dir='ltr'><strong>contumeliis</strong></span> <span class='ocrx_word' id='word_1_486' title='bbox 841 4887 1189 4943; x_wconf 80' lang='lat' dir='ltr'><strong>afﬂixerunt.</strong></span> <span class='ocrx_word' id='word_1_487' title='bbox 1223 4887 1398 4960; x_wconf 88' lang='lat' dir='ltr'><strong>Leges</strong></span> <span class='ocrx_word' id='word_1_488' title='bbox 1429 4904 1662 4960; x_wconf 89' lang='lat' dir='ltr'><strong>quoque</strong></span> <span class='ocrx_word' id='word_1_489' title='bbox 1676 4887 1985 4945; x_wconf 61' lang='lat' dir='ltr'><strong>mundanae</strong></span> 
     </span>
    </p>
   </div>
   <div class='ocr_carea' id='block_1_68' title="bbox 346 4973 1986 5048">
    <p class='ocr_par' dir='ltr' id='par_1_68' title="bbox 346 4973 1986 5048">
     <span class='ocr_line' id='line_1_68' title="bbox 346 4973 1986 5048; baseline 0.001 -19"><span class='ocrx_word' id='word_1_490' title='bbox 346 4974 406 5029; x_wconf 92' lang='lat' dir='ltr'><strong>in</strong></span> <span class='ocrx_word' id='word_1_491' title='bbox 435 4973 869 5045; x_wconf 86' lang='lat' dir='ltr'><strong>Capitularibus</strong></span> <span class='ocrx_word' id='word_1_492' title='bbox 900 4974 1602 5048; x_wconf 71' lang='lat' dir='ltr'><strong>praecipiunthujusmodi</strong></span> <span class='ocrx_word' id='word_1_493' title='bbox 1623 4980 1728 5032; x_wconf 86' lang='lat' dir='ltr'><strong>aut</strong></span> <span class='ocrx_word' id='word_1_494' title='bbox 1752 4975 1986 5048; x_wconf 88' lang='lat' dir='ltr'><strong>capitali</strong></span> 
     </span>
    </p>
   </div>
   <div class='ocr_carea' id='block_1_69' title="bbox 345 5061 1987 5136">
    <p class='ocr_par' dir='ltr' id='par_1_69' title="bbox 345 5061 1987 5136">
     <span class='ocr_line' id='line_1_69' title="bbox 345 5061 1987 5136; baseline 0.001 -16"><span class='ocrx_word' id='word_1_495' title='bbox 345 5061 637 5120; x_wconf 85' lang='lat' dir='ltr'><strong>sententia</strong></span> <span class='ocrx_word' id='word_1_496' title='bbox 662 5062 878 5134; x_wconf 89' lang='lat' dir='ltr'><strong>puniri,</strong></span> <span class='ocrx_word' id='word_1_497' title='bbox 910 5067 1011 5118; x_wconf 88' lang='lat' dir='ltr'><strong>aut</strong></span> <span class='ocrx_word' id='word_1_498' title='bbox 1041 5063 1240 5120; x_wconf 83' lang='lat' dir='ltr'><strong>exsilio</strong></span> <span class='ocrx_word' id='word_1_499' title='bbox 1269 5063 1584 5136; x_wconf 88' lang='lat' dir='ltr'><strong>deportari,</strong></span> <span class='ocrx_word' id='word_1_500' title='bbox 1615 5069 1718 5119; x_wconf 89' lang='lat' dir='ltr'><strong>aut</strong></span> <span class='ocrx_word' id='word_1_501' title='bbox 1771 5080 1987 5121; x_wconf 86' lang='lat' dir='ltr'><strong>manus</strong></span> 
     </span>
    </p>
   </div>
   <div class='ocr_carea' id='block_1_70' title="bbox 345 5150 1987 5225">
    <p class='ocr_par' dir='ltr' id='par_1_70' title="bbox 345 5150 1987 5225">
     <span class='ocr_line' id='line_1_70' title="bbox 345 5150 1987 5225; baseline 0.001 -18"><span class='ocrx_word' id='word_1_502' title='bbox 345 5150 773 5207; x_wconf 89' lang='lat' dir='ltr'><strong>incontinenter</strong></span> <span class='ocrx_word' id='word_1_503' title='bbox 795 5155 1064 5207; x_wconf 77' lang='lat' dir='ltr'><strong>extensae</strong></span> <span class='ocrx_word' id='word_1_504' title='bbox 1093 5151 1346 5225; x_wconf 73' lang='lat' dir='ltr'><strong>praecidi,</strong></span> <span class='ocrx_word' id='word_1_505' title='bbox 1379 5155 1481 5206; x_wconf 89' lang='lat' dir='ltr'><strong>aut</strong></span> <span class='ocrx_word' id='word_1_506' title='bbox 1505 5151 1785 5222; x_wconf 87' lang='lat' dir='ltr'><strong>depositis</strong></span> <span class='ocrx_word' id='word_1_507' title='bbox 1831 5151 1987 5210; x_wconf 86' lang='lat' dir='ltr'><strong>mili-</strong></span> 
     </span>
    </p>
   </div>
   <div class='ocr_carea' id='block_1_71' title="bbox 2089 4005 3778 4081">
    <p class='ocr_par' dir='ltr' id='par_1_71' title="bbox 2089 4005 3778 4081">
     <span class='ocr_line' id='line_1_71' title="bbox 2089 4005 3778 4081; baseline 0.002 -3"><span class='ocrx_word' id='word_1_508' title='bbox 2089 4007 2224 4078; x_wconf 65' lang='lat' dir='ltr'><strong>dam</strong></span> <span class='ocrx_word' id='word_1_509' title='bbox 2253 4007 2613 4078; x_wconf 66' lang='lat' dir='ltr'><strong>sacerdotem</strong></span> <span class='ocrx_word' id='word_1_510' title='bbox 2639 4005 3009 4078; x_wconf 65' lang='lat' dir='ltr'><strong>gravissimis</strong></span> <span class='ocrx_word' id='word_1_511' title='bbox 3029 4007 3302 4077; x_wconf 59' lang='lat' dir='ltr'><strong>attactum</strong></span> <span class='ocrx_word' id='word_1_512' title='bbox 3327 4007 3577 4081; x_wconf 76' lang='lat' dir='ltr'><strong>iniuriis</strong></span> <span class='ocrx_word' id='word_1_513' title='bbox 3599 4015 3668 4067; x_wconf 79' lang='lat' dir='ltr'><strong>et</strong></span> <span class='ocrx_word' id='word_1_514' title='bbox 3691 4015 3778 4070; x_wconf 77' lang='lat' dir='ltr'><strong>ad</strong></span> 
     </span>
    </p>
   </div>
   <div class='ocr_carea' id='block_1_72' title="bbox 2089 4091 3781 4172">
    <p class='ocr_par' dir='ltr' id='par_1_72' title="bbox 2089 4091 3781 4172">
     <span class='ocr_line' id='line_1_72' title="bbox 2089 4091 3781 4172; baseline 0.004 -21"><span class='ocrx_word' id='word_1_515' title='bbox 2089 4099 2411 4152; x_wconf 84' lang='lat' dir='ltr'><strong>extremum</strong></span> <span class='ocrx_word' id='word_1_516' title='bbox 2439 4091 2630 4166; x_wconf 89' lang='lat' dir='ltr'><strong>plagis</strong></span> <span class='ocrx_word' id='word_1_517' title='bbox 2669 4110 2784 4150; x_wconf 91' lang='lat' dir='ltr'><strong>non</strong></span> <span class='ocrx_word' id='word_1_518' title='bbox 2831 4093 3066 4150; x_wconf 89' lang='lat' dir='ltr'><strong>timeret</strong></span> <span class='ocrx_word' id='word_1_519' title='bbox 3120 4094 3383 4152; x_wconf 77' lang='lat' dir='ltr'><strong>lacerare</strong></span> <span class='ocrx_word' id='word_1_520' title='bbox 3439 4095 3781 4172; x_wconf 86' lang='lat' dir='ltr'><strong>plurimis,</strong></span> 
     </span>
    </p>
   </div>
   <div class='ocr_carea' id='block_1_73' title="bbox 2088 4180 3781 4255">
    <p class='ocr_par' dir='ltr' id='par_1_73' title="bbox 2088 4180 3781 4255">
     <span class='ocr_line' id='line_1_73' title="bbox 2088 4180 3781 4255; baseline 0.004 -16"><span class='ocrx_word' id='word_1_521' title='bbox 2088 4186 2333 4254; x_wconf 83' lang='lat' dir='ltr'><strong>uterque</strong></span> <span class='ocrx_word' id='word_1_522' title='bbox 2363 4197 2557 4237; x_wconf 89' lang='lat' dir='ltr'><strong>coram</strong></span> <span class='ocrx_word' id='word_1_523' title='bbox 2602 4180 2763 4254; x_wconf 88' lang='lat' dir='ltr'><strong>regia</strong></span> <span class='ocrx_word' id='word_1_524' title='bbox 2818 4197 3068 4238; x_wconf 89' lang='lat' dir='ltr'><strong>censura</strong></span> <span class='ocrx_word' id='word_1_525' title='bbox 3114 4183 3401 4240; x_wconf 88' lang='lat' dir='ltr'><strong>reductus</strong></span> <span class='ocrx_word' id='word_1_526' title='bbox 3457 4189 3576 4242; x_wconf 90' lang='lat' dir='ltr'><strong>est.</strong></span> <span class='ocrx_word' id='word_1_527' title='bbox 3649 4190 3781 4255; x_wconf 86' lang='lat' dir='ltr'><strong>Qui</strong></span> 
     </span>
    </p>
   </div>
   <div class='ocr_carea' id='block_1_74' title="bbox 2091 4269 3787 4342">
    <p class='ocr_par' dir='ltr' id='par_1_74' title="bbox 2091 4269 3787 4342">
     <span class='ocr_line' id='line_1_74' title="bbox 2091 4269 3787 4342; baseline 0.005 -17"><span class='ocrx_word' id='word_1_528' title='bbox 2091 4269 2404 4342; x_wconf 88' lang='lat' dir='ltr'><strong>diligenter</strong></span> <span class='ocrx_word' id='word_1_529' title='bbox 2431 4285 2670 4324; x_wconf 89' lang='lat' dir='ltr'><strong>causam</strong></span> <span class='ocrx_word' id='word_1_530' title='bbox 2701 4269 3066 4338; x_wconf 86' lang='lat' dir='ltr'><strong>examinans,</strong></span> <span class='ocrx_word' id='word_1_531' title='bbox 3099 4270 3316 4328; x_wconf 85' lang='lat' dir='ltr'><strong>Christi</strong></span> <span class='ocrx_word' id='word_1_532' title='bbox 3339 4271 3654 4332; x_wconf 84' lang='lat' dir='ltr'><strong>ministris</strong></span> <span class='ocrx_word' id='word_1_533' title='bbox 3707 4283 3787 4333; x_wconf 88' lang='lat' dir='ltr'><strong>ut</strong></span> 
     </span>
    </p>
   </div>
   <div class='ocr_carea' id='block_1_75' title="bbox 2091 4355 3786 4442">
    <p class='ocr_par' dir='ltr' id='par_1_75' title="bbox 2091 4355 3786 4442">
     <span class='ocr_line' id='line_1_75' title="bbox 2091 4355 3786 4442; baseline 0.005 -29"><span class='ocrx_word' id='word_1_534' title='bbox 2091 4358 2320 4442; x_wconf 65' lang='lat' dir='ltr'><strong>doceret</strong></span> <span class='ocrx_word' id='word_1_535' title='bbox 2347 4372 2581 4413; x_wconf 91' lang='lat' dir='ltr'><strong>omnem</strong></span> <span class='ocrx_word' id='word_1_536' title='bbox 2619 4355 3010 4413; x_wconf 84' lang='lat' dir='ltr'><strong>exhibendam</strong></span> <span class='ocrx_word' id='word_1_537' title='bbox 3071 4358 3480 4429; x_wconf 87' lang='lat' dir='ltr'><strong>reverentiam,</strong></span> <span class='ocrx_word' id='word_1_538' title='bbox 3539 4379 3786 4422; x_wconf 85' lang='lat' dir='ltr'><strong>omnes</strong></span> 
     </span>
    </p>
   </div>
   <div class='ocr_carea' id='block_1_76' title="bbox 2089 4443 3787 4520">
    <p class='ocr_par' dir='ltr' id='par_1_76' title="bbox 2089 4443 3787 4520">
     <span class='ocr_line' id='line_1_76' title="bbox 2089 4443 3787 4520; baseline 0.005 -20"><span class='ocrx_word' id='word_1_539' title='bbox 2089 4445 2534 4502; x_wconf 85' lang='lat' dir='ltr'><strong>circumstantes</strong></span> <span class='ocrx_word' id='word_1_540' title='bbox 2554 4443 2664 4501; x_wconf 90' lang='lat' dir='ltr'><strong>sibi</strong></span> <span class='ocrx_word' id='word_1_541' title='bbox 2697 4445 2781 4501; x_wconf 92' lang='lat' dir='ltr'><strong>sic</strong></span> <span class='ocrx_word' id='word_1_542' title='bbox 2811 4443 3103 4501; x_wconf 88' lang='lat' dir='ltr'><strong>allocutus</strong></span> <span class='ocrx_word' id='word_1_543' title='bbox 3132 4449 3224 4502; x_wconf 89' lang='lat' dir='ltr'><strong>est</strong></span> <span class='ocrx_word' id='word_1_544' title='bbox 3249 4463 3264 4502; x_wconf 89' lang='lat'><strong>:</strong></span> <span class='ocrx_word' id='word_1_545' title='bbox 3299 4469 3329 4497; x_wconf 86' lang='lat'><strong><em>«</em></strong></span> <span class='ocrx_word' id='word_1_546' title='bbox 3355 4447 3598 4520; x_wconf 89' lang='lat' dir='ltr'><strong>Omnis,</strong></span> <span class='ocrx_word' id='word_1_547' title='bbox 3682 4452 3787 4510; x_wconf 80' lang='lat' dir='ltr'><strong>in-</strong></span> 
     </span>
    </p>
   </div>
   <div class='ocr_carea' id='block_1_77' title="bbox 2091 4532 3781 4616">
    <p class='ocr_par' dir='ltr' id='par_1_77' title="bbox 2091 4532 3781 4616">
     <span class='ocr_line' id='line_1_77' title="bbox 2091 4532 3781 4616; baseline 0.004 -26"><span class='ocrx_word' id='word_1_548' title='bbox 2091 4534 2237 4608; x_wconf 88' lang='lat' dir='ltr'><strong>quit,</strong></span> <span class='ocrx_word' id='word_1_549' title='bbox 2261 4537 2474 4616; x_wconf 72' lang='lat' dir='ltr'><strong>nostraa</strong></span> <span class='ocrx_word' id='word_1_550' title='bbox 2496 4533 2793 4616; x_wconf 82' lang='lat' dir='ltr'><strong>religionis</strong></span> <span class='ocrx_word' id='word_1_551' title='bbox 2817 4532 3018 4600; x_wconf 78' lang='lat' dir='ltr'><strong>cultus</strong></span> <span class='ocrx_word' id='word_1_552' title='bbox 3049 4550 3154 4606; x_wconf 91' lang='lat' dir='ltr'><strong>per</strong></span> <span class='ocrx_word' id='word_1_553' title='bbox 3182 4536 3568 4594; x_wconf 87' lang='lat' dir='ltr'><strong>sacerdotum</strong></span> <span class='ocrx_word' id='word_1_554' title='bbox 3621 4543 3781 4598; x_wconf 73' lang='lat' dir='ltr'><strong>oui-</strong></span> 
     </span>
    </p>
   </div>
   <div class='ocr_carea' id='block_1_78' title="bbox 2091 4611 3786 4695">
    <p class='ocr_par' dir='ltr' id='par_1_78' title="bbox 2091 4611 3786 4695">
     <span class='ocr_line' id='line_1_78' title="bbox 2091 4611 3786 4695; baseline 0.004 -13"><span class='ocrx_word' id='word_1_555' title='bbox 2091 4623 2182 4682; x_wconf 85' lang='lat' dir='ltr'><strong>cia</strong></span> <span class='ocrx_word' id='word_1_556' title='bbox 2205 4611 2676 4695; x_wconf 68' lang='lat' dir='ltr'><strong>percolebratur;</strong></span> <span class='ocrx_word' id='word_1_557' title='bbox 2709 4621 2957 4693; x_wconf 82' lang='lat' dir='ltr'><strong>ideoque</strong></span> <span class='ocrx_word' id='word_1_558' title='bbox 2979 4621 3064 4677; x_wconf 92' lang='lat' dir='ltr'><strong>eis</strong></span> <span class='ocrx_word' id='word_1_559' title='bbox 3118 4623 3482 4682; x_wconf 90' lang='lat' dir='ltr'><strong>omnimodis</strong></span> <span class='ocrx_word' id='word_1_560' title='bbox 3546 4627 3786 4688; x_wconf 85' lang='lat' dir='ltr'><strong>cultus</strong></span> 
     </span>
    </p>
   </div>
   <div class='ocr_carea' id='block_1_79' title="bbox 2090 4709 3786 4788">
    <p class='ocr_par' dir='ltr' id='par_1_79' title="bbox 2090 4709 3786 4788">
     <span class='ocr_line' id='line_1_79' title="bbox 2090 4709 3786 4788; baseline 0.007 -22"><span class='ocrx_word' id='word_1_561' title='bbox 2090 4710 2426 4767; x_wconf 70' lang='lat' dir='ltr'><strong>reverentiae</strong></span> <span class='ocrx_word' id='word_1_562' title='bbox 2455 4709 2661 4766; x_wconf 70' lang='lat' dir='ltr'><strong>divinae</strong></span> <span class='ocrx_word' id='word_1_563' title='bbox 2683 4709 3006 4778; x_wconf 87' lang='lat' dir='ltr'><strong>exhibetur,</strong></span> <span class='ocrx_word' id='word_1_564' title='bbox 3041 4727 3160 4767; x_wconf 92' lang='lat' dir='ltr'><strong>non</strong></span> <span class='ocrx_word' id='word_1_565' title='bbox 3185 4727 3389 4768; x_wconf 90' lang='lat' dir='ltr'><strong>eorum</strong></span> <span class='ocrx_word' id='word_1_566' title='bbox 3421 4712 3786 4788; x_wconf 79' lang='lat' dir='ltr'><strong>aliquando</strong></span> 
     </span>
    </p>
   </div>
   <div class='ocr_carea' id='block_1_80' title="bbox 2090 4796 3790 4872">
    <p class='ocr_par' dir='ltr' id='par_1_80' title="bbox 2090 4796 3790 4872">
     <span class='ocr_line' id='line_1_80' title="bbox 2090 4796 3790 4872; baseline 0.006 -16"><span class='ocrx_word' id='word_1_567' title='bbox 2090 4799 2201 4856; x_wconf 91' lang='lat' dir='ltr'><strong>hoc</strong></span> <span class='ocrx_word' id='word_1_568' title='bbox 2229 4798 2492 4872; x_wconf 85' lang='lat' dir='ltr'><strong>exigente</strong></span> <span class='ocrx_word' id='word_1_569' title='bbox 2520 4796 2650 4853; x_wconf 68' lang='lat' dir='ltr'><strong>vita</strong></span> <span class='ocrx_word' id='word_1_570' title='bbox 2697 4797 2928 4864; x_wconf 90' lang='lat' dir='ltr'><strong>merito,</strong></span> <span class='ocrx_word' id='word_1_571' title='bbox 2985 4799 3088 4855; x_wconf 88' lang='lat' dir='ltr'><strong>sed</strong></span> <span class='ocrx_word' id='word_1_572' title='bbox 3121 4800 3278 4856; x_wconf 89' lang='lat' dir='ltr'><strong>utin</strong></span> <span class='ocrx_word' id='word_1_573' title='bbox 3331 4801 3420 4858; x_wconf 91' lang='lat' dir='ltr'><strong>eis</strong></span> <span class='ocrx_word' id='word_1_574' title='bbox 3477 4802 3790 4865; x_wconf 78' lang='lat' dir='ltr'><strong>videatur</strong></span> 
     </span>
    </p>
   </div>
   <div class='ocr_carea' id='block_1_81' title="bbox 2089 4879 3788 4964">
    <p class='ocr_par' dir='ltr' id='par_1_81' title="bbox 2089 4879 3788 4964">
     <span class='ocr_line' id='line_1_81' title="bbox 2089 4879 3788 4964; baseline 0.005 -19"><span class='ocrx_word' id='word_1_575' title='bbox 2089 4903 2127 4945; x_wconf 72' lang='grc' dir='ltr'><strong>τι</strong></span> <span class='ocrx_word' id='word_1_576' title='bbox 2150 4880 2320 4948; x_wconf 80' lang='lat' dir='ltr'><strong>nobis</strong></span> <span class='ocrx_word' id='word_1_577' title='bbox 2357 4879 2751 4958; x_wconf 77' lang='lat' dir='ltr'><strong>obtemperari</strong></span> <span class='ocrx_word' id='word_1_578' title='bbox 2780 4885 3033 4943; x_wconf 88' lang='lat' dir='ltr'><strong>Christo.</strong></span> <span class='ocrx_word' id='word_1_579' title='bbox 3067 4886 3232 4945; x_wconf 89' lang='lat' dir='ltr'><strong>Unde</strong></span> <span class='ocrx_word' id='word_1_580' title='bbox 3281 4888 3446 4946; x_wconf 89' lang='lat' dir='ltr'><strong>hunc</strong></span> <span class='ocrx_word' id='word_1_581' title='bbox 3498 4895 3615 4964; x_wconf 89' lang='lat' dir='ltr'><strong>qui</strong></span> <span class='ocrx_word' id='word_1_582' title='bbox 3689 4898 3788 4954; x_wconf 87' lang='lat' dir='ltr'><strong>sic</strong></span> 
     </span>
    </p>
   </div>
   <div class='ocr_carea' id='block_1_82' title="bbox 2089 4973 3793 5048">
    <p class='ocr_par' dir='ltr' id='par_1_82' title="bbox 2089 4973 3793 5048">
     <span class='ocr_line' id='line_1_82' title="bbox 2089 4973 3793 5048; baseline 0.008 -18"><span class='ocrx_word' id='word_1_583' title='bbox 2089 4974 2546 5048; x_wconf 89' lang='lat' dir='ltr'><strong>intemperanter</strong></span> <span class='ocrx_word' id='word_1_584' title='bbox 2601 4973 2875 5032; x_wconf 72' lang='lat' dir='ltr'><strong>efferatus</strong></span> <span class='ocrx_word' id='word_1_585' title='bbox 2929 4975 2991 5030; x_wconf 92' lang='lat' dir='ltr'><strong>in</strong></span> <span class='ocrx_word' id='word_1_586' title='bbox 3049 4975 3153 5032; x_wconf 91' lang='lat' dir='ltr'><strong>Dei</strong></span> <span class='ocrx_word' id='word_1_587' title='bbox 3212 4978 3596 5038; x_wconf 87' lang='lat' dir='ltr'><strong>sacerdotem</strong></span> <span class='ocrx_word' id='word_1_588' title='bbox 3683 4991 3793 5043; x_wconf 84' lang='lat' dir='ltr'><strong>est</strong></span> 
     </span>
    </p>
   </div>
   <div class='ocr_carea' id='block_1_83' title="bbox 2091 5051 3790 5148">
    <p class='ocr_par' dir='ltr' id='par_1_83' title="bbox 2091 5051 3790 5148">
     <span class='ocr_line' id='line_1_83' title="bbox 2091 5051 3790 5148; baseline 0.007 -30"><span class='ocrx_word' id='word_1_589' title='bbox 2091 5062 2430 5130; x_wconf 81' lang='lat' dir='ltr'><strong>deductum,</strong></span> <span class='ocrx_word' id='word_1_590' title='bbox 2487 5054 2698 5118; x_wconf 84' lang='lat' dir='ltr'><strong>censeo</strong></span> <span class='ocrx_word' id='word_1_591' title='bbox 2745 5051 2818 5118; x_wconf 78' lang='lat' dir='ltr'><strong>ad</strong></span> <span class='ocrx_word' id='word_1_592' title='bbox 2875 5063 3104 5120; x_wconf 89' lang='lat' dir='ltr'><strong>arboris</strong></span> <span class='ocrx_word' id='word_1_593' title='bbox 3161 5064 3434 5138; x_wconf 89' lang='lat' dir='ltr'><strong>stipitem</strong></span> <span class='ocrx_word' id='word_1_594' title='bbox 3513 5071 3790 5148; x_wconf 84' lang='lat' dir='ltr'><strong>stringi,</strong></span> 
     </span>
    </p>
   </div>
   <div class='ocr_carea' id='block_1_84' title="bbox 2092 5150 3792 5225">
    <p class='ocr_par' dir='ltr' id='par_1_84' title="bbox 2092 5150 3792 5225">
     <span class='ocr_line' id='line_1_84' title="bbox 2092 5150 3792 5225; baseline 0.006 -16"><span class='ocrx_word' id='word_1_595' title='bbox 2092 5151 2252 5209; x_wconf 87' lang='lat' dir='ltr'><strong>omni</strong></span> <span class='ocrx_word' id='word_1_596' title='bbox 2304 5150 2786 5208; x_wconf 88' lang='lat' dir='ltr'><strong>vestimentorum</strong></span> <span class='ocrx_word' id='word_1_597' title='bbox 2841 5151 3116 5225; x_wconf 89' lang='lat' dir='ltr'><strong>adempto</strong></span> <span class='ocrx_word' id='word_1_598' title='bbox 3163 5154 3488 5214; x_wconf 85' lang='lat' dir='ltr'><strong>tutamine.</strong></span> <span class='ocrx_word' id='word_1_599' title='bbox 3532 5181 3558 5208; x_wconf 77' lang='grc' dir='ltr'><strong><em>ι</em></strong></span> <span class='ocrx_word' id='word_1_600' title='bbox 3612 5161 3792 5221; x_wconf 87' lang='lat' dir='ltr'><strong>Cum</strong></span> 
     </span>
    </p>
   </div>
   <div class='ocr_carea' id='block_1_85' title="bbox 343 5232 3778 5318">
    <p class='ocr_par' dir='ltr' id='par_1_85' title="bbox 343 5232 3778 5318">
     <span class='ocr_line' id='line_1_85' title="bbox 343 5232 3778 5318; baseline -0.001 -22"><span class='ocrx_word' id='word_1_601' title='bbox 343 5238 568 5296; x_wconf 82' lang='lat' dir='ltr'><strong>laribus</strong></span> <span class='ocrx_word' id='word_1_602' title='bbox 598 5237 779 5294; x_wconf 88' lang='lat' dir='ltr'><strong>armis</strong></span> <span class='ocrx_word' id='word_1_603' title='bbox 811 5239 869 5294; x_wconf 88' lang='lat' dir='ltr'><strong>in</strong></span> <span class='ocrx_word' id='word_1_604' title='bbox 901 5239 1275 5305; x_wconf 86' lang='lat' dir='ltr'><strong>monasterio,</strong></span> <span class='ocrx_word' id='word_1_605' title='bbox 1309 5239 1420 5294; x_wconf 89' lang='lat' dir='ltr'><strong>sub</strong></span> <span class='ocrx_word' id='word_1_606' title='bbox 1452 5242 1731 5310; x_wconf 88' lang='lat' dir='ltr'><strong>perpetua</strong></span> <span class='ocrx_word' id='word_1_607' title='bbox 1760 5241 1980 5296; x_wconf 88' lang='lat' dir='ltr'><strong>retrudi</strong></span> <span class='ocrx_word' id='word_1_608' title='bbox 2011 5232 2058 5297; x_wconf 90' lang='lat' dir='ltr'><strong>D</strong></span> <span class='ocrx_word' id='word_1_609' title='bbox 2087 5239 2286 5310; x_wconf 89' lang='lat' dir='ltr'><strong>itaque</strong></span> <span class='ocrx_word' id='word_1_610' title='bbox 2309 5240 2476 5312; x_wconf 80' lang='lat' dir='ltr'><strong>juxta</strong></span> <span class='ocrx_word' id='word_1_611' title='bbox 2495 5239 2650 5312; x_wconf 89' lang='lat' dir='ltr'><strong>regis</strong></span> <span class='ocrx_word' id='word_1_612' title='bbox 2681 5238 3031 5295; x_wconf 88' lang='lat' dir='ltr'><strong>sententiam</strong></span> <span class='ocrx_word' id='word_1_613' title='bbox 3069 5241 3578 5318; x_wconf 82' lang='lat' dir='ltr'><strong>comprehensus,</strong></span> <span class='ocrx_word' id='word_1_614' title='bbox 3645 5267 3778 5310; x_wconf 72' lang='lat' dir='ltr'><strong>nu-</strong></span> 
     </span>
    </p>
   </div>
   <div class='ocr_carea' id='block_1_86' title="bbox 345 5325 1978 5401">
    <p class='ocr_par' dir='ltr' id='par_1_86' title="bbox 345 5325 1978 5401">
     <span class='ocr_line' id='line_1_86' title="bbox 345 5325 1978 5401; baseline -0.001 -17"><span class='ocrx_word' id='word_1_615' title='bbox 345 5327 706 5401; x_wconf 67' lang='lat' dir='ltr'><strong>pasnitentia.</strong></span> <span class='ocrx_word' id='word_1_616' title='bbox 741 5329 812 5382; x_wconf 89' lang='lat' dir='ltr'><strong>At</strong></span> <span class='ocrx_word' id='word_1_617' title='bbox 840 5327 1001 5384; x_wconf 86' lang='lat' dir='ltr'><strong>vobis</strong></span> <span class='ocrx_word' id='word_1_618' title='bbox 1030 5343 1134 5399; x_wconf 90' lang='lat' dir='ltr'><strong>pro</strong></span> <span class='ocrx_word' id='word_1_619' title='bbox 1157 5331 1419 5398; x_wconf 87' lang='lat' dir='ltr'><strong>tempore</strong></span> <span class='ocrx_word' id='word_1_620' title='bbox 1446 5330 1504 5381; x_wconf 90' lang='lat' dir='ltr'><strong>et</strong></span> <span class='ocrx_word' id='word_1_621' title='bbox 1533 5325 1795 5382; x_wconf 63' lang='lat' dir='ltr'><strong>sweulari</strong></span> <span class='ocrx_word' id='word_1_622' title='bbox 1844 5344 1978 5382; x_wconf 89' lang='lat' dir='ltr'><strong>con-</strong></span> 
     </span>
    </p>
   </div>
   <div class='ocr_carea' id='block_1_87' title="bbox 345 5412 1980 5488">
    <p class='ocr_par' dir='ltr' id='par_1_87' title="bbox 345 5412 1980 5488">
     <span class='ocr_line' id='line_1_87' title="bbox 345 5412 1980 5488; baseline -0.001 -16"><span class='ocrx_word' id='word_1_623' title='bbox 345 5415 655 5472; x_wconf 89' lang='lat' dir='ltr'><strong>suetudine</strong></span> <span class='ocrx_word' id='word_1_624' title='bbox 685 5415 887 5471; x_wconf 89' lang='lat' dir='ltr'><strong>mitius</strong></span> <span class='ocrx_word' id='word_1_625' title='bbox 916 5415 1024 5470; x_wconf 85' lang='lat' dir='ltr'><strong>erit</strong></span> <span class='ocrx_word' id='word_1_626' title='bbox 1055 5415 1368 5487; x_wconf 88' lang='lat' dir='ltr'><strong>agendum,</strong></span> <span class='ocrx_word' id='word_1_627' title='bbox 1396 5412 1666 5468; x_wconf 86' lang='lat' dir='ltr'><strong>videlicet</strong></span> <span class='ocrx_word' id='word_1_628' title='bbox 1711 5418 1773 5469; x_wconf 90' lang='lat' dir='ltr'><strong>ut</strong></span> <span class='ocrx_word' id='word_1_629' title='bbox 1816 5416 1980 5488; x_wconf 91' lang='lat' dir='ltr'><strong>prius</strong></span> 
     </span>
    </p>
   </div>
   <div class='ocr_carea' id='block_1_88' title="bbox 344 5499 1978 5575">
    <p class='ocr_par' dir='ltr' id='par_1_88' title="bbox 344 5499 1978 5575">
     <span class='ocr_line' id='line_1_88' title="bbox 344 5499 1978 5575; baseline 0.002 -21"><span class='ocrx_word' id='word_1_630' title='bbox 344 5501 510 5555; x_wconf 90' lang='lat' dir='ltr'><strong>vobis</strong></span> <span class='ocrx_word' id='word_1_631' title='bbox 531 5503 869 5557; x_wconf 87' lang='lat' dir='ltr'><strong>emendetur</strong></span> <span class='ocrx_word' id='word_1_632' title='bbox 882 5500 1402 5558; x_wconf 86' lang='lat' dir='ltr'><strong>excommunicatio</strong></span> <span class='ocrx_word' id='word_1_633' title='bbox 1428 5518 1442 5569; x_wconf 92' lang='lat'><strong>;</strong></span> <span class='ocrx_word' id='word_1_634' title='bbox 1463 5499 1674 5558; x_wconf 89' lang='lat' dir='ltr'><strong>deinde</strong></span> <span class='ocrx_word' id='word_1_635' title='bbox 1685 5501 1978 5575; x_wconf 87' lang='lat' dir='ltr'><strong>capitalia,</strong></span> 
     </span>
    </p>
   </div>
   <div class='ocr_carea' id='block_1_89' title="bbox 351 5587 1980 5659">
    <p class='ocr_par' dir='ltr' id='par_1_89' title="bbox 351 5587 1980 5659">
     <span class='ocr_line' id='line_1_89' title="bbox 351 5587 1980 5659; baseline 0.004 -18"><span class='ocrx_word' id='word_1_636' title='bbox 351 5588 402 5642; x_wconf 90' lang='lat' dir='ltr'><strong>si</strong></span> <span class='ocrx_word' id='word_1_637' title='bbox 432 5587 623 5641; x_wconf 80' lang='lat' dir='ltr'><strong>ablata</strong></span> <span class='ocrx_word' id='word_1_638' title='bbox 651 5589 788 5652; x_wconf 88' lang='lat' dir='ltr'><strong>sint,</strong></span> <span class='ocrx_word' id='word_1_639' title='bbox 821 5606 955 5645; x_wconf 89' lang='lat' dir='ltr'><strong>cum</strong></span> <span class='ocrx_word' id='word_1_640' title='bbox 986 5587 1112 5659; x_wconf 85' lang='lat' dir='ltr'><strong>lege</strong></span> <span class='ocrx_word' id='word_1_641' title='bbox 1143 5587 1355 5659; x_wconf 87' lang='lat' dir='ltr'><strong>triplici</strong></span> <span class='ocrx_word' id='word_1_642' title='bbox 1411 5588 1766 5645; x_wconf 85' lang='lat' dir='ltr'><strong>reddandur.</strong></span> <span class='ocrx_word' id='word_1_643' title='bbox 1827 5593 1980 5647; x_wconf 89' lang='lat' dir='ltr'><strong>Ictus</strong></span> 
     </span>
    </p>
   </div>
   <div class='ocr_carea' id='block_1_90' title="bbox 351 5674 1983 5750">
    <p class='ocr_par' dir='ltr' id='par_1_90' title="bbox 351 5674 1983 5750">
     <span class='ocr_line' id='line_1_90' title="bbox 351 5674 1983 5750; baseline 0.005 -24"><span class='ocrx_word' id='word_1_644' title='bbox 351 5688 582 5749; x_wconf 87' lang='lat' dir='ltr'><strong>quoque</strong></span> <span class='ocrx_word' id='word_1_645' title='bbox 602 5674 817 5746; x_wconf 86' lang='lat' dir='ltr'><strong>singuli</strong></span> <span class='ocrx_word' id='word_1_646' title='bbox 848 5680 904 5731; x_wconf 89' lang='lat' dir='ltr'><strong>et</strong></span> <span class='ocrx_word' id='word_1_647' title='bbox 927 5675 1236 5746; x_wconf 85' lang='lat' dir='ltr'><strong>pensiones</strong></span> <span class='ocrx_word' id='word_1_648' title='bbox 1247 5675 1767 5749; x_wconf 89' lang='lat' dir='ltr'><strong>secundumlegem</strong></span> <span class='ocrx_word' id='word_1_649' title='bbox 1789 5677 1983 5750; x_wconf 88' lang='lat' dir='ltr'><strong>tripli-</strong></span> 
     </span>
    </p>
   </div>
   <div class='ocr_carea' id='block_1_91' title="bbox 2089 5323 3792 5403">
    <p class='ocr_par' dir='ltr' id='par_1_91' title="bbox 2089 5323 3792 5403">
     <span class='ocr_line' id='line_1_91' title="bbox 2089 5323 3792 5403; baseline 0.005 -20"><span class='ocrx_word' id='word_1_650' title='bbox 2089 5327 2262 5384; x_wconf 87' lang='lat' dir='ltr'><strong>datus</strong></span> <span class='ocrx_word' id='word_1_651' title='bbox 2306 5327 2377 5384; x_wconf 90' lang='lat' dir='ltr'><strong>ad</strong></span> <span class='ocrx_word' id='word_1_652' title='bbox 2402 5327 2667 5384; x_wconf 88' lang='lat' dir='ltr'><strong>arborem</strong></span> <span class='ocrx_word' id='word_1_653' title='bbox 2697 5325 2839 5384; x_wconf 84' lang='lat' dir='ltr'><strong>foris</strong></span> <span class='ocrx_word' id='word_1_654' title='bbox 2869 5323 3078 5384; x_wconf 85' lang='lat' dir='ltr'><strong>fuisset</strong></span> <span class='ocrx_word' id='word_1_655' title='bbox 3131 5323 3545 5403; x_wconf 44' lang='lat' dir='ltr'><strong>constrictus,</strong></span> <span class='ocrx_word' id='word_1_656' title='bbox 3585 5323 3792 5399; x_wconf 56' lang='lat' dir='ltr'><strong>tanta,</strong></span> 
     </span>
    </p>
   </div>
   <div class='ocr_carea' id='block_1_92' title="bbox 2084 5414 3796 5491">
    <p class='ocr_par' dir='ltr' id='par_1_92' title="bbox 2084 5414 3796 5491">
     <span class='ocr_line' id='line_1_92' title="bbox 2084 5414 3796 5491; baseline 0.008 -21"><span class='ocrx_word' id='word_1_657' title='bbox 2084 5414 2304 5472; x_wconf 91' lang='lat' dir='ltr'><strong>ibidem</strong></span> <span class='ocrx_word' id='word_1_658' title='bbox 2324 5415 2568 5472; x_wconf 87' lang='lat' dir='ltr'><strong>refertur</strong></span> <span class='ocrx_word' id='word_1_659' title='bbox 2597 5419 2832 5488; x_wconf 81' lang='lat' dir='ltr'><strong>repente</strong></span> <span class='ocrx_word' id='word_1_660' title='bbox 2862 5415 3169 5475; x_wconf 88' lang='lat' dir='ltr'><strong>advenisse</strong></span> <span class='ocrx_word' id='word_1_661' title='bbox 3190 5420 3567 5491; x_wconf 77' lang='lat' dir='ltr'><strong>permoleste.</strong></span> <span class='ocrx_word' id='word_1_662' title='bbox 3601 5429 3756 5486; x_wconf 88' lang='lat' dir='ltr'><strong>mul</strong></span> <span class='ocrx_word' id='word_1_663' title='bbox 3773 5462 3796 5471; x_wconf 92' lang='lat'><strong>-</strong></span> 
     </span>
    </p>
   </div>
   <div class='ocr_carea' id='block_1_93' title="bbox 2087 5503 3800 5584">
    <p class='ocr_par' dir='ltr' id='par_1_93' title="bbox 2087 5503 3800 5584">
     <span class='ocr_line' id='line_1_93' title="bbox 2087 5503 3800 5584; baseline 0.001 -24"><span class='ocrx_word' id='word_1_664' title='bbox 2087 5503 2276 5560; x_wconf 88' lang='lat' dir='ltr'><strong>titudo</strong></span> <span class='ocrx_word' id='word_1_665' title='bbox 2307 5519 2644 5560; x_wconf 89' lang='lat' dir='ltr'><strong>muscarum</strong></span> <span class='ocrx_word' id='word_1_666' title='bbox 2674 5504 2738 5560; x_wconf 92' lang='lat' dir='ltr'><strong>ut</strong></span> <span class='ocrx_word' id='word_1_667' title='bbox 2783 5507 3169 5584; x_wconf 85' lang='lat' dir='ltr'><strong>antequam...</strong></span> <span class='ocrx_word' id='word_1_668' title='bbox 3211 5523 3311 5570; x_wconf 84' lang='lat' dir='ltr'><strong>rex</strong></span> <span class='ocrx_word' id='word_1_669' title='bbox 3369 5509 3640 5574; x_wconf 79' lang='lat' dir='ltr'><strong>fecisset</strong></span> <span class='ocrx_word' id='word_1_670' title='bbox 3697 5535 3800 5576; x_wconf 78' lang='lat' dir='ltr'><strong>re-</strong></span> 
     </span>
    </p>
   </div>
   <div class='ocr_carea' id='block_1_94' title="bbox 2090 5589 3799 5672">
    <p class='ocr_par' dir='ltr' id='par_1_94' title="bbox 2090 5589 3799 5672">
     <span class='ocr_line' id='line_1_94' title="bbox 2090 5589 3799 5672; baseline 0.005 -24"><span class='ocrx_word' id='word_1_671' title='bbox 2090 5591 2356 5665; x_wconf 89' lang='lat' dir='ltr'><strong>grediens</strong></span> <span class='ocrx_word' id='word_1_672' title='bbox 2379 5589 2741 5661; x_wconf 89' lang='lat' dir='ltr'><strong>milliarium,</strong></span> <span class='ocrx_word' id='word_1_673' title='bbox 2777 5607 2950 5659; x_wconf 87' lang='lat' dir='ltr'><strong>omne</strong></span> <span class='ocrx_word' id='word_1_674' title='bbox 2979 5602 3190 5666; x_wconf 86' lang='lat' dir='ltr'><strong>corpus</strong></span> <span class='ocrx_word' id='word_1_675' title='bbox 3240 5597 3373 5672; x_wconf 84' lang='lat' dir='ltr'><strong>ejus</strong></span> <span class='ocrx_word' id='word_1_676' title='bbox 3404 5611 3799 5665; x_wconf 72' lang='lat' dir='ltr'><strong>comestum</strong></span> 
     </span>
    </p>
   </div>
   <div class='ocr_carea' id='block_1_95' title="bbox 2093 5673 3017 5737">
    <p class='ocr_par' dir='ltr' id='par_1_95' title="bbox 2093 5673 3017 5737">
     <span class='ocr_line' id='line_1_95' title="bbox 2093 5673 3017 5737; baseline 0.003 -2"><span class='ocrx_word' id='word_1_677' title='bbox 2093 5679 2430 5737; x_wconf 81' lang='lat' dir='ltr'><strong>referretur.</strong></span> <span class='ocrx_word' id='word_1_678' title='bbox 2923 5673 2930 5680; x_wconf 77' lang='grc'><em>’</em></span> <span class='ocrx_word' id='word_1_679' title='bbox 3012 5702 3017 5709; x_wconf 95' lang='grc'>·</span> 
     </span>
    </p>
   </div>
  </div>
