3968 6350
381 332 497 391 867
1691 321 2078 387 STEPHANI

2120 322 2169 381 X
2213 322 2462 383 PAPIE.
3691 319 3812 380 868

381 464 551 517 domo
585 461 748 516 ducis
767 461 1172 535 Lotharingize,
1193 458 1529 531 Gothelonis
1562 458 1729 513 ducis
1762 456 1936 520 illius,
1968 458 2021 507 et
2055 455 2099 518 Α
2134 452 2364 508 milibus
2398 455 2672 510 omnibus
2697 470 2830 510 cum
2853 434 3005 512 clero
3037 454 3375 529 populoque
3406 457 3695 509 Romano
3736 451 3808 504 ad

381 550 700 606 Oothit‘rcdi
733 550 803 604 IV
834 550 1030 623 magni
1052 551 1219 607 ducis
1251 550 1445 613 frater,
1477 546 1634 617 regio
1666 546 2017 600 Francorum

378 654 587 709 genere
618 638 921 705 oriundus,
957 639 1188 693 natione
1217 635 1437 704 Gallus,
1469 633 1809 687 liberalibus
1841 632 2022 684 disci-

379 726 557 797 plinis
585 744 619 781 a
648 743 825 798 puero
846 726 1193 789 instructus,
1220 729 1276 778 et
1296 719 1701 777 ecclesiasticis
1721 718 2019 789 obsequiis

379 815 651 881 traditus,
687 814 875 885 primo
907 814 1063 868 enim
1095 812 1412 867 canonicos
1444 808 1728 880 regularis
1760 808 1816 862 S.
1856 808 2017 861 Lam-

377 903 525 973 perti
570 902 630 956 in
676 900 1047 971 Lotharingia
1109 901 1316 953 factus.
1366 899 1495 951 Mox
1551 914 1585 950 a
1644 896 1812 950 beato
1870 911 2019 966 papa

372 990 558 1045 Leone
608 989 654 1044 X
682 990 961 1044 diaconus
1006 986 1339 1051 cardinalis,
1391 990 1448 1040 et
1477 983 1808 1055 apostolicae
1861 983 2018 1037 sedis

375 1076 755 1132 cancellarius
785 1082 1034 1138 creatus,
1077 1071 1643 1143 Constantinopolim
1675 1070 1901 1142 legatus
1947 1071 2018 1125 de

374 1164 551 1219 latere
581 1181 712 1219 cum
748 1165 1062 1218 llumberto
1089 1161 1359 1233 episcOpo
1382 1157 1659 1216 cardinali
1686 1158 1852 1213 Silva:
1878 1159 2019 1214 Can-

372 1253 520 1308 didze
547 1251 785 1318 missus,
815 1250 1146 1306 Graecorum
1170 1265 1396 1305 errores
1427 1247 1763 1302 confutavit.
1797 1246 2017 1301 Deinde

372 1340 431 1395 in
470 1340 675 1395 urbem
723 1355 1012 1406 reversus,
1045 1342 1274 1393 mortuo
1319 1353 1471 1408 papa
1499 1336 1690 1390 Leone
1721 1351 1896 1400 nono,
1942 1334 2014 1389 ad

374 1427 795 1485 monasterium
838 1427 1153 1482 Casinense
1183 1426 1476 1497 profectus
1508 1428 1616 1491 est,
1650 1423 1747 1478 ubi
1779 1427 2015 1493 sumpto

371 1516 572 1588 (quam
605 1532 639 1572 a
660 1530 837 1586 puero
858 1530 1091 1585 semper
1110 1512 1368 1583 amavit),
1393 1510 1690 1582 religionis
1711 1510 1896 1567 sancti
1919 1514 2017 1565 Be-

372 1604 590 1660 nedicti
620 1602 851 1672 habitu,
903 1602 1120 1657 ibidem
1167 1618 1270 1673 per
1298 1600 1535 1672 aliquod
1571 1604 1803 1670 tempus
1834 1598 2014 1653 vitam

370 1692 673 1764 transegit.
709 1690 951 1747 Biennio
971 1706 1105 1746 vero
1135 1690 1208 1745 ab
1229 1691 1357 1759 ejus
1387 1688 1657 1760 ingressu
1677 1686 1770 1741 vix
1790 1691 2012 1753 exacto,

371 1780 705 1875 tricesimus
734 1784 932 1837 sextus
948 1778 1023 1875 .in
1046 1778 1275 1834 abbatis
1308 1776 1539 1875 Roberti
1571 1776 1888 1874 demortui,
1910 1776 2010 1847 qui
2045 1811 2092 1875 Β

371 1870 539 1927 illum
573 1873 923 1942 susceperat,
947 1867 1161 1933 locum,
1186 1868 1367 1922 abbas
1385 1864 1714 1929 Casinensis
1745 1865 2013 1919 omnium

373 1957 793 2016 monachorum
829 1972 1115 2013 consensu
1154 1955 1515 2028 designatus.
1564 1953 1670 2008 Pro
1709 1968 2011 2008 consecra-

371 2048 527 2104 tione
556 2051 774 2113 autem,
807 2050 871 2101 ut
900 2061 1026 2100 mos
1048 2047 1190 2112 erat,
1213 2044 1286 2099 ad
1318 2044 1647 2099 Romanum
1681 2042 2012 2113 pontificem

373 2136 663 2191 Victorem
694 2134 1037 2198 secundum,
1066 2131 1167 2203 qui
1197 2135 1322 2186 tum
1354 2129 1655 2185 Florentiae
1687 2145 2012 2184 commora-

375 2226 565 2291 batur,
591 2224 848 2289 venicns,
864 2227 991 2277 octo
1012 2220 1312 2276 monachis
1332 2219 1664 2283 comitatus,
1689 2234 1801 2272 non
1823 2216 2014 2273 solum

374 2313 435 2369 in
475 2313 745 2370 abbatem
775 2310 1151 2367 Casinensem
1183 2313 1270 2362 cst
1300 2311 1695 2371 consecratus,
1727 2321 1927 2360 verum
1960 2310 2016 2359 et

373 2402 672 2474 presbyter
731 2398 1043 2456 cardinalis
1090 2397 1150 2451 in
1195 2396 1365 2452 titulo
1401 2394 1617 2467 ;Sancti
1657 2393 2014 2465 Chrysogoni

375 2491 678 2548 ordinatus
694 2490 980 2560 est.Aquo
993 2487 1064 2541 ad
1082 2484 1504 2542 monasterium
1522 2482 2017 2539 suumCasinense

378 2595 714 2636 reversurus
737 2576 1062 2644 discedens,
1090 2590 1222 2630 cum
1247 2574 1492 2628 Romam
1513 2571 1789 2638 venisset,
1816 2567 2015 2625 statim

377 2669 570 2724 obitus
590 2683 751 2739 papae
781 2664 1028 2720 Victoris
1058 2661 1299 2719 secundi
1330 2659 1699 2716 renuntiatus
1727 2662 1834 2713 est.

446 2757 565 2813 Hoc
594 2755 798 2811 nuntio
832 2755 1077 2810 Romam
1101 2750 1295 2819 allato,
1331 2748 1575 2805 Romani
1604 2746 1892 2818 extemplo
1922 2763 2016 2801 co-

378 2846 542 2901 mitia
563 2843 932 2915 subrogando
956 2839 1212 2913 pontiﬁci
1238 2838 1588 2906 habuerunt,
1620 2836 1699 2890 ibi
1731 2834 1864 2891 aliis
1896 2834 2019 2890 Hil-

378 2933 767 2997 debrandum,
799 2928 898 3000 qui
930 2944 1063 2982 cum
1102 2927 1332 2981 Victore
1364 2930 1508 2991 erat,
1541 2924 2017 2995 exspectandum,

379 3019 512 3075 aliis
523 3034 750 3074 moram
764 3015 988 3070 nullam
1008 3012 1236 3068 comitis
1254 3011 1735 3082 interponendam
1753 3026 1881 3064 esse
1892 3026 2020 3065 cen-

381 3107 667 3163 sentibus.
696 3104 911 3160 Omnes
941 3102 1178 3156 demum
1201 3117 1316 3155 uno
1342 3115 1628 3154 consensu
1661 3098 2016 3152 Fridericum

379 3196 573 3267 ipsum
587 3188 1277 3254 cardinalem,ex'l‘uscia,i
1286 3204 1390 3259 psa
1403 3186 1575 3258 paulo
1586 3192 1717 3241 ante
1731 3202 2021 3241 reversum

381 3284 618 3348 adeunt,
662 3296 914 3351 eumque
949 3296 1051 3351 per
1090 3278 1204 3332 vim
1235 3293 1303 3330 ex
1332 3274 1584 3347 hospitio
1623 3275 1918 3341 eductum,
1951 3274 2022 3329 ad

380 3372 682 3429 basilicam
713 3367 909 3426 Sancti
949 3366 1100 3422 Petri
1142 3366 1213 3421 ad
1267 3363 1509 3419 Vincula
1538 3362 1802 3429 trahunt,
1850 3369 2023 3434 atque

380 3461 713 3534 pontificem
732 3458 946 3514 lectum
968 3456 1326 3529 Stephanum
1357 3454 1590 3509 nomine
1609 3452 1939 3524 appellant;
1972 3452 2023 3507 is

381 3550 538 3606 enim
566 3548 691 3604 dies
722 3552 845 3602 erat
870 3564 926 3602 1v
955 3545 1150 3601 Nonas
1178 3542 1451 3623 Augusti,
1476 3559 1591 3614 quo
1617 3542 1709 3597 die
1742 3541 2025 3595 memoria

383 3636 569 3692 sancti
618 3634 895 3706 Stephani
951 3633 1243 3705 pontificis
1282 3636 1338 3687 et
1364 3630 1637 3702 martyris
1667 3630 1738 3685 ab
1772 3628 2024 3684 Ecclesia

383 3723 612 3780 colitur.
628 3720 965 3794 Atqueinde
980 3720 1394 3792 plaudentibus
1416 3719 1691 3774 omnibus
1704 3718 1774 3773 ad
1798 3718 2023 3773 Latera-

385 3830 525 3869 num
559 3813 884 3881 deducunt;
917 3810 1193 3882 postridie
1221 3826 1352 3865 vero
1373 3809 1466 3864 die
1496 3807 1796 3863 Dominico
1828 3806 2016 3861 cardi-

2055 3167 2096 3232 C

2126 558 2259 596 cum
2285 544 2733 611 conﬂuentibus,
2769 545 2828 599 in
2856 545 3135 601 Vaticano
3167 559 3387 616 magna
3426 539 3806 599 caeremonia

2128 636 2490 686 consecrant.
2514 632 2690 701 Sedit,
2715 634 3064 705 Imperatore
3078 633 3327 689 Henrico
3348 634 3599 704 quarto,
3635 644 3812 683 men-

2128 736 2223 776 ses
2252 738 2357 786 vn,
2389 720 2513 776 dies
2532 738 2729 776 xxvm.

2197 813 2366 864 Anno
2406 809 2717 865 Dominicce
2764 810 3092 866 Nativitatis
3138 811 3300 875 4057,
3333 809 3430 864 die
3482 825 3555 863 ιιι
3600 807 3812 863 Nonas

2124 897 2393 967 Augusti,
2418 897 2594 953 altero
2617 903 2749 970 post
2768 898 3110 955 electionem
3130 900 3245 963 die,
3267 899 3326 953 in
3346 898 3611 955 basilica
3636 895 3811 951 Prin-

2127 984 2272 1054 cipis
2293 986 2714 1057 apostolorum,
2743 987 2800 1041 in
2825 988 3164 1059 episcopum
3189 992 3246 1042 et
3265 986 3624 1058 pontificem
3652 1000 3818 1057 papa

2128 1072 2459 1144 Stephanus
2506 1074 2550 1127 X
2584 1075 2775 1130 Romae
2804 1082 3177 1132 consecratus
3206 1081 3314 1140 est,
3358 1091 3482 1130 sua;
3530 1088 3806 1129 corona-

2125 1160 2303 1216 tionis
2331 1162 2587 1233 insignia
2611 1163 2870 1235 suscepit
2893 1181 2994 1236 per
3009 1163 3380 1219 Mainardum
3407 1164 3469 1218 S.
3495 1164 3575 1218 R.
3614 1162 3688 1218 E.
3727 1177 3820 1217 ar-

2125 1248 2556 1306 chidiaconum.

2194 1338 2525 1411 Stephanus
2548 1340 2886 1411 pontificatu
2912 1341 3081 1409 inito,
3102 1340 3390 1413 extemplo
3412 1339 3710 1414 legatum
3739 1340 3819 1396 ad

2123 1428 2405 1499 Agnetem
2422 1430 2770 1500 Augustam,
2791 1429 3021 1485 Henrici
3053 1430 3246 1502 quarti
3268 1433 3551 1495 matrem,
3590 1427 3814 1485 Hilde-

2123 1516 2419 1572 brandum
2436 1516 2617 1588 misit,
2641 1518 2742 1589 qui
2764 1518 2834 1573 de
2864 1518 3039 1574 rebus
3067 1518 3214 1575 actis
3244 1534 3371 1575 eam
3407 1519 3697 1588 doceret,
3734 1521 3823 1574 at-

2124 1621 2239 1676 que
2266 1604 2402 1660 inde
2432 1605 2504 1660 ad
2536 1606 3027 1678 prosequendum,
3058 1622 3186 1680 qua:
3216 1605 3491 1663 instituta
3519 1609 3693 1675 erat,
3731 1622 3823 1662 re-

2122 1692 2530 1748 formationem
2564 1692 2832 1749 Ecclesim
2863 1709 2926 1750 se
2955 1694 3255 1750 convertit.
3305 1694 3604 1751 Restabat
3635 1693 3816 1751 enim

2122 1779 2330 1852 ingens
2364 1796 2498 1834 cum
2531 1779 2657 1851 ipso
2686 1781 2934 1837 Henrico
2960 1783 3089 1853 ejus
3111 1781 3232 1838 filio
3253 1778 3586 1851 certamen,
3627 1782 3748 1855 qui
3781 1798 3820 1838 δ

2125 1866 2511 1922 familiaribus
2543 1868 2913 1939 depravatus,
2943 1869 3219 1926 ecclesias
3250 1887 3364 1927 non
3402 1870 3477 1926 iis
3508 1870 3631 1944 qui
3666 1869 3820 1943 plus

2122 1955 2448 2011 litterarum
2465 1971 2530 2011 ac
2552 1956 2681 2010 vitae
2697 1955 2868 2011 laude
2889 1962 3199 2026 mererent,
3224 1959 3325 2015 sed
3349 1957 3450 2030 qui
3470 1958 3625 2029 plus
3645 1974 3818 2015 mer-

2122 2044 2279 2098 cedis
2326 2059 2392 2097 ae
2440 2044 2695 2114 pecuniae
2746 2042 3157 2114 prebuissent,
3206 2048 3409 2116 aperta
3467 2060 3819 2101 sacrorum

2124 2132 2563 2197 nundinatione,
2597 2132 2842 2187 vendere
2871 2131 3228 2188 instituerat.
3275 2132 3542 2196 Quatuor
3592 2131 3819 2205 igitur

2124 2236 2355 2276 menses
2379 2220 2571 2274 Romae
2595 2224 2875 2283 moratus,
2899 2234 3104 2275 omnes
3124 2220 3182 2275 in
3206 2219 3300 2274 his
3317 2219 3823 2290 cogitationibus

2124 2305 2503 2379 consiliisque
2523 2307 2908 2378 consumpsit,
2937 2307 3152 2378 quibus
3168 2311 3225 2363 et
3242 2306 3567 2363 Henricum
3590 2306 3809 2364 Simo-

2124 2397 2302 2452 niacze
2332 2394 2571 2450 haeresis
2598 2393 2939 2451 insimulare
2966 2412 3032 2451 ac
3054 2395 3270 2451 factum
3285 2396 3415 2466 ejus
3435 2410 3666 2466 aspero
3701 2397 3813 2452 de-

2124 2489 2280 2540 creto
2303 2488 2502 2539 notare
2525 2499 2638 2538 non
2662 2483 2967 2552 dubitavit,
2991 2490 3050 2538 et
3069 2484 3231 2538 novis
3253 2483 3812 2541 constitutionibus

2126 2572 2468 2627 clericorum
2493 2571 2973 2627 incontinentiam
2998 2576 3056 2627 et
3076 2570 3668 2644 consanguineorum
3692 2588 3808 2627 nu-

2125 2660 2279 2731 ptias
2309 2659 2625 2715 interdixit.

2198 2747 2531 2819 Stephanus
2571 2748 2617 2803 X
2656 2748 2945 2820 synodum
2991 2749 3255 2803 Laterani
3299 2750 3693 2822 congregavit
3738 2750 3803 2807 in

2126 2835 2998 2907 quaEcclesiaMediolanensis,
3017 2854 3144 2908 quae
3160 2837 3452 2909 superbia:
3468 2838 3637 2894 fastu
3661 2843 3807 2910 ante

2128 2925 2408 2978 ducentos
2456 2924 2635 2977 ferme
2680 2940 2862 2979 annos
2894 2942 2927 2978 a
2959 2924 3223 2980 Romana
3261 2941 3323 2980 se
3353 2924 3799 2995 substruerat,

2128 3011 2500 3067 Hildebrandi
2549 3014 2835 3084 praecipue
2864 3028 3057 3083 opera,
3091 3029 3248 3068 nunc
3278 3014 3522 3069 demum
3565 3015 3807 3072 obtem-

2132 3117 2331 3172 perare
2362 3100 2571 3154 iterum
2602 3101 2776 3171 coepit
2817 3107 2881 3155 ut
2911 3117 3042 3156 vere
3072 3102 3340 3156 omnium
3379 3100 3798 3160 Eeclesiarum
3839 3130 3850 3138 -

2136 3187 2307 3243 matri
2339 3192 2394 3243 et
2430 3188 2744 3259 magistrae,
2777 3205 2953 3260 quam
2994 3193 3195 3261 postea
3225 3190 3305 3244 ita
3332 3190 3699 3258 observavit,
3734 3196 3803 3247 ut

2130 3276 2403 3347 legitimae
2438 3276 2567 3331 filiae
2600 3277 2925 3347 piissimam
2955 3282 3203 3333 matrem
3245 3276 3434 3334 colere
3467 3294 3799 3336 consueve-

2133 3372 2286 3418 runt.

2202 3454 2364 3507 Anno
2395 3452 2705 3508 Dominicaa
2726 3453 3058 3509 Nativitatis
3087 3453 3225 3508 4058
3256 3452 3429 3508 dietv
3456 3452 3587 3511 Kal.
3620 3455 3800 3528 Apri-

2132 3540 2202 3596 lis
2236 3541 2531 3597 Florentiae
2562 3546 2832 3597 mortuus
2861 3546 2951 3597 est
2979 3557 3131 3613 papa
3149 3541 3485 3614 Stephanus
3517 3544 3588 3611 X,
3619 3545 3801 3614 cujus

2131 3645 2342 3699 corpus
2374 3630 2589 3684 ibidem
2640 3630 2699 3683 in
2750 3628 2994 3686 ecclesia
3040 3628 3358 3685 cathedrali
3390 3631 3451 3685 S.
3488 3631 3803 3705 Reparatte

2131 3717 2467 3789 sepulptum
2501 3721 2608 3772 est.

2202 3805 2437 3859 Vacavit
2466 3807 2634 3861 sedes
2666 3805 2789 3861 dies
2818 3808 2908 3860 28.

1574 4171 2056 4261 NOTITIA
2118 4152 2600 4261 ALTERA.

1524 4349 1721 4421 (Apud
1752 4348 1956 4416 ΜΑΝΒΙ,
1991 4348 2349 4407 Conciliorom
2378 4352 2518 4405 tom.
2552 4347 2643 4420 Χ.)

1878 4506 2284 4519 -——————————

458 4610 806 4684 Stephanus,
826 4614 997 4666 antea
1020 4608 1346 4665 Fridericus
1369 4607 1615 4681 appellat
1631 4623 1805 4661 [15:03:
1829 4607 2036 4662 abbate
2066 4612 2114 4674 ι)
2144 4606 2414 4663 Candida:
2446 4606 2754 4678 episcOpus
2776 4610 2833 4661 et
2852 4605 3191 4662 Desiderius
3217 4606 3401 4663 abbas
3427 4608 3805 4666 Cassinensis

390 4700 725 4757 Cassinensi
755 4704 812 4755 et
832 4697 1126 4755 cardinalc
1149 4698 1505 4771 presbytero,
1537 4697 1834 4752 communi
1860 4695 2035 4751 totius

393 4789 530 4845 cleri
557 4803 845 4845 consensu
877 4788 1095 4843 invitus
1118 4787 1304 4842 factus
1326 4791 1414 4842 est
1433 4784 1703 4852 pontifex,
1729 4784 1908 4855 hujus
1933 4801 2034 4839 no-

399 4876 578 4931 minis
609 4892 819 4941 nonus,
871 4892 1024 4929 anno
1063 4875 1271 4929 Christi
1315 4873 1700 4945 redemptoris
1741 4874 1897 4940 1057,
1948 4890 2035 4927 re-

404 4967 620 5037 gnante
644 4962 885 5017 Henrico
916 4963 1010 5017 IV.
1047 4963 1271 5017 Habitis
1294 4961 1350 5016 in
1376 4962 1526 5016 Urbe
1574 4959 1846 5032 plurimis
1876 4977 2039 5016 conc-

401 5051 497 5107 liis
518 5053 719 5106 contra
750 5050 1195 5106 concubinatum
1228 5049 1406 5105 aliave
1439 5048 1692 5120 plurima
1719 5049 1858 5105 vitia
1901 5050 2037 5105 cieri

402 5154 598 5197 mores
641 5137 903 5193 Ecclesia:
952 5139 1305 5193 reformavit.
1350 5137 1585 5191 Petrum
1642 5136 1908 5193 Damiani
1964 5140 2037 5194 ab

397 5244 593 5287 eremo
634 5226 996 5282 abstractum
1048 5226 1262 5280 creavit
1309 5224 1647 5295 episcOpum
1681 5226 2034 5282 cardinalem

397 5316 833 5375 Ostionsem.Ad
852 5312 1161 5368 Ecclesium
1182 5309 1875 5380 Constantinopolitanam
1890 5315 2040 5368 schi-

398 5410 586 5463 smate
617 5405 863 5461 divisam
888 5400 1182 5457 catholica:
1206 5407 1262 5457 et
1282 5395 1612 5472 apostolica:
1642 5402 2038 5457 communioni

397 5494 847 5553 consociandam
894 5489 1242 5562 legationem
1288 5485 1449 5541 misit
1479 5484 1538 5537 in
1574 5483 1887 5555 Orientem,
1926 5506 2042 5561 qua

398 5581 793 5654 fungebantur
804 5578 1133 5654 Stephanus
1146 5570 1823 5642 cardinalis,Mainardus
1845 5576 2040 5634 Silvae-

2147 4695 2504 4767 designatus.
2538 4695 2683 4750 Dato
2715 4693 2833 4750 illis
2851 4710 3046 4750 rerum
3078 4695 3442 4767 agendarum
3472 4696 3803 4754 commoni—

2146 4783 2315 4850 torio,
2341 4784 2604 4855 praecipit
2618 4787 2683 4838 ut
2697 4782 3139 4855 quamprimum
3162 4788 3405 4855 possent
3426 4785 3687 4842 reditum
3710 4802 3804 4857 pa-

2145 4871 2446 4927 rarent.De
2464 4872 2641 4927 futuri
2661 4870 2951 4943 pontiﬁcis
2968 4870 3246 4928 electione
3263 4872 3571 4929 decretum
3595 4873 3797 4941 edidit,

2146 4960 2301 5031 quod
2349 4960 2458 5015 Leo
2505 4958 2789 5015 Ostiensis
2831 4958 2923 5014 his
2953 4959 3144 5015 verbis
3180 4959 3495 5032 descripsit
3529 4979 3543 5016 :
3595 4984 3624 5012 ‹‹
3667 4965 3801 5017 Post

2145 5047 2291 5115 hanc,
2325 5049 2693 5120 congregatis
2715 5048 2870 5102 intra
2888 5046 3192 5103 ecclesiam
3219 5049 3517 5121 episcopis
3548 5055 3610 5106 et
3631 5050 3799 5112 clero,

2148 5135 2478 5209 populoque
2501 5138 2782 5203 Romano,
2806 5136 2916 5191 sub
2947 5136 3214 5192 districta
3230 5137 3411 5192 nimis
3442 5137 3794 5195 inhibitione

2148 5224 2472 5290 constituit,
2508 5228 2572 5279 ut
2600 5223 2670 5290 si,
2703 5228 3017 5296 antequam
3049 5223 3486 5280 Hildebrandus
3520 5225 3794 5282 Romanis

2147 5318 2287 5369 tunc
2300 5312 2566 5369 Eccelsiae
2590 5312 2987 5368 subdiaconus
3007 5312 3078 5369 ab
3098 5312 3495 5385 imperatrice,
3529 5315 3604 5370 ad
3626 5327 3798 5386 quam

2147 5418 2251 5472 pro
2265 5401 2620 5472 quibusdam
2633 5399 2962 5470 reipublicae
2976 5402 3224 5473 negotiis
3236 5400 3797 5459 communiconsilio

2149 5489 2511 5556 mittebatur,
2546 5486 2777 5556 rediret,
2798 5504 2860 5543 se
2883 5490 3029 5544 mori
3048 5489 3433 5562 contingeret,
3454 5489 3663 5547 nullus
3688 5504 3800 5545 om-

2148 5577 2287 5635 nino
2318 5592 2529 5653 papam
2544 5575 2757 5651 eligere
2769 5577 3007 5636 auderet
3027 5595 3042 5649 ;
3066 5578 3169 5639 sed
3190 5577 3468 5653 usquead
3490 5577 3660 5641 illius
3684 5576 3802 5637 red-
