3916 6382
419 387 522 472 8'7l

1201 537 1271 592 Il.

417 627 686 700 Stephani
712 627 753 681 Χ
781 627 928 700 bulla
953 643 1054 696 per
1110 641 1274 700 quam
1321 627 1612 700 conﬁrmat
1632 699 1635 700 ν
1657 626 1792 679 cieri
1818 627 2052 700 saculo-

484 695 566 755 i'is
596 699 999 823 immgnitatcm
1029 713 1062 752 (ι
1088 695 1436 751 saecularium
1463 699 1790 767 potestatum
1825 696 2054 768 judicfz's

485 778 541 826 et
569 771 728 826 oneri
765 784 845 823 us.

1033 855 1218 926 (Anno
1250 855 1434 925 1058.)

725 945 1076 1015 [MURATORL
1121 943 1298 1014 Antiq.
1334 943 1458 998 ιιαι.
1489 943 1558 1013 ν,
1590 942 1742 1016 973.]

482 1072 802 1127 STEPAANL'S
833 1067 1160 1138 episcopus,
1195 1083 1397 1122 servus
1429 1083 1735 1122 servorum
1761 1067 1876 1134 Dei,
1909 1067 2050 1123 dile-

411 1159 688 1216 ctissimis
721 1158 776 1212 in
827 1155 1054 1210 Christo
1107 1154 1241 1210 ﬁliis
1299 1155 1573 1212 omnibus
1629 1155 2045 1222 sacerdotibus,

407 1247 617 1314 levitis,
643 1245 1044 1315 universisque
1075 1243 1258 1299 sacris
1291 1243 1616 1311 ordinibus,
1668 1243 1830 1298 Luca}
1891 1260 2044 1298 com-

411 1335 798 1398 morantibus,
834 1349 939 1386 seu
989 1332 1060 1386 de
1117 1331 1390 1386 omnibus
1449 1331 1740 1402 plebibus,
1799 1331 2044 1399 clericis,

404 1423 710 1496 acolythis,
742 1420 1220 1488 subdiaconibus,
1273 1419 1635 1488 diaconibus,
1687 1421 2041 1492 presbyteris

405 1511 762 1568 suburbanis
792 1509 1068 1564 Lucensis
1106 1508 1497 1580 episcopatus,
1530 1514 1588 1564 et
1615 1509 1886 1564 omnibus
1919 1525 2046 1564 suc-

405 1599 736 1655 cessoribus
769 1615 969 1652 eorum
1001 1597 1057 1650 in
1095 1600 1455 1667 perpetuum.

474 1688 532 1742 Si
565 1705 702 1760 erga
731 1686 988 1741 fidelium
1015 1685 1296 1739 laicorum
1319 1683 1603 1749 ordinem,
1626 1684 1870 1757 legalem
1901 1702 2040 1742 con-

403 1776 770 1832 suetudinem
789 1779 844 1830 et
873 1775 1099 1829 decreta
1129 1773 1362 1844 pietatis
1395 1789 1622 1828 servare
1645 1774 1814 1829 nobis
1837 1791 2035 1831 convc-

1721 405 2107 468 STEPHAM
2153 405 2202 467 Χ
2247 406 2504 470 PAP/E.‘

2083 536 2138 604 Α
2169 553 2297 605 nus,
2331 537 2798 606 vocemissarius,
2824 535 2912 594 vel
2944 535 3120 594 etiam
3171 533 3292 595 ulla
3341 547 3609 610 persona
3641 538 3830 596 homi-

3715 404 3831 470 872

2164 641 2307 680 num
2339 627 2552 682 audeat
2581 625 2926 682 interdicere
2957 625 3040 682 vel
3076 626 3446 700 contringere
3479 625 3620 694 hoc,
3670 628 3828 700 quod

2164 729 2197 768 a
2227 714 2395 783 nobis
2426 714 2809 770 constitutum
2841 719 2897 770 et
2928 714 3342 770 conﬁrmatum
3390 715 3503 770 est.
3567 715 3634 770 Si
3694 716 3827 788 quis

2161 804 2356 857 autem
2389 802 2565 875 (quod
2587 819 2703 858 non
2735 802 3052 875 credimus)
3106 803 3421 860 temerario
3474 820 3641 860 ausu
3687 803 3825 861 huic

2162 893 2358 946 nostro
2397 889 2714 963 apostolico
2769 889 3074 964 privilegio
3135 891 3466 948 contrarius
3499 891 3824 962 astiterit,

2161 977 2306 1033 sciat
2332 995 2416 1046 se,
2449 979 2562 1035 nisi
2593 977 2922 1051 resipuerit,
2956 983 3013 1034 et
3053 979 3344 1035 damnum
3400 981 3568 1052 quod
3621 979 3825 1038 fecerit

2159 1067 2571 1135 emendaverit,
2605 1067 2946 1126 auctoritate
2975 1067 3079 1124 Dei
3101 1067 3551 1140 omnipotentis,
3577 1074 3640 1126 et
3660 1070 3818 1127 beati

2158 1154 2310 1210 Petri
2340 1156 2735 1228 apostolorum
2765 1156 3049 1230 principis
3071 1173 3136 1213 ac
3160 1161 3383 1225 nostra,
3407 1158 3822 1216 anathematis

2155 1243 2385 1300 vinculo
2409 1245 2772 1313 innodatum,
2807 1249 2863 1300 et
2883 1261 2916 1301 a
2946 1262 3124 1316 regno
3159 1245 3256 1300 Dei
3287 1244 3579 1316 alienum,
3639 1253 3822 1320 atque

2155 1348 2221 1386 cu
2233 1349 2288 1387 In
2309 1332 2340 1388 J
2349 1333 2464 1389 uda
2482 1333 2756 1389 traditore
2774 1330 3081 1390 sociatum.
3101 1333 3346 1406 Insuper
3362 1335 3818 1408 compositurus

2154 1421 2367 1476 existat
2395 1421 2520 1476 auri
2553 1421 2756 1494 optimi
2787 1421 2968 1478 libras
2985 1419 3209 1490 decem,
3235 1421 3621 1482 medietatem
3645 1441 3818 1481 sacro

2155 1514 2354 1565 nostro
2378 1509 2613 1582 palatio,
2637 1509 3006 1566 medietatem
3025 1509 3140 1566 illis
3159 1509 3380 1582 quibus
3400 1511 3631 1583 injuria
3648 1511 3820 1571 illata

2155 1597 2342 1652 fuerit.
2378 1599 2480 1662 Qui
2515 1615 2645 1653 vero
2695 1617 2798 1670 pro
2834 1597 3060 1668 intuitu
3119 1603 3320 1655 custos
3367 1603 3425 1655 et
3463 1600 3820 1658 observator

2151 1683 2331 1756 hujus
2364 1686 2544 1743 nostri
2578 1687 2879 1758 apostolici
2908 1687 3180 1759 praecepti
3220 1687 3530 1760 exstiterit,
3563 1689 3819 1747 benedi—

2151 1775 2357 1831 ctionis
2399 1775 2725 1846 apostolica:
2775 1775 3045 1847 gratiam,
3099 1775 3399 1849 vitamque
3455 1780 3749 1835 eternam
3784 1797 3820 1836 a

403 1866 510 1932 nit,
545 1865 725 1919 multo
752 1862 1005 1934 amplius
1053 1861 1205 1916 circa
1261 1860 1602 1916 clericorum
1663 1863 1878 1934 gradus
1937 1862 2036 1934 qui
2065 1898 2112 1963 Β
2155 1863 2399 1920 Domino
2432 1865 2546 1920 Deo
2572 1869 2768 1920 nostro
2801 1864 3080 1937 consequi
3119 1870 3415 1923 mereatur
3467 1867 3529 1924 in
3589 1868 3820 1926 saecula

401 1953 664 2010 Ecclesia:
687 1953 786 2008 Dei
821 1951 1064 2006 ﬁdeliter
1095 1949 1431 2006 ministrant
1487 1955 1544 2005 et
1595 1951 1856 2006 serviunt
1909 1952 2038 2007 visa

399 2042 686 2115 aequitatis
719 2041 1043 2118 observare,
1075 2043 1130 2094 et
1159 2039 1519 2094 observanda
1550 2039 1894 2096 conﬁrmare
1933 2041 2035 2096 de-

398 2135 624 2188 bemus.
653 2133 1014 2200 Quapropter
1043 2129 1112 2182 ob
1148 2127 1538 2182 interventum
1561 2127 1924 2183 dilectissimi
1948 2145 2036 2182 co-

399 2220 654 2294 episcopi
678 2218 857 2274 nostri
881 2215 1137 2272 Anselmi
1161 2215 1440 2271 Lucensis
1462 2215 1712 2288 episcopi
1723 2208 2035 2288 ,simulque

397 2308 688 2366 Benedicti
722 2305 1152 2362 Belletrinensis
1183 2303 1522 2376 episcopi,et
1555 2305 1831 2360 Bonifacii
1863 2303 2034 2360 Alba-

400 2397 599 2454 nensis
629 2395 906 2467 episcopi,
937 2398 994 2450 et
1023 2393 1218 2448 domni
1243 2393 1544 2448 Humberti
1569 2393 1788 2448 Sancta:
1817 2392 2033 2447 Rufinus

399 2487 556 2542 sedis
585 2483 860 2556 episcOpi,
886 2499 988 2537 nec
1017 2499 1130 2538 non
1151 2481 1299 2537 Petri
1326 2481 1730 2537 Lavicanensis
1754 2481 2032 2554 episcOpi,

399 2573 692 2645 simulque
719 2571 960 2627 Joannis
995 2570 1328 2624 Portuensis
1359 2570 1641 2641 episcopi,
1670 2586 1772 2624 nec
1807 2585 1920 2624 non
1979 2574 2034 2624 et

398 2663 596 2719 domni
626 2659 999 2716 Hildebrandi
1033 2663 1246 2714 sancta:
1279 2659 1551 2714 Romane
1585 2657 1847 2713 Ecclesiae
1888 2658 2031 2712 sub-

397 2751 644 2818 diaconi,
679 2749 1043 2819 aliorumque
1073 2750 1406 2802 nostrorum
1431 2745 1714 2814 fidelium,
1732 2763 1836 2817 per
1855 2745 2031 2817 hujus

396 2845 604 2896 nostra:
635 2837 1036 2912 praeceptionis
1069 2835 1342 2907 paginam
1375 2835 1796 2890 constituimus
1813 2837 1868 2889 et
1899 2851 2030 2889 con-

396 2931 722 2992 ﬁrmamus,
779 2926 930 2980 sicut
959 2940 1255 2978 sacrorum
1317 2939 1605 2978 canonum
1667 2923 2031 2978 demonstrat

395 3017 789 3080 auctoritas,et
817 3013 1083 3068 humanae
1117 3011 1458 3083 prmcipiunt
1489 3010 1822 3082 leges,sicut
1853 3011 2026 3064 etiam

395 3106 513 3161 illis
560 3105 632 3159 ab
676 3103 883 3158 Ottone
941 3101 1286 3172 imperatore
1340 3102 1624 3172 Augusto,
1675 3104 1732 3153 et
1787 3099 2028 3170 reliquis

395 3191 843 3266 imperatoribus
873 3205 974 3261 per
995 3189 1259 3260 prmcepti
1285 3187 1556 3260 paginam
1583 3203 1926 3243 concessum
1970 3192 2027 3242 et

393 3254 799 3338 conﬁrmatum
859 3293 986 3332 esse
1041 3276 1287 3342 videtur,
1350 3279 1412 3330 ut
1472 3276 1744 3346 deinceps
1801 3254 2099 3330 anullaC

395 3387 605 3442 magna
630 3383 921 3441 parvaque
961 3381 1207 3438 persona
1262 3364 1564 3419 hominum
1628 3365 1697 3418 ad
1729 3363 2027 3418 saecularia

385 3459 606 3532 judicia
635 3475 736 3530 pro
758 3453 1148 3528 qualicunque
1177 3453 1565 3508 controversia
1595 3453 2023 3523 per-trahantur,

390 3549 474 3606 vel
509 3553 642 3604 ante
673 3544 978 3600 saeculares
1003 3542 1232 3614 judices
1254 3541 1656 3596 examinentur
1686 3539 1770 3595 vel
1793 3539 2029 3595 distrin-

395 3641 626 3710 gantur,
660 3633 766 3688 nisi
788 3637 1018 3689 tantum
1049 3630 1120 3685 ab
1143 3646 1342 3685 eorum
1369 3628 1630 3700 praesule.
1659 3630 1728 3683 Et
1746 3633 1808 3683 ut
1831 3627 2028 3683 nullus

392 3728 451 3781 in
511 3722 783 3780 domibus
841 3736 1042 3775 eorum
1101 3717 1358 3790 aliquam
1410 3717 1767 3772 invasionem
1844 3716 2025 3769 timore

393 3815 622 3880 audeat,
656 3809 742 3866 vel
775 3807 1100 3864 molestiam
1133 3809 1447 3878 praesumat
1471 3805 1697 3870 inferre,
1731 3803 1817 3858 vel
1853 3806 2026 3858 tribu-

391 3909 538 3970 tum,
589 3901 708 3958 sive
761 3897 1076 3962 redditum,
1137 3911 1239 3950 seu
1295 3893 1470 3949 etiam
1509 3891 2025 3964 superimpositum

391 3993 614 4048 eisdem
640 3986 1038 4045 sacerdotibus
1071 3988 1127 4040 et
1155 3982 1378 4038 cunctis
1411 3981 1596 4036 sacris
1637 3981 1958 4049 ordinibus,
1994 3997 2027 4036 a

392 4093 740 4153 quacunque
768 4089 1018 4146 persona
1049 4071 1285 4127 minime
1317 4071 1671 4142 imponatur,
1707 4067 1791 4123 vel
1833 4068 2024 4140 requi-

396 4174 574 4226 ratur.
609 4167 676 4221 Et
706 4181 778 4219 ne
793 4161 1005 4232 aliquis
1019 4159 1301 4215 audeatse
1320 4157 1701 4214 intromittere
1723 4155 2029 4228 sinelegali

384 4255 608 4329 judicio
649 4254 718 4308 de
766 4250 1061 4321 aliquibus
1119 4245 1578 4319 supellectilibus
1632 4261 1854 4312 eorum,
1913 4246 2030 4300 sive

389 4345 572 4402 servis
607 4340 914 4412 utriusque
947 4353 1141 4404 sexus,
1173 4335 1260 4391 vel
1293 4333 1552 4402 familiis,
1587 4351 1688 4389 seu
1723 4333 1896 4388 etiam
1957 4334 2027 4389 de

393 4431 685 4490 universis
715 4446 918 4486 eorum
978 4425 1224 4491 colonis,
1287 4440 1394 4479 nec
1443 4441 1557 4478 non
1607 4421 1924 4478 mobilibus
1973 4427 2031 4477 et

387 4517 997 4584 immobilibus,arvis,
1031 4513 1356 4576 cultilibus,
1390 4513 1587 4576 vineis,
1621 4511 1868 4578 olivetis,
1929 4509 2028 4564 sil-

2147 1951 2511 2008 sasculorum.
2542 1955 2745 2008 Amen.

2221 2041 2306 2096 Sri
2314 2046 2482 2112 ptum
2515 2059 2617 2114 per
2648 2058 2856 2097 manus
2883 2041 3148 2115 Gregorii
3186 2043 3398 2100 notarii
3427 2048 3486 2098 et
3543 2043 3819 2102 scrinia—

2144 2127 2217 2182 rii
2251 2134 2461 2184 sancta:
2489 2129 2681 2185 Romae
2712 2129 2978 2187 Ecclesia
3027 2131 3089 2187 in
3143 2143 3344 2188 mense
3398 2131 3701 2204 octobrio,
3758 2140 3822 2191 et

2143 2217 2474 2273 indictionis
2509 2219 2836 2276 undecima.

2213 2311 2416 2363 Datum
2450 2307 2642 2363 Romae
2673 2323 2778 2379 per
2805 2323 3019 2364 manus
3050 2309 3353 2366 Humberti
3405 2310 3633 2384 sanctae
3695 2309 3820 2370 Ec-

2141 2393 2329 2451 clesiae
2377 2395 2539 2450 Silvas
2569 2395 2837 2452 Candida:
2896 2397 3175 2469 episcopi,
3235 2399 3292 2454 et
3355 2395 3816 2457 bibliothecarii

2140 2485 2352 2537 sanctae
2386 2483 2657 2537 Romana:
2689 2487 2744 2538 et
2763 2483 3090 2554 apostolicae
3115 2485 3304 2555 Sedis,
3337 2502 3490 2541 anno
3553 2489 3815 2560 pontiﬁ-

2141 2575 2306 2626 catus
2335 2571 2533 2626 domni
2562 2571 2839 2643 Stephani
2865 2573 3001 2628 noni
3031 2589 3193 2644 papa:
3226 2573 3438 2645 primo,
3470 2591 3548 2630 xv
3579 2576 3810 2634 Kalen-

2139 2660 2244 2715 das
2273 2659 2631 2728 Novembris,
2665 2659 2980 2718 indictione
3011 2662 3349 2718 undecima.

2136 2875 2173 2928 A
2223 2873 2492 2942 Stephano
2552 2874 2585 2916 Υ
2641 2785 3064 2939 conressz’oizltltm,
3124 2876 3475 2947 aliorumque
3539 2879 3816 2938 indulta-

2209 2961 2498 3020 rum_sacri
2528 2946 2756 3000 cieiwbz'z'
2809 2947 3000 3000 Sancti
3053 2947 3205 3002 Petri
3263 2946 3532 3004 Perusini
3585 2951 3816 3020 con/ir-

2209 3017 2395 3070 maliv.

2754 3086 2940 3156 (Anno
2971 3087 3158 3159 4057.)

2135 3173 2527 3246 [Coousmxss,
2595 3174 2880 3250 Bullmjum
2916 3176 3085 3250 ⁵Ιίιῃῃε
3122 3185 3296 3250 _pont.
3352 3179 3614 3250 ampliss.
3672 3181 3812 3236 Cot-

2766 3246 2884 3299 lect.
2916 3243 2957 3314 1,
2987 3247 3139 3316 396.]

2205 3351 2536 3405 Srsprmnus
2557 3351 2884 3422 episcopus,
2919 3368 3123 3408 servus
3155 3369 3461 3409 servorum
3490 3355 3820 3422 Dei,vene—

2138 3438 2305 3495 rabili
2339 3439 2691 3494 monasterio
2723 3439 2876 3494 beati
2922 3440 3077 3496 Petri
3128 3441 3402 3513 apostoli,
3462 3443 3582 3499 sito
3603 3450 3818 3516 extra,

2135 3529 2251 3583 imo
2285 3531 2338 3582 et
2361 3527 2528 3598 juxta
2557 3527 2848 3582 civitatem
2881 3527 3248 3600 Perusinum,
3287 3529 3348 3586 in
3381 3527 3512 3588 loco
3543 3533 3659 3605 qui
3717 3535 3820 3590 di-

2135 3617 2283 3671 citur
2303 3614 2636 3686 Caprarius,
2669 3621 2723 3671 et
2753 3633 2856 3689 per
2884 3615 3030 3672 illud
3062 3617 3338 3675 Bomzom
3370 3619 3572 3677 abbati
3637 3623 3827 3696 ejus—

2137 3723 2247 3778 que
2277 3704 2716 3760 successoribus
2743 3703 2961 3761 ibidem
2983 3707 3147 3779 juste
3174 3713 3232 3762 et
3262 3708 3623 3780 regulariter
3671 3729 3827 3786 pro-

2142 3793 2457 3862 movendis,
2489 3793 2547 3848 in
2579 3797 2938 3866 perpetuam.

2208 3886 2352 3938 Cum
2383 3881 2726 3938 universalis
2758 3887 2960 3938 sancta
2983 3887 3168 3940 mater
3196 3883 3456 3942 Ecclesia
3505 3903 3628 3960 per
3679 3891 3836 3964 glo-

2138 3971 2321 4027 riosos
2349 3974 2515 4026 terra:
2549 3969 2862 4041 principes,
2891 3971 3126 4027 Petrum
3151 3973 3375 4044 scilicet
3429 3975 3836 4048 piscatorem

2137 4059 2462 4126 hominum,
2488 4076 2552 4131 ac
2580 4057 2822 4114 Paulum
2846 4060 3141 4116 doctorem
3163 4061 3454 4135 gentium,
3476 4080 3609 4136 prae
3637 4074 3836 4126 cate-

2139 4149 2218 4204 ris
2249 4147 2721 4220 cooperatoribus
2735 4149 2986 4204 maxime
2998 4149 3082 4206 sic
3097 4150 3448 4220 coadunata,
3468 4151 3684 4212 instru
3695 4163 3835 4227 οἰδ,

2139 4235 2314 4294 simul
2346 4240 2401 4292 et
2428 4235 2628 4306 ditata,
2661 4236 2927 4292 convenit
2955 4237 3042 4294 eis
3063 4239 3398 4296 conﬁrmari
3429 4245 3490 4296 et
3540 4243 3839 4303 detineri

2139 4327 2335 4383 omnia
2364 4342 2490 4398 qua:
2533 4341 2652 4380 suae
2682 4325 2920 4382 ditionis
2949 4342 3015 4382 ac
3041 4327 3349 4398 potestatis
3409 4333 3842 4402 reperiuntur

2139 4413 2432 4488 specialia.
2463 4415 2650 4480 Quare
2695 4415 2768 4470 ad
2816 4413 2998 4486 hujus
3051 4415 3378 4489 supradicti
3438 4427 3840 4482 monasterii

2137 4505 2418 4560 honorem
2435 4519 2664 4575 semper
2677 4503 3345 4577 augendum,nunquam
3369 4505 3837 4580 minuendum,

388 4613 496 4678 vis,
526 4610 710 4684 pratis
733 4603 1130 4680 pascualibus,
1155 4618 1257 4656 seu
1285 4600 1576 4655 universis
1597 4599 2029 4654 lunrcditatibus
2058 4613 2106 4681 Β
2139 4591 2512 4650 concedimus
2542 4590 2652 4684 hoc
2670 4591 2997 4684 apostolicae
3023 4591 3382 4684 delensionis
3410 4595 3837 4674 privilegium

389 4717 615 4768 eorum,
646 4698 766 4753 sive
797 4693 1120 4766 acquisitis,
1153 4706 1258 4746 nec
1291 4705 1403 4744 non
1436 4705 1638 4744 eorum
1697 4687 1882 4755 bonis,
1939 4685 2027 4742 vel

389 4787 674 4860 quidquid
689 4783 806 4840 illis
819 4783 980 4854 juste
992 4785 1048 4836 et
1067 4778 1328 4850 legaliter
1347 4775 1635 4849 pertinere
1656 4775 2023 4847 perspicitur.

390 4876 633 4944 Insuper
660 4869 1034 4926 concedimus
1063 4883 1166 4939 per
1182 4867 1287 4922 hoc
1318 4868 1587 4921 nostrum
1635 4863 2022 4935 apostolicum

393 4958 763 5034 privilegium
794 4957 1070 5012 omnibus
1100 4954 1522 5018 sacerdotibus,
1550 4951 1744 5008 levitis
1773 4952 2025 5008 cunctis-

392 5065 506 5122 que
555 5046 738 5102 sacris
787 5043 1092 5102 ordinibus
1127 5045 1250 5114 jam
1319 5041 1452 5097 dicti
1512 5041 1903 5112 episcopatus,
1965 5044 2029 5094 ut

391 5153 593 5196 eorum
626 5135 940 5192 advocatus
971 5149 1084 5188 non
1114 5130 1302 5200 aliter,
1336 5131 1444 5185 nisi
1479 5129 1658 5196 solus,
1702 5129 1852 5198 juret
1904 5129 2028 5184 sine

393 5227 513 5284 ulla
539 5222 1016 5288 contradictione,
1041 5221 1192 5276 sicut
1211 5219 1271 5274 in
1295 5223 1496 5274 sancta
1528 5217 1790 5270 Romana
1829 5216 2026 5272 Eccle-

389 5318 477 5372 sia
506 5315 718 5388 agitur.
747 5313 814 5366 Et
861 5311 1032 5366 liceat
1079 5308 1162 5363 eis
1216 5306 1542 5362 secundum
1593 5299 2022 5360 ecclesiasticos

391 5405 610 5476 gradus
640 5401 832 5473 quiete
863 5403 920 5454 et
948 5395 1184 5470 paciﬁce
1208 5395 1416 5460 vivere,
1449 5394 1506 5446 et
1534 5389 1650 5444 Deo
1681 5390 1914 5461 servire,
1973 5395 2030 5447 et

403 5491 512 5544 sub
541 5489 720 5558 hujus
752 5486 938 5540 nostri
970 5481 1251 5554 privilegii
1295 5479 1630 5536 defensione
1685 5479 2025 5536 consistere.

411 5575 495 5629 Ita
515 5591 654 5629 sane
703 5575 977 5643 juvemus
1029 5573 1096 5622 ut
1139 5568 1338 5622 nullus
1393 5568 1530 5633 dux,
1591 5566 1708 5620 sive
1749 5563 2028 5636 marchio,

399 5675 612 5728 comes,
641 5660 982 5728 vicecomes,
1007 5652 1850 5728 gastaldus,curialis,exaotor,
1874 5653 2035 5714 deca-

2141 4686 2204 4738 ut
2231 4684 2426 4736 teneat
2453 4679 2608 4751 quod
2638 4679 2834 4746 habet,
2867 4678 3090 4736 scilicet
3117 4679 3296 4737 cellas
3328 4698 3497 4752 suas,
3522 4690 3596 4742 et
3629 4690 3838 4747 eccle-

2135 4771 2274 4839 sias,
2309 4771 2502 4825 curtes
2532 4784 2691 4838 suas,
2725 4785 2791 4824 ac
2812 4767 3032 4840 plebes,
3057 4768 3272 4825 fundos
3302 4769 3510 4840 etiam,
3538 4790 3620 4830 ac
3645 4793 3837 4834 casa-

2131 4858 2238 4928 les,
2275 4854 2752 4931 plebem,scilicet
2779 4855 3414 4927 SanctiConstantii,et
3429 4864 3646 4928 sancti
3707 4866 3837 4923 Ru-

2135 4947 2258 5012 ﬁni,
2289 4963 2356 5002 ac
2385 4944 2581 5000 Sancti
2602 4943 2868 5013 Martini,
2901 4943 3208 5000 ecclesiam
3240 4945 3442 5001 Sancti
3469 4947 3750 5010 Martini
3775 4957 3840 5010 in

2135 5034 2434 5108 Agellione
2465 5049 2600 5088 cum
2630 5031 2755 5088 suis
2790 5031 3182 5104 pertinentiis,
3217 5037 3448 5090 curtem
3475 5023 3556 5093 de
3591 5043 3846 5106 casula,

2135 5129 2192 5180 et
2222 5127 2445 5178 curtem
2469 5121 2664 5178 Sancti
2715 5121 2958 5188 Justini,
3007 5123 3229 5178 curtem
3288 5122 3361 5178 de
3414 5125 3844 5201 Petroniana,

2137 5211 2442 5269 ecclesiam
2469 5209 2662 5266 Sancti
2693 5209 2904 5265 Andra
2935 5209 3007 5265 de
3035 5208 3243 5266 Aliano
3265 5227 3402 5268 cum
3446 5230 3576 5272 sua.
3639 5221 3844 5292 peni-

2137 5301 2364 5368 nentia;
2395 5297 2700 5355 ecclesiam
2733 5298 2956 5354 Sanctis
2999 5297 3196 5354 Marias
3244 5299 3308 5354 in
3357 5299 3735 5376 Pitiniano;
3791 5313 3850 5363 et

2135 5387 2438 5446 ecclesiam
2498 5386 2694 5442 Sancti
2751 5383 3085 5453 Clementis,
3165 5389 3344 5458 atque
3411 5392 3846 5452 medietatem

2138 5476 2333 5534 Sancti
2363 5474 2572 5531 Donati
2601 5474 2660 5529 in
2683 5473 2950 5560 civitella,
2979 5490 3084 5530 nec
3103 5483 3218 5530 non
3249 5477 3307 5530 et
3326 5479 3570 5537 terram
3593 5481 3847 5560 Ugonis

2140 5565 2366 5638 nepotis
2395 5562 2679 5620 Bernonis
2699 5561 2770 5618 de
2797 5559 3182 5636 Montenigro.
3210 5560 3469 5638 Insuper
3490 5559 3854 5631 confirma-

2141 5669 2276 5713 mus
2305 5649 2494 5711 eidem
2522 5650 2876 5712 manasterio
2895 5651 2957 5710 in
2986 5655 3344 5728 perpetuum
3377 5670 3650 5722 massas
3688 5669 3848 5730 tres.
