3916 6342
138 447 253 507 877

1313 446 1719 510 EPISTOLE
1761 445 1861 508 ET
1906 444 2379 509 PRIVILEGIA.

3419 448 3539 515 878

137 580 480 635 Chﬂl‘iSSlme
529 580 633 646 illi,
689 580 1035 652 Landulpbe
1098 581 1299 649 abbas,
1352 584 1421 638 ad
1477 581 1782 636 utilitatem
1814 584 1870 650 Α
1904 598 2079 635 unam
2114 581 2169 635 in
2204 582 2415 635 Sancto
2452 581 2801 650 Laurentio,-
2833 580 2982 638 duos
3013 598 3248 639 mansos
3272 582 3329 640 in
3350 581 3540 639 Bibia-

138 674 319 738 tuam,
346 688 410 725 su
425 686 878 741 ccessorumque
907 675 1143 724 tuorum
1170 670 1439 725 commoti
1466 677 1517 724 et
1542 686 1791 723 remmo-

136 758 268 826 niti,
323 775 426 831 per
485 759 661 824 hujus
712 765 925 813 nostra:
979 759 1307 831 apostolica:
1358 759 1790 813 constitutionis

135 848 407 919 paginam
441 848 880 915 confirmamus,
916 853 973 903 et
1002 848 1446 903 corroboramus
1474 846 1787 902 venerabili

132 938 396 992 ccenobio
438 937 631 991 Sancti
685 937 953 1009 Prosperi
1008 938 1285 1010 episcopi,
1341 942 1406 992 ut
1448 936 1671 1005 electio,
1701 936 1787 991 vel

132 1025 424 1081 ordinatio
457 1026 686 1081 abbatis
716 1026 903 1098 ipsius
934 1027 1268 1082 monasterii
1302 1027 1402 1083 fiat
1433 1027 1671 1082 omnino
1704 1042 1789 1081 se-

130 1115 391 1169 cundum
426 1114 687 1186 regulam
722 1115 903 1170 sancti
937 1115 1256 1171 Benedicti.

200 1206 254 1257 2.
292 1204 357 1257 Et
383 1204 521 1275 quia
538 1221 571 1258 a
593 1204 940 1259 beatissima?
966 1205 1264 1260 memoriae
1304 1202 1549 1259 Ilcnrico
1569 1208 1621 1259 et
1639 1204 1785 1259 Con-

130 1292 272 1346 rado
300 1291 416 1346 {ilio
443 1293 809 1365 imperatore,
833 1311 899 1349 ac
924 1292 1225 1349 nonnullis
1241 1294 1371 1349 aliis
1394 1294 1630 1365 regibus
1650 1311 1787 1365 prae-

126 1385 332 1452 cepta;
366 1386 423 1437 et
454 1383 523 1437 ab
567 1382 834 1438 Alberico
880 1384 1168 1455 praedicta:
1220 1387 1435 1438 sancta:
1480 1382 1785 1455 chiensis

128 1469 397 1525 Ecclesiae
423 1471 694 1543 episcopo
721 1473 1041 1541 decretum,
1067 1490 1180 1528 non
1223 1472 1413 1527 solum
1436 1473 1504 1527 de
1537 1472 1660 1543 ipsa
1682 1472 1783 1526 ab-

124 1558 329 1613 batum
363 1560 661 1628 electione,
684 1578 886 1616 verum
922 1562 991 1617 de
1022 1562 1297 1617 omnibus
1326 1562 1499 1616 rebus
1523 1561 1631 1633 ipsi
1659 1578 1781 1614 mo-

128 1648 552 1719 nasteriojuste
575 1650 1007 1722 acquisitis,vel
1042 1650 1100 1705 in
1136 1649 1785 1721 futurumacquirendis

128 1740 429 1805 constant,
453 1739 778 1793 secundum
794 1744 1053 1795 tenorem
1079 1739 1307 1794 illorum
1322 1742 1404 1805 ,et
1422 1738 1575 1809 quod
1590 1738 1784 1808 majus

116 1829 232 1889 est,
266 1827 591 1881 secundum
638 1827 899 1881 veritatis
950 1832 1006 1883 et
1045 1828 1291 1898 justitizc
1342 1828 1649 1892 rationem,
1684 1843 1785 1898 per

114 1912 303 1984 hujus
334 1918 543 1969 nostra:
590 1915 958 1970 auctoritatis
1015 1915 1380 1988 privilegium
1432 1915 1779 1971 nominatim

117 2002 506 2057 concedimus
529 2007 704 2074 atque
728 2004 1098 2060 decernimus
1121 2004 1231 2078 ipsi
1256 2004 1569 2060 venerabili
1591 2021 1781 2059 emno-

122 2091 223 2145 bio
257 2091 452 2146 Sancti
505 2091 795 2163 Prospeii,
844 2094 1002 2165 quod
1054 2094 1112 2148 in
1165 2094 1347 2149 tutela
1397 2094 1576 2149 sancti
1628 2094 1781 2149 Petri

121 2181 179 2230 et
215 2181 416 2231 nostra
460 2178 840 2250 suscipimus,
896 2180 1140 2235 fundum
1195 2181 1480 2253 prmdictre
1526 2180 1780 2237 ecclesias

121 2266 393 2336 ejusdem
428 2267 621 2322 Sancti
658 2270 923 2335 Prosperi
958 2270 1013 2324 in
1050 2271 1189 2326 urbe
1226 2270 1383 2342 Regii
1409 2270 1611 2338 situm,
1644 2287 1777 2326 cum

122 2355 459 2410 ccemetorio
482 2356 691 2426 ipsius,
708 2361 762 2412 et
780 2360 1204 2431 novemjugcra
1226 2364 1388 2415 terra:
1405 2376 1535 2415 cum
1560 2360 1779 2432 capella

119 2445 321 2499 Sancti
356 2445 604 2509 Nazarii,
639 2462 811 2517 quam
855 2464 889 2501 a
934 2449 1244 2520 prmposito
1293 2448 1549 2504 ecclesia:
1581 2450 1776 2504 Sancti

120 2535 394 2606 Prosperi
420 2534 571 2590 intra
593 2540 847 2590 castrum
872 2537 1156 2607 praedictae
1198 2537 1445 2592 civitatis
1478 2538 1651 2593 sitam
1676 2554 1780 2608 per

119 2623 643 2679 commutationem
671 2626 831 2696 juste
864 2625 1098 2695 factam,
1134 2627 1314 2681 abbas
1346 2626 1444 2698 qui
1473 2632 1613 2682 tunc
1637 2632 1779 2683 tem-

116 2711 284 2785 poris
314 2717 438 2767 erat
467 2714 685 2785 accepit
717 2731 730 2778 ;
764 2730 985 2769 necnon
1017 2717 1073 2768 et
1102 2731 1331 2769 onmem
1369 2715 1525 2769 illam
1558 2720 1773 2770 terram

114 2802 191 2857 de
226 2801 548 2869 Corticella,
583 2818 711 2873 quae
740 2803 813 2857 ab
843 2802 1134 2874 episcopis
1175 2804 1359 2875 ipsius
1390 2804 1496 2858 loci
1532 2804 1588 2858 in
1622 2804 1773 2859 dicto

112 2887 244 2943 loco
268 2891 623 2945 monasterio
647 2891 780 2945 data
797 2896 883 2945 est
906 2908 917 2957 ;
938 2891 1491 2963 insuperduodccim
1514 2910 1772 2961 mansos,

113 2978 219 3049 qui
245 2980 458 3033 suntin
486 2978 750 3034 Fossolo:
779 2980 1109 3050 quatuorin
1149 2979 1393 3048 Palude;
1435 2986 1687 3052 quatuor
1716 2981 1774 3036 in

110 3067 532 3139 Campaniola;
581 3073 698 3123 tres
729 3067 787 3122 in
821 3068 1182 3141 Quingente;
1239 3086 1419 3124 unum
1468 3070 1565 3141 qui
1599 3074 1686 3125 est
1716 3070 1775 3124 in

110 3157 314 3228 Gurgo
343 3174 355 3224 ;
386 3173 567 3211 unum
594 3156 649 3211 in
687 3158 1061 3213 Fossedunde
1093 3176 1105 3224 ;
1132 3157 1391 3230 quinque
1414 3158 1469 3213 in
1494 3158 1730 3215 Baniolo
1761 3177 1774 3227 ;

109 3250 167 3299 et
190 3244 483 3317 capellam
506 3246 727 3299 Sanctae
752 3245 1037 3301 Mustiolre
1064 3264 1196 3302 cum
1221 3248 1345 3302 suis
1370 3247 1773 3319 pertinentiis;

112 3350 305 3388 unum
338 3332 397 3388 in
429 3332 701 3389 Crustulo
724 3335 936 3403 veteri;
963 3352 1143 3391 unum
1171 3336 1227 3390 in
1253 3336 1372 3391 vico
1391 3336 1769 3408 Desbergato,
1804 3320 1846 3385 (ἶ

112 3439 307 3478 unum
327 3422 381 3478 in
398 3440 611 3496 magno
625 3422 845 3478 Casali:
871 3441 1002 3478 cum
1024 3424 1247 3496 capella
1265 3425 1456 3480 Sancti
1474 3424 1771 3497 Sylvestri,

110 3529 253 3568 cum
294 3512 651 3567 dominicatu
695 3512 763 3567 de
802 3513 1001 3568 eadem
1031 3512 1145 3568 vila
1174 3514 1383 3585 Magno
1404 3513 1589 3569 Casali
1614 3533 1626 3580 ;
1653 3520 1772 3569 tres

113 3618 365 3658 mansos
398 3602 455 3655 in
489 3602 685 3674 Regio,
718 3607 775 3658 et
806 3601 1231 3657 dominicatum
1266 3602 1424 3675 Regii
1452 3622 1465 3670 ;
1500 3602 1768 3658 Braidam

114 3690 321 3763 Regis,
353 3695 411 3745 et
441 3707 672 3747 omnem
716 3697 929 3747 terram
962 3692 1220 3763 praedicti
1256 3692 1590 3746 monasterii
1619 3692 1774 3748 circa

112 3780 390 3834 eamdem
416 3779 707 3836 civitatem
741 3781 915 3835 sitam
946 3798 957 3848 ;
993 3784 1112 3835 tres
1141 3798 1377 3835 mansos
1412 3781 1467 3835 in
1493 3781 1731 3836 Rodano
1758 3798 1772 3848 ;

115 3872 382 3940 quatuor
403 3869 461 3923 in
495 3869 694 3924 Lovari
722 3888 735 3936 ;
762 3886 947 3924 unum
971 3868 1029 3923 in
1055 3870 1255 3935 Banio,
1284 3887 1466 3925 unum
1496 3870 1554 3925 in
1586 3869 1777 3926 casale

114 3957 191 4012 de
206 3956 470 4027 Rodano;
485 3961 602 4013 tres
616 3957 673 4011 in
692 3956 1026 4013 Marmirolo
1044 3976 1057 4026 ;
1075 3975 1254 4014 unum
1278 3958 1333 4013 in
1348 3958 1577 4028 Aliano;
1591 3975 1777 4014 unum

112 4045 177 4099 in
196 4044 445 4100 Bibiano
462 4064 476 4115 ;
494 4063 676 4101 unum
691 4046 748 4101 in
765 4046 964 4114 Piano;
983 4064 1165 4102 unum
1182 4046 1241 4101 in
1255 4047 1579 4116 Mulazano;
1597 4064 1778 4103 unum

112 4135 174 4189 in
201 4134 420 4191 Planzo
450 4152 463 4202 ;
498 4151 681 4190 unum
715 4134 773 4189 in
810 4140 999 4191 castro
1049 4136 1325 4205 Oleriani,
1371 4140 1428 4192 et
1457 4141 1677 4193 curtem
1712 4136 1782 4192 de

111 4214 393 4290 Nasseto,
436 4240 570 4279 cum
622 4223 865 4279 Lamma
917 4224 1233 4293 Fraularia,
1287 4229 1345 4280 et
1382 4242 1591 4298 campo
1622 4230 1677 4281 et
1707 4225 1782 4281 ri-

113 4329 254 4369 vam
289 4313 362 4367 de
392 4313 643 4368 Nasseto
687 4330 813 4385 quae
864 4330 899 4369 a
942 4313 1144 4369 Carolo
1194 4315 1441 4386 pissimo
1487 4331 1617 4387 rege
1657 4316 1784 4387 jam

122 4418 236 4474 per
278 4401 587 4474 scriptum,
616 4403 787 4473 juxta
821 4402 966 4459 fines
997 4403 1076 4458 ibi
1117 4403 1479 4475 designatos,
1514 4404 1785 4476 Regiensi

122 4489 396 4546 ecclesiae
446 4491 580 4546 data
632 4507 761 4546 esse
807 4491 1209 4563 dignoscitur;
1243 4496 1299 4547 et
1343 4496 1560 4548 terram
1608 4509 1786 4563 quam

114 4579 295 4635 dedit
317 4577 540 4635 Roland
553 4597 620 4635 us
660 4580 816 4635 filius
840 4580 1123 4643 Eriberti;
1154 4581 1211 4636 in
1238 4580 1521 4637 Mutilena
1540 4586 1791 4653 quatuor

1900 669 2073 735 nello,
2125 675 2179 724 et
2227 668 2511 741 quidquid
2566 671 2722 727 intra
2770 670 3038 729 Italicum
3102 688 3345 745 regnum
3385 672 3543 744 juste

1898 757 2176 829 possidet,
2209 757 2295 812 vel
2331 757 2379 812 si
2413 775 2525 812 non
2550 760 3013 832 possidet,juste
3035 761 3331 833 possidere
3352 761 3541 817 debet.

1897 852 2101 918 Itaque
2131 849 2248 902 tam
2283 864 2370 914 ea,
2405 864 2518 918 pra:
2554 849 2952 919 prardiximus,
2986 866 3165 921 quam
3217 866 3344 922 qum
3376 850 3545 907 devo-

1896 935 2073 1002 tione,
2150 944 2636 1007 quoru'mcunque
2711 937 2973 993 ﬁdelium
3036 939 3200 1009 juste
3258 938 3549 1011 acquisita

1898 1023 2173 1096 deinceps
2207 1024 2459 1092 fuerunt,
2495 1025 2552 1079 in
2585 1031 2951 1097 perpetuum,
2998 1027 3123 1083 sine
3165 1027 3419 1099 alicujus
3448 1027 3543 1082 in-

1898 1112 2261 1183 quietudine,
2293 1117 2358 1169 ut
2398 1115 2702 1186 praefatum
2746 1115 3167 1171 monasterium
3221 1117 3331 1172 sub
3357 1117 3545 1174 tutela

1897 1202 2053 1256 beati
2123 1201 2275 1256 Petri
2328 1202 2741 1274 perpetualiter
2806 1205 3186 1279 suscipimus,
3234 1205 3540 1279 possidere

1895 1290 2213 1362 apostolica
2240 1292 2583 1347 auctoritate
2612 1293 2929 1351 sancimus.

1967 1380 2017 1432 3.
2047 1377 2196 1433 illud
2219 1380 2391 1435 etiam
2426 1381 2497 1435 ob
2528 1382 2904 1438 reverentiam
2936 1383 3121 1439 sancti
3160 1383 3533 1453 confessoris,

1895 1468 2303 1540 praecipueque
2364 1469 2615 1537 Domini,
2681 1471 2950 1541 praesenti
3012 1473 3351 1529 auctoritate
3404 1473 3532 1543 tibi,

1892 1555 2272 1612 dilectissime
2304 1558 2407 1623 fili,
2441 1559 2759 1614 Giselberte
2789 1560 2958 1631 abba,
2991 1562 3226 1633 tuisque
3247 1578 3540 1620 successo—

1893 1644 2076 1715 ribus,
2109 1650 2164 1700 et
2186 1647 2401 1717 quibus
2433 1651 2519 1714 tu,
2550 1647 2640 1701 vel
2662 1663 2837 1718 quem
2865 1649 3181 1720 supradicti
3200 1651 3539 1707 monasterii

1894 1724 2100 1789 frat'res
2114 1735 2424 1805 jusserint,
2449 1736 2507 1790 in
2539 1736 2883 1793 sacerdotali
2910 1738 3100 1795 officio
3138 1740 3370 1811 positis,
3401 1757 3538 1814 apo-

1894 1821 2102 1876 stolico
2147 1822 2446 1895 privilegio
2494 1824 2892 1892 concedimus,
2942 1843 3012 1882 ex
3055 1826 3359 1900 charitate,
3409 1845 3538 1901 qua

1892 1909 2045 1966 Deus
2076 1915 2184 1981 est,
2214 1912 2424 1967 virtute
2454 1913 2640 1967 sancti
2679 1912 2953 1986 Spiritus,
3006 1917 3354 1973 auctoritate
3382 1917 3538 1974 beati

1892 1998 2044 2054 Petri
2076 1998 2354 2055 caelorum
2386 2000 2654 2073 clavigeri
2699 2002 3140 2074 confirmamus,
3190 2010 3257 2061 ut
3299 2006 3534 2079 populis

1891 2104 1994 2159 per
2014 2088 2225 2142 sarcula
2238 2088 2495 2160 undique
2509 2090 2866 2147 sanctissimi
2888 2093 3238 2151 confessoris
3252 2096 3534 2169 suffragia

1890 2176 2207 2247 expetendo
2236 2177 2734 2248 concurrentibus,
2768 2180 2887 2236 sive
2920 2181 3108 2253 ipsius
3145 2187 3336 2256 terras,
3371 2184 3531 2243 inco-

1890 2263 1965 2320 lis
1996 2266 2066 2320 ad
2090 2266 2355 2321 eamdem
2390 2266 2693 2323 ecclesiam
2717 2269 3215 2341 convenientibus,
3257 2274 3329 2330 ad
3350 2274 3533 2332 hono-

1892 2370 2011 2409 rem
2036 2354 2157 2417 Dei,
2183 2360 2237 2409 et
2282 2355 2605 2410 beatissimi
2648 2356 2912 2429 Prosperi
2952 2361 3306 2419 confessoris
3336 2364 3535 2421 devote

1889 2460 2067 2515 super
2097 2443 2280 2514 ipsius
2313 2460 2509 2499 sacras
2538 2443 2839 2516 reliquias,
2870 2446 3163 2505 solemnes
3185 2454 3241 2505 et
3270 2451 3537 2524 publicas

1890 2534 2105 2588 missas
2136 2531 2447 2598 celebrare,
2479 2538 2534 2587 et
2585 2549 2735 2605 pane
2780 2536 2936 2591 verbi
2984 2536 3085 2592 Dei
3134 2555 3232 2595 eos
3278 2556 3537 2614 congrue

1889 2622 2140 2688 reﬁcere,
2177 2626 2230 2675 et
2261 2622 2475 2693 saepius
2515 2623 2918 2695 praenominati
2960 2625 3184 2683 domini
3227 2632 3285 2685 et
3334 2631 3533 2704 magni

1888 2710 2139 2782 patroni,
2186 2710 2457 2765 videlicet
2506 2712 2830 2767 beatissimi
2880 2714 3148 2787 Prosperi
3196 2718 3443 2790 meritis,
3473 2723 3533 2776 et

1887 2804 2085 2854 nostra
2107 2798 2376 2871 praesenti
2398 2800 2743 2855 auctoritate
2766 2802 3041 2873 roborati,
3067 2820 3268 2861 eorum
3293 2807 3531 2865 devotas

1886 2889 2277 2944 confessiones
2306 2888 2713 2960 suscipientes,
2735 2895 3061 2947 vestrarum
3085 2893 3369 2966 ipsarum,
3395 2895 3534 2954 alia-

1886 2994 2134 3048 rumque
2155 2976 2850 3044 orationnm,sermonum
2883 2996 3137 3054 quoque,
3172 2983 3529 3057 vigiliarum,

1879 3067 2240 3137 jejuniorum
2270 3066 2466 3132 etiam,
2489 3070 2546 3121 et
2564 3066 3067 3140 cleemosynarum
3101 3071 3221 3129 illis
3241 3074 3536 3133 submini-

1888 3160 2139 3211 strantes
2157 3154 2494 3226 praesidium
2506 3200 2518 3223 ,
2541 3155 2881 3214 delictorum
2897 3175 3099 3217 eorum
3112 3162 3533 3235 expiandorum

1887 3243 2199 3300 conferatis
2230 3243 2525 3299 solatium.
3539 3314 3543 3321 Δ

1955 3335 2006 3387 4.
2042 3333 2416 3403 Praecipimus
2448 3349 2679 3405 quoque
2711 3351 2781 3389 ne
2821 3337 2953 3407 quis
2984 3339 3248 3408 ejusdem
3281 3341 3530 3400 civitatis

1883 3422 2213 3493 episcopus,
2266 3422 2364 3476 sed
2418 3437 2522 3475 nec
2577 3423 2813 3493 quidem
2873 3424 3086 3496 aliquis
3148 3427 3390 3498 primas,
3435 3430 3526 3485 vel

1883 3509 2391 3581 metropolitanus,
2461 3514 2563 3564 aut
2620 3510 2893 3581 quislibet
2952 3529 3128 3583 parva
3195 3531 3527 3590 magnaque

1882 3597 2272 3653 ecclesiastica
2294 3597 2657 3653 saacularisve
2671 3615 2938 3670 persona,
2976 3602 3300 3675 quidquam
3323 3621 3528 3663 eorum

1884 3705 2010 3761 quae
2043 3703 2223 3758 supra
2268 3687 2591 3743 taxavimus
2640 3694 2966 3760 pervertere
3006 3692 3219 3749 audeat
3266 3696 3368 3751 sed
3423 3713 3529 3753 nec

1886 3777 2144 3848 aliquam
2178 3779 2526 3847 potestatem
2577 3793 2839 3833 exercere
2886 3784 3088 3837 contra
3132 3785 3404 3840 eumdem
3433 3802 3531 3842 ve-

1886 3871 2074 3922 strum
2125 3864 2473 3932 cmnobium,
2528 3883 2717 3937 neque
2777 3870 2983 3939 qnavis
3034 3872 3336 3929 occasione
3384 3874 3531 3930 inibi

1890 3956 2104 4011 missas
2181 3954 2489 4019 celebrare,
2570 3961 2672 4011 aut
2736 3956 3164 4015 ordinationem
3247 3961 3531 4034 aliquam,

1890 4044 2156 4118 quamvis
2221 4044 2652 4116 parvissimam,
2719 4046 2844 4102 sine
2900 4047 3195 4106 voluntate
3225 4051 3454 4109 abbatis
3482 4057 3540 4110 et

1892 4136 2136 4190 fratrum
2205 4150 2393 4205 agere,
2461 4137 2564 4189 aut
2623 4136 3283 4196 excommunicationem
3340 4145 3543 4200 contra

1893 4240 1991 4279 eos
2039 4223 2207 4290 ferre,
2255 4221 2342 4277 vel
2411 4220 2646 4294 aliquod
2696 4224 2980 4292 ofﬁcium,
3030 4231 3132 4283 aut
3180 4228 3541 4301 sepulturam

1896 4316 2262 4369 mortuorum
2314 4312 2560 4367 condere
2618 4314 2832 4368 audeat
2899 4316 2998 4387 qui
3045 4334 3161 4373 non
3210 4317 3334 4374 vult
3378 4324 3543 4375 aeter-

1898 4401 2108 4457 naliter
2136 4400 2401 4455 damnari
2440 4405 2498 4456 et
2528 4406 2807 4473 perpetuo
2828 4404 3200 4461 anathemate
3230 4406 3404 4462 feriri.

1968 4493 2023 4545 5.
2058 4490 2220 4556 Quod
2253 4488 2302 4545 si
2346 4489 2540 4561 aliquo
2589 4507 2851 4561 unquam
2901 4495 3161 4565 tempore
3208 4496 3542 4568 apparuerit

1900 4580 2114 4651 aliquis
2134 4577 2233 4650 qui
2257 4583 2456 4635 contra
2474 4578 2594 4633 haec
2616 4579 2771 4645 velit,
2806 4583 3150 4639 auctoritate
3187 4584 3338 4639 beati
3362 4585 3537 4655 Petri,

131 4684 407 4735 mansos,
442 4684 576 4723 cum
606 4668 911 4741 capella,et
939 4671 1256 4742 quamdam
1288 4674 1508 4743 partem
1531 4671 1751 4727 castelli
1778 4692 1791 4742 ;
1822 4689 1870 4755 Ι)
1902 4674 1968 4724 ut
1990 4667 2392 4741 praadiximus,
2413 4668 2639 4722 irritum
2664 4668 2949 4725 habeatur
2968 4672 3121 4742 quod
3153 4689 3539 4747 praesumpse-

132 4758 196 4813 in
256 4754 506 4811 Albinea
550 4762 800 4829 quatuor
855 4775 1114 4827 mansos,
1148 4764 1205 4815 et
1243 4759 1524 4832 capellam
1572 4761 1794 4817 Sancta:

123 4844 333 4901 Mariae
368 4844 424 4900 in
449 4844 782 4917 Pisignano,
820 4864 954 4903 cum
983 4846 1201 4903 Oliveto
1224 4848 1335 4903 sibi
1370 4849 1669 4919 adjacente
1694 4868 1707 4905 :
1733 4848 1791 4905 in

116 4934 445 5006 Vergnano
476 4934 624 4990 duos
656 4952 914 5003 mansos,
949 4940 1007 4991 et
1036 4940 1163 4992 octo
1193 4953 1433 4994 mansos
1467 4955 1615 5010 quos
1636 4938 1793 4995 dedit

118 5020 372 5078 Ardicio
402 5021 560 5079 filius
592 5024 827 5079 Attonis
858 5023 964 5079 filii
1013 5025 1370 5099 Gandulphi,
1423 5031 1480 5082 et
1508 5027 1792 5099 capellam

119 5109 336 5167 Sancti
368 5110 633 5167 Damiani
666 5112 723 5167 in
770 5112 1032 5182 Medulae,
1086 5131 1261 5186 quam
1317 5115 1475 5170 dedit
1506 5115 1792 5186 Ubertus;

118 5201 368 5255 vineam
418 5217 551 5255 cum
604 5205 827 5273 septem
889 5204 1228 5272 montibus;
1277 5204 1561 5276 capellam
1602 5206 1795 5261 Sancti

118 5287 290 5346 Petri
320 5287 379 5343 in
402 5287 772 5360 Convanello,
792 5308 924 5346 cum
940 5292 1216 5349 omnibus
1240 5293 1362 5348 suis
1384 5292 1791 5364 pertinentiis;

120 5380 183 5433 in
219 5376 508 5449 Spetiano
556 5395 742 5435 unum
799 5396 1114 5450 mansum;
1164 5380 1223 5436 in
1266 5382 1479 5437 Sancto
1529 5382 1796 5439 Floriano

120 5481 368 5535 unum;
403 5483 588 5523 unum
623 5468 681 5523 in
714 5474 915 5525 monte
958 5471 1346 5539 Baranzonis;
1397 5474 1454 5526 et
1500 5472 1795 5543 quandam

120 5560 371 5631 partem
422 5556 480 5611 in
521 5556 743 5630 capella
793 5559 992 5615 Sancti
1042 5559 1274 5615 Martini
1337 5560 1396 5615 in
1460 5563 1696 5628 Revere,
1743 5564 1800 5616 et

125 5645 363 5720 quator
390 5649 586 5718 partes
618 5646 676 5701 in
724 5648 999 5721 praedicta
1048 5649 1297 5718 Revere;
1354 5650 1470 5706 dua
1517 5649 1575 5705 in
1616 5649 1798 5705 eccle-

120 5735 221 5799 sia
269 5735 501 5794 Sanctae
567 5735 783 5808 Marias,
832 5754 1011 5797 unam
1075 5739 1135 5797 in
1180 5739 1394 5798 Sancto
1441 5738 1797 5816 Florentino,

1904 4759 1978 4814 rit
2007 4761 2299 4831 appetere,
2333 4773 2520 4829 neque
2550 4774 2582 4811 a
2624 4761 2680 4813 te
2726 4756 2813 4813 vel
2863 4775 2898 4815 a
2939 4760 3058 4817 tuis
3105 4764 3547 4821 successoribus

1901 4846 2224 4904 obediatur.

1973 4939 2028 4992 6.
2059 4937 2234 4992 Porro
2284 4951 2460 5007 super
2498 4934 2776 4992 electione
2824 4954 2927 4993 seu
2975 4939 3343 4999 ordinatione
3371 4942 3553 5000 abba-

1902 5026 2002 5097 tis,
2024 5025 2175 5097 quod
2204 5026 2453 5079 maxime
2475 5024 2649 5080 saluti
2673 5026 3095 5084 coanobitarum
3120 5031 3417 5105 competit,
3441 5033 3553 5091 hoc

1905 5115 1964 5170 in
1998 5114 2110 5170 ﬁne
2153 5114 2493 5185 repetimus,
2545 5119 2610 5169 ut
2653 5119 2813 5170 tanto
2856 5117 3123 5175 tenacius
3174 5119 3391 5178 haereat
3416 5138 3558 5195 pre-

1906 5204 2164 5261 sentium
2210 5207 2267 5258 et
2316 5203 2643 5258 futurorum
2693 5205 3014 5273 mentibus,
3063 5214 3285 5280 quanto
3330 5225 3433 5282 pro
3462 5210 3556 5266 sui

1907 5292 2143 5365 speciali
2176 5291 2260 5347 vel
2295 5290 2581 5365 singulari
2617 5292 2869 5351 utilitate
2908 5295 3229 5354 incultatur
3272 5297 3555 5354 crebrius.

1911 5382 1968 5438 Si
2028 5382 2162 5454 quis
2218 5398 2375 5453 ergo,
2434 5398 2785 5454 quocunque
2840 5383 3093 5457 ingenio,
3140 5402 3243 5458 per
3294 5384 3555 5457 aliquam

1909 5471 2280 5528 venalitatem
2314 5469 2403 5526 vel
2434 5470 2757 5527 humanam
2787 5476 3034 5545 gratiam
3079 5490 3471 5531 successorem
3503 5475 3557 5531 ei

1908 5559 2214 5632 subrogari
2229 5575 2477 5631 praesum
2488 5560 2798 5632 pserit,aut
2812 5562 2863 5616 al
2871 5562 3161 5634 iterquam
3176 5578 3209 5617 a
3222 5562 3559 5623 beatissimo

1908 5650 2077 5706 Patre
2103 5653 2300 5705 nostro
2322 5648 2633 5706 Benedicto
2657 5650 3037 5707 constitutum
3058 5656 3147 5708 est
3184 5652 3243 5707 in
3281 5652 3561 5712 electione

1908 5737 1997 5801 vel
2028 5737 2391 5799 ordinatione
2423 5738 2654 5798 abbatis
2693 5740 2893 5819 egerit,
2935 5740 3138 5800 electio
3178 5739 3299 5814 illa,
3338 5741 3428 5801 vel
3461 5760 3559 5803 or-
