3916 6358
373 417 494 480 879

1684 411 2078 476 STEPHANI
2120 409 2170 472 Χ
2213 411 2462 474 ΡΑΡᾸΞ.

3706 405 3833 468 880

374 548 620 619 dinatio,
656 549 1000 606 auctoritate
1037 553 1250 607 sanetae
1299 548 1570 604 Romanae
1601 551 1659 602 et
1690 545 2012 618 apostolicae
2043 545 2098 611 Α
2127 563 2278 612 mus,
2303 547 2513 617 quibus
2533 562 2646 600 non
2665 544 2854 600 solum
2871 541 3070 600 omnia
3087 540 3454 610 communia,
3480 540 3602 596 sed
3633 539 3824 596 etiam

377 637 532 693 sedis
563 637 898 695 omnimode
931 639 1216 696 habeatur
1261 636 1449 703 irrita,
1499 639 1556 691 et
1593 640 1860 689 auctores
1891 634 2020 704 ejus

373 723 464 780 vel
492 724 862 792 mediatores,
893 725 1007 782 nisi
1043 724 1414 797 resipuerint,
1455 726 1733 796 perpetuo
1758 721 2018 777 damnati

381 811 502 868 sint
531 813 899 870 anathemate
931 812 1287 869 Maranatha.

449 902 507 958 7.
538 901 684 957 Hinc
731 900 912 971 hujus
963 899 1247 972 privilegii
1314 902 1710 970 transgressor
1777 897 2019 969 quicun-

378 1005 492 1061 que
530 992 746 1046 temere
776 991 997 1044 tentare
1013 988 1470 1060 praesumpserit,
1496 987 1759 1042 districto
1781 986 2019 1041 anathe-

379 1079 536 1132 mate
556 1092 618 1132 se
637 1075 1087 1132 condemnatum
1125 1073 1350 1130 noverit
1371 1073 1483 1129 nisi
1506 1074 1650 1128 forte
1673 1074 2021 1146 resipiscens

376 1165 550 1238 digne
579 1163 944 1220 satisfecerit.

444 1254 498 1308 8.
525 1251 632 1316 Qui
658 1269 790 1308 vero
812 1253 1054 1308 devotus
1081 1255 1452 1307 conservator
1473 1249 1782 1317 exstiterit,
1807 1249 2020 1305 divinis

376 1340 667 1414 repleatur
689 1339 1210 1403 benedictionibus.
1246 1345 1302 1394 et
1323 1339 1606 1412 principis
1628 1338 2020 1410 apostolorum

377 1429 721 1486 auctoritate
752 1429 824 1484 ab
855 1428 1129 1484 omnibus
1167 1427 1511 1484 delictorum
1561 1444 1796 1483 suorum
1829 1426 2020 1482 absol-

373 1522 547 1574 vatur
575 1517 844 1573 nexibus.
874 1519 1075 1572 Amen.

450 1605 745 1678 Scriptum
795 1621 894 1678 per
963 1621 1172 1660 manus
1239 1605 1496 1675 Gregorii
1556 1605 1763 1659 notarii
1811 1609 2023 1658 sancta:

383 1695 658 1750 Romanis
687 1697 746 1749 et
775 1693 1100 1766 apostolica:
1133 1692 1308 1760 sedis,
1341 1693 1397 1748 in
1439 1710 1635 1748 mense
1668 1692 2022 1761 Decembris,

382 1783 700 1838 indictione
731 1799 807 1836 χι.

455 1875 664 1925 Datum
713 1870 771 1924 in
823 1874 1010 1924 castro
1059 1871 1268 1925 Casino
1315 1887 1417 1942 per
1466 1887 1677 1924 manus
1724 1869 2025 1924 IIumberti

385 1962 599 2016 sanctae
633 1958 885 2013 ecclesia:
916 1958 1085 2013 Silsz
1114 1959 1383 2014 Candidas
1415 1959 1693 2030 episcopi,
1735 1963 1790 2014 et
1821 1957 2028 2014 biblio-

379 2047 623 2104 thecarii
657 2050 871 2102 sanctas
903 2047 1176 2102 Romamn
1206 2046 1493 2103 Ecclesiae.

1141 2153 1266 2208 VII.

380 2243 632 2315 Epistula
674 2241 940 2314 Stephani
998 2243 1040 2296 X
1079 2257 1251 2367 papazt
1399 2244 1603 2312 fratres
1655 2242 2027 2297 Cluniacensis

1037 2329 1227 2367 manas
1250 2328 1381 2367 em.

1037 2328 1381 2368 ηιοηαδιενη.

1009 2400 1194 2471 (Anno
1234 2401 1410 2470 1058.)

854 2489 1092 2560 [Bullar.
1139 2487 1418 2556 Cluniae,
1449 2488 1562 2558 45.]

454 2578 777 2633 S'rspnmus
809 2578 1136 2650 episcopus,
1171 2593 1373 2633 servus
1403 2593 1699 2632 servorum
1733 2577 1852 2644 Dei,
1887 2577 2026 2632 dile-

382 2663 662 2722 ctissimis
695 2663 831 2720 ﬁliis
860 2663 1261 2722 Cluniacensis
1305 2664 1640 2721 monasterii
1691 2664 1939 2720 salutem
1973 2669 2028 2720 et

381 2751 764 2827 apostolicam
795 2753 1282 2808 benedictionem.

447 2841 723 2908 Quamvis
737 2857 840 2914 pro
863 2847 1071 2896 nostrae
1091 2842 1248 2896 sedis
1261 2841 1540 2914 dignitate
1553 2842 1828 2898 omnibus
1840 2841 2027 2897 simus

379 2929 698 2997 debitores,
729 2933 927 2984 tamen
959 2928 1267 2999 specialem
1301 2929 1453 2985 circa
1473 2947 1574 2985 vos
1596 2931 1866 2986 affectum
1897 2929 2030 2984 cha-

379 3018 576 3074 ritatis
597 3017 905 3082 habemus,
929 3017 1051 3088 qui,
1081 3017 1190 3073 sub
1217 3017 1559 3073 umbraculo
1581 3023 1791 3074 sanctae
1814 3021 1871 3072 et
1891 3033 2026 3088 apo-

380 3103 603 3160 stolicae
627 3104 786 3161 sedis
807 3105 1003 3178 positi,
1035 3106 1192 3161 unde
1227 3107 1623 3162 defensionem
1656 3105 2029 3178 protectionis

375 3191 678 3248 habuistis
725 3191 986 3248 solamen
1034 3191 1363 3248 orationum
1421 3194 1812 3266 impcndistis.
1863 3195 2026 3258 Quod

2131 650 2312 688 unum
2345 650 2444 689 cor
2472 637 2560 688 est
2587 637 2644 689 et
2672 633 2868 688 anima
2895 648 3034 688 una.
3081 633 3145 687 In
3191 645 3454 703 quorum
3487 633 3671 686 sorte
3702 645 3824 684 non

2131 722 2374 776 inferius
2406 725 2682 778 consetur
2709 721 3092 778 Cluniacense
3121 719 3486 789 ccenobium,
3538 718 3723 792 quod
3755 718 3827 776 ab

2127 809 2254 878 ipso
2271 827 2388 864 suae
2405 809 2762 865 fundationis
2778 809 3098 882 primordio
3110 805 3828 880 hactenusvibratlonge

2129 896 2358 970 lateque
2391 902 2600 953 sanctae
2641 896 3098 953 conversationis
3139 896 3320 967 jubar
3357 895 3824 958 clarissimum,

2132 988 2272 1041 adeo
2313 990 2376 1040 ut
2422 987 2682 1041 faciendo
2733 990 2790 1040 et
2837 985 3104 1040 ducendo
3154 984 3447 1040 exstiterit
3499 989 3566 1040 et
3598 984 3829 1040 existat

2131 1074 2462 1142 Gallicanis,
2505 1073 2888 1141 Germanicis,
2941 1071 3179 1138 Italicis,
3229 1076 3290 1127 et
3336 1071 3522 1144 plane
3575 1073 3826 1128 cunctis

2134 1163 2346 1216 Latina:-
2379 1162 2589 1234 lingua:
2623 1160 2997 1217 monasteriis
3029 1161 3219 1217 forma
3249 1160 3605 1216 sanctitatis
3638 1167 3829 1232 atque

2132 1249 3042 1322 speculum.Tamlaudabiliergo
3055 1249 3394 1305 monasticae
3404 1249 3826 1324 phiIOSOphiaa

2131 1339 2455 1410 gymnasio,
2504 1344 2744 1410 tamque
2775 1339 3055 1394 ordinatae
3103 1337 3249 1394 aciei
3297 1342 3654 1394 castrorum
3705 1355 3825 1394 ca:-

2132 1428 2388 1496 lestium,
2440 1431 2505 1484 ut
2549 1427 2792 1500 dignum
2844 1430 2956 1494 est,
3005 1426 3144 1482 totis
3193 1426 3538 1498 praecordiis
3589 1427 3821 1496 devoti,

2141 1517 2465 1570 secundum
2502 1514 2912 1586 postulationis
2959 1519 3072 1568 tua:
3121 1518 3410 1582 tenorem,
3445 1513 3824 1571 charissime

2135 1604 2242 1673 tili,
2275 1609 2331 1659 et
2363 1605 2512 1658 abba
2539 1604 2726 1675 Hugo,
2759 1603 3106 1658 auctoritate
3133 1607 3477 1658 sanctorum
3512 1603 3828 1676 apostolo-

2133 1709 2264 1748 rum
2295 1692 2442 1747 Petri
2469 1697 2527 1747 et
2573 1691 2757 1761 Pauli,
2812 1707 3061 1763 quorum
3111 1691 3439 1763 patrocinio
3490 1693 3822 1764 praefatum

2134 1782 2516 1838 Cluniacense
2552 1780 2879 1835 coenobium
2913 1778 3206 1844 innititur,
3236 1796 3340 1852 per
3368 1778 3558 1851 hujus
3591 1785 3823 1836 nostra:

2135 1869 2438 1925 decretalis
2461 1869 2684 1940 paginzr,
2707 1867 3038 1924 inviolabile
3071 1869 3272 1934 robur,
3294 1872 3636 1926 statuentes
3673 1886 3822 1925 con-

2139 1961 2443 2014 ﬁrmamus
2487 1958 2587 2011 tibi
2639 1957 3017 2012 Cluniacense
3061 1957 3420 2025 cmnobium,
3491 1963 3553 2014 et
3601 1975 3719 2030 per
3764 1963 3824 2014 te

2137 2049 2360 2104 cunctis
2387 2047 2522 2114 tuis,
2554 2045 2706 2100 sicut
2735 2046 2956 2100 dictum
2978 2050 3088 2115 est,
3111 2046 3562 2102 successoribus
3585 2047 3652 2102 in
3680 2061 3821 2119 per-

2138 2141 2402 2209 petuum,
2434 2139 2641 2190 cuncta
2671 2133 2798 2189 loca
2826 2138 2883 2188 et
2905 2133 3262 2189 monasteria
3283 2133 3394 2206 ipsi
3411 2132 3822 2191 Cluniacensi

2137 2223 2489 2280 monasterio
2530 2224 2664 2294 jure
2728 2222 3101 2294 pertinentia,
3170 2239 3294 2294 qua
3341 2222 3523 2278 etiam
3575 2240 3617 2278 a
3670 2223 3824 2295 qui-

2137 2314 2480 2383 buscumque
2495 2310 2763 2366 fidelibus
2777 2310 3010 2379 Christi,
3027 2311 3285 2383 regibus,
3299 2311 3630 2383 episcopis,
3644 2311 3824 2367 duci-

2138 2401 2268 2468 bus,
2293 2418 2392 2456 scu
2418 2399 2782 2471 principibus
2805 2399 2992 2454 eidem
3024 2398 3151 2454 loco
3183 2402 3323 2455 sunt
3351 2415 3690 2469 concessa;
3725 2399 3822 2455 vel

2137 2490 2209 2545 ab
2223 2488 2692 2544 antecessoribus
2714 2487 2836 2543 tuis
2859 2487 3174 2544 abbatibus
3196 2485 3511 2560 acquisita,
3535 2487 3824 2544 Bernone

2135 2577 2421 2646 videlicet,
2447 2578 2663 2645 Odone,
2700 2577 3010 2649 Eymardo,
3041 2580 3098 2632 et
3141 2576 3322 2632 beatas
3371 2576 3822 2633 recordationis

2135 2666 2340 2722 Maiolo
2369 2671 2426 2721 et
2455 2670 2656 2722 sancto
2687 2665 2950 2731 0dilone,
2981 2669 3102 2720 tam
3153 2665 3213 2720 in
3263 2665 3444 2721 rebus
3477 2663 3820 2721 mobilibus

2138 2771 2313 2827 quam
2345 2755 2520 2810 etiam
2542 2755 2598 2808 in
2623 2752 3028 2809 immobilibus
3047 2769 3294 2825 seseque
3313 2752 3736 2826 moventibus,
3753 2757 3822 2810 ut

2137 2845 2356 2914 absque
2379 2841 2556 2896 ullius
2580 2841 3042 2897 contradictione
3064 2858 3269 2898 secure
3289 2846 3349 2897 et
3368 2841 3627 2914 paciﬁca
3649 2841 3820 2914 quie-

2135 2935 2230 2987 tus
2261 2932 2470 2986 debeas
2501 2949 2567 2984 ea
2595 2929 2912 3000 possidere.
2944 2929 3028 2984 Ex
3055 2929 3274 3002 quibus
3323 2928 3422 2985 hic
3465 2929 3820 2986 nominatis

2135 3019 2250 3074 ista
2288 3017 2708 3088 descripsimus
2733 3033 2744 3070 :

2210 3106 2503 3178 Imprimis
2517 3105 2708 3178 ipsum
2725 3105 3104 3162 Cluniacense
3117 3105 3456 3162 coenobium
3473 3107 3823 3180 apotentis-

2138 3195 2286 3251 simo
2308 3195 2604 3266 quondam
2633 3195 2779 3248 duce
2799 3193 3094 3250 Willelmo
3116 3193 3174 3250 in
3198 3211 3350 3268 pago
3373 3195 3820 3252 Matisconensi

378 3295 616 3353 semper
644 3281 832 3337 facere
852 3281 1098 3345 debetis,
1123 3287 1415 3352 quatenus
1439 3284 1547 3338 sub
1579 3301 1645 3338 ea
1679 3285 1951 3340 crescetis
1972 3289 2028 3338 et
2057 3270 2099 3334 (ἶ
2137 3283 2467 3348 fundatum,
2487 3299 2620 3336 cum
2651 3283 2929 3338 omnibus
2945 3284 3124 3339 rebus
3155 3283 3214 3338 in
3238 3283 3497 3340 circuitu
3534 3284 3744 3357 ipsius
3765 3291 3822 3341 et

379 3368 637 3424 fructum
682 3369 960 3425 reddatis.
1013 3359 1287 3426 Nostrum
1339 3376 1532 3426 autem
1589 3371 2033 3427 dilectissimum
2142 3372 2200 3427 in
2225 3371 2355 3426 aliis
2387 3371 2721 3444 regionibus
2744 3372 2948 3444 positis
2967 3373 3038 3427 ad
3073 3371 3423 3445 ipsumjure
3450 3373 3821 3446 pertinenti-

380 3456 574 3512 ﬁlium
595 3457 940 3514 charitative
961 3458 1265 3514 nobiscum
1291 3477 1478 3532 usque
1496 3461 1563 3514 ad
1589 3461 1873 3532 synodum
1899 3461 2032 3516 reti-
2142 3461 2251 3516 bus
2275 3479 2287 3529 ;
2323 3460 2381 3514 in
2414 3460 2715 3530 comitatu,
2743 3459 3010 3516 videlicet
3039 3460 3485 3531 Matisconensi,
3509 3460 3742 3518 cellam
3763 3463 3821 3516 in

387 3545 648 3602 nuimus.
671 3546 852 3602 Vobis
874 3551 1091 3614 autem,
1116 3547 1269 3603 sicut
1290 3547 1582 3620 imprimis
1607 3548 2032 3615 benediximus,
2142 3549 2356 3605 honore
2379 3548 2564 3604 sancti
2586 3548 2816 3604 Martini
2845 3567 2858 3616 ;
2882 3548 3188 3604 ecclesiam
3213 3566 3449 3622 quoque
3465 3551 3656 3621 juxta
3669 3551 3826 3624 posi-

386 3633 812 3701 benedicimus,
857 3639 916 3691 et
962 3635 1222 3692 viventes
1269 3653 1332 3692 ac
1397 3636 1700 3693 defunctos
1756 3653 1824 3691 ex
1871 3641 2032 3708 parte
2139 3642 2259 3694 tam
2287 3637 2346 3692 in
2376 3637 2594 3692 honore
2617 3636 2804 3692 sancti
2827 3635 3504 3706 Joannis;villasetiam
3531 3639 3825 3695 Cavinias

386 3721 488 3778 Dei
534 3725 594 3778 et
639 3721 790 3778 beati
855 3722 1007 3778 Petri
1055 3723 1335 3794 principis
1383 3724 1777 3795 apostolorum
1838 3725 2029 3781 absol-

383 3826 595 3868 v1mus.

1125 3917 1276 3974 VIII.

380 4004 743 4088 Privilegium
797 4004 1061 4088 Stephani
1086 4007 1155 4088 ,Χ
1195 4021 1358 4088 papae
1403 4024 1520 4088 per,
1545 4009 1685 4088 quod
1705 4010 2021 4088 _e0afirmat

451 4077 654 4150 omnia,
680 4078 1030 4150 monasteria,
1063 4077 1236 4150 ibona,
1272 4077 1415 4149 jure
1471 4087 1522 4134 et
1554 4077 1857 4150 privilegia
1903 4098 2024 4138 mo-

447 4149 685 4203 nasterio
715 4147 1071 4204 Cluniacensi
1098 4151 1261 4203 antea
1274 4147 1560 4206 concessa.

1005 4235 1191 4306 (Anno
1221 4236 1404 4308 1058.)

833 4325 1093 4395 [Bullar.,
1141 4324 1416 4393 Cluniae,
1448 4327 1560 4398 45.]

442 4431 779 4489 S'rspumns
810 4431 1140 4506 episcopus,
1173 4449 1374 4491 servus
1394 4451 1690 4492 servorum
1713 4436 1834 4504 Dei,
1858 4453 2016 4494 reve-

371 4520 728 4578 rendissimo
752 4520 872 4578 filio
894 4521 1120 4578 HUGONI
1146 4522 1342 4579 abbati
1361 4523 1708 4580 venerabilis
1729 4531 2016 4582 monaste-

2139 3743 2271 3781 cum
2303 3725 2582 3781 ecclesia:
2617 3724 3029 3781 Solestriacum
3070 3725 3269 3782 villam
3319 3743 3459 3784 cum
3509 3728 3822 3797 ecclesia;

2138 3815 2458 3871 Escutiolas
2475 3832 2606 3871 cum
2631 3813 2875 3870 ecclesia
2895 3833 2908 3882 ;
2934 3813 3328 3872 Galliniacum
3347 3833 3487 3872 cum
3509 3817 3784 3874 ecclesia
3808 3837 3822 3887 ;

2135 3905 2439 3960 Rutiaeum
2477 3921 2612 3960 cum
2662 3903 2941 3973 ecclesia;
2994 3903 3288 3960 Massiliae
3340 3921 3481 3960 cum
3529 3907 3825 3976 ecclesia,

2132 3992 2590 4059 Clairmannum,
2627 3993 3076 4070 Barjeseranum
3108 3992 3310 4049 villam
3336 4011 3351 4062 ;
3383 3994 3686 4052 Curtilias
3707 3997 3825 4052 vil-

2131 4081 2272 4148 lam,
2302 4080 2770 4147 Petronniaeum,
2791 4082 3169 4154 Arpajacum,
3193 4081 3675 4154 Darboniacum,
3703 4086 3818 4142 Beo

2132 4170 2469 4226 surniacum
2491 4188 2503 4237 ;
2527 4168 2842 4225 Ecclesium
2873 4170 3096 4225 Sanctae
3117 4169 3449 4239 Columbae;
3478 4171 3821 4230 Vitreriam

2131 4257 2581 4332 Burguliensem
2613 4257 2830 4328 villam,
2864 4258 3170 4315 ecclesiam
3207 4259 3404 4315 Sancti
3451 4259 3823 4331 Laurentii;

2127 4352 2396 4403 castrum
2440 4347 2800 4415 Lurdonum,
2835 4345 3228 4416 Blanuscum;
3273 4347 3502 4417 villam,
3559 4352 3826 4406 nomine

2126 4436 2349 4491 Cottam
2381 4453 2396 4501 ;
2433 4435 2853 4490 monasterium
2885 4435 3061 4492 etiam
3100 4435 3255 4508 quod
3304 4441 3557 4492 vocatur
3587 4439 3820 4496 Carus-

2126 4524 2312 4580 Locus
2332 4540 2466 4579 cum
2487 4523 2763 4580 omnibus
2783 4525 2854 4579 ad
2878 4540 2940 4580 se
2962 4524 3426 4596 pertinentibus;
3443 4524 3676 4584 cellam
3707 4529 3820 4584 Re-

371 4609 441 4664 rii
473 4610 628 4682 quod
661 4627 694 4666 a
721 4609 872 4666 valle
899 4610 1179 4667 Cluniaca
1208 4611 1618 4683 agnominatur
1647 4613 2009 4684 Cluniacum,
2041 4632 2088 4697 Β
2121 4613 2394 4686 gniacum
2422 4628 2556 4668 cum
2591 4613 2864 4668 omnibus
2878 4611 2986 4668 sibi
3001 4613 3816 4685 pertinentibus;ecclesiam

366 4697 430 4754 in
449 4697 670 4756 honore
689 4699 993 4756 beatorum
1015 4699 1413 4772 apostolorum
1435 4701 1585 4757 Petri
1607 4706 1664 4758 et
1686 4701 1848 4758 Pauli
1869 4720 2008 4760 con-

371 4792 688 4856 secratum,
711 4787 770 4842 in
791 4788 1070 4845 comitatu
1097 4788 1507 4845 Matisconensi
1538 4790 1738 4861 situm,
1763 4797 1817 4848 et
1839 4809 1941 4865 per
1958 4797 2014 4850 te

365 4874 594 4929 cunctis
615 4875 1050 4932 successoribus
1072 4877 1192 4933 tuis
1214 4877 1522 4934 abbatibus
1545 4879 1685 4935 inibi
1728 4881 2006 4953 regulari-

361 4963 453 5016 ter
480 4963 894 5032 promovendis
924 4963 981 5018 in
1013 4969 1382 5038 perpetuum.

432 5049 518 5104 Ad
549 5048 680 5118 hoc,
705 5050 821 5108 Deo
843 5057 1096 5122 auctore,
1127 5055 1183 5109 in
1210 5055 1445 5127 specula
1469 5061 1679 5112 sanctae
1697 5062 1752 5112 et
1773 5059 2010 5114 univer-

361 5133 771 5194 salisEcclesite
788 5139 1197 5199 eminentiores
1210 5142 1782 5216 conspeculatoribus
1800 5147 2011 5203 nostris

359 5225 760 5296 consistimus,
787 5231 855 5282 ut
875 5229 1050 5285 saluti
1075 5235 1130 5286 et
1152 5231 1338 5302 quieti
1364 5231 1766 5287 universorum
1796 5235 2009 5290 sollici-

357 5313 481 5370 tius
502 5315 901 5389 invigilemus.
927 5317 1086 5381 Quod
1111 5319 1310 5391 utique
1333 5335 1399 5372 ex
1423 5319 1655 5389 speciali
1681 5321 2008 5392 apostolicae

357 5402 518 5459 sedis
547 5403 849 5478 privilegio
888 5406 1102 5478 adepti,
1155 5407 1200 5460 si
1253 5407 1528 5461 omnibus
1573 5407 2008 5481 infatigabiliter

357 5490 692 5560 prospicere
739 5493 1045 5560 debemus,
1099 5492 1282 5548 multo
1331 5495 1518 5564 magis
1567 5495 1684 5551 illis
1716 5513 1863 5568 quos
1893 5500 2005 5555 sub

363 5576 678 5643 apostolica
697 5578 1007 5651 disciplina
1036 5579 1342 5635 arctiorem
1383 5582 1558 5636 vitam
1595 5585 2005 5642 mandatorum

359 5658 486 5727 Dei,
517 5662 588 5717 ad
614 5663 800 5722 instar
815 5666 1122 5738 primitivaa
1167 5666 1457 5740 Ecclesia,
1478 5686 1816 5744 percurrere
1847 5675 2005 5731 novi-

2119 4701 2310 4757 Sancti
2323 4701 2573 4756 Victoris
2587 4717 2721 4756 cum
2737 4702 3012 4757 omnibus
3031 4702 3158 4758 suis
3181 4701 3562 4775 pertinentiis
3587 4723 3602 4774 ;
3624 4708 3820 4764 eccle-

2123 4789 2241 4845 sias
2261 4788 2433 4844 etiam
2448 4793 2504 4844 et
2518 4793 2702 4844 terras
2726 4806 2852 4862 quas
2875 4791 3046 4862 juxta
3069 4789 3234 4846 illam
3257 4795 3419 4859 sunt,
3443 4809 3560 4865 pro
3575 4796 3816 4867 quibus

2122 4879 2261 4934 data
2282 4882 2367 4933 est
2389 4879 2684 4949 quondam
2707 4878 2950 4934 ecclesia
2980 4879 3175 4934 Sancti
3205 4879 3547 4953 Gengulphi
3569 4900 3593 4944 ;
3617 4885 3813 4958 Equi-

2122 4967 2362 5022 randam
2389 4982 2622 5038 quoque
2643 4972 2864 5022 curtem
2887 4983 3020 5023 cum
3044 4967 3292 5024 ecclesia
3310 4967 3519 5025 Sancti
3541 4971 3812 5030 Andreae

2120 5053 2387 5128 apostoli,
2420 5059 2476 5110 et
2505 5071 2636 5110 cum
2660 5054 2789 5110 aliis
2819 5055 3081 5112 ecclesiis
3110 5061 3169 5112 et
3190 5057 3473 5114 omnibus
3514 5061 3662 5119 suis
3694 5080 3810 5137 ap-

2125 5143 2405 5214 pendiciis
2433 5161 2446 5211 ;
2479 5160 2682 5199 omnes
2735 5160 2968 5216 quoque
3017 5143 3294 5202 ecclesias
3323 5149 3382 5201 et
3425 5150 3660 5220 terras,
3699 5168 3811 5208 seu

2119 5233 2394 5305 quicquid
2410 5234 2683 5305 praefatus
2697 5231 2860 5288 locus
2881 5233 3057 5288 habet
3076 5233 3437 5305 injamdicto
3457 5240 3809 5308 comitatu;

2118 5322 2176 5376 in
2199 5321 2474 5376 comitatu
2499 5337 2632 5376 vero
2653 5320 3019 5378 Cabilonensi
3045 5343 3059 5391 ς
3087 5321 3294 5378 cellam
3316 5323 3389 5379 de
3409 5323 3810 5386 Bellomonte

2117 5410 2176 5464 in
2198 5410 2416 5464 honore
2442 5414 2652 5464 sanetae
2675 5409 2770 5465 Dei
2795 5409 3095 5482 genitricis
3115 5411 3311 5468 Mariae
3331 5411 3637 5485 dicatam,
3665 5434 3809 5474 cum

2116 5497 2392 5554 omnibus
2418 5497 2527 5553 sibi
2554 5497 3014 5570 pertinentibus:
3037 5498 3357 5557 .ecclesiam
3405 5485 3677 5577 quoque
3708 5508 3809 5564 de—

2115 5584 2444 5658 Campilcco
2475 5603 2608 5641 cum
2638 5587 2912 5644 omnibus
2941 5587 3066 5644 suis
3099 5589 3472 5662 appendiciis
3500 5609 3519 5661 ;
3555 5602 3808 5655 curtem

2115 5674 2290 5732 etiam
2319 5673 2596 5733 vocabulo
2627 5673 2919 5734 Juliacum
2950 5692 3087 5735 cum
3117 5676 3383 5736 ecclesiis
3413 5684 3478 5738 et
3495 5685 3704 5744 terris
3735 5687 3788 5746 ei
