3916 6364
104 482 209 547 881

1261 477 1668 540 EPISTOLxE
1709 475 1811 537 ET
1854 474 2301 541 PRIVlLEGIA
2316 522 2330 539 .

3367 481 3484 546 882

106 621 229 679 dem
258 619 379 678 loco
410 617 707 692 quondam
739 615 812 674 ab
845 614 1115 690 episcopo
1148 617 1413 677 Manasse
1430 618 1644 686 collati,
1677 622 1734 674 et
1762 608 1817 676 Α
1846 622 2005 678 dedit
2051 639 2184 679 cum
2242 621 2520 680 omnibus
2574 619 2700 680 suis
2752 621 3158 696 pertinentiis:
3212 621 3491 680 comitatu

102 728 294 768 omnes
318 710 594 767 ecclesias
611 713 666 766 et
686 714 873 765 terras
895 726 958 765 ac
980 726 1338 782 quarcunque
1361 710 1733 782 supradictus

100 802 252 858 locus
282 801 698 874 comprobatur
727 799 941 855 habere
974 800 1030 854 in
1054 800 1184 869 jam
1213 801 1365 856 dicto
1411 802 1689 856 comitatu
1717 818 1730 867 ;

98 892 390 948 ecclesiam
406 889 602 947 Sancti
618 888 883 960 Gengulﬁ
900 906 1031 944 cum
1048 889 1171 944 suis
1195 890 1563 961 pertinentiis
1583 908 1595 957 ;
1618 888 1731 944 ccl-

96 981 207 1037 lam
238 986 575 1039 sanctorum
621 984 943 1050 martyrum
988 984 1204 1034 Cosmae
1254 983 1311 1034 et
1358 980 1644 1046 Damiani,
1679 984 1736 1033 et

97 1071 512 1127 monasterium
530 1069 725 1124 Sancti
744 1067 996 1123 Marcelli
1017 1085 1151 1123 cum
1174 1069 1447 1123 omnibus
1468 1068 1593 1125 suis
1612 1084 1738 1139 per-

94 1160 388 1216 tinentiis:
425 1161 483 1215 in
514 1158 852 1230 episcopatu
882 1173 1013 1212 vero
1062 1157 1572 1229 Augustodunensi
1605 1173 1735 1211 mo-

97 1250 413 1305 nasterium
440 1249 498 1303 in
520 1250 711 1303 Aurea
732 1246 911 1311 Valle,
937 1246 1089 1317 quod
1112 1247 1409 1301 Parendus
1431 1246 1645 1302 dicitur
1674 1245 1733 1300 in

93 1342 307 1396 honore
339 1339 526 1395 sancti
554 1338 798 1393 Joannis
832 1337 1101 1409 Baptistae
1132 1341 1564 1404 consecratum;
1614 1336 1734 1391 cel-

90 1428 206 1486 lam
237 1431 407 1485 etiam
440 1427 713 1484 Oiadellis
736 1444 869 1482 cum
892 1427 1166 1482 omnibus
1190 1426 1314 1481 suis
1348 1426 1730 1498 appendiciis,

86 1519 253 1574 villas
284 1521 479 1583 etiam,
513 1517 789 1572 ecclesias
820 1521 877 1570 et
924 1521 1109 1570 terras
1169 1533 1315 1586 quas
1365 1515 1732 1571 Theotardus

85 1607 326 1663 clericus
358 1606 605 1662 contulit
626 1607 752 1676 jam
784 1604 939 1660 dicto
970 1604 1339 1659 Cluniacensi
1374 1604 1656 1659 ccenobio.

155 1697 578 1751 Conﬁrmamus
609 1694 784 1750 etiam
816 1698 871 1748 et
903 1693 1351 1748 corroboramus
1376 1698 1575 1749 nostra
1596 1709 1733 1764 apo-

82 1786 281 1841 stolica
312 1785 657 1840 auctoritate
688 1782 850 1837 illam
881 1782 1345 1837 convenientiam
1379 1799 1555 1852 quam
1600 1781 1737 1836 fecit

90 1876 341 1930 domnus
358 1870 1199 1942 GalteriusAugustodunensis
1224 1870 1485 1926 Ecclesiae
1507 1870 1735 1942 episco-

1843 713 2191 770 Pictaviensi
2219 712 2427 770 cellam
2457 713 2655 769 Sancti
2683 713 2933 769 Joannis
2961 712 3021 769 in
3038 711 3179 769 villa
3198 729 3325 785 quae
3348 713 3492 770 dici-

1844 808 1939 857 tur
1970 803 2253 879 Mongon:
2288 802 2347 857 in
2406 802 2744 873 episcopatu
2794 802 3143 859 Sanctonico
3195 802 3495 859 abbatiam

1844 892 2039 948 Sancti
2068 892 2308 948 Joannis
2325 909 2465 963 qua:
2494 895 2733 947 vocatur
2748 893 2820 947 de
2836 891 3498 964 Engiriaco.‘Abbatiam

1846 983 2020 1037 etiam
2052 981 2496 1037 Malleacensem
2526 981 2902 1037 concedimus
2930 981 3037 1037 tibi
3085 986 3143 1037 et
3174 981 3500 1054 apostolica

1846 1071 2188 1127 auctoritate
2219 1072 2547 1127 firmamus.
2581 1071 2646 1126 In
2676 1069 2910 1127 abbatia
2939 1074 3136 1126 autem
3162 1071 3360 1127 Sancti
3386 1071 3493 1145 Cy-

1845 1160 2056 1233 priani,
2090 1178 2215 1232 quae
2246 1165 2335 1216 est
2365 1160 2629 1225 Pictavis,
2661 1159 3036 1216 concedimus
3065 1159 3169 1215 tibi
3190 1161 3347 1232 quod
3382 1177 3491 1217 an-

1844 1254 2164 1305 tecessores
2194 1248 2281 1304 tui
2314 1248 2392 1303 ibi
2422 1248 2776 1304 habuerunt.

1917 1339 1980 1394 In
2013 1338 2347 1410 episcopatu
2371 1338 2707 1393 Caturcensi
2724 1338 3016 1394 abbatiam
3037 1339 3233 1394 Sancti
3246 1338 3398 1395 Petri
3412 1340 3487 1395 de

1845 1428 2189 1500 Moyssiaco,
2214 1430 2277 1482 ut
2297 1427 2531 1497 quietus
2552 1427 2765 1482 debeas
2790 1427 3105 1498 possidere,
3126 1430 3329 1483 nostra
3346 1444 3484 1500 apo-

1844 1517 2051 1573 stolica
2082 1515 2427 1572 auctoritate
2450 1516 2870 1571 conﬁrmamus
2922 1520 3097 1588 atque
3138 1515 3484 1573 laudamus:

1843 1607 1901 1661 in
1924 1606 2264 1678 episcopatu
2287 1605 2612 1661 Vivariensi
2634 1603 2840 1660 cellam
2864 1605 3344 1673 Mizoscum,cum
3364 1621 3489 1662 om-

1847 1695 2020 1751 nibus
2031 1712 2159 1767 quae
2172 1694 2251 1749 ibi
2266 1694 2560 1766 aspiciunt
2584 1713 2597 1761 ;
2622 1693 2831 1749 cellam
2844 1695 2913 1750 de
2927 1694 3237 1766 Rumpono
3259 1699 3486 1765 monte;

1844 1783 2049 1839 cellam
2082 1784 2153 1839 ad
2183 1783 2392 1847 fontes,
2415 1787 2473 1838 et
2488 1782 2691 1838 cellam
2717 1783 2905 1849 Riom,
2925 1784 3492 1856 cumomnibusquaa

1844 1872 2056 1929 habere
2086 1871 2316 1927 videtur
2346 1872 2717 1943 supradictus
2750 1871 2912 1927 locus
2939 1870 3256 1929 Cluniacus
3279 1873 3337 1928 in
3360 1873 3489 1944 jam

80 1982 195 2036 pus
209 1964 276 2017 de
295 1961 838 2031 monasterio,quod
856 1959 1550 2029 diciturMagabrense,ad
1566 1976 1734 2015 suam
1767 1982 1811 2046 Β
1845 1961 1999 2017 dicto
2030 1961 2307 2017 comitatu
2338 1959 2426 2015 vel
2457 1960 2833 2032 episcopatu:
2886 1960 2945 2015 in
2995 1960 3335 2034 episcopatu
3366 1961 3491 2018 Uti-

78 2051 383 2109 ecclesiam
416 2049 902 2121 pertinente,cum
934 2047 1206 2103 omnibus
1224 2050 1298 2103 ad
1332 2048 1524 2120 ipsum
1559 2048 1731 2118 perti-

81 2141 380 2202 nentibus,
414 2154 735 2209 omnesque
766 2137 1041 2193 ecclesias
1071 2142 1127 2192 et
1157 2143 1340 2193 terras
1374 2142 1430 2192 et
1460 2154 1728 2208 quaecun-

80 2248 198 2304 que
228 2229 600 2300 supradictus
634 2227 796 2281 locus
827 2226 1141 2282 Cluniacus
1168 2227 1400 2282 videtur
1428 2226 1640 2282 habere
1670 2225 1727 2281 in

70 2322 203 2392 jam
234 2319 385 2373 dicto
418 2316 756 2388 episcopatu
784 2334 795 2369 :
833 2315 890 2369 in
922 2316 1209 2370 territorio
1240 2333 1371 2371 vero
1398 2314 1727 2370 Divionensi

76 2412 305 2465 curtem
338 2406 681 2470 Giuracum,
713 2420 845 2459 cum
878 2404 1150 2459 omnibus
1174 2406 1297 2459 suis
1322 2403 1723 2476 pertinentiis:

76 2499 143 2553 in
174 2495 451 2552 comitatu
485 2510 716 2564 quoque
748 2492 1243 2548 Antissiodorensi
1274 2493 1480 2548 cellam
1534 2492 1593 2548 in
1620 2493 1723 2549 ho-

73 2603 218 2643 nore
245 2588 453 2640 sancta),
475 2583 574 2637 Dei
600 2582 905 2636 Genitricis
931 2587 1325 2637 consecratam
1354 2583 1412 2638 in
1435 2583 1724 2638 Dunziaco

72 2680 303 2732 castro:
339 2673 397 2727 in
447 2670 729 2727 comitatu
779 2687 1011 2742 quoque
1056 2671 1428 2740 Arvernensi,
1458 2670 1722 2726 Silvinia-

72 2780 214 2820 cum
244 2760 688 2826 monasterium,
722 2760 820 2814 ubi
850 2765 1088 2814 sanctus
1120 2760 1367 2831 Majolus
1400 2764 1454 2815 et
1486 2765 1723 2817 sanctus

69 2852 244 2909 Odilo
269 2850 659 2921 requiescunt,
684 2864 817 2903 cum
841 2848 1115 2903 omnibus
1138 2850 1208 2903 ad
1234 2849 1503 2903 eumdem
1528 2848 1720 2904 locum

72 2939 525 3016 pertinentibus,
560 2943 615 2991 et
635 2935 839 2991 cellam
864 2954 989 3007 quae
1012 2941 1251 2991 vocatur
1276 2937 1566 3001 Firmitas,
1589 2954 1722 2992 cum

70 3028 351 3087 omnibus
382 3027 449 3081 ad
487 3042 547 3081 se
581 3024 1047 3096 pertinentibus;
1082 3024 1286 3079 cellam
1320 3042 1446 3095 quae
1484 3030 1725 3080 vocatur

66 3099 375 3174 Scuriolas
396 3132 409 3181 ;
434 3113 735 3169 ecclesiam
759 3112 933 3167 etiam
956 3111 1013 3166 in
1041 3112 1260 3168 honore
1281 3113 1467 3168 sancti
1490 3112 1724 3185 Sulpitii

65 3207 331 3263 dicatam
362 3202 421 3259 in
453 3201 588 3256 villa
609 3218 736 3273 quae
760 3200 974 3255 dicitur
996 3201 1339 3273 Langiacus,
1366 3206 1421 3257 et
1449 3200 1722 3257 cellulam

66 3311 205 3367 quae
233 3295 472 3347 vocatur
502 3290 573 3343 ad
605 3291 831 3343 Boscum
857 3289 914 3342 in
947 3288 1165 3344 honore
1192 3290 1375 3344 sancti
1405 3290 1556 3345 Petri
1583 3306 1718 3345 con-

1843 2050 2001 2105 censi
2035 2049 2455 2105 monasterium
2487 2049 2546 2103 in
2577 2049 2794 2105 honore
2826 2049 3011 2105 sancti
3043 2049 3193 2105 Petri
3215 2053 3273 2106 et
3298 2052 3486 2107 sancti

1840 2139 2139 2195 Saturnini
2173 2138 2501 2193 dedicatum
2552 2154 2729 2209 super
2775 2138 2962 2210 ripam
3012 2138 3235 2195 Rodani
3276 2139 3484 2208 situm,

1839 2244 1971 2283 cum
2006 2232 2195 2283 castro
2226 2225 2555 2282 coloncellis
2587 2230 2643 2282 et
2670 2231 2833 2282 curto
2862 2226 3114 2293 Tulleta,
3137 2244 3271 2283 cum
3292 2229 3486 2284 omni-

1838 2318 1948 2372 bus
1980 2317 2050 2372 ad
2086 2333 2147 2371 se
2177 2315 2604 2387 pertinentibus
2631 2331 2702 2371 ex
2732 2319 2982 2387 utraque
2999 2319 3161 2388 parte
3182 2316 3482 2374 ﬂuminis:

1837 2406 1896 2461 in
1929 2405 2273 2461 Trecassino
2303 2404 2642 2476 episcopatu
2684 2403 2890 2460 cellam
2937 2405 2997 2459 in
3046 2404 3268 2460 honore
3297 2407 3487 2462 sancti

1836 2500 1878 2549 A
1889 2512 2020 2549 man
2030 2493 2089 2548 di
2109 2497 2507 2549 consecratam
2527 2509 2539 2547 :
2556 2492 2615 2547 in
2628 2492 2967 2565 episcopatu
2982 2493 3262 2550 Arausico
3277 2494 3487 2552 cellam

1835 2583 1895 2638 in
1929 2583 2107 2638 Podio
2136 2582 2425 2648 Odoieno;
2461 2582 2882 2637 monasterium
2930 2582 2989 2637 in
3039 2581 3261 2639 honore
3298 2585 3487 2640 sancti

1834 2672 2205 2728 Pantaleonis
2236 2674 2653 2740 constructum,
2690 2687 2824 2726 cum
2855 2670 3129 2727 omnibus
3183 2672 3253 2727 ad
3284 2672 3483 2745 ipsum

1833 2760 2309 2832 pertinentibus:
2361 2759 2420 2813 in
2479 2758 2832 2829 Vapincensi
2883 2758 3224 2831 episcopatu
3272 2760 3481 2817 cellam

1831 2849 1891 2904 in
1923 2850 2142 2904 honore
2176 2847 2361 2902 sancti
2393 2847 2637 2903 Andreaa
2669 2851 3089 2913 constructam,
3140 2849 3267 2919 jam
3324 2848 3480 2906 dicto

1832 2936 2196 2993 Cluniacensi
2229 2935 2489 2990 ccenobio
2520 2951 2859 2990 concessam
2891 2952 2926 2990 a
2955 2935 3221 3007 Rigaudo
3251 2935 3484 3004 clerico,

1833 3043 1969 3081 cum
2029 3024 2301 3080 omnibus
2369 3024 2493 3079 suis
2562 3022 2975 3096 appendiciis;
3044 3023 3490 3098 Ganagobiense

1836 3131 2070 3186 quoque
2126 3112 2633 3183 monasteriolum,
2691 3116 2749 3168 et
2804 3116 3028 3169 curtem
3073 3112 3486 3184 Valentiolam,

1834 3208 1891 3260 et
1948 3203 2147 3259 omnia
2203 3219 2328 3274 quae
2388 3201 2621 3257 videtur
2675 3201 2891 3257 habere
2919 3201 3294 3274 supradictus
3321 3202 3486 3260 locus

1833 3292 2171 3356 Cluniacus,
2222 3296 2278 3346 et
2325 3291 2395 3346 de
2444 3290 2661 3362 quibus
2693 3290 2869 3346 rebus
2900 3289 3075 3346 habet
3102 3290 3478 3348 donationem

61 3351 359 3440 s‘ecratam
386 3397 397 3434 :
431 3383 653 3433 curtem
685 3378 861 3432 etiam
911 3393 1091 3447 quam
1141 3381 1348 3431 vocant
1396 3378 1454 3431 in
1486 3376 1717 3447 Frigida
1831 3386 1889 3438 et
1919 3351 2369 3451 descriptionem
2401 3351 2574 3450 atcue
2600 3380 2670 3434 de
2700 3377 2838 3434 villa
2865 3381 2922 3433 et
2937 3382 3128 3434 castro
3156 3378 3470 3451 Sarrianis,

56 3475 261 3528 Monte
290 3487 303 3536 ;
338 3466 760 3522 monasterium
792 3481 1022 3537 quoque
1072 3466 1229 3536 quod
1281 3465 1501 3520 dicitur
1532 3465 1709 3532 Rivis,

60 3561 479 3618 consecratum
519 3556 576 3609 in
605 3555 822 3610 honore
852 3558 1062 3609 sancta:
1093 3555 1194 3608 Dei
1243 3552 1549 3609 Genitricis
1578 3570 1712 3609 cum

60 3652 234 3707 curte
265 3645 561 3711 Lussiaco,
588 3660 719 3699 cum
744 3643 1018 3698 omnibus
1041 3643 1164 3698 suis
1185 3643 1545 3714 appendiciis
1570 3660 1582 3709 ;
1618 3658 1713 3697 ec-

62 3737 312 3796 clesiam
343 3752 471 3805 qua;
497 3737 735 3787 vocatur
755 3733 1115 3803 Marengum,
1144 3748 1277 3786 cum
1301 3731 1409 3787 alis
1434 3732 1603 3787 terris
1634 3732 1716 3786 ei-

63 3830 210 3885 dem
240 3822 593 3881 monasterio
624 3824 696 3876 ab
722 3822 1025 3892 Eustorgio
1058 3820 1424 3876 nobilissimo
1443 3821 1564 3877 viro
1597 3825 1713 3876 tra-

66 3916 257 3981 ditis;
309 3911 579 3969 cellulam
629 3910 805 3967 etiam
844 3910 1013 3979 juxta
1066 3910 1335 3981 positam,
1397 3910 1454 3964 in
1504 3911 1721 3966 honore

67 4007 297 4063 sanctas
330 4000 429 4056 Dei
470 3998 778 4056 Genitricis
834 4002 1141 4063 sacratam,
1202 4015 1327 4068 qua:
1385 4004 1622 4054 vocatur
1651 3999 1721 4054 ad

70 4096 315 4150 montes
347 4106 361 4158 ;
394 4087 815 4144 monasterium
873 4090 1070 4141 autem
1127 4085 1559 4143 Celsinianense
1590 4104 1724 4142 cum

72 4180 271 4246 cellis,
334 4176 616 4242 ecclesiis,
672 4175 844 4242 villis,
906 4174 1075 4229 terris
1133 4176 1476 4231 Caruiacum
1526 4176 1729 4231 videli—

70 4276 191 4337 cet,
228 4265 700 4335 Burnunculum,
732 4264 1140 4329 Abolniacum,
1192 4264 1563 4332 Cinniacum,
1596 4266 1730 4321 Car-

70 4362 392 4427 donetum,
423 4360 641 4411 etcum
689 4354 964 4409 omnibus
1024 4352 1288 4409 ecclesiis
1346 4359 1402 4409 et
1460 4354 1630 4410 terris
1662 4356 1732 4410 ad

66 4452 288 4524 ipsum
319 4442 739 4501 monasterium
774 4442 1234 4514 pertinentibus;
1269 4442 1473 4498 cellam
1501 4460 1736 4515 quoque

69 4537 187 4597 ubi
213 4532 532 4605 requiescit
554 4536 791 4587 sanctus
817 4530 1042 4597 Florus,
1060 4547 1237 4602 quam
1262 4531 1501 4586 tradidit
1530 4549 1737 4604 supra-

68 4630 249 4686 dicto
275 4623 399 4679 loco
421 4620 761 4692 Eustorgius
778 4618 1043 4684 clericus,
1066 4636 1197 4674 cum
1220 4620 1491 4675 omnibus
1514 4621 1585 4675 ad
1608 4638 1737 4676 eam

1820 3474 1878 3526 et
1925 3470 1997 3523 de
2052 3467 2327 3524 omnibus
2374 3483 2501 3537 quae
2548 3466 2720 3521 habet
2759 3465 2821 3521 in
2853 3465 3042 3538 patria
3072 3483 3200 3538 qua
3228 3471 3470 3525 vocatur

1820 3554 2120 3613 Provincia
2144 3572 2156 3609 :
2191 3554 2249 3608 in
2280 3552 2677 3609 Valentinensi
2700 3552 3037 3626 episcopatu
3060 3554 3216 3626 quod
3238 3555 3467 3612 videtur

1821 3646 2035 3701 habere
2061 3642 2451 3699 cluniacensis
2482 3642 2642 3698 locus
2664 3642 2724 3697 in
2744 3641 2881 3698 villa
2906 3659 3034 3714 qua:
3066 3642 3283 3700 dicitur
3306 3644 3464 3714 Ales,

1823 3738 1880 3791 et
1908 3733 1968 3788 in
1998 3735 2195 3787 monte
2215 3730 2351 3787 Sion
2374 3731 2799 3787 monasterium
2819 3730 3013 3787 Sancti
3036 3731 3293 3788 Marcelli
3313 3735 3471 3806 quod

1828 3821 2041 3878 dicitur
2053 3821 2124 3876 ad
2148 3818 2459 3886 Salcetum,
2485 3836 2620 3876 cum
2638 3819 2912 3877 omnibus
2933 3821 3058 3878 suis
3078 3820 3467 3894 pertinentiis,

1829 3916 1886 3969 et
1940 3908 2138 3966 omnia
2192 3925 2318 3980 qua:
2373 3908 2604 3964 videtur
2658 3908 2872 3966 habere
2924 3909 3051 3982 ipse
3083 3908 3246 3969 locus
3275 3909 3334 3967 in
3367 3911 3469 3970 illo

1832 4001 2167 4073 episcopatu
2199 4013 2213 4052 :
2248 3997 2305 4051 in
2339 3997 2675 4069 episcopatu
2706 3997 3022 4055 Viennensi
3052 4000 3475 4059 monasterium

1835 4089 1991 4162 quod
2019 4091 2258 4142 vocatur
2284 4085 2728 4153 Taderniacum,
2764 4102 2898 4142 cum
2931 4087 3076 4145 cella
3104 4106 3230 4162 quae
3260 4091 3478 4148 dicitur

1836 4174 2123 4244 Causella,
2155 4179 2211 4230 et
2238 4173 2381 4260 villa
2405 4191 2530 4246 qua
2554 4179 2793 4230 vocatur
2820 4176 3079 4245 Brocost,
3110 4182 3167 4235 et
3184 4178 3325 4235 villa
3352 4198 3480 4253 qum

1841 4263 2264 4322 diciturlnsula
2287 4281 2300 4331 ;
2324 4262 2527 4318 cellam
2550 4263 2725 4319 etiam
2740 4264 2797 4320 in
2818 4269 3009 4322 castro
3023 4266 3332 4338 Candiaco,
3348 4287 3484 4328 cum

1842 4353 2117 4410 omnibus
2149 4351 2428 4417 ecclesiis,
2459 4350 2636 4418 villis,
2664 4357 2722 4408 ct
2749 4354 2941 4423 terris,
2976 4372 3103 4428 qua
3126 4356 3354 4415 videtur
3380 4358 3487 4415 ha-

1844 4445 1978 4498 bere
2002 4442 2127 4513 jam
2158 4441 2348 4495 dictus
2380 4439 2540 4495 locus
2571 4440 2631 4495 in
2658 4440 2785 4512 ipso
2815 4443 3193 4515 episcopatu:
3227 4446 3286 4502 in
3331 4446 3485 4519 epis-

1845 4536 2054 4604 cOpatu
2088 4528 2459 4602 Lugdunensi
2486 4531 2906 4586 monasterium
2932 4532 3085 4603 quod
3102 4537 3486 4592 vocaturAm-

1848 4622 2012 4676 berta
2040 4638 2053 4686 ;
2087 4618 2288 4673 cellam
2318 4618 2493 4672 etiam
2517 4634 2647 4689 quae
2677 4619 2892 4674 dicitur
2921 4619 3204 4678 Saluzatis
3230 4641 3244 4691 ;
3281 4622 3486 4680 cellam

71 4710 527 4791 pertinentibus
558 4708 929 4777 -,mansiones
950 4707 1259 4779 quoqucin
1281 4707 1740 4765 Brivatensivico
1771 4720 1818 4786 ι)
1848 4708 2187 4775 Polliacum,
2222 4706 2492 4762 cellulam
2537 4707 2963 4777 Arthedunum,
3014 4709 3220 4767 cellam
3256 4728 3492 4785 quoque

70 4811 138 4865 et
172 4799 608 4858 monasterium
637 4798 814 4853 etiam
833 4797 986 4868 quod
1009 4795 1221 4851 dicitur
1240 4796 1425 4862 Volta,
1444 4796 1502 4851 in
1519 4798 1737 4853 honore

73 4897 326 4953 Sanctae
367 4888 567 4944 Crucis
625 4890 1049 4952 consecratum,
1111 4885 1263 4940 sicut
1311 4890 1550 4941 sanctus
1579 4885 1745 4942 Odilo

74 4982 493 5059 predecessor
520 4981 659 5031 tuus
690 4975 748 5029 in
772 4975 986 5047 praedio
1009 4980 1316 5046 parentum
1343 4992 1584 5029 suorum
1608 4992 1746 5030 con-

74 5070 333 5136 struxit,
359 5084 493 5123 cum
511 5064 783 5121 omnibus
796 5064 920 5119 suis
938 5064 1329 5134 pertinentiis;
1352 5063 1555 5118 cellam
1572 5065 1746 5120 etiam

74 5159 425 5221 Relliacum
456 5158 831 5211 cumcurteet
852 5153 1123 5207 omnibus
1147 5153 1216 5206 ad
1250 5168 1378 5206 eam
1410 5154 1747 5223 pertinenti-

76 5256 208 5308 bus
235 5266 252 5316 ;
281 5244 487 5302 cellam
506 5243 677 5297 etiam
700 5241 755 5295 in
783 5241 1001 5295 honore
1021 5246 1231 5295 sanctae
1264 5240 1520 5294 Martinze
1549 5257 1749 5296 conse-

75 5341 353 5402 cratam,
386 5349 512 5404 qua:
542 5334 780 5386 vocatur
818 5329 902 5384 Ad
953 5329 1191 5383 Pontem
1219 5346 1232 5396 ;
1284 5344 1485 5383 omnes
1519 5345 1753 5400 quoque

78 5424 385 5487 ecclesias
416 5426 475 5477 et
504 5424 709 5485 terras,
744 5422 802 5474 et
848 5434 1210 5489 quaecunque
1260 5418 1486 5472 videtur
1515 5417 1753 5473 Clunia-

78 5533 203 5574 cus
238 5510 545 5587 possidere
574 5509 635 5563 in
657 5508 783 5578 jam
816 5506 970 5561 dicto
993 5504 1269 5572 comitatu
1294 5522 1306 5560 :
1334 5505 1392 5560 in
1411 5505 1753 5576 episcopatu

77 5606 286 5666 etiam
317 5595 650 5657 Niversensi
680 5595 906 5663 cellam,
941 5612 1067 5667 quae
1101 5600 1339 5649 vocatur
1357 5593 1543 5652 sancti
1578 5594 1754 5649 Reve-

70 5690 280 5771 giani,
331 5703 467 5745 cum
524 5684 798 5742 omnibus
853 5685 976 5740 suis
1017 5682 1421 5755 pertinentiis;
1454 5682 1755 5738 ecclesiam

74 5785 286 5845 etiam
318 5793 449 5852 quas
479 5775 693 5833 dicitur
714 5774 1121 5846 Luperciacus,
1156 5789 1333 5844 quam
1366 5772 1755 5829 Frotmundus

1849 4797 2214 4853 Saviniacum
2272 4799 2328 4850 et
2385 4800 2608 4851 curtem
2677 4797 3126 4868 Ambariacum;
3183 4800 3492 4858 ecclesiam

1853 4887 2047 4944 Sancti
2075 4885 2344 4941 Andreoli
2382 4904 2393 4951 ;
2422 4885 2725 4941 ecclesiam
2757 4904 2884 4959 qua:
2912 4893 3154 4945 vocatur
3184 4892 3255 4947 ad
3287 4892 3499 4949 Orato-

1856 4978 2047 5043 rium;
2080 4980 2302 5030 curtem
2333 4974 2404 5029 de
2452 4974 2765 5043 Romanis;
2816 4975 3022 5032 cellam
3079 4979 3501 5051 Cavariacum;

1857 5063 2147 5122 cellullam
2166 5062 2502 5118 Luiniacum
2520 5062 2746 5131 ;villam
2759 5066 3105 5123 Tusciacum
3122 5085 3136 5137 ;
3151 5085 3358 5126 omnes
3369 5087 3511 5143 quo-

1860 5172 1971 5226 que
1999 5152 2165 5209 villas
2198 5155 2253 5207 et
2282 5155 2467 5207 terras
2498 5169 2644 5223 quas
2667 5152 3016 5213 Wichardus
3038 5158 3297 5216 moriens
3317 5159 3507 5216 eidem

1860 5243 1985 5299 loco
2017 5241 2380 5296 Cluniacensi
2399 5240 2663 5309 contulit,
2681 5258 2815 5298 cum
2832 5245 3110 5302 omnibus
3127 5264 3254 5319 qua
3281 5248 3508 5303 videtur

1861 5331 2075 5387 habere
2102 5329 2474 5401 supradictus
2506 5329 2669 5386 locus
2700 5331 2757 5385 in
2783 5332 2910 5402 jam
2942 5334 3097 5390 dicto
3126 5335 3460 5407 episcopatu
3486 5352 3501 5403 ;

1864 5419 2067 5475 cellam
2102 5419 2277 5473 etiam
2300 5435 2426 5489 qua:
2449 5424 2687 5473 vocatur
2706 5419 2987 5493 Burgum,
3011 5439 3185 5493 quam
3204 5422 3506 5479 Ancedeus

1865 5524 2060 5564 comes
2091 5507 2207 5563 Deo
2238 5512 2295 5562 et
2322 5511 2528 5562 Sancto
2562 5512 2728 5563 Petro
2760 5509 2919 5565 dedit
2942 5509 3219 5566 fratribus
3265 5510 3418 5580 ejus,
3449 5515 3509 5568 et

1866 5594 2195 5651 faventibus
2212 5593 2544 5649 Burchardo
2562 5594 2825 5650 videlicet
2852 5600 3026 5666 atque
3048 5595 3274 5663 Odone;
3300 5594 3509 5653 cellam

1865 5685 2041 5738 etiam
2070 5684 2129 5737 in
2162 5683 2380 5738 honore
2408 5682 2591 5738 sancti
2625 5682 2847 5755 Georgii
2879 5687 3301 5751 consecratam,
3335 5695 3393 5740 et
3435 5685 3509 5741 ab

1866 5773 2119 5828 Ainardo
2156 5774 2282 5842 jam
2331 5771 2482 5827 dicto
2527 5770 2649 5826 loco
2699 5769 3068 5828 Cluniacensi
3126 5771 3344 5844 datam,
3377 5788 3502 5845 qua:
