  <div class='ocr_page' id='page_1' title='image "/cluster/home/n/w/nwhite01/storage/ocr_20150623/142-143/uc1.31175018423130/1181.png"; bbox 0 0 3916 6374; ppageno 0'>
   <div class='ocr_carea' id='block_1_1' title="bbox 450 420 3810 489">
    <p class='ocr_par' dir='ltr' id='par_1_1' title="bbox 450 420 3810 489">
     <span class='ocr_line' id='line_1_1' title="bbox 450 420 3810 489; baseline 0 -3"><span class='ocrx_word' id='word_1_1' title='bbox 450 420 568 487; x_wconf 86' lang='grc'>883</span> <span class='ocrx_word' id='word_1_2' title='bbox 1205 425 1598 489; x_wconf 75' lang='lat' dir='ltr'>STEPHANI</span> <span class='ocrx_word' id='word_1_3' title='bbox 1642 426 1691 486; x_wconf 89' lang='grc' dir='ltr'>Χ</span> <span class='ocrx_word' id='word_1_4' title='bbox 1736 425 1964 488; x_wconf 71' lang='lat' dir='ltr'>PAP/E</span> <span class='ocrx_word' id='word_1_5' title='bbox 2007 422 2411 487; x_wconf 66' lang='lat' dir='ltr'>EPISTULA!</span> <span class='ocrx_word' id='word_1_6' title='bbox 2450 421 2552 488; x_wconf 87' lang='lat' dir='ltr'>ET</span> <span class='ocrx_word' id='word_1_7' title='bbox 2593 421 3074 489; x_wconf 73' lang='lat' dir='ltr'>PRIVILEGIA.</span> <span class='ocrx_word' id='word_1_8' title='bbox 3719 420 3810 486; x_wconf 69' lang='lat'>884</span> 
     </span>
    </p>
   </div>
   <div class='ocr_carea' id='block_1_2' title="bbox 451 554 3810 632">
    <p class='ocr_par' dir='ltr' id='par_1_2' title="bbox 451 554 3810 632">
     <span class='ocr_line' id='line_1_2' title="bbox 451 554 3810 632; baseline -0.001 -17"><span class='ocrx_word' id='word_1_9' title='bbox 451 556 626 615; x_wconf 89' lang='lat' dir='ltr'>etiam</span> <span class='ocrx_word' id='word_1_10' title='bbox 668 559 758 614; x_wconf 89' lang='lat' dir='ltr'>est</span> <span class='ocrx_word' id='word_1_11' title='bbox 796 556 968 630; x_wconf 82' lang='lat' dir='ltr'>juxta</span> <span class='ocrx_word' id='word_1_12' title='bbox 997 562 1254 616; x_wconf 90' lang='lat' dir='ltr'>castrum</span> <span class='ocrx_word' id='word_1_13' title='bbox 1310 561 1462 631; x_wconf 90' lang='lat' dir='ltr'>quod</span> <span class='ocrx_word' id='word_1_14' title='bbox 1515 563 1752 614; x_wconf 78' lang='lat' dir='ltr'>vocatur</span> <span class='ocrx_word' id='word_1_15' title='bbox 1773 559 2067 626; x_wconf 90' lang='lat' dir='ltr'>Domena;</span> <span class='ocrx_word' id='word_1_16' title='bbox 2103 554 2148 624; x_wconf 81' lang='grc' dir='ltr'><strong>Λ</strong></span> <span class='ocrx_word' id='word_1_17' title='bbox 2189 558 2520 615; x_wconf 87' lang='lat' dir='ltr'>cessoribus</span> <span class='ocrx_word' id='word_1_18' title='bbox 2553 555 3810 632; x_wconf 83' lang='lat' dir='ltr'>placuerit.Abbatesquoquedeipsacongre.</span> 
     </span>
    </p>
   </div>
   <div class='ocr_carea' id='block_1_3' title="bbox 453 647 3806 720">
    <p class='ocr_par' dir='ltr' id='par_1_3' title="bbox 453 647 3806 720">
     <span class='ocr_line' id='line_1_3' title="bbox 453 647 3806 720; baseline 0 -16"><span class='ocrx_word' id='word_1_19' title='bbox 453 647 659 704; x_wconf 90' lang='lat' dir='ltr'>cellam</span> <span class='ocrx_word' id='word_1_20' title='bbox 691 647 868 704; x_wconf 89' lang='lat' dir='ltr'>etiam</span> <span class='ocrx_word' id='word_1_21' title='bbox 902 665 1026 720; x_wconf 60' lang='lat' dir='ltr'>quae</span> <span class='ocrx_word' id='word_1_22' title='bbox 1060 653 1296 704; x_wconf 80' lang='lat' dir='ltr'>vocatur</span> <span class='ocrx_word' id='word_1_23' title='bbox 1324 649 1549 716; x_wconf 81' lang='lat' dir='ltr'>Portus,</span> <span class='ocrx_word' id='word_1_24' title='bbox 1573 649 1631 703; x_wconf 90' lang='lat' dir='ltr'>in</span> <span class='ocrx_word' id='word_1_25' title='bbox 1660 647 1876 704; x_wconf 85' lang='lat' dir='ltr'>honore</span> <span class='ocrx_word' id='word_1_26' title='bbox 1899 648 2083 704; x_wconf 89' lang='lat' dir='ltr'>sancti</span> <span class='ocrx_word' id='word_1_27' title='bbox 2191 647 2423 720; x_wconf 89' lang='lat' dir='ltr'>gatione</span> <span class='ocrx_word' id='word_1_28' title='bbox 2453 665 2584 703; x_wconf 89' lang='lat' dir='ltr'>cum</span> <span class='ocrx_word' id='word_1_29' title='bbox 2617 647 2856 704; x_wconf 87' lang='lat' dir='ltr'>consilio</span> <span class='ocrx_word' id='word_1_30' title='bbox 2889 648 3136 704; x_wconf 76' lang='lat' dir='ltr'>fratrum</span> <span class='ocrx_word' id='word_1_31' title='bbox 3160 652 3340 704; x_wconf 89' lang='lat' dir='ltr'>Deum</span> <span class='ocrx_word' id='word_1_32' title='bbox 3365 648 3712 718; x_wconf 85' lang='lat' dir='ltr'>timentium,</span> <span class='ocrx_word' id='word_1_33' title='bbox 3739 666 3806 704; x_wconf 86' lang='lat' dir='ltr'>se-</span> 
     </span>
    </p>
   </div>
   <div class='ocr_carea' id='block_1_4' title="bbox 451 735 3808 811">
    <p class='ocr_par' dir='ltr' id='par_1_4' title="bbox 451 735 3808 811">
     <span class='ocr_line' id='line_1_4' title="bbox 451 735 3808 811; baseline 0 -18"><span class='ocrx_word' id='word_1_34' title='bbox 451 737 730 809; x_wconf 87' lang='lat' dir='ltr'>Stephani</span> <span class='ocrx_word' id='word_1_35' title='bbox 761 742 1176 803; x_wconf 85' lang='lat' dir='ltr'>consecratam,</span> <span class='ocrx_word' id='word_1_36' title='bbox 1212 737 1270 791; x_wconf 92' lang='lat' dir='ltr'>in</span> <span class='ocrx_word' id='word_1_37' title='bbox 1301 737 1633 808; x_wconf 81' lang='lat' dir='ltr'>cpiscOpatu</span> <span class='ocrx_word' id='word_1_38' title='bbox 1686 735 2082 793; x_wconf 87' lang='lat' dir='ltr'>Bisuntinensi</span> <span class='ocrx_word' id='word_1_39' title='bbox 2193 736 2448 792; x_wconf 81' lang='lat' dir='ltr'>cundum</span> <span class='ocrx_word' id='word_1_40' title='bbox 2482 736 2745 811; x_wconf 89' lang='lat' dir='ltr'>regulam</span> <span class='ocrx_word' id='word_1_41' title='bbox 2777 737 2962 793; x_wconf 79' lang='lat' dir='ltr'>sancti</span> <span class='ocrx_word' id='word_1_42' title='bbox 2992 737 3714 805; x_wconf 87' lang='lat' dir='ltr'>Benedicti,communiter</span> <span class='ocrx_word' id='word_1_43' title='bbox 3729 737 3808 794; x_wconf 89' lang='lat' dir='ltr'>eli-</span> 
     </span>
    </p>
   </div>
   <div class='ocr_carea' id='block_1_5' title="bbox 451 825 3808 902">
    <p class='ocr_par' dir='ltr' id='par_1_5' title="bbox 451 825 3808 902">
     <span class='ocr_line' id='line_1_5' title="bbox 451 825 3808 902; baseline 0.001 -21"><span class='ocrx_word' id='word_1_44' title='bbox 451 825 624 882; x_wconf 81' lang='lat' dir='ltr'>sitam</span> <span class='ocrx_word' id='word_1_45' title='bbox 659 843 670 880; x_wconf 93' lang='lat'>:</span> <span class='ocrx_word' id='word_1_46' title='bbox 704 825 762 879; x_wconf 92' lang='lat' dir='ltr'>in</span> <span class='ocrx_word' id='word_1_47' title='bbox 793 825 1124 897; x_wconf 84' lang='lat' dir='ltr'>episcopatu</span> <span class='ocrx_word' id='word_1_48' title='bbox 1156 825 1433 891; x_wconf 88' lang='lat' dir='ltr'>Tullensi,</span> <span class='ocrx_word' id='word_1_49' title='bbox 1467 825 1670 880; x_wconf 87' lang='lat' dir='ltr'>cellam</span> <span class='ocrx_word' id='word_1_50' title='bbox 1702 843 1827 896; x_wconf 68' lang='lat' dir='ltr'>quae</span> <span class='ocrx_word' id='word_1_51' title='bbox 1851 829 2086 880; x_wconf 82' lang='lat' dir='ltr'>vocatur</span> <span class='ocrx_word' id='word_1_52' title='bbox 2193 829 2424 896; x_wconf 86' lang='lat' dir='ltr'>gantur,</span> <span class='ocrx_word' id='word_1_53' title='bbox 2458 831 2514 882; x_wconf 91' lang='lat' dir='ltr'>et</span> <span class='ocrx_word' id='word_1_54' title='bbox 2543 827 2612 881; x_wconf 92' lang='lat' dir='ltr'>ad</span> <span class='ocrx_word' id='word_1_55' title='bbox 2657 827 3119 883; x_wconf 89' lang='lat' dir='ltr'>consecrandum</span> <span class='ocrx_word' id='word_1_56' title='bbox 3161 843 3262 882; x_wconf 84' lang='lat' dir='ltr'>eos</span> <span class='ocrx_word' id='word_1_57' title='bbox 3306 844 3707 902; x_wconf 90' lang='lat' dir='ltr'>quemcunque</span> <span class='ocrx_word' id='word_1_58' title='bbox 3731 846 3808 885; x_wconf 88' lang='lat' dir='ltr'>vo-</span> 
     </span>
    </p>
   </div>
   <div class='ocr_carea' id='block_1_6' title="bbox 451 912 3504 989">
    <p class='ocr_par' dir='ltr' id='par_1_6' title="bbox 451 912 3504 989">
     <span class='ocr_line' id='line_1_6' title="bbox 451 912 3504 989; baseline 0.001 -19"><span class='ocrx_word' id='word_1_59' title='bbox 451 913 800 985; x_wconf 79' lang='lat' dir='ltr'>Ramengas.</span> <span class='ocrx_word' id='word_1_60' title='bbox 859 912 1162 968; x_wconf 86' lang='lat' dir='ltr'>Abbatiam</span> <span class='ocrx_word' id='word_1_61' title='bbox 1218 912 1679 980; x_wconf 71' lang='lat' dir='ltr'>Viziliacenscm,</span> <span class='ocrx_word' id='word_1_62' title='bbox 1737 913 1836 967; x_wconf 90' lang='lat' dir='ltr'>ubi</span> <span class='ocrx_word' id='word_1_63' title='bbox 1886 918 2085 968; x_wconf 90' lang='lat' dir='ltr'>sancta</span> <span class='ocrx_word' id='word_1_64' title='bbox 2192 912 2407 970; x_wconf 91' lang='lat' dir='ltr'>luerint</span> <span class='ocrx_word' id='word_1_65' title='bbox 2436 915 2548 988; x_wconf 85' lang='lat' dir='ltr'><strong>ipsi</strong></span> <span class='ocrx_word' id='word_1_66' title='bbox 2581 916 2785 972; x_wconf 80' lang='lat' dir='ltr'>fratres</span> <span class='ocrx_word' id='word_1_67' title='bbox 2815 916 3157 989; x_wconf 84' lang='lat' dir='ltr'>episcopum</span> <span class='ocrx_word' id='word_1_68' title='bbox 3193 917 3504 973; x_wconf 88' lang='lat' dir='ltr'>advocent.</span> 
     </span>
    </p>
   </div>
   <div class='ocr_carea' id='block_1_7' title="bbox 452 999 2085 1072">
    <p class='ocr_par' dir='ltr' id='par_1_7' title="bbox 452 999 2085 1072">
     <span class='ocr_line' id='line_1_7' title="bbox 452 999 2085 1072; baseline -0.001 -15"><span class='ocrx_word' id='word_1_69' title='bbox 452 1001 634 1057; x_wconf 91' lang='lat' dir='ltr'>Maria</span> <span class='ocrx_word' id='word_1_70' title='bbox 685 999 1013 1072; x_wconf 82' lang='lat' dir='ltr'>Magdelene</span> <span class='ocrx_word' id='word_1_71' title='bbox 1059 999 1390 1071; x_wconf 83' lang='lat' dir='ltr'>requiescit,</span> <span class='ocrx_word' id='word_1_72' title='bbox 1440 1001 1544 1055; x_wconf 83' lang='lat' dir='ltr'>tibi</span> <span class='ocrx_word' id='word_1_73' title='bbox 1594 1000 1967 1056; x_wconf 87' lang='lat' dir='ltr'>concedimus</span> <span class='ocrx_word' id='word_1_74' title='bbox 2025 1001 2085 1056; x_wconf 91' lang='lat' dir='ltr'>in</span> 
     </span>
    </p>
   </div>
   <div class='ocr_carea' id='block_1_8' title="bbox 450 1089 2083 1162">
    <p class='ocr_par' dir='ltr' id='par_1_8' title="bbox 450 1089 2083 1162">
     <span class='ocr_line' id='line_1_8' title="bbox 450 1089 2083 1162; baseline 0 -18"><span class='ocrx_word' id='word_1_75' title='bbox 450 1089 885 1162; x_wconf 88' lang='lat' dir='ltr'>possidendum.</span> <span class='ocrx_word' id='word_1_76' title='bbox 979 1089 1385 1143; x_wconf 83' lang='lat' dir='ltr'>Monasterium</span> <span class='ocrx_word' id='word_1_77' title='bbox 1458 1106 1591 1144; x_wconf 91' lang='lat' dir='ltr'>vero</span> <span class='ocrx_word' id='word_1_78' title='bbox 1661 1089 2083 1156; x_wconf 89' lang='lat' dir='ltr'>Paterniacum,</span> 
     </span>
    </p>
   </div>
   <div class='ocr_carea' id='block_1_9' title="bbox 449 1176 2085 1249">
    <p class='ocr_par' dir='ltr' id='par_1_9' title="bbox 449 1176 2085 1249">
     <span class='ocr_line' id='line_1_9' title="bbox 449 1176 2085 1249; baseline 0 -17"><span class='ocrx_word' id='word_1_79' title='bbox 449 1177 633 1233; x_wconf 91' lang='lat' dir='ltr'>eidem</span> <span class='ocrx_word' id='word_1_80' title='bbox 659 1176 784 1231; x_wconf 90' lang='lat' dir='ltr'>loco</span> <span class='ocrx_word' id='word_1_81' title='bbox 813 1177 1177 1232; x_wconf 62' lang='lat' dir='ltr'>Ctuniacensi</span> <span class='ocrx_word' id='word_1_82' title='bbox 1207 1194 1306 1249; x_wconf 87' lang='lat' dir='ltr'>per</span> <span class='ocrx_word' id='word_1_83' title='bbox 1337 1181 1618 1249; x_wconf 76' lang='lat' dir='ltr'>praecepta</span> <span class='ocrx_word' id='word_1_84' title='bbox 1656 1177 1872 1248; x_wconf 77' lang='lat' dir='ltr'>regalia</span> <span class='ocrx_word' id='word_1_85' title='bbox 1902 1177 2085 1232; x_wconf 90' lang='lat' dir='ltr'>tradi-</span> 
     </span>
    </p>
   </div>
   <div class='ocr_carea' id='block_1_10' title="bbox 446 1264 2086 1338">
    <p class='ocr_par' dir='ltr' id='par_1_10' title="bbox 446 1264 2086 1338">
     <span class='ocr_line' id='line_1_10' title="bbox 446 1264 2086 1338; baseline 0.001 -19"><span class='ocrx_word' id='word_1_86' title='bbox 446 1270 572 1320; x_wconf 91' lang='lat' dir='ltr'>tum</span> <span class='ocrx_word' id='word_1_87' title='bbox 605 1282 734 1320; x_wconf 89' lang='lat' dir='ltr'>cum</span> <span class='ocrx_word' id='word_1_88' title='bbox 768 1264 1041 1320; x_wconf 89' lang='lat' dir='ltr'>omnibus</span> <span class='ocrx_word' id='word_1_89' title='bbox 1071 1282 1198 1338; x_wconf 69' lang='lat' dir='ltr'>quae</span> <span class='ocrx_word' id='word_1_90' title='bbox 1228 1266 1442 1321; x_wconf 75' lang='lat' dir='ltr'>habere</span> <span class='ocrx_word' id='word_1_91' title='bbox 1471 1266 1698 1322; x_wconf 88' lang='lat' dir='ltr'>videtur</span> <span class='ocrx_word' id='word_1_92' title='bbox 1727 1265 1786 1320; x_wconf 90' lang='lat' dir='ltr'>in</span> <span class='ocrx_word' id='word_1_93' title='bbox 1818 1267 2086 1338; x_wconf 88' lang='lat' dir='ltr'>Burgun-</span> 
     </span>
    </p>
   </div>
   <div class='ocr_carea' id='block_1_11' title="bbox 445 1353 2083 1425">
    <p class='ocr_par' dir='ltr' id='par_1_11' title="bbox 445 1353 2083 1425">
     <span class='ocr_line' id='line_1_11' title="bbox 445 1353 2083 1425; baseline 0.001 -17"><span class='ocrx_word' id='word_1_94' title='bbox 445 1353 562 1417; x_wconf 88' lang='lat' dir='ltr'>dia,</span> <span class='ocrx_word' id='word_1_95' title='bbox 593 1357 648 1408; x_wconf 91' lang='lat' dir='ltr'>et</span> <span class='ocrx_word' id='word_1_96' title='bbox 680 1371 805 1425; x_wconf 77' lang='lat' dir='ltr'>quae</span> <span class='ocrx_word' id='word_1_97' title='bbox 828 1353 937 1425; x_wconf 82' lang='lat' dir='ltr'>ipsi</span> <span class='ocrx_word' id='word_1_98' title='bbox 963 1354 1314 1408; x_wconf 84' lang='lat' dir='ltr'>monasterio</span> <span class='ocrx_word' id='word_1_99' title='bbox 1342 1355 1397 1407; x_wconf 94' lang='lat' dir='ltr'>in</span> <span class='ocrx_word' id='word_1_100' title='bbox 1427 1353 1644 1408; x_wconf 75' lang='lat' dir='ltr'>Alsatia</span> <span class='ocrx_word' id='word_1_101' title='bbox 1666 1355 1948 1410; x_wconf 86' lang='lat' dir='ltr'>dederunt</span> <span class='ocrx_word' id='word_1_102' title='bbox 1974 1355 2083 1409; x_wconf 88' lang='lat' dir='ltr'>im-</span> 
     </span>
    </p>
   </div>
   <div class='ocr_carea' id='block_1_12' title="bbox 447 1443 2087 1514">
    <p class='ocr_par' dir='ltr' id='par_1_12' title="bbox 447 1443 2087 1514">
     <span class='ocr_line' id='line_1_12' title="bbox 447 1443 2087 1514; baseline 0 -18"><span class='ocrx_word' id='word_1_103' title='bbox 447 1446 740 1514; x_wconf 89' lang='lat' dir='ltr'>peratores</span> <span class='ocrx_word' id='word_1_104' title='bbox 768 1443 1011 1514; x_wconf 81' lang='lat' dir='ltr'>Augusti</span> <span class='ocrx_word' id='word_1_105' title='bbox 1043 1443 1318 1509; x_wconf 89' lang='lat' dir='ltr'>Ottones;</span> <span class='ocrx_word' id='word_1_106' title='bbox 1353 1443 1770 1497; x_wconf 84' lang='lat' dir='ltr'>monasterium</span> <span class='ocrx_word' id='word_1_107' title='bbox 1803 1443 1956 1514; x_wconf 89' lang='lat' dir='ltr'>quod</span> <span class='ocrx_word' id='word_1_108' title='bbox 1998 1443 2087 1497; x_wconf 89' lang='lat' dir='ltr'>di-</span> 
     </span>
    </p>
   </div>
   <div class='ocr_carea' id='block_1_13' title="bbox 447 1529 2085 1603">
    <p class='ocr_par' dir='ltr' id='par_1_13' title="bbox 447 1529 2085 1603">
     <span class='ocr_line' id='line_1_13' title="bbox 447 1529 2085 1603; baseline 0.001 -19"><span class='ocrx_word' id='word_1_109' title='bbox 447 1529 600 1584; x_wconf 90' lang='lat' dir='ltr'>citur</span> <span class='ocrx_word' id='word_1_110' title='bbox 628 1531 978 1598; x_wconf 85' lang='lat' dir='ltr'>Romanum,</span> <span class='ocrx_word' id='word_1_111' title='bbox 1008 1547 1139 1585; x_wconf 89' lang='lat' dir='ltr'>cum</span> <span class='ocrx_word' id='word_1_112' title='bbox 1171 1530 1443 1585; x_wconf 69' lang='lat' dir='ltr'>omnibus</span> <span class='ocrx_word' id='word_1_113' title='bbox 1475 1531 1542 1584; x_wconf 91' lang='lat' dir='ltr'>ad</span> <span class='ocrx_word' id='word_1_114' title='bbox 1577 1547 1638 1585; x_wconf 91' lang='lat' dir='ltr'>se</span> <span class='ocrx_word' id='word_1_115' title='bbox 1659 1531 2085 1603; x_wconf 86' lang='lat' dir='ltr'>pertinentibus</span> 
     </span>
    </p>
   </div>
   <div class='ocr_carea' id='block_1_14' title="bbox 439 1617 2086 1688">
    <p class='ocr_par' dir='ltr' id='par_1_14' title="bbox 439 1617 2086 1688">
     <span class='ocr_line' id='line_1_14' title="bbox 439 1617 2086 1688; baseline 0.001 -15"><span class='ocrx_word' id='word_1_116' title='bbox 439 1618 569 1688; x_wconf 87' lang='lat' dir='ltr'>jam</span> <span class='ocrx_word' id='word_1_117' title='bbox 599 1618 752 1674; x_wconf 88' lang='lat' dir='ltr'>dicto</span> <span class='ocrx_word' id='word_1_118' title='bbox 782 1617 1145 1674; x_wconf 82' lang='lat' dir='ltr'>Cluniacensi</span> <span class='ocrx_word' id='word_1_119' title='bbox 1177 1617 1434 1672; x_wconf 83' lang='lat' dir='ltr'>ccenobio</span> <span class='ocrx_word' id='word_1_120' title='bbox 1465 1619 1678 1674; x_wconf 88' lang='lat' dir='ltr'>habere</span> <span class='ocrx_word' id='word_1_121' title='bbox 1709 1617 2086 1674; x_wconf 85' lang='lat' dir='ltr'>concedimus</span> 
     </span>
    </p>
   </div>
   <div class='ocr_carea' id='block_1_15' title="bbox 449 1706 910 1779">
    <p class='ocr_par' dir='ltr' id='par_1_15' title="bbox 449 1706 910 1779">
     <span class='ocr_line' id='line_1_15' title="bbox 449 1706 910 1779; baseline 0.002 -18"><span class='ocrx_word' id='word_1_122' title='bbox 449 1706 509 1762; x_wconf 91' lang='lat' dir='ltr'>in</span> <span class='ocrx_word' id='word_1_123' title='bbox 542 1710 910 1779; x_wconf 89' lang='lat' dir='ltr'>perpetuum.</span> 
     </span>
    </p>
   </div>
   <div class='ocr_carea' id='block_1_16' title="bbox 519 1794 2086 1870">
    <p class='ocr_par' dir='ltr' id='par_1_16' title="bbox 519 1794 2086 1870">
     <span class='ocr_line' id='line_1_16' title="bbox 519 1794 2086 1870; baseline 0.001 -19"><span class='ocrx_word' id='word_1_124' title='bbox 519 1795 946 1851; x_wconf 80' lang='lat' dir='ltr'>Confirmamus</span> <span class='ocrx_word' id='word_1_125' title='bbox 975 1794 1150 1850; x_wconf 88' lang='lat' dir='ltr'>etiam</span> <span class='ocrx_word' id='word_1_126' title='bbox 1180 1798 1236 1850; x_wconf 89' lang='lat' dir='ltr'>et</span> <span class='ocrx_word' id='word_1_127' title='bbox 1263 1797 1708 1852; x_wconf 87' lang='lat' dir='ltr'>corroboramus</span> <span class='ocrx_word' id='word_1_128' title='bbox 1732 1801 1928 1853; x_wconf 89' lang='lat' dir='ltr'>nostra</span> <span class='ocrx_word' id='word_1_129' title='bbox 1948 1815 2086 1870; x_wconf 88' lang='lat' dir='ltr'>apo-</span> 
     </span>
    </p>
   </div>
   <div class='ocr_carea' id='block_1_17' title="bbox 2262 1040 3810 1114">
    <p class='ocr_par' dir='ltr' id='par_1_17' title="bbox 2262 1040 3810 1114">
     <span class='ocr_line' id='line_1_17' title="bbox 2262 1040 3810 1114; baseline 0.001 -16"><span class='ocrx_word' id='word_1_130' title='bbox 2262 1042 2377 1098; x_wconf 89' lang='lat' dir='ltr'>Nec</span> <span class='ocrx_word' id='word_1_131' title='bbox 2409 1041 2611 1112; x_wconf 88' lang='lat' dir='ltr'>quovis</span> <span class='ocrx_word' id='word_1_132' title='bbox 2636 1041 2806 1097; x_wconf 90' lang='lat' dir='ltr'>modo</span> <span class='ocrx_word' id='word_1_133' title='bbox 2832 1040 3173 1114; x_wconf 87' lang='lat' dir='ltr'>quicunque</span> <span class='ocrx_word' id='word_1_134' title='bbox 3191 1041 3506 1114; x_wconf 87' lang='lat' dir='ltr'>episcopus</span> <span class='ocrx_word' id='word_1_135' title='bbox 3527 1059 3624 1098; x_wconf 90' lang='lat' dir='ltr'>seu</span> <span class='ocrx_word' id='word_1_136' title='bbox 3654 1043 3810 1099; x_wconf 88' lang='lat' dir='ltr'>archi-</span> 
     </span>
    </p>
   </div>
   <div class='ocr_carea' id='block_1_18' title="bbox 2194 1129 3808 1203">
    <p class='ocr_par' dir='ltr' id='par_1_18' title="bbox 2194 1129 3808 1203">
     <span class='ocr_line' id='line_1_18' title="bbox 2194 1129 3808 1203; baseline 0.001 -16"><span class='ocrx_word' id='word_1_137' title='bbox 2194 1131 2504 1202; x_wconf 83' lang='lat' dir='ltr'>episcopus</span> <span class='ocrx_word' id='word_1_138' title='bbox 2536 1129 2727 1186; x_wconf 91' lang='lat' dir='ltr'>locum</span> <span class='ocrx_word' id='word_1_139' title='bbox 2760 1131 2955 1201; x_wconf 90' lang='lat' dir='ltr'>ipsum</span> <span class='ocrx_word' id='word_1_140' title='bbox 2986 1131 3076 1185; x_wconf 87' lang='lat' dir='ltr'>vel</span> <span class='ocrx_word' id='word_1_141' title='bbox 3107 1129 3432 1188; x_wconf 83' lang='lat' dir='ltr'>monachos</span> <span class='ocrx_word' id='word_1_142' title='bbox 3463 1132 3590 1203; x_wconf 88' lang='lat' dir='ltr'>ejus</span> <span class='ocrx_word' id='word_1_143' title='bbox 3615 1149 3808 1188; x_wconf 84' lang='lat' dir='ltr'>excom-</span> 
     </span>
    </p>
   </div>
   <div class='ocr_carea' id='block_1_19' title="bbox 2195 1218 3806 1292">
    <p class='ocr_par' dir='ltr' id='par_1_19' title="bbox 2195 1218 3806 1292">
     <span class='ocr_line' id='line_1_19' title="bbox 2195 1218 3806 1292; baseline 0.001 -18"><span class='ocrx_word' id='word_1_144' title='bbox 2195 1219 2494 1274; x_wconf 88' lang='lat' dir='ltr'>municare</span> <span class='ocrx_word' id='word_1_145' title='bbox 2510 1219 2596 1273; x_wconf 91' lang='lat' dir='ltr'>vel</span> <span class='ocrx_word' id='word_1_146' title='bbox 2613 1219 2879 1288; x_wconf 83' lang='lat' dir='ltr'>judicare</span> <span class='ocrx_word' id='word_1_147' title='bbox 2899 1218 3130 1284; x_wconf 88' lang='lat' dir='ltr'>audeat,</span> <span class='ocrx_word' id='word_1_148' title='bbox 3147 1220 3247 1276; x_wconf 89' lang='lat' dir='ltr'>sed</span> <span class='ocrx_word' id='word_1_149' title='bbox 3277 1235 3514 1292; x_wconf 90' lang='lat' dir='ltr'>semper</span> <span class='ocrx_word' id='word_1_150' title='bbox 3533 1221 3637 1276; x_wconf 89' lang='lat' dir='ltr'>sub</span> <span class='ocrx_word' id='word_1_151' title='bbox 3663 1221 3806 1277; x_wconf 82' lang='lat' dir='ltr'>tutela</span> 
     </span>
    </p>
   </div>
   <div class='ocr_carea' id='block_1_20' title="bbox 2194 1307 3803 1381">
    <p class='ocr_par' dir='ltr' id='par_1_20' title="bbox 2194 1307 3803 1381">
     <span class='ocr_line' id='line_1_20' title="bbox 2194 1307 3803 1381; baseline 0.002 -19"><span class='ocrx_word' id='word_1_152' title='bbox 2194 1312 2252 1362; x_wconf 92' lang='lat' dir='ltr'>et</span> <span class='ocrx_word' id='word_1_153' title='bbox 2306 1307 2674 1362; x_wconf 89' lang='lat' dir='ltr'>immunitate</span> <span class='ocrx_word' id='word_1_154' title='bbox 2729 1307 3001 1363; x_wconf 64' lang='lat' dir='ltr'>Romanis</span> <span class='ocrx_word' id='word_1_155' title='bbox 3057 1308 3217 1363; x_wconf 88' lang='lat' dir='ltr'>sedis</span> <span class='ocrx_word' id='word_1_156' title='bbox 3261 1308 3566 1381; x_wconf 89' lang='lat' dir='ltr'>soliusque</span> <span class='ocrx_word' id='word_1_157' title='bbox 3597 1310 3803 1366; x_wconf 80' lang='lat' dir='ltr'>Romani</span> 
     </span>
    </p>
   </div>
   <div class='ocr_carea' id='block_1_21' title="bbox 2199 1395 3803 1468">
    <p class='ocr_par' dir='ltr' id='par_1_21' title="bbox 2199 1395 3803 1468">
     <span class='ocr_line' id='line_1_21' title="bbox 2199 1395 3803 1468; baseline 0.002 -18"><span class='ocrx_word' id='word_1_158' title='bbox 2199 1395 2486 1466; x_wconf 82' lang='lat' dir='ltr'>pontiﬁcis</span> <span class='ocrx_word' id='word_1_159' title='bbox 2507 1395 2732 1463; x_wconf 89' lang='lat' dir='ltr'>judicio</span> <span class='ocrx_word' id='word_1_160' title='bbox 2763 1395 3153 1451; x_wconf 87' lang='lat' dir='ltr'>consistentes</span> <span class='ocrx_word' id='word_1_161' title='bbox 3184 1395 3574 1468; x_wconf 81' lang='lat' dir='ltr'>omnipotenti</span> <span class='ocrx_word' id='word_1_162' title='bbox 3603 1398 3708 1453; x_wconf 87' lang='lat' dir='ltr'>Deo</span> <span class='ocrx_word' id='word_1_163' title='bbox 3733 1415 3803 1454; x_wconf 85' lang='lat' dir='ltr'>se-</span> 
     </span>
    </p>
   </div>
   <div class='ocr_carea' id='block_1_22' title="bbox 2195 1481 3802 1558">
    <p class='ocr_par' dir='ltr' id='par_1_22' title="bbox 2195 1481 3802 1558">
     <span class='ocr_line' id='line_1_22' title="bbox 2195 1481 3802 1558; baseline 0.001 -20"><span class='ocrx_word' id='word_1_164' title='bbox 2195 1481 2317 1538; x_wconf 86' lang='lat' dir='ltr'>curi</span> <span class='ocrx_word' id='word_1_165' title='bbox 2341 1487 2397 1537; x_wconf 92' lang='lat' dir='ltr'>et</span> <span class='ocrx_word' id='word_1_166' title='bbox 2412 1482 2590 1554; x_wconf 88' lang='lat' dir='ltr'>quieti</span> <span class='ocrx_word' id='word_1_167' title='bbox 2609 1481 2954 1538; x_wconf 89' lang='lat' dir='ltr'>deserviant.</span> <span class='ocrx_word' id='word_1_168' title='bbox 2974 1482 3185 1538; x_wconf 90' lang='lat' dir='ltr'>Parata</span> <span class='ocrx_word' id='word_1_169' title='bbox 3220 1483 3398 1539; x_wconf 87' lang='lat' dir='ltr'>etiam</span> <span class='ocrx_word' id='word_1_170' title='bbox 3435 1501 3469 1539; x_wconf 94' lang='lat' dir='ltr'><strong>a</strong></span> <span class='ocrx_word' id='word_1_171' title='bbox 3497 1501 3802 1558; x_wconf 83' lang='lat' dir='ltr'>quocunque</span> 
     </span>
    </p>
   </div>
   <div class='ocr_carea' id='block_1_23' title="bbox 2195 1570 3803 1647">
    <p class='ocr_par' dir='ltr' id='par_1_23' title="bbox 2195 1570 3803 1647">
     <span class='ocr_line' id='line_1_23' title="bbox 2195 1570 3803 1647; baseline 0.002 -21"><span class='ocrx_word' id='word_1_172' title='bbox 2195 1571 2467 1642; x_wconf 89' lang='lat' dir='ltr'>episcopo</span> <span class='ocrx_word' id='word_1_173' title='bbox 2498 1570 2784 1626; x_wconf 91' lang='lat' dir='ltr'>voluerint</span> <span class='ocrx_word' id='word_1_174' title='bbox 2816 1571 2875 1626; x_wconf 90' lang='lat' dir='ltr'>in</span> <span class='ocrx_word' id='word_1_175' title='bbox 2906 1588 3056 1644; x_wconf 88' lang='lat' dir='ltr'>opus</span> <span class='ocrx_word' id='word_1_176' title='bbox 3086 1573 3592 1630; x_wconf 82' lang='lat' dir='ltr'>consecrationum</span> <span class='ocrx_word' id='word_1_177' title='bbox 3622 1575 3674 1630; x_wconf 91' lang='lat' dir='ltr'>in</span> <span class='ocrx_word' id='word_1_178' title='bbox 3702 1574 3803 1647; x_wconf 86' lang='lat' dir='ltr'>ipso</span> 
     </span>
    </p>
   </div>
   <div class='ocr_carea' id='block_1_24' title="bbox 2195 1659 3804 1736">
    <p class='ocr_par' dir='ltr' id='par_1_24' title="bbox 2195 1659 3804 1736">
     <span class='ocr_line' id='line_1_24' title="bbox 2195 1659 3804 1736; baseline 0.003 -22"><span class='ocrx_word' id='word_1_179' title='bbox 2195 1659 2318 1715; x_wconf 91' lang='lat' dir='ltr'>loco</span> <span class='ocrx_word' id='word_1_180' title='bbox 2341 1660 2724 1730; x_wconf 86' lang='lat' dir='ltr'>agendarum,</span> <span class='ocrx_word' id='word_1_181' title='bbox 2759 1659 3038 1725; x_wconf 90' lang='lat' dir='ltr'>chrisma,</span> <span class='ocrx_word' id='word_1_182' title='bbox 3097 1661 3296 1717; x_wconf 89' lang='lat' dir='ltr'>oleum</span> <span class='ocrx_word' id='word_1_183' title='bbox 3349 1668 3630 1731; x_wconf 82' lang='lat' dir='ltr'>sanetum,</span> <span class='ocrx_word' id='word_1_184' title='bbox 3660 1668 3804 1736; x_wconf 85' lang='lat' dir='ltr'>atque</span> 
     </span>
    </p>
   </div>
   <div class='ocr_carea' id='block_1_25' title="bbox 2195 1747 3804 1824">
    <p class='ocr_par' dir='ltr' id='par_1_25' title="bbox 2195 1747 3804 1824">
     <span class='ocr_line' id='line_1_25' title="bbox 2195 1747 3804 1824; baseline 0.003 -22"><span class='ocrx_word' id='word_1_185' title='bbox 2195 1747 2388 1803; x_wconf 90' lang='lat' dir='ltr'>oleum</span> <span class='ocrx_word' id='word_1_186' title='bbox 2419 1748 2788 1803; x_wconf 77' lang='lat' dir='ltr'>infirmorum</span> <span class='ocrx_word' id='word_1_187' title='bbox 2828 1749 3137 1820; x_wconf 87' lang='lat' dir='ltr'>accipiant.</span> <span class='ocrx_word' id='word_1_188' title='bbox 3187 1749 3570 1808; x_wconf 84' lang='lat' dir='ltr'>Concedimus</span> <span class='ocrx_word' id='word_1_189' title='bbox 3608 1768 3804 1824; x_wconf 85' lang='lat' dir='ltr'>quoque</span> 
     </span>
    </p>
   </div>
   <div class='ocr_carea' id='block_1_26' title="bbox 2197 1835 3804 1911">
    <p class='ocr_par' dir='ltr' id='par_1_26' title="bbox 2197 1835 3804 1911">
     <span class='ocr_line' id='line_1_26' title="bbox 2197 1835 3804 1911; baseline 0.004 -21"><span class='ocrx_word' id='word_1_190' title='bbox 2197 1835 2327 1900; x_wconf 87' lang='lat' dir='ltr'>tibi,</span> <span class='ocrx_word' id='word_1_191' title='bbox 2357 1840 2414 1890; x_wconf 89' lang='lat' dir='ltr'>et</span> <span class='ocrx_word' id='word_1_192' title='bbox 2441 1835 2552 1908; x_wconf 85' lang='lat' dir='ltr'>ipsi</span> <span class='ocrx_word' id='word_1_193' title='bbox 2584 1836 2896 1892; x_wconf 87' lang='lat' dir='ltr'>venerabili</span> <span class='ocrx_word' id='word_1_194' title='bbox 2925 1837 3075 1904; x_wconf 93' lang='lat' dir='ltr'>loco,</span> <span class='ocrx_word' id='word_1_195' title='bbox 3096 1843 3157 1894; x_wconf 88' lang='lat' dir='ltr'>et</span> <span class='ocrx_word' id='word_1_196' title='bbox 3175 1839 3589 1896; x_wconf 83' lang='lat' dir='ltr'>confirmamus</span> <span class='ocrx_word' id='word_1_197' title='bbox 3607 1845 3804 1911; x_wconf 84' lang='lat' dir='ltr'>aposto-</span> 
     </span>
    </p>
   </div>
   <div class='ocr_carea' id='block_1_27' title="bbox 2120 1915 3804 2001">
    <p class='ocr_par' dir='ltr' id='par_1_27' title="bbox 2120 1915 3804 2001">
     <span class='ocr_line' id='line_1_27' title="bbox 2120 1915 3804 2001; baseline 0.003 -23"><span class='ocrx_word' id='word_1_198' title='bbox 2120 1915 2166 1978; x_wconf 89' lang='lat' dir='ltr'><strong>B</strong></span> <span class='ocrx_word' id='word_1_199' title='bbox 2195 1923 2308 1979; x_wconf 91' lang='lat' dir='ltr'>lica</span> <span class='ocrx_word' id='word_1_200' title='bbox 2325 1925 2666 1980; x_wconf 87' lang='lat' dir='ltr'>auctoritate</span> <span class='ocrx_word' id='word_1_201' title='bbox 2688 1925 2922 1992; x_wconf 87' lang='lat' dir='ltr'>habere,</span> <span class='ocrx_word' id='word_1_202' title='bbox 2948 1927 3443 2000; x_wconf 88' lang='lat' dir='ltr'>quandocunque,</span> <span class='ocrx_word' id='word_1_203' title='bbox 3465 1927 3550 1986; x_wconf 91' lang='lat' dir='ltr'>vel</span> <span class='ocrx_word' id='word_1_204' title='bbox 3576 1929 3804 2001; x_wconf 88' lang='lat' dir='ltr'>quandiu</span> 
     </span>
    </p>
   </div>
   <div class='ocr_carea' id='block_1_28' title="bbox 2193 2011 3802 2087">
    <p class='ocr_par' dir='ltr' id='par_1_28' title="bbox 2193 2011 3802 2087">
     <span class='ocr_line' id='line_1_28' title="bbox 2193 2011 3802 2087; baseline 0.004 -22"><span class='ocrx_word' id='word_1_205' title='bbox 2193 2012 2360 2068; x_wconf 89' lang='lat' dir='ltr'>vobis</span> <span class='ocrx_word' id='word_1_206' title='bbox 2374 2011 2673 2084; x_wconf 87' lang='lat' dir='ltr'>placuerit,</span> <span class='ocrx_word' id='word_1_207' title='bbox 2699 2029 3111 2084; x_wconf 88' lang='lat' dir='ltr'>percussuram</span> <span class='ocrx_word' id='word_1_208' title='bbox 3128 2017 3349 2087; x_wconf 86' lang='lat' dir='ltr'>proprii</span> <span class='ocrx_word' id='word_1_209' title='bbox 3372 2016 3802 2073; x_wconf 86' lang='lat' dir='ltr'>numismatisvel</span> 
     </span>
    </p>
   </div>
   <div class='ocr_carea' id='block_1_29' title="bbox 449 1882 2090 1956">
    <p class='ocr_par' dir='ltr' id='par_1_29' title="bbox 449 1882 2090 1956">
     <span class='ocr_line' id='line_1_29' title="bbox 449 1882 2090 1956; baseline 0.002 -18"><span class='ocrx_word' id='word_1_210' title='bbox 449 1883 650 1939; x_wconf 89' lang='lat' dir='ltr'>stolica</span> <span class='ocrx_word' id='word_1_211' title='bbox 679 1883 1021 1938; x_wconf 87' lang='lat' dir='ltr'>auctoritate</span> <span class='ocrx_word' id='word_1_212' title='bbox 1052 1882 1210 1938; x_wconf 90' lang='lat' dir='ltr'>illam</span> <span class='ocrx_word' id='word_1_213' title='bbox 1243 1885 1698 1939; x_wconf 86' lang='lat' dir='ltr'>convenientiam</span> <span class='ocrx_word' id='word_1_214' title='bbox 1729 1900 1906 1956; x_wconf 87' lang='lat' dir='ltr'>quam</span> <span class='ocrx_word' id='word_1_215' title='bbox 1956 1887 2090 1942; x_wconf 84' lang='lat' dir='ltr'>fecit</span> 
     </span>
    </p>
   </div>
   <div class='ocr_carea' id='block_1_30' title="bbox 449 1971 2087 2046">
    <p class='ocr_par' dir='ltr' id='par_1_30' title="bbox 449 1971 2087 2046">
     <span class='ocr_line' id='line_1_30' title="bbox 449 1971 2087 2046; baseline 0.002 -20"><span class='ocrx_word' id='word_1_216' title='bbox 449 1971 668 2028; x_wconf 90' lang='lat' dir='ltr'>Domus</span> <span class='ocrx_word' id='word_1_217' title='bbox 697 1972 860 2044; x_wconf 90' lang='lat' dir='ltr'>Hugo</span> <span class='ocrx_word' id='word_1_218' title='bbox 891 1971 1242 2028; x_wconf 88' lang='lat' dir='ltr'>Genevensis</span> <span class='ocrx_word' id='word_1_219' title='bbox 1288 1972 1552 2028; x_wconf 64' lang='lat' dir='ltr'>Ecclesia:</span> <span class='ocrx_word' id='word_1_220' title='bbox 1595 1973 1922 2046; x_wconf 86' lang='lat' dir='ltr'>episcopus,</span> <span class='ocrx_word' id='word_1_221' title='bbox 1956 1974 2087 2030; x_wconf 86' lang='lat' dir='ltr'>lau-</span> 
     </span>
    </p>
   </div>
   <div class='ocr_carea' id='block_1_31' title="bbox 448 2059 2088 2131">
    <p class='ocr_par' dir='ltr' id='par_1_31' title="bbox 448 2059 2088 2131">
     <span class='ocr_line' id='line_1_31' title="bbox 448 2059 2088 2131; baseline 0.002 -17"><span class='ocrx_word' id='word_1_222' title='bbox 448 2059 621 2114; x_wconf 87' lang='lat' dir='ltr'>dante</span> <span class='ocrx_word' id='word_1_223' title='bbox 668 2063 724 2114; x_wconf 92' lang='lat' dir='ltr'>et</span> <span class='ocrx_word' id='word_1_224' title='bbox 776 2059 1176 2114; x_wconf 90' lang='lat' dir='ltr'>consentiente</span> <span class='ocrx_word' id='word_1_225' title='bbox 1223 2059 1528 2131; x_wconf 81' lang='lat' dir='ltr'>Rodulpho</span> <span class='ocrx_word' id='word_1_226' title='bbox 1580 2077 1713 2131; x_wconf 84' lang='lat' dir='ltr'>rege</span> <span class='ocrx_word' id='word_1_227' title='bbox 1761 2067 1820 2117; x_wconf 91' lang='lat' dir='ltr'>et</span> <span class='ocrx_word' id='word_1_228' title='bbox 1849 2062 2088 2118; x_wconf 89' lang='lat' dir='ltr'>domina</span> 
     </span>
    </p>
   </div>
   <div class='ocr_carea' id='block_1_32' title="bbox 445 2147 2084 2219">
    <p class='ocr_par' dir='ltr' id='par_1_32' title="bbox 445 2147 2084 2219">
     <span class='ocr_line' id='line_1_32' title="bbox 445 2147 2084 2219; baseline 0.003 -17"><span class='ocrx_word' id='word_1_229' title='bbox 445 2147 721 2202; x_wconf 81' lang='lat' dir='ltr'>Adeleida</span> <span class='ocrx_word' id='word_1_230' title='bbox 774 2147 1160 2219; x_wconf 90' lang='lat' dir='ltr'>imperatrice,</span> <span class='ocrx_word' id='word_1_231' title='bbox 1201 2149 1272 2202; x_wconf 92' lang='lat' dir='ltr'>de</span> <span class='ocrx_word' id='word_1_232' title='bbox 1329 2148 1576 2204; x_wconf 86' lang='lat' dir='ltr'>ecclesia</span> <span class='ocrx_word' id='word_1_233' title='bbox 1605 2149 1798 2204; x_wconf 88' lang='lat' dir='ltr'>Sancti</span> <span class='ocrx_word' id='word_1_234' title='bbox 1829 2151 2084 2207; x_wconf 86' lang='lat' dir='ltr'>Victoris</span> 
     </span>
    </p>
   </div>
   <div class='ocr_carea' id='block_1_33' title="bbox 445 2235 2086 2308">
    <p class='ocr_par' dir='ltr' id='par_1_33' title="bbox 445 2235 2086 2308">
     <span class='ocr_line' id='line_1_33' title="bbox 445 2235 2086 2308; baseline 0.002 -17"><span class='ocrx_word' id='word_1_235' title='bbox 445 2236 740 2308; x_wconf 84' lang='lat' dir='ltr'>martyris,</span> <span class='ocrx_word' id='word_1_236' title='bbox 771 2252 902 2291; x_wconf 91' lang='lat' dir='ltr'>cum</span> <span class='ocrx_word' id='word_1_237' title='bbox 936 2235 1210 2291; x_wconf 91' lang='lat' dir='ltr'>omnibus</span> <span class='ocrx_word' id='word_1_238' title='bbox 1241 2237 1309 2290; x_wconf 89' lang='lat' dir='ltr'>ad</span> <span class='ocrx_word' id='word_1_239' title='bbox 1333 2254 1394 2291; x_wconf 88' lang='lat' dir='ltr'>se</span> <span class='ocrx_word' id='word_1_240' title='bbox 1412 2237 1856 2308; x_wconf 86' lang='lat' dir='ltr'>pertinentibus.</span> <span class='ocrx_word' id='word_1_241' title='bbox 1891 2239 2086 2294; x_wconf 86' lang='lat' dir='ltr'>Abba-</span> 
     </span>
    </p>
   </div>
   <div class='ocr_carea' id='block_1_34' title="bbox 445 2323 2083 2382">
    <p class='ocr_par' dir='ltr' id='par_1_34' title="bbox 445 2323 2083 2382">
     <span class='ocr_line' id='line_1_34' title="bbox 445 2323 2083 2382; baseline 0.002 -3"><span class='ocrx_word' id='word_1_242' title='bbox 445 2324 588 2379; x_wconf 88' lang='lat' dir='ltr'>tiam</span> <span class='ocrx_word' id='word_1_243' title='bbox 620 2327 811 2380; x_wconf 91' lang='lat' dir='ltr'>autem</span> <span class='ocrx_word' id='word_1_244' title='bbox 847 2323 1178 2379; x_wconf 79' lang='lat' dir='ltr'>Salsensem</span> <span class='ocrx_word' id='word_1_245' title='bbox 1210 2325 1586 2380; x_wconf 89' lang='lat' dir='ltr'>concedimus</span> <span class='ocrx_word' id='word_1_246' title='bbox 1635 2326 1738 2380; x_wconf 88' lang='lat' dir='ltr'>tibi</span> <span class='ocrx_word' id='word_1_247' title='bbox 1780 2343 1910 2381; x_wconf 86' lang='lat' dir='ltr'>eum</span> <span class='ocrx_word' id='word_1_248' title='bbox 1942 2345 2083 2382; x_wconf 91' lang='lat' dir='ltr'>con-</span> 
     </span>
    </p>
   </div>
   <div class='ocr_carea' id='block_1_35' title="bbox 449 2411 2084 2471">
    <p class='ocr_par' dir='ltr' id='par_1_35' title="bbox 449 2411 2084 2471">
     <span class='ocr_line' id='line_1_35' title="bbox 449 2411 2084 2471; baseline 0.003 -5"><span class='ocrx_word' id='word_1_249' title='bbox 449 2427 624 2467; x_wconf 90' lang='lat' dir='ltr'>sensu</span> <span class='ocrx_word' id='word_1_250' title='bbox 655 2415 870 2467; x_wconf 89' lang='lat' dir='ltr'>etcum</span> <span class='ocrx_word' id='word_1_251' title='bbox 903 2411 1136 2466; x_wconf 89' lang='lat' dir='ltr'>licentia</span> <span class='ocrx_word' id='word_1_252' title='bbox 1185 2412 1430 2468; x_wconf 91' lang='lat' dir='ltr'>senioris</span> <span class='ocrx_word' id='word_1_253' title='bbox 1479 2413 1660 2468; x_wconf 90' lang='lat' dir='ltr'>nostri</span> <span class='ocrx_word' id='word_1_254' title='bbox 1710 2415 1939 2470; x_wconf 80' lang='lat' dir='ltr'>ilenrici</span> <span class='ocrx_word' id='word_1_255' title='bbox 1975 2415 2084 2471; x_wconf 84' lang='lat' dir='ltr'>im-</span> 
     </span>
    </p>
   </div>
   <div class='ocr_carea' id='block_1_36' title="bbox 447 2499 2082 2572">
    <p class='ocr_par' dir='ltr' id='par_1_36' title="bbox 447 2499 2082 2572">
     <span class='ocr_line' id='line_1_36' title="bbox 447 2499 2082 2572; baseline 0.001 -16"><span class='ocrx_word' id='word_1_256' title='bbox 447 2499 730 2572; x_wconf 85' lang='lat' dir='ltr'>peratoris</span> <span class='ocrx_word' id='word_1_257' title='bbox 754 2501 1020 2572; x_wconf 78' lang='lat' dir='ltr'>Augusti,</span> <span class='ocrx_word' id='word_1_258' title='bbox 1044 2500 1195 2554; x_wconf 89' lang='lat' dir='ltr'>sicut</span> <span class='ocrx_word' id='word_1_259' title='bbox 1217 2501 1702 2556; x_wconf 84' lang='lat' dir='ltr'>antecessorestui</span> <span class='ocrx_word' id='word_1_260' title='bbox 1723 2519 1848 2556; x_wconf 71' lang='lat' dir='ltr'>cani</span> <span class='ocrx_word' id='word_1_261' title='bbox 1864 2503 2082 2558; x_wconf 88' lang='lat' dir='ltr'>habue-</span> 
     </span>
    </p>
   </div>
   <div class='ocr_carea' id='block_1_37' title="bbox 448 2587 2081 2662">
    <p class='ocr_par' dir='ltr' id='par_1_37' title="bbox 448 2587 2081 2662">
     <span class='ocr_line' id='line_1_37' title="bbox 448 2587 2081 2662; baseline 0.002 -20"><span class='ocrx_word' id='word_1_262' title='bbox 448 2591 604 2643; x_wconf 91' lang='lat' dir='ltr'>runt.</span> <span class='ocrx_word' id='word_1_263' title='bbox 637 2589 707 2642; x_wconf 89' lang='lat' dir='ltr'>Et</span> <span class='ocrx_word' id='word_1_264' title='bbox 737 2604 913 2658; x_wconf 91' lang='lat' dir='ltr'>supra</span> <span class='ocrx_word' id='word_1_265' title='bbox 941 2587 1095 2642; x_wconf 87' lang='lat' dir='ltr'>dicto</span> <span class='ocrx_word' id='word_1_266' title='bbox 1125 2587 1250 2643; x_wconf 91' lang='lat' dir='ltr'>loco</span> <span class='ocrx_word' id='word_1_267' title='bbox 1291 2587 1656 2644; x_wconf 86' lang='lat' dir='ltr'>Cluniacensi</span> <span class='ocrx_word' id='word_1_268' title='bbox 1709 2595 1908 2645; x_wconf 87' lang='lat' dir='ltr'>nostra</span> <span class='ocrx_word' id='word_1_269' title='bbox 1945 2608 2081 2662; x_wconf 90' lang='lat' dir='ltr'>apo-</span> 
     </span>
    </p>
   </div>
   <div class='ocr_carea' id='block_1_38' title="bbox 447 2675 2082 2748">
    <p class='ocr_par' dir='ltr' id='par_1_38' title="bbox 447 2675 2082 2748">
     <span class='ocr_line' id='line_1_38' title="bbox 447 2675 2082 2748; baseline 0.002 -17"><span class='ocrx_word' id='word_1_270' title='bbox 447 2675 654 2732; x_wconf 90' lang='lat' dir='ltr'>stolica</span> <span class='ocrx_word' id='word_1_271' title='bbox 677 2676 1015 2731; x_wconf 86' lang='lat' dir='ltr'>auctoritate</span> <span class='ocrx_word' id='word_1_272' title='bbox 1039 2675 1160 2730; x_wconf 64' lang='lat' dir='ltr'>haec</span> <span class='ocrx_word' id='word_1_273' title='bbox 1177 2677 1374 2730; x_wconf 88' lang='lat' dir='ltr'>omnia</span> <span class='ocrx_word' id='word_1_274' title='bbox 1391 2677 1723 2748; x_wconf 88' lang='lat' dir='ltr'>supradicta</span> <span class='ocrx_word' id='word_1_275' title='bbox 1741 2678 1863 2734; x_wconf 86' lang='lat' dir='ltr'>loca</span> <span class='ocrx_word' id='word_1_276' title='bbox 1882 2684 1938 2734; x_wconf 91' lang='lat' dir='ltr'>et</span> <span class='ocrx_word' id='word_1_277' title='bbox 1959 2697 2082 2734; x_wconf 89' lang='lat' dir='ltr'>m0-</span> 
     </span>
    </p>
   </div>
   <div class='ocr_carea' id='block_1_39' title="bbox 2195 2102 3802 2176">
    <p class='ocr_par' dir='ltr' id='par_1_39' title="bbox 2195 2102 3802 2176">
     <span class='ocr_line' id='line_1_39' title="bbox 2195 2102 3802 2176; baseline 0.003 -21"><span class='ocrx_word' id='word_1_278' title='bbox 2195 2108 2457 2168; x_wconf 75' lang='lat' dir='ltr'>monetse,</span> <span class='ocrx_word' id='word_1_279' title='bbox 2491 2102 2988 2172; x_wconf 90' lang='lat' dir='ltr'>quemadmodum</span> <span class='ocrx_word' id='word_1_280' title='bbox 3044 2102 3366 2176; x_wconf 85' lang='lat' dir='ltr'>privilegiis</span> <span class='ocrx_word' id='word_1_281' title='bbox 3417 2105 3802 2160; x_wconf 88' lang='lat' dir='ltr'>venerabilium</span> 
     </span>
    </p>
   </div>
   <div class='ocr_carea' id='block_1_40' title="bbox 2195 2191 3800 2264">
    <p class='ocr_par' dir='ltr' id='par_1_40' title="bbox 2195 2191 3800 2264">
     <span class='ocr_line' id='line_1_40' title="bbox 2195 2191 3800 2264; baseline 0.001 -19"><span class='ocrx_word' id='word_1_282' title='bbox 2195 2191 2687 2262; x_wconf 76' lang='lat' dir='ltr'>praedecessorum</span> <span class='ocrx_word' id='word_1_283' title='bbox 2719 2196 3055 2248; x_wconf 88' lang='lat' dir='ltr'>nostrorum</span> <span class='ocrx_word' id='word_1_284' title='bbox 3080 2193 3464 2264; x_wconf 86' lang='lat' dir='ltr'>comperimus</span> <span class='ocrx_word' id='word_1_285' title='bbox 3491 2193 3648 2249; x_wconf 90' lang='lat' dir='ltr'>vobis</span> <span class='ocrx_word' id='word_1_286' title='bbox 3679 2209 3800 2248; x_wconf 91' lang='lat' dir='ltr'>con-</span> 
     </span>
    </p>
   </div>
   <div class='ocr_carea' id='block_1_41' title="bbox 2193 2279 3802 2354">
    <p class='ocr_par' dir='ltr' id='par_1_41' title="bbox 2193 2279 3802 2354">
     <span class='ocr_line' id='line_1_41' title="bbox 2193 2279 3802 2354; baseline 0.002 -21"><span class='ocrx_word' id='word_1_287' title='bbox 2193 2295 2423 2334; x_wconf 90' lang='lat' dir='ltr'>cessum</span> <span class='ocrx_word' id='word_1_288' title='bbox 2453 2283 2510 2334; x_wconf 93' lang='lat' dir='ltr'>et</span> <span class='ocrx_word' id='word_1_289' title='bbox 2537 2279 2948 2334; x_wconf 80' lang='lat' dir='ltr'>confirmatum</span> <span class='ocrx_word' id='word_1_290' title='bbox 2978 2297 3128 2337; x_wconf 89' lang='lat' dir='ltr'>esse.</span> <span class='ocrx_word' id='word_1_291' title='bbox 3183 2282 3433 2337; x_wconf 87' lang='lat' dir='ltr'>Tandem</span> <span class='ocrx_word' id='word_1_292' title='bbox 3481 2281 3539 2336; x_wconf 85' lang='lat' dir='ltr'>in</span> <span class='ocrx_word' id='word_1_293' title='bbox 3569 2281 3679 2337; x_wconf 82' lang='lat' dir='ltr'>line</span> <span class='ocrx_word' id='word_1_294' title='bbox 3715 2298 3802 2354; x_wconf 85' lang='lat' dir='ltr'>per</span> 
     </span>
    </p>
   </div>
   <div class='ocr_carea' id='block_1_42' title="bbox 2193 2366 3799 2440">
    <p class='ocr_par' dir='ltr' id='par_1_42' title="bbox 2193 2366 3799 2440">
     <span class='ocr_line' id='line_1_42' title="bbox 2193 2366 3799 2440; baseline 0.001 -19"><span class='ocrx_word' id='word_1_295' title='bbox 2193 2366 2301 2422; x_wconf 91' lang='lat' dir='ltr'>hoc</span> <span class='ocrx_word' id='word_1_296' title='bbox 2322 2371 2530 2422; x_wconf 67' lang='lat' dir='ltr'>nostra:</span> <span class='ocrx_word' id='word_1_297' title='bbox 2547 2366 2872 2438; x_wconf 79' lang='lat' dir='ltr'>apostolicae</span> <span class='ocrx_word' id='word_1_298' title='bbox 2886 2369 3254 2426; x_wconf 87' lang='lat' dir='ltr'>auctoritatis</span> <span class='ocrx_word' id='word_1_299' title='bbox 3267 2367 3618 2440; x_wconf 81' lang='lat' dir='ltr'>privilegium</span> <span class='ocrx_word' id='word_1_300' title='bbox 3635 2385 3799 2424; x_wconf 85' lang='lat' dir='ltr'>corro-</span> 
     </span>
    </p>
   </div>
   <div class='ocr_carea' id='block_1_43' title="bbox 2193 2454 3799 2530">
    <p class='ocr_par' dir='ltr' id='par_1_43' title="bbox 2193 2454 3799 2530">
     <span class='ocr_line' id='line_1_43' title="bbox 2193 2454 3799 2530; baseline 0.002 -22"><span class='ocrx_word' id='word_1_301' title='bbox 2193 2454 2469 2510; x_wconf 85' lang='lat' dir='ltr'>boramus</span> <span class='ocrx_word' id='word_1_302' title='bbox 2499 2455 2623 2521; x_wconf 90' lang='lat' dir='ltr'>tibi,</span> <span class='ocrx_word' id='word_1_303' title='bbox 2649 2455 2880 2528; x_wconf 90' lang='lat' dir='ltr'>tuisque</span> <span class='ocrx_word' id='word_1_304' title='bbox 2899 2457 3362 2524; x_wconf 88' lang='lat' dir='ltr'>successoribus,</span> <span class='ocrx_word' id='word_1_305' title='bbox 3388 2457 3662 2530; x_wconf 88' lang='lat' dir='ltr'>quidquid</span> <span class='ocrx_word' id='word_1_306' title='bbox 3690 2456 3799 2512; x_wconf 50' lang='lat' dir='ltr'>hac.</span> 
     </span>
    </p>
   </div>
   <div class='ocr_carea' id='block_1_44' title="bbox 2191 2543 3794 2618">
    <p class='ocr_par' dir='ltr' id='par_1_44' title="bbox 2191 2543 3794 2618">
     <span class='ocr_line' id='line_1_44' title="bbox 2191 2543 3794 2618; baseline 0.001 -22"><span class='ocrx_word' id='word_1_307' title='bbox 2191 2547 2362 2598; x_wconf 90' lang='lat' dir='ltr'>tenus</span> <span class='ocrx_word' id='word_1_308' title='bbox 2393 2543 2756 2614; x_wconf 88' lang='lat' dir='ltr'>possedistis,</span> <span class='ocrx_word' id='word_1_309' title='bbox 2789 2548 2846 2598; x_wconf 89' lang='lat' dir='ltr'>et</span> <span class='ocrx_word' id='word_1_310' title='bbox 2874 2543 3236 2616; x_wconf 88' lang='lat' dir='ltr'>acquisistis,</span> <span class='ocrx_word' id='word_1_311' title='bbox 3269 2551 3327 2601; x_wconf 90' lang='lat' dir='ltr'>et</span> <span class='ocrx_word' id='word_1_312' title='bbox 3345 2545 3607 2618; x_wconf 87' lang='lat' dir='ltr'>deinceps</span> <span class='ocrx_word' id='word_1_313' title='bbox 3621 2546 3794 2616; x_wconf 86' lang='lat' dir='ltr'>quovis</span> 
     </span>
    </p>
   </div>
   <div class='ocr_carea' id='block_1_45' title="bbox 2191 2631 3795 2706">
    <p class='ocr_par' dir='ltr' id='par_1_45' title="bbox 2191 2631 3795 2706">
     <span class='ocr_line' id='line_1_45' title="bbox 2191 2631 3795 2706; baseline 0.001 -20"><span class='ocrx_word' id='word_1_314' title='bbox 2191 2631 2361 2686; x_wconf 90' lang='lat' dir='ltr'>modo</span> <span class='ocrx_word' id='word_1_315' title='bbox 2390 2631 2652 2700; x_wconf 83' lang='lat' dir='ltr'>legaliter</span> <span class='ocrx_word' id='word_1_316' title='bbox 2679 2637 2737 2687; x_wconf 91' lang='lat' dir='ltr'>et</span> <span class='ocrx_word' id='word_1_317' title='bbox 2757 2633 2918 2702; x_wconf 88' lang='lat' dir='ltr'>juste</span> <span class='ocrx_word' id='word_1_318' title='bbox 2947 2633 3250 2704; x_wconf 89' lang='lat' dir='ltr'>acquirere</span> <span class='ocrx_word' id='word_1_319' title='bbox 3291 2632 3549 2705; x_wconf 89' lang='lat' dir='ltr'>poteritis</span> <span class='ocrx_word' id='word_1_320' title='bbox 3587 2633 3641 2688; x_wconf 90' lang='lat' dir='ltr'>in</span> <span class='ocrx_word' id='word_1_321' title='bbox 3691 2649 3795 2706; x_wconf 82' lang='lat' dir='ltr'>per-</span> 
     </span>
    </p>
   </div>
   <div class='ocr_carea' id='block_1_46' title="bbox 2193 2720 3794 2792">
    <p class='ocr_par' dir='ltr' id='par_1_46' title="bbox 2193 2720 3794 2792">
     <span class='ocr_line' id='line_1_46' title="bbox 2193 2720 3794 2792; baseline 0.001 -19"><span class='ocrx_word' id='word_1_322' title='bbox 2193 2723 2454 2790; x_wconf 90' lang='lat' dir='ltr'>petuum.</span> <span class='ocrx_word' id='word_1_323' title='bbox 2487 2720 2545 2775; x_wconf 92' lang='lat' dir='ltr'>Si</span> <span class='ocrx_word' id='word_1_324' title='bbox 2578 2720 2712 2791; x_wconf 87' lang='lat' dir='ltr'>quis</span> <span class='ocrx_word' id='word_1_325' title='bbox 2741 2725 2937 2776; x_wconf 89' lang='lat' dir='ltr'>autem</span> <span class='ocrx_word' id='word_1_326' title='bbox 2995 2737 3142 2778; x_wconf 88' lang='lat' dir='ltr'>ausu</span> <span class='ocrx_word' id='word_1_327' title='bbox 3201 2722 3508 2778; x_wconf 88' lang='lat' dir='ltr'>temerario</span> <span class='ocrx_word' id='word_1_328' title='bbox 3538 2721 3794 2792; x_wconf 79' lang='lat' dir='ltr'>impieque</span> 
     </span>
    </p>
   </div>
   <div class='ocr_carea' id='block_1_47' title="bbox 2191 2808 3792 2883">
    <p class='ocr_par' dir='ltr' id='par_1_47' title="bbox 2191 2808 3792 2883">
     <span class='ocr_line' id='line_1_47' title="bbox 2191 2808 3792 2883; baseline 0.001 -22"><span class='ocrx_word' id='word_1_329' title='bbox 2191 2808 2642 2879; x_wconf 82' lang='lat' dir='ltr'>praesumptione</span> <span class='ocrx_word' id='word_1_330' title='bbox 2653 2813 2853 2863; x_wconf 91' lang='lat' dir='ltr'>contra</span> <span class='ocrx_word' id='word_1_331' title='bbox 2869 2813 3046 2864; x_wconf 89' lang='lat' dir='ltr'>Deum</span> <span class='ocrx_word' id='word_1_332' title='bbox 3064 2813 3122 2866; x_wconf 90' lang='lat' dir='ltr'>et</span> <span class='ocrx_word' id='word_1_333' title='bbox 3134 2815 3372 2866; x_wconf 82' lang='lat' dir='ltr'>sanctos</span> <span class='ocrx_word' id='word_1_334' title='bbox 3383 2812 3510 2881; x_wconf 90' lang='lat' dir='ltr'>ejus</span> <span class='ocrx_word' id='word_1_335' title='bbox 3520 2809 3792 2883; x_wconf 84' lang='lat' dir='ltr'>apostolos,</span> 
     </span>
    </p>
   </div>
   <div class='ocr_carea' id='block_1_48' title="bbox 2191 2895 3791 2971">
    <p class='ocr_par' dir='ltr' id='par_1_48' title="bbox 2191 2895 3791 2971">
     <span class='ocr_line' id='line_1_48' title="bbox 2191 2895 3791 2971; baseline 0 -21"><span class='ocrx_word' id='word_1_336' title='bbox 2191 2898 2508 2966; x_wconf 82' lang='lat' dir='ltr'>contraque</span> <span class='ocrx_word' id='word_1_337' title='bbox 2537 2895 2793 2951; x_wconf 90' lang='lat' dir='ltr'>animam</span> <span class='ocrx_word' id='word_1_338' title='bbox 2826 2913 3020 2958; x_wconf 87' lang='lat' dir='ltr'>suam.</span> <span class='ocrx_word' id='word_1_339' title='bbox 3050 2897 3161 2953; x_wconf 90' lang='lat' dir='ltr'>hoc</span> <span class='ocrx_word' id='word_1_340' title='bbox 3205 2901 3404 2954; x_wconf 87' lang='lat' dir='ltr'>nostro</span> <span class='ocrx_word' id='word_1_341' title='bbox 3443 2897 3791 2971; x_wconf 66' lang='lat' dir='ltr'>apostolicae...</span> 
     </span>
    </p>
   </div>
   <div class='ocr_carea' id='block_1_49' title="bbox 2191 2981 3796 3056">
    <p class='ocr_par' dir='ltr' id='par_1_49' title="bbox 2191 2981 3796 3056">
     <span class='ocr_line' id='line_1_49' title="bbox 2191 2981 3796 3056; baseline 0.002 -19"><span class='ocrx_word' id='word_1_342' title='bbox 2191 2981 2617 3038; x_wconf 91' lang='lat' dir='ltr'>maledictionis</span> <span class='ocrx_word' id='word_1_343' title='bbox 2668 2983 2868 3040; x_wconf 88' lang='lat' dir='ltr'>aculeo</span> <span class='ocrx_word' id='word_1_344' title='bbox 2906 2989 3389 3056; x_wconf 89' lang='lat' dir='ltr'>transpunctum,</span> <span class='ocrx_word' id='word_1_345' title='bbox 3421 2991 3622 3043; x_wconf 68' lang='lat' dir='ltr'>nostra</span> <span class='ocrx_word' id='word_1_346' title='bbox 3662 3001 3796 3056; x_wconf 83' lang='lat' dir='ltr'>apos-</span> 
     </span>
    </p>
   </div>
   <div class='ocr_carea' id='block_1_50' title="bbox 2188 3069 3793 3146">
    <p class='ocr_par' dir='ltr' id='par_1_50' title="bbox 2188 3069 3793 3146">
     <span class='ocr_line' id='line_1_50' title="bbox 2188 3069 3793 3146; baseline 0.002 -22"><span class='ocrx_word' id='word_1_347' title='bbox 2188 3069 2373 3126; x_wconf 66' lang='lat' dir='ltr'>tolicae</span> <span class='ocrx_word' id='word_1_348' title='bbox 2419 3071 3041 3128; x_wconf 87' lang='lat' dir='ltr'>excommunicationis</span> <span class='ocrx_word' id='word_1_349' title='bbox 3089 3073 3206 3130; x_wconf 91' lang='lat' dir='ltr'>telo</span> <span class='ocrx_word' id='word_1_350' title='bbox 3255 3075 3606 3146; x_wconf 86' lang='lat' dir='ltr'>perfossum,</span> <span class='ocrx_word' id='word_1_351' title='bbox 3644 3073 3793 3128; x_wconf 87' lang='lat' dir='ltr'>nostri</span> 
     </span>
    </p>
   </div>
   <div class='ocr_carea' id='block_1_51' title="bbox 2189 3158 3793 3232">
    <p class='ocr_par' dir='ltr' id='par_1_51' title="bbox 2189 3158 3793 3232">
     <span class='ocr_line' id='line_1_51' title="bbox 2189 3158 3793 3232; baseline 0.002 -20"><span class='ocrx_word' id='word_1_352' title='bbox 2189 3159 2361 3212; x_wconf 89' lang='lat' dir='ltr'>etiam</span> <span class='ocrx_word' id='word_1_353' title='bbox 2377 3158 2676 3229; x_wconf 86' lang='lat' dir='ltr'>apostolici</span> <span class='ocrx_word' id='word_1_354' title='bbox 2689 3159 3081 3216; x_wconf 88' lang='lat' dir='ltr'>anathematis</span> <span class='ocrx_word' id='word_1_355' title='bbox 3093 3161 3290 3232; x_wconf 88' lang='lat' dir='ltr'>gladio</span> <span class='ocrx_word' id='word_1_356' title='bbox 3303 3167 3437 3218; x_wconf 91' lang='lat' dir='ltr'>tran</span> <span class='ocrx_word' id='word_1_357' title='bbox 3444 3163 3793 3219; x_wconf 86' lang='lat' dir='ltr'>everberatum</span> 
     </span>
    </p>
   </div>
   <div class='ocr_carea' id='block_1_52' title="bbox 2111 3246 3791 3334">
    <p class='ocr_par' dir='ltr' id='par_1_52' title="bbox 2111 3246 3791 3334">
     <span class='ocr_line' id='line_1_52' title="bbox 2111 3246 3791 3334; baseline 0.001 -35"><span class='ocrx_word' id='word_1_358' title='bbox 2111 3269 2154 3334; x_wconf 64' lang='grc' dir='ltr'>α</span> <span class='ocrx_word' id='word_1_359' title='bbox 2194 3262 2299 3300; x_wconf 90' lang='lat' dir='ltr'>nec</span> <span class='ocrx_word' id='word_1_360' title='bbox 2329 3246 2440 3301; x_wconf 89' lang='lat' dir='ltr'>nisi</span> <span class='ocrx_word' id='word_1_361' title='bbox 2460 3263 2576 3334; x_wconf 90' lang='lat' dir='ltr'>per</span> <span class='ocrx_word' id='word_1_362' title='bbox 2606 3247 2846 3318; x_wconf 78' lang='lat' dir='ltr'>dignam</span> <span class='ocrx_word' id='word_1_363' title='bbox 2877 3248 3343 3305; x_wconf 70' lang='lat' dir='ltr'>satisfactionem</span> <span class='ocrx_word' id='word_1_364' title='bbox 3376 3249 3548 3306; x_wconf 88' lang='lat' dir='ltr'>saluti</span> <span class='ocrx_word' id='word_1_365' title='bbox 3577 3249 3791 3322; x_wconf 73' lang='lat' dir='ltr'>pristinas</span> 
     </span>
    </p>
   </div>
   <div class='ocr_carea' id='block_1_53' title="bbox 2192 3333 3792 3403">
    <p class='ocr_par' dir='ltr' id='par_1_53' title="bbox 2192 3333 3792 3403">
     <span class='ocr_line' id='line_1_53' title="bbox 2192 3333 3792 3403; baseline 0.001 -16"><span class='ocrx_word' id='word_1_366' title='bbox 2192 3333 2602 3403; x_wconf 86' lang='lat' dir='ltr'>reparandum.</span> <span class='ocrx_word' id='word_1_367' title='bbox 2653 3334 2760 3398; x_wconf 88' lang='lat' dir='ltr'>Qui</span> <span class='ocrx_word' id='word_1_368' title='bbox 2812 3351 2945 3390; x_wconf 91' lang='lat' dir='ltr'>vero</span> <span class='ocrx_word' id='word_1_369' title='bbox 2995 3352 3058 3392; x_wconf 89' lang='lat' dir='ltr'>se</span> <span class='ocrx_word' id='word_1_370' title='bbox 3087 3336 3161 3392; x_wconf 89' lang='lat' dir='ltr'>ab</span> <span class='ocrx_word' id='word_1_371' title='bbox 3187 3336 3297 3392; x_wconf 87' lang='lat' dir='ltr'>hoc</span> <span class='ocrx_word' id='word_1_372' title='bbox 3334 3337 3718 3401; x_wconf 85' lang='lat' dir='ltr'>observaverit,</span> <span class='ocrx_word' id='word_1_373' title='bbox 3751 3339 3792 3390; x_wconf 87' lang='lat' dir='ltr'>et</span> 
     </span>
    </p>
   </div>
   <div class='ocr_carea' id='block_1_54' title="bbox 447 2763 2081 2833">
    <p class='ocr_par' dir='ltr' id='par_1_54' title="bbox 447 2763 2081 2833">
     <span class='ocr_line' id='line_1_54' title="bbox 447 2763 2081 2833; baseline 0.002 -13"><span class='ocrx_word' id='word_1_374' title='bbox 447 2765 719 2830; x_wconf 90' lang='lat' dir='ltr'>nasteria,</span> <span class='ocrx_word' id='word_1_375' title='bbox 735 2780 868 2820; x_wconf 89' lang='lat' dir='ltr'>cum</span> <span class='ocrx_word' id='word_1_376' title='bbox 883 2763 1062 2831; x_wconf 89' lang='lat' dir='ltr'>cellis,</span> <span class='ocrx_word' id='word_1_377' title='bbox 1077 2764 1358 2831; x_wconf 89' lang='lat' dir='ltr'>ecclesiis,</span> <span class='ocrx_word' id='word_1_378' title='bbox 1373 2765 1654 2833; x_wconf 90' lang='lat' dir='ltr'>curtibus,</span> <span class='ocrx_word' id='word_1_379' title='bbox 1697 2766 1870 2833; x_wconf 88' lang='lat' dir='ltr'>villis,</span> <span class='ocrx_word' id='word_1_380' title='bbox 1910 2767 2081 2823; x_wconf 91' lang='lat' dir='ltr'>villu-</span> 
     </span>
    </p>
   </div>
   <div class='ocr_carea' id='block_1_55' title="bbox 443 2851 2080 2928">
    <p class='ocr_par' dir='ltr' id='par_1_55' title="bbox 443 2851 2080 2928">
     <span class='ocr_line' id='line_1_55' title="bbox 443 2851 2080 2928; baseline 0.002 -20"><span class='ocrx_word' id='word_1_381' title='bbox 443 2853 539 2921; x_wconf 87' lang='lat' dir='ltr'>lis,</span> <span class='ocrx_word' id='word_1_382' title='bbox 573 2853 756 2910; x_wconf 89' lang='lat' dir='ltr'>servis</span> <span class='ocrx_word' id='word_1_383' title='bbox 785 2857 842 2908; x_wconf 89' lang='lat' dir='ltr'>et</span> <span class='ocrx_word' id='word_1_384' title='bbox 861 2851 1108 2918; x_wconf 89' lang='lat' dir='ltr'>ancillis,</span> <span class='ocrx_word' id='word_1_385' title='bbox 1133 2853 1315 2920; x_wconf 90' lang='lat' dir='ltr'>silvis,</span> <span class='ocrx_word' id='word_1_386' title='bbox 1341 2852 1545 2918; x_wconf 84' lang='lat' dir='ltr'>vineis,</span> <span class='ocrx_word' id='word_1_387' title='bbox 1590 2855 1835 2927; x_wconf 90' lang='lat' dir='ltr'>campis,</span> <span class='ocrx_word' id='word_1_388' title='bbox 1877 2855 2080 2928; x_wconf 90' lang='lat' dir='ltr'>pratis,</span> 
     </span>
    </p>
   </div>
   <div class='ocr_carea' id='block_1_56' title="bbox 444 2941 2082 3013">
    <p class='ocr_par' dir='ltr' id='par_1_56' title="bbox 444 2941 2082 3013">
     <span class='ocr_line' id='line_1_56' title="bbox 444 2941 2082 3013; baseline 0.001 -16"><span class='ocrx_word' id='word_1_389' title='bbox 444 2941 634 3013; x_wconf 85' lang='lat' dir='ltr'>aquis,</span> <span class='ocrx_word' id='word_1_390' title='bbox 649 2957 1052 3012; x_wconf 85' lang='lat' dir='ltr'>aquarumque</span> <span class='ocrx_word' id='word_1_391' title='bbox 1065 2941 1406 2997; x_wconf 86' lang='lat' dir='ltr'>decursibus</span> <span class='ocrx_word' id='word_1_392' title='bbox 1419 2947 1476 2996; x_wconf 90' lang='lat' dir='ltr'>et</span> <span class='ocrx_word' id='word_1_393' title='bbox 1489 2942 1644 2997; x_wconf 89' lang='lat' dir='ltr'>omni</span> <span class='ocrx_word' id='word_1_394' title='bbox 1656 2944 1762 2996; x_wconf 86' lang='lat' dir='ltr'>bus</span> <span class='ocrx_word' id='word_1_395' title='bbox 1775 2945 1944 2999; x_wconf 89' lang='lat' dir='ltr'>terris</span> <span class='ocrx_word' id='word_1_396' title='bbox 1960 2944 2082 2998; x_wconf 89' lang='lat' dir='ltr'>cul-</span> 
     </span>
    </p>
   </div>
   <div class='ocr_carea' id='block_1_57' title="bbox 444 3027 2078 3101">
    <p class='ocr_par' dir='ltr' id='par_1_57' title="bbox 444 3027 2078 3101">
     <span class='ocr_line' id='line_1_57' title="bbox 444 3027 2078 3101; baseline 0.001 -15"><span class='ocrx_word' id='word_1_397' title='bbox 444 3028 521 3086; x_wconf 87' lang='lat' dir='ltr'>tis</span> <span class='ocrx_word' id='word_1_398' title='bbox 532 3032 588 3085; x_wconf 93' lang='lat' dir='ltr'>et</span> <span class='ocrx_word' id='word_1_399' title='bbox 600 3027 834 3084; x_wconf 89' lang='lat' dir='ltr'>incultis</span> <span class='ocrx_word' id='word_1_400' title='bbox 847 3029 916 3083; x_wconf 91' lang='lat' dir='ltr'>ad</span> <span class='ocrx_word' id='word_1_401' title='bbox 931 3029 1294 3100; x_wconf 86' lang='lat' dir='ltr'>supradictas</span> <span class='ocrx_word' id='word_1_402' title='bbox 1308 3033 1622 3100; x_wconf 87' lang='lat' dir='ltr'>potestates</span> <span class='ocrx_word' id='word_1_403' title='bbox 1632 3031 1778 3101; x_wconf 85' lang='lat' dir='ltr'>perti</span> <span class='ocrx_word' id='word_1_404' title='bbox 1789 3049 1892 3086; x_wconf 73' lang='lat' dir='ltr'>non</span> <span class='ocrx_word' id='word_1_405' title='bbox 1905 3031 2078 3101; x_wconf 83' lang='lat' dir='ltr'>tibus,</span> 
     </span>
    </p>
   </div>
   <div class='ocr_carea' id='block_1_58' title="bbox 445 3115 2081 3190">
    <p class='ocr_par' dir='ltr' id='par_1_58' title="bbox 445 3115 2081 3190">
     <span class='ocr_line' id='line_1_58' title="bbox 445 3115 2081 3190; baseline 0.004 -20"><span class='ocrx_word' id='word_1_406' title='bbox 445 3116 558 3190; x_wconf 89' lang='lat' dir='ltr'>ipsi</span> <span class='ocrx_word' id='word_1_407' title='bbox 590 3115 715 3173; x_wconf 90' lang='lat' dir='ltr'>loco</span> <span class='ocrx_word' id='word_1_408' title='bbox 745 3115 1132 3183; x_wconf 87' lang='lat' dir='ltr'>Cluniacensi,</span> <span class='ocrx_word' id='word_1_409' title='bbox 1163 3117 1386 3188; x_wconf 87' lang='lat' dir='ltr'>tibique</span> <span class='ocrx_word' id='word_1_410' title='bbox 1415 3122 1470 3172; x_wconf 87' lang='lat' dir='ltr'>et</span> <span class='ocrx_word' id='word_1_411' title='bbox 1499 3119 1616 3173; x_wconf 90' lang='lat' dir='ltr'>tuis</span> <span class='ocrx_word' id='word_1_412' title='bbox 1647 3121 2081 3177; x_wconf 87' lang='lat' dir='ltr'>successoribus</span> 
     </span>
    </p>
   </div>
   <div class='ocr_carea' id='block_1_59' title="bbox 446 3203 2082 3278">
    <p class='ocr_par' dir='ltr' id='par_1_59' title="bbox 446 3203 2082 3278">
     <span class='ocr_line' id='line_1_59' title="bbox 446 3203 2082 3278; baseline 0.002 -18"><span class='ocrx_word' id='word_1_413' title='bbox 446 3221 548 3278; x_wconf 91' lang='lat' dir='ltr'>per</span> <span class='ocrx_word' id='word_1_414' title='bbox 575 3204 755 3276; x_wconf 88' lang='lat' dir='ltr'>hujus</span> <span class='ocrx_word' id='word_1_415' title='bbox 787 3205 965 3259; x_wconf 91' lang='lat' dir='ltr'>nostri</span> <span class='ocrx_word' id='word_1_416' title='bbox 999 3203 1281 3276; x_wconf 82' lang='lat' dir='ltr'>privilegii</span> <span class='ocrx_word' id='word_1_417' title='bbox 1314 3205 1714 3260; x_wconf 87' lang='lat' dir='ltr'>auctoritatem</span> <span class='ocrx_word' id='word_1_418' title='bbox 1749 3209 1995 3262; x_wconf 87' lang='lat' dir='ltr'>tenenda</span> <span class='ocrx_word' id='word_1_419' title='bbox 2025 3214 2082 3264; x_wconf 91' lang='lat' dir='ltr'>et</span> 
     </span>
    </p>
   </div>
   <div class='ocr_carea' id='block_1_60' title="bbox 441 3291 2080 3365">
    <p class='ocr_par' dir='ltr' id='par_1_60' title="bbox 441 3291 2080 3365">
     <span class='ocr_line' id='line_1_60' title="bbox 441 3291 2080 3365; baseline 0.002 -17"><span class='ocrx_word' id='word_1_420' title='bbox 441 3291 796 3365; x_wconf 83' lang='lat' dir='ltr'>possidenda</span> <span class='ocrx_word' id='word_1_421' title='bbox 825 3293 1198 3348; x_wconf 90' lang='lat' dir='ltr'>concedimus</span> <span class='ocrx_word' id='word_1_422' title='bbox 1219 3293 1276 3347; x_wconf 91' lang='lat' dir='ltr'>in</span> <span class='ocrx_word' id='word_1_423' title='bbox 1301 3297 1664 3364; x_wconf 88' lang='lat' dir='ltr'>perpetuum,</span> <span class='ocrx_word' id='word_1_424' title='bbox 1691 3294 1770 3348; x_wconf 93' lang='lat' dir='ltr'>ita</span> <span class='ocrx_word' id='word_1_425' title='bbox 1795 3299 1858 3350; x_wconf 93' lang='lat' dir='ltr'>ut</span> <span class='ocrx_word' id='word_1_426' title='bbox 1883 3293 2080 3352; x_wconf 89' lang='lat' dir='ltr'>nullus</span> 
     </span>
    </p>
   </div>
   <div class='ocr_carea' id='block_1_61' title="bbox 442 3381 2079 3456">
    <p class='ocr_par' dir='ltr' id='par_1_61' title="bbox 442 3381 2079 3456">
     <span class='ocr_line' id='line_1_61' title="bbox 442 3381 2079 3456; baseline 0.002 -20"><span class='ocrx_word' id='word_1_427' title='bbox 442 3381 580 3446; x_wconf 83' lang='lat' dir='ltr'>dux,</span> <span class='ocrx_word' id='word_1_428' title='bbox 612 3397 798 3453; x_wconf 89' lang='lat' dir='ltr'>neque</span> <span class='ocrx_word' id='word_1_429' title='bbox 826 3381 1154 3453; x_wconf 89' lang='lat' dir='ltr'>episcopus,</span> <span class='ocrx_word' id='word_1_430' title='bbox 1190 3397 1378 3452; x_wconf 88' lang='lat' dir='ltr'>neque</span> <span class='ocrx_word' id='word_1_431' title='bbox 1407 3381 1622 3453; x_wconf 86' lang='lat' dir='ltr'>aliquis</span> <span class='ocrx_word' id='word_1_432' title='bbox 1651 3382 1940 3456; x_wconf 87' lang='lat' dir='ltr'>princeps,</span> <span class='ocrx_word' id='word_1_433' title='bbox 1976 3401 2079 3440; x_wconf 91' lang='lat' dir='ltr'>ne-</span> 
     </span>
    </p>
   </div>
   <div class='ocr_carea' id='block_1_62' title="bbox 443 3469 2076 3543">
    <p class='ocr_par' dir='ltr' id='par_1_62' title="bbox 443 3469 2076 3543">
     <span class='ocr_line' id='line_1_62' title="bbox 443 3469 2076 3543; baseline 0.002 -18"><span class='ocrx_word' id='word_1_434' title='bbox 443 3486 556 3542; x_wconf 91' lang='lat' dir='ltr'>que</span> <span class='ocrx_word' id='word_1_435' title='bbox 583 3469 854 3540; x_wconf 72' lang='lat' dir='ltr'>quaelibet</span> <span class='ocrx_word' id='word_1_436' title='bbox 883 3486 1094 3541; x_wconf 88' lang='lat' dir='ltr'>magna</span> <span class='ocrx_word' id='word_1_437' title='bbox 1124 3486 1415 3542; x_wconf 82' lang='lat' dir='ltr'>parvaque</span> <span class='ocrx_word' id='word_1_438' title='bbox 1446 3487 1692 3542; x_wconf 88' lang='lat' dir='ltr'>persona</span> <span class='ocrx_word' id='word_1_439' title='bbox 1722 3471 1791 3526; x_wconf 91' lang='lat' dir='ltr'>de</span> <span class='ocrx_word' id='word_1_440' title='bbox 1823 3473 2076 3543; x_wconf 65' lang='lat' dir='ltr'>praefatis</span> 
     </span>
    </p>
   </div>
   <div class='ocr_carea' id='block_1_63' title="bbox 441 3557 2076 3631">
    <p class='ocr_par' dir='ltr' id='par_1_63' title="bbox 441 3557 2076 3631">
     <span class='ocr_line' id='line_1_63' title="bbox 441 3557 2076 3631; baseline 0.001 -17"><span class='ocrx_word' id='word_1_441' title='bbox 441 3557 719 3614; x_wconf 88' lang='lat' dir='ltr'>omnibus</span> <span class='ocrx_word' id='word_1_442' title='bbox 745 3559 920 3614; x_wconf 90' lang='lat' dir='ltr'>rebus</span> <span class='ocrx_word' id='word_1_443' title='bbox 957 3562 1014 3613; x_wconf 89' lang='lat' dir='ltr'>et</span> <span class='ocrx_word' id='word_1_444' title='bbox 1043 3558 1284 3614; x_wconf 89' lang='lat' dir='ltr'>decimis</span> <span class='ocrx_word' id='word_1_445' title='bbox 1316 3575 1442 3630; x_wconf 68' lang='lat' dir='ltr'>quze</span> <span class='ocrx_word' id='word_1_446' title='bbox 1491 3557 1634 3614; x_wconf 91' lang='lat' dir='ltr'>inibi</span> <span class='ocrx_word' id='word_1_447' title='bbox 1683 3559 1968 3631; x_wconf 88' lang='lat' dir='ltr'>pertinere</span> <span class='ocrx_word' id='word_1_448' title='bbox 1994 3561 2076 3615; x_wconf 90' lang='lat' dir='ltr'>vi-</span> 
     </span>
    </p>
   </div>
   <div class='ocr_carea' id='block_1_64' title="bbox 437 3645 2074 3718">
    <p class='ocr_par' dir='ltr' id='par_1_64' title="bbox 437 3645 2074 3718">
     <span class='ocr_line' id='line_1_64' title="bbox 437 3645 2074 3718; baseline 0.002 -18"><span class='ocrx_word' id='word_1_449' title='bbox 437 3645 671 3713; x_wconf 89' lang='lat' dir='ltr'>dentur,</span> <span class='ocrx_word' id='word_1_450' title='bbox 704 3645 915 3700; x_wconf 87' lang='lat' dir='ltr'>audeat</span> <span class='ocrx_word' id='word_1_451' title='bbox 942 3645 1270 3712; x_wconf 88' lang='lat' dir='ltr'>molestare,</span> <span class='ocrx_word' id='word_1_452' title='bbox 1300 3645 1386 3701; x_wconf 89' lang='lat' dir='ltr'>vel</span> <span class='ocrx_word' id='word_1_453' title='bbox 1428 3646 1767 3718; x_wconf 87' lang='lat' dir='ltr'>inquietare.</span> <span class='ocrx_word' id='word_1_454' title='bbox 1815 3649 1929 3704; x_wconf 90' lang='lat' dir='ltr'>Nec</span> <span class='ocrx_word' id='word_1_455' title='bbox 1959 3666 2074 3706; x_wconf 91' lang='lat' dir='ltr'>non</span> 
     </span>
    </p>
   </div>
   <div class='ocr_carea' id='block_1_65' title="bbox 2184 3419 3791 3497">
    <p class='ocr_par' dir='ltr' id='par_1_65' title="bbox 2184 3419 3791 3497">
     <span class='ocr_line' id='line_1_65' title="bbox 2184 3419 3791 3497; baseline 0.001 -23"><span class='ocrx_word' id='word_1_456' title='bbox 2184 3419 2527 3476; x_wconf 86' lang='lat' dir='ltr'>inviolatum</span> <span class='ocrx_word' id='word_1_457' title='bbox 2579 3420 2688 3476; x_wconf 87' lang='lat' dir='ltr'>hoc</span> <span class='ocrx_word' id='word_1_458' title='bbox 2745 3425 3012 3478; x_wconf 89' lang='lat' dir='ltr'>nostrum</span> <span class='ocrx_word' id='word_1_459' title='bbox 3072 3423 3448 3496; x_wconf 75' lang='lat' dir='ltr'>privilegium</span> <span class='ocrx_word' id='word_1_460' title='bbox 3502 3437 3791 3497; x_wconf 84' lang='lat' dir='ltr'>permanere</span> 
     </span>
    </p>
   </div>
   <div class='ocr_carea' id='block_1_66' title="bbox 2182 3507 3786 3584">
    <p class='ocr_par' dir='ltr' id='par_1_66' title="bbox 2182 3507 3786 3584">
     <span class='ocr_line' id='line_1_66' title="bbox 2182 3507 3786 3584; baseline 0.001 -22"><span class='ocrx_word' id='word_1_461' title='bbox 2182 3507 2523 3571; x_wconf 88' lang='lat' dir='ltr'>laudaverit,</span> <span class='ocrx_word' id='word_1_462' title='bbox 2553 3509 2646 3564; x_wconf 92' lang='lat' dir='ltr'>hic</span> <span class='ocrx_word' id='word_1_463' title='bbox 2694 3509 3176 3578; x_wconf 90' lang='lat' dir='ltr'>benedictionem,</span> <span class='ocrx_word' id='word_1_464' title='bbox 3236 3515 3514 3584; x_wconf 87' lang='lat' dir='ltr'>gratiam,</span> <span class='ocrx_word' id='word_1_465' title='bbox 3569 3517 3624 3568; x_wconf 84' lang='lat' dir='ltr'>et</span> <span class='ocrx_word' id='word_1_466' title='bbox 3647 3525 3786 3567; x_wconf 86' lang='lat' dir='ltr'>omne</span> 
     </span>
    </p>
   </div>
   <div class='ocr_carea' id='block_1_67' title="bbox 2183 3596 3786 3667">
    <p class='ocr_par' dir='ltr' id='par_1_67' title="bbox 2183 3596 3786 3667">
     <span class='ocr_line' id='line_1_67' title="bbox 2183 3596 3786 3667; baseline 0.001 -16"><span class='ocrx_word' id='word_1_467' title='bbox 2183 3596 2402 3652; x_wconf 82' lang='lat' dir='ltr'>bonum</span> <span class='ocrx_word' id='word_1_468' title='bbox 2434 3615 2469 3652; x_wconf 93' lang='lat' dir='ltr'><strong>a</strong></span> <span class='ocrx_word' id='word_1_469' title='bbox 2499 3597 2844 3654; x_wconf 86' lang='lat' dir='ltr'>retributore</span> <span class='ocrx_word' id='word_1_470' title='bbox 2874 3599 3139 3655; x_wconf 90' lang='lat' dir='ltr'>omnium</span> <span class='ocrx_word' id='word_1_471' title='bbox 3169 3601 3466 3658; x_wconf 89' lang='lat' dir='ltr'>bonorum</span> <span class='ocrx_word' id='word_1_472' title='bbox 3512 3602 3641 3667; x_wconf 91' lang='lat' dir='ltr'>Deo,</span> <span class='ocrx_word' id='word_1_473' title='bbox 3669 3606 3718 3655; x_wconf 88' lang='lat' dir='ltr'>et</span> <span class='ocrx_word' id='word_1_474' title='bbox 3741 3598 3786 3652; x_wconf 90' lang='lat' dir='ltr'>in</span> 
     </span>
    </p>
   </div>
   <div class='ocr_carea' id='block_1_68' title="bbox 435 3731 2071 3804">
    <p class='ocr_par' dir='ltr' id='par_1_68' title="bbox 435 3731 2071 3804">
     <span class='ocr_line' id='line_1_68' title="bbox 435 3731 2071 3804; baseline 0.003 -15"><span class='ocrx_word' id='word_1_475' title='bbox 435 3733 546 3790; x_wconf 87' lang='lat' dir='ltr'>sub</span> <span class='ocrx_word' id='word_1_476' title='bbox 575 3731 754 3789; x_wconf 89' lang='lat' dir='ltr'>divini</span> <span class='ocrx_word' id='word_1_477' title='bbox 769 3733 978 3804; x_wconf 89' lang='lat' dir='ltr'>judicii</span> <span class='ocrx_word' id='word_1_478' title='bbox 1009 3734 1429 3790; x_wconf 89' lang='lat' dir='ltr'>contestatione</span> <span class='ocrx_word' id='word_1_479' title='bbox 1459 3739 1514 3790; x_wconf 92' lang='lat' dir='ltr'>et</span> <span class='ocrx_word' id='word_1_480' title='bbox 1542 3734 1790 3792; x_wconf 91' lang='lat' dir='ltr'>districti</span> <span class='ocrx_word' id='word_1_481' title='bbox 1833 3737 2071 3794; x_wconf 89' lang='lat' dir='ltr'>anathe-</span> 
     </span>
    </p>
   </div>
   <div class='ocr_carea' id='block_1_69' title="bbox 434 3821 2073 3894">
    <p class='ocr_par' dir='ltr' id='par_1_69' title="bbox 434 3821 2073 3894">
     <span class='ocr_line' id='line_1_69' title="bbox 434 3821 2073 3894; baseline 0.002 -16"><span class='ocrx_word' id='word_1_482' title='bbox 434 3822 612 3878; x_wconf 90' lang='lat' dir='ltr'>matis</span> <span class='ocrx_word' id='word_1_483' title='bbox 640 3821 1080 3894; x_wconf 88' lang='lat' dir='ltr'>interpositione</span> <span class='ocrx_word' id='word_1_484' title='bbox 1107 3826 1430 3878; x_wconf 89' lang='lat' dir='ltr'>statuentes</span> <span class='ocrx_word' id='word_1_485' title='bbox 1461 3823 1832 3880; x_wconf 88' lang='lat' dir='ltr'>decernimus</span> <span class='ocrx_word' id='word_1_486' title='bbox 1863 3829 1926 3882; x_wconf 86' lang='lat' dir='ltr'>ut</span> <span class='ocrx_word' id='word_1_487' title='bbox 1949 3827 2073 3881; x_wconf 92' lang='lat' dir='ltr'>nul-</span> 
     </span>
    </p>
   </div>
   <div class='ocr_carea' id='block_1_70' title="bbox 432 3910 2067 3984">
    <p class='ocr_par' dir='ltr' id='par_1_70' title="bbox 432 3910 2067 3984">
     <span class='ocr_line' id='line_1_70' title="bbox 432 3910 2067 3984; baseline 0.002 -18"><span class='ocrx_word' id='word_1_488' title='bbox 432 3910 526 3966; x_wconf 85' lang='lat' dir='ltr'>lus</span> <span class='ocrx_word' id='word_1_489' title='bbox 555 3911 964 3984; x_wconf 90' lang='lat' dir='ltr'>episcoporum</span> <span class='ocrx_word' id='word_1_490' title='bbox 997 3927 1100 3966; x_wconf 89' lang='lat' dir='ltr'>nec</span> <span class='ocrx_word' id='word_1_491' title='bbox 1127 3910 1367 3982; x_wconf 91' lang='lat' dir='ltr'>quilibet</span> <span class='ocrx_word' id='word_1_492' title='bbox 1397 3912 1767 3967; x_wconf 89' lang='lat' dir='ltr'>sacerdotum</span> <span class='ocrx_word' id='word_1_493' title='bbox 1825 3913 1883 3968; x_wconf 93' lang='lat' dir='ltr'>in</span> <span class='ocrx_word' id='word_1_494' title='bbox 1916 3914 2067 3970; x_wconf 91' lang='lat' dir='ltr'>idem</span> 
     </span>
    </p>
   </div>
   <div class='ocr_carea' id='block_1_71' title="bbox 425 3998 2071 4071">
    <p class='ocr_par' dir='ltr' id='par_1_71' title="bbox 425 3998 2071 4071">
     <span class='ocr_line' id='line_1_71' title="bbox 425 3998 2071 4071; baseline 0.003 -18"><span class='ocrx_word' id='word_1_495' title='bbox 425 3999 753 4054; x_wconf 89' lang='lat' dir='ltr'>venerabile</span> <span class='ocrx_word' id='word_1_496' title='bbox 783 3999 1131 4069; x_wconf 74' lang='lat' dir='ltr'>coenobium,</span> <span class='ocrx_word' id='word_1_497' title='bbox 1165 4016 1269 4070; x_wconf 92' lang='lat' dir='ltr'>pro</span> <span class='ocrx_word' id='word_1_498' title='bbox 1300 3998 1495 4071; x_wconf 89' lang='lat' dir='ltr'>aliqua</span> <span class='ocrx_word' id='word_1_499' title='bbox 1524 3999 1906 4069; x_wconf 85' lang='lat' dir='ltr'>ordinatione,</span> <span class='ocrx_word' id='word_1_500' title='bbox 1952 4003 2071 4059; x_wconf 90' lang='lat' dir='ltr'>sive</span> 
     </span>
    </p>
   </div>
   <div class='ocr_carea' id='block_1_72' title="bbox 429 4085 2068 4162">
    <p class='ocr_par' dir='ltr' id='par_1_72' title="bbox 429 4085 2068 4162">
     <span class='ocr_line' id='line_1_72' title="bbox 429 4085 2068 4162; baseline 0.003 -20"><span class='ocrx_word' id='word_1_501' title='bbox 429 4086 862 4142; x_wconf 74' lang='lat' dir='ltr'>consecratione</span> <span class='ocrx_word' id='word_1_502' title='bbox 890 4087 1122 4142; x_wconf 78' lang='lat' dir='ltr'>oratorii</span> <span class='ocrx_word' id='word_1_503' title='bbox 1155 4087 1241 4142; x_wconf 90' lang='lat' dir='ltr'>vel</span> <span class='ocrx_word' id='word_1_504' title='bbox 1275 4085 1567 4155; x_wconf 88' lang='lat' dir='ltr'>altarium,</span> <span class='ocrx_word' id='word_1_505' title='bbox 1601 4089 2068 4162; x_wconf 84' lang='lat' dir='ltr'>presbyterorum</span> 
     </span>
    </p>
   </div>
   <div class='ocr_carea' id='block_1_73' title="bbox 429 4172 2067 4248">
    <p class='ocr_par' dir='ltr' id='par_1_73' title="bbox 429 4172 2067 4248">
     <span class='ocr_line' id='line_1_73' title="bbox 429 4172 2067 4248; baseline 0.005 -21"><span class='ocrx_word' id='word_1_506' title='bbox 429 4172 518 4230; x_wconf 89' lang='lat' dir='ltr'>vel</span> <span class='ocrx_word' id='word_1_507' title='bbox 548 4172 946 4243; x_wconf 88' lang='lat' dir='ltr'>diaconorum,</span> <span class='ocrx_word' id='word_1_508' title='bbox 973 4175 1404 4246; x_wconf 87' lang='lat' dir='ltr'>missarumque</span> <span class='ocrx_word' id='word_1_509' title='bbox 1431 4176 1834 4248; x_wconf 89' lang='lat' dir='ltr'>celebratione,</span> <span class='ocrx_word' id='word_1_510' title='bbox 1861 4179 1971 4234; x_wconf 84' lang='lat' dir='ltr'>nisi</span> <span class='ocrx_word' id='word_1_511' title='bbox 1995 4181 2067 4236; x_wconf 90' lang='lat' dir='ltr'>ab</span> 
     </span>
    </p>
   </div>
   <div class='ocr_carea' id='block_1_74' title="bbox 429 4261 2066 4333">
    <p class='ocr_par' dir='ltr' id='par_1_74' title="bbox 429 4261 2066 4333">
     <span class='ocr_line' id='line_1_74' title="bbox 429 4261 2066 4333; baseline 0.004 -18"><span class='ocrx_word' id='word_1_512' title='bbox 429 4261 639 4318; x_wconf 83' lang='lat' dir='ltr'>abbate</span> <span class='ocrx_word' id='word_1_513' title='bbox 666 4261 854 4333; x_wconf 91' lang='lat' dir='ltr'>ipsius</span> <span class='ocrx_word' id='word_1_514' title='bbox 880 4261 989 4318; x_wconf 85' lang='lat' dir='ltr'>loci</span> <span class='ocrx_word' id='word_1_515' title='bbox 1021 4261 1296 4319; x_wconf 87' lang='lat' dir='ltr'>invitatus</span> <span class='ocrx_word' id='word_1_516' title='bbox 1345 4264 1538 4330; x_wconf 83' lang='lat' dir='ltr'>fuerit,</span> <span class='ocrx_word' id='word_1_517' title='bbox 1589 4265 1782 4321; x_wconf 92' lang='lat' dir='ltr'>venire</span> <span class='ocrx_word' id='word_1_518' title='bbox 1839 4271 1941 4321; x_wconf 90' lang='lat' dir='ltr'>aut</span> <span class='ocrx_word' id='word_1_519' title='bbox 1977 4267 2066 4323; x_wconf 91' lang='lat' dir='ltr'>in-</span> 
     </span>
    </p>
   </div>
   <div class='ocr_carea' id='block_1_75' title="bbox 428 4349 2063 4426">
    <p class='ocr_par' dir='ltr' id='par_1_75' title="bbox 428 4349 2063 4426">
     <span class='ocr_line' id='line_1_75' title="bbox 428 4349 2063 4426; baseline 0.004 -21"><span class='ocrx_word' id='word_1_520' title='bbox 428 4349 591 4422; x_wconf 85' lang='lat' dir='ltr'>gredi</span> <span class='ocrx_word' id='word_1_521' title='bbox 618 4355 975 4423; x_wconf 76' lang='lat' dir='ltr'>praesumat;</span> <span class='ocrx_word' id='word_1_522' title='bbox 1009 4351 1106 4406; x_wconf 89' lang='lat' dir='ltr'>sed</span> <span class='ocrx_word' id='word_1_523' title='bbox 1167 4349 1336 4407; x_wconf 91' lang='lat' dir='ltr'>liceat</span> <span class='ocrx_word' id='word_1_524' title='bbox 1385 4352 1686 4408; x_wconf 89' lang='lat' dir='ltr'>monachis</span> <span class='ocrx_word' id='word_1_525' title='bbox 1733 4353 1920 4426; x_wconf 89' lang='lat' dir='ltr'>ipsius</span> <span class='ocrx_word' id='word_1_526' title='bbox 1955 4355 2063 4412; x_wconf 92' lang='lat' dir='ltr'>loci</span> 
     </span>
    </p>
   </div>
   <div class='ocr_carea' id='block_1_76' title="bbox 426 4438 2065 4512">
    <p class='ocr_par' dir='ltr' id='par_1_76' title="bbox 426 4438 2065 4512">
     <span class='ocr_line' id='line_1_76' title="bbox 426 4438 2065 4512; baseline 0.005 -20"><span class='ocrx_word' id='word_1_527' title='bbox 426 4438 828 4510; x_wconf 88' lang='lat' dir='ltr'>cujuscunque</span> <span class='ocrx_word' id='word_1_528' title='bbox 858 4439 1239 4494; x_wconf 89' lang='lat' dir='ltr'>ordinationis</span> <span class='ocrx_word' id='word_1_529' title='bbox 1267 4440 1515 4512; x_wconf 84' lang='lat' dir='ltr'>gradum</span> <span class='ocrx_word' id='word_1_530' title='bbox 1568 4439 1859 4497; x_wconf 88' lang='lat' dir='ltr'>voluerint</span> <span class='ocrx_word' id='word_1_531' title='bbox 1884 4444 2065 4500; x_wconf 89' lang='lat' dir='ltr'>susci-</span> 
     </span>
    </p>
   </div>
   <div class='ocr_carea' id='block_1_77' title="bbox 423 4526 2064 4604">
    <p class='ocr_par' dir='ltr' id='par_1_77' title="bbox 423 4526 2064 4604">
     <span class='ocr_line' id='line_1_77' title="bbox 423 4526 2064 4604; baseline 0.004 -21"><span class='ocrx_word' id='word_1_532' title='bbox 423 4541 561 4598; x_wconf 86' lang='lat' dir='ltr'>pere</span> <span class='ocrx_word' id='word_1_533' title='bbox 585 4526 939 4599; x_wconf 91' lang='lat' dir='ltr'>ubicunque,</span> <span class='ocrx_word' id='word_1_534' title='bbox 972 4527 1061 4582; x_wconf 91' lang='lat' dir='ltr'>vel</span> <span class='ocrx_word' id='word_1_535' title='bbox 1091 4544 1123 4583; x_wconf 91' lang='lat' dir='ltr'>a</span> <span class='ocrx_word' id='word_1_536' title='bbox 1153 4544 1499 4600; x_wconf 91' lang='lat' dir='ltr'>quocunque</span> <span class='ocrx_word' id='word_1_537' title='bbox 1526 4529 1633 4586; x_wconf 89' lang='lat' dir='ltr'>tibi</span> <span class='ocrx_word' id='word_1_538' title='bbox 1666 4529 1902 4604; x_wconf 89' lang='lat' dir='ltr'>tuisque</span> <span class='ocrx_word' id='word_1_539' title='bbox 1928 4549 2064 4589; x_wconf 88' lang='lat' dir='ltr'>suc-</span> 
     </span>
    </p>
   </div>
   <div class='ocr_carea' id='block_1_78' title="bbox 2182 3684 3263 3756">
    <p class='ocr_par' dir='ltr' id='par_1_78' title="bbox 2182 3684 3263 3756">
     <span class='ocr_line' id='line_1_78' title="bbox 2182 3684 3263 3756; baseline 0.002 -16"><span class='ocrx_word' id='word_1_540' title='bbox 2182 3684 2393 3742; x_wconf 67' lang='lat' dir='ltr'>seeculo</span> <span class='ocrx_word' id='word_1_541' title='bbox 2423 3692 2832 3756; x_wconf 88' lang='lat' dir='ltr'>consequatur,</span> <span class='ocrx_word' id='word_1_542' title='bbox 2863 3692 2923 3742; x_wconf 94' lang='lat' dir='ltr'>et</span> <span class='ocrx_word' id='word_1_543' title='bbox 2950 3687 3010 3742; x_wconf 89' lang='lat' dir='ltr'>in</span> <span class='ocrx_word' id='word_1_544' title='bbox 3043 3689 3263 3744; x_wconf 82' lang='lat' dir='ltr'>futuro.</span> 
     </span>
    </p>
   </div>
   <div class='ocr_carea' id='block_1_79' title="bbox 2252 3799 3785 3873">
    <p class='ocr_par' dir='ltr' id='par_1_79' title="bbox 2252 3799 3785 3873">
     <span class='ocr_line' id='line_1_79' title="bbox 2252 3799 3785 3873; baseline -0.001 -18"><span class='ocrx_word' id='word_1_545' title='bbox 2252 3799 2544 3869; x_wconf 90' lang='lat' dir='ltr'>Scriptum</span> <span class='ocrx_word' id='word_1_546' title='bbox 2577 3815 2680 3870; x_wconf 90' lang='lat' dir='ltr'>per</span> <span class='ocrx_word' id='word_1_547' title='bbox 2708 3816 2922 3855; x_wconf 90' lang='lat' dir='ltr'>manus</span> <span class='ocrx_word' id='word_1_548' title='bbox 2940 3801 3202 3873; x_wconf 84' lang='lat' dir='ltr'>Gregorii</span> <span class='ocrx_word' id='word_1_549' title='bbox 3225 3803 3441 3860; x_wconf 91' lang='lat' dir='ltr'>notarii</span> <span class='ocrx_word' id='word_1_550' title='bbox 3463 3808 3517 3860; x_wconf 89' lang='lat' dir='ltr'>et</span> <span class='ocrx_word' id='word_1_551' title='bbox 3537 3801 3785 3860; x_wconf 88' lang='lat' dir='ltr'>scriniarii</span> 
     </span>
    </p>
   </div>
   <div class='ocr_carea' id='block_1_80' title="bbox 2181 3887 3787 3960">
    <p class='ocr_par' dir='ltr' id='par_1_80' title="bbox 2181 3887 3787 3960">
     <span class='ocr_line' id='line_1_80' title="bbox 2181 3887 3787 3960; baseline 0.002 -19"><span class='ocrx_word' id='word_1_552' title='bbox 2181 3887 2329 3942; x_wconf 88' lang='lat' dir='ltr'>sacri</span> <span class='ocrx_word' id='word_1_553' title='bbox 2363 3887 2764 3943; x_wconf 89' lang='lat' dir='ltr'>Lateranensis</span> <span class='ocrx_word' id='word_1_554' title='bbox 2794 3887 3013 3960; x_wconf 88' lang='lat' dir='ltr'>palatii,</span> <span class='ocrx_word' id='word_1_555' title='bbox 3041 3889 3101 3944; x_wconf 92' lang='lat' dir='ltr'>in</span> <span class='ocrx_word' id='word_1_556' title='bbox 3136 3906 3346 3947; x_wconf 88' lang='lat' dir='ltr'>mense</span> <span class='ocrx_word' id='word_1_557' title='bbox 3395 3893 3604 3959; x_wconf 88' lang='lat' dir='ltr'>Martii,</span> <span class='ocrx_word' id='word_1_558' title='bbox 3633 3891 3787 3947; x_wconf 89' lang='lat' dir='ltr'>indic-</span> 
     </span>
    </p>
   </div>
   <div class='ocr_carea' id='block_1_81' title="bbox 2179 3975 2446 4031">
    <p class='ocr_par' dir='ltr' id='par_1_81' title="bbox 2179 3975 2446 4031">
     <span class='ocr_line' id='line_1_81' title="bbox 2179 3975 2446 4031; baseline -0.004 -1"><span class='ocrx_word' id='word_1_559' title='bbox 2179 3975 2338 4031; x_wconf 89' lang='lat' dir='ltr'>tione</span> <span class='ocrx_word' id='word_1_560' title='bbox 2367 3992 2446 4030; x_wconf 77' lang='lat' dir='ltr'>xx.</span> 
     </span>
    </p>
   </div>
   <div class='ocr_carea' id='block_1_82' title="bbox 2251 4091 3788 4164">
    <p class='ocr_par' dir='ltr' id='par_1_82' title="bbox 2251 4091 3788 4164">
     <span class='ocr_line' id='line_1_82' title="bbox 2251 4091 3788 4164; baseline 0.003 -20"><span class='ocrx_word' id='word_1_561' title='bbox 2251 4095 2454 4145; x_wconf 82' lang='lat' dir='ltr'>Datum</span> <span class='ocrx_word' id='word_1_562' title='bbox 2505 4091 2698 4145; x_wconf 66' lang='lat' dir='ltr'>Romae</span> <span class='ocrx_word' id='word_1_563' title='bbox 2749 4091 2805 4146; x_wconf 92' lang='lat' dir='ltr'>in</span> <span class='ocrx_word' id='word_1_564' title='bbox 2853 4091 3065 4164; x_wconf 70' lang='lat' dir='ltr'>palatio</span> <span class='ocrx_word' id='word_1_565' title='bbox 3116 4094 3523 4164; x_wconf 85' lang='lat' dir='ltr'>Lateranensi,</span> <span class='ocrx_word' id='word_1_566' title='bbox 3573 4095 3788 4154; x_wconf 90' lang='lat' dir='ltr'>secundo</span> 
     </span>
    </p>
   </div>
   <div class='ocr_carea' id='block_1_83' title="bbox 2175 4177 3784 4253">
    <p class='ocr_par' dir='ltr' id='par_1_83' title="bbox 2175 4177 3784 4253">
     <span class='ocr_line' id='line_1_83' title="bbox 2175 4177 3784 4253; baseline 0.001 -19"><span class='ocrx_word' id='word_1_567' title='bbox 2175 4179 2368 4234; x_wconf 88' lang='lat' dir='ltr'>Nonas</span> <span class='ocrx_word' id='word_1_568' title='bbox 2385 4177 2596 4242; x_wconf 86' lang='lat' dir='ltr'>Martii,</span> <span class='ocrx_word' id='word_1_569' title='bbox 2618 4195 2719 4250; x_wconf 90' lang='lat' dir='ltr'>per</span> <span class='ocrx_word' id='word_1_570' title='bbox 2736 4196 2944 4236; x_wconf 90' lang='lat' dir='ltr'>manus</span> <span class='ocrx_word' id='word_1_571' title='bbox 2963 4181 3294 4253; x_wconf 79' lang='lat' dir='ltr'>Humberti,</span> <span class='ocrx_word' id='word_1_572' title='bbox 3310 4191 3528 4241; x_wconf 65' lang='lat' dir='ltr'>sancta;</span> <span class='ocrx_word' id='word_1_573' title='bbox 3557 4183 3784 4241; x_wconf 67' lang='lat' dir='ltr'>Ecclesia</span> 
     </span>
    </p>
   </div>
   <div class='ocr_carea' id='block_1_84' title="bbox 2173 4265 3786 4340">
    <p class='ocr_par' dir='ltr' id='par_1_84' title="bbox 2173 4265 3786 4340">
     <span class='ocr_line' id='line_1_84' title="bbox 2173 4265 3786 4340; baseline 0.004 -20"><span class='ocrx_word' id='word_1_574' title='bbox 2173 4267 2336 4322; x_wconf 73' lang='lat' dir='ltr'>Silvae</span> <span class='ocrx_word' id='word_1_575' title='bbox 2369 4265 2637 4321; x_wconf 63' lang='lat' dir='ltr'>Candida;</span> <span class='ocrx_word' id='word_1_576' title='bbox 2668 4267 2921 4340; x_wconf 86' lang='lat' dir='ltr'>episcopi</span> <span class='ocrx_word' id='word_1_577' title='bbox 2945 4268 3450 4328; x_wconf 89' lang='lat' dir='ltr'>etbibliothecarii</span> <span class='ocrx_word' id='word_1_578' title='bbox 3471 4279 3670 4330; x_wconf 80' lang='lat' dir='ltr'>sancta-</span> <span class='ocrx_word' id='word_1_579' title='bbox 3699 4272 3786 4327; x_wconf 79' lang='lat' dir='ltr'>Ro-</span> 
     </span>
    </p>
   </div>
   <div class='ocr_carea' id='block_1_85' title="bbox 2175 4353 3784 4436">
    <p class='ocr_par' dir='ltr' id='par_1_85' title="bbox 2175 4353 3784 4436">
     <span class='ocr_line' id='line_1_85' title="bbox 2175 4353 3784 4436; baseline 0.001 -26"><span class='ocrx_word' id='word_1_580' title='bbox 2175 4372 2357 4411; x_wconf 74' lang='lat' dir='ltr'>mana:</span> <span class='ocrx_word' id='word_1_581' title='bbox 2387 4359 2444 4409; x_wconf 89' lang='lat' dir='ltr'>et</span> <span class='ocrx_word' id='word_1_582' title='bbox 2472 4353 2798 4426; x_wconf 71' lang='lat' dir='ltr'>apostolica:</span> <span class='ocrx_word' id='word_1_583' title='bbox 2829 4356 3008 4426; x_wconf 89' lang='lat' dir='ltr'>sedis,</span> <span class='ocrx_word' id='word_1_584' title='bbox 3039 4374 3194 4414; x_wconf 88' lang='lat' dir='ltr'>anno</span> <span class='ocrx_word' id='word_1_585' title='bbox 3227 4361 3424 4432; x_wconf 89' lang='lat' dir='ltr'>primo</span> <span class='ocrx_word' id='word_1_586' title='bbox 3452 4361 3784 4436; x_wconf 82' lang='lat' dir='ltr'>pontiﬁcatus</span> 
     </span>
    </p>
   </div>
   <div class='ocr_carea' id='block_1_86' title="bbox 2173 4442 3789 4517">
    <p class='ocr_par' dir='ltr' id='par_1_86' title="bbox 2173 4442 3789 4517">
     <span class='ocr_line' id='line_1_86' title="bbox 2173 4442 3789 4517; baseline 0.002 -19"><span class='ocrx_word' id='word_1_587' title='bbox 2173 4442 2371 4498; x_wconf 89' lang='lat' dir='ltr'>domni</span> <span class='ocrx_word' id='word_1_588' title='bbox 2413 4459 2573 4515; x_wconf 65' lang='lat' dir='ltr'>papae</span> <span class='ocrx_word' id='word_1_589' title='bbox 2631 4442 2910 4516; x_wconf 89' lang='lat' dir='ltr'>Stephani</span> <span class='ocrx_word' id='word_1_590' title='bbox 2953 4445 3184 4517; x_wconf 85' lang='lat' dir='ltr'>decimi,</span> <span class='ocrx_word' id='word_1_591' title='bbox 3235 4449 3561 4508; x_wconf 89' lang='lat' dir='ltr'>indictione</span> <span class='ocrx_word' id='word_1_592' title='bbox 3597 4446 3789 4506; x_wconf 83' lang='lat' dir='ltr'>undeci—</span> 
     </span>
    </p>
   </div>
   <div class='ocr_carea' id='block_1_87' title="bbox 2175 4549 2291 4588">
    <p class='ocr_par' dir='ltr' id='par_1_87' title="bbox 2175 4549 2291 4588">
     <span class='ocr_line' id='line_1_87' title="bbox 2175 4549 2291 4588; baseline -0.009 0"><span class='ocrx_word' id='word_1_593' title='bbox 2175 4549 2291 4588; x_wconf 90' lang='lat' dir='ltr'>ma.</span> 
     </span>
    </p>
   </div>
  </div>
