3916 6360
180 395 298 463 885
836 398 1254 469 GOZECHINI
1300 407 1805 472 SCHOLASTICI
1850 409 2233 473 EPISTULA
2282 412 2386 473 AD
2430 406 2939 477 VALGHERUM.

1469 753 1643 798 ClBCA
1687 754 1898 800 ANNUM
1941 756 2160 801 DOHINI
2201 757 2369 802 κως.

664 877 1722 1015 GOZECHINUS
1822 885 3084 1021 SCHOLASTICUS.

686 1366 787 1425 DE
833 1365 1277 1427 GOZECHINO
1322 1367 1853 1431 SCHOLASTICO
1899 1370 1999 1430 ET
2043 1370 2455 1433 OPUSCULO
2501 1370 3065 1443 SUBSEQUENTI.

912 1498 1099 1569 (Apud
1134 1498 1671 1555 Galland.Bz’bli0th.
1702 1503 1879 1569 Patr.,
1911 1504 2055 1556 tom.
2089 1501 2231 1570 XIV,
2266 1502 2513 1574 Proleg.,
2549 1517 2681 1574 pag.
2712 1502 2833 1572 VIII)

1663 1633 2088 1644 ————_

243 1728 866 1803 Gozechinusmutione
896 1729 1449 1803 Germanus,Leodii
1482 1728 1798 1803 aliquando
1828 1730 2051 1803 litteras
2084 1732 2281 1803 docuit
2310 1732 2429 1797 ;ubi
2461 1732 2616 1787 inter
2645 1732 2791 1787 disei
2802 1732 2968 1803 pulos
2998 1731 3205 1789 habuit
3224 1688 3577 1792 Valcherum

166 1801 485 1881 quemdam
508 1800 632 1881 sibi
662 1816 1022 1881 magnopere
1046 1801 1388 1881 charum,_ad
1416 1800 1604 1881 quem"
1622 1802 1825 1881 scribit
1855 1802 2172 1874 longiorem
2207 1802 2370 1881 illam
2403 1803 2711 1881 epistolae.
2738 1800 2936 1881 51mm
2963 1804 3404 1881 ea_liibemus,ex
3425 1807 3581 1881 _A_na-

168 1870 337 1923 lectis
370 1870 942 1948 Mabi‘llﬁuspieatur
971 1872 1122 1948 idem
1155 1870 1529 1948 hiabillonius
1559 1872 1904 1948 Vale-herum
1930 1870 2042 1929 nim
2065 1892 2191 1948 esse
2215 1874 2394 1948 alium
2423 1870 2455 1929 ἐ
2477 1874 2704 1948 V_altero
2735 1870 3249 1948 Bu_rgungtione,de
3270 1870 3387 1948 quo
3405 1876 3579 1934 Adel-

168 1957 385 2013 manus
414 1941 473 1995 in
504 1941 1150 2012 Rhyththuercbatur
1167 1942 1486 1997 Valcherus
1514 1944 1663 2013 quod
1688 1944 2059 1999 immutasset
2080 1946 2412 2000 cathedram
2436 1950 2491 2000 et
2508 1941 3566 2004 LeodiumGozecbinusdeséruisset:

166 2011 288 2088 cui,
321 2012 421 2088 sed
458 2011 775 2088 praesertim
808 2013 1154 2088 adversariis
1185 2014 1308 2069 suis
1339 2011 1667 2088 respondet,
1704 2014 2029 2086 apologiam
2052 2018 2186 2071 l'acti
2217 2017 2641 2088 seribens.Post
2670 2033 2848 2088 quam
2879 2016 3055 2071 etiam
3087 2019 3342 2073 excurrit
3365 2019 3437 2074 ad
3469 2019 3574 2075 de-

169 2082 458 2166 ploranda
490 2083 772 2166 proliaius
803 2083 959 2166 mala
983 2085 1074 2165 sui
1104 2085 1404 2166 temporis,
1436 2082 1829 2166 quae-propter
1853 2082 2195 2166 depravatohs
2227 2104 2418 2166 mores
2449 2092 2507 2142 et
2537 2082 2786 2143 haeresin
2812 2088 3189 2166 potissimum
3239 2089 3573 2166 Berengarii

168 2154 406 2240 invecta.
433 2154 861 2240 fuerant..ll‘lu'd
894 2156 1143 2235 maxime
1175 2154 1909 2240 ostendere.n‘ititur,posse
1929 2154 2272 2240 quempiam
2305 2160 2568 2214 deserere
2598 2154 3032 2240 eos,.a_q_uibus
3064 2176 3272 2240 parum
3303 2159 3391 2240 vel
3423 2154 3572 2240 nihil

167 2225 441 2305 utilitatis
473 2230 781 2305 exspectet.
816 2227 1120 2305 Hominem
1154 2228 1435 2305 se__prodit
1468 2225 1801 2305 litterarum
1834 2225 2339 2305 non:inerudi_tum
2372 2247 2473 2305 pro
2493 2225 2774 2305 temporis
2799 2225 3575 2305 illiuscondition_e.Scripta

165 2302 260 2352 est
288 2296 534 2369 epistola
564 2296 736 2369 paulo
766 2303 900 2369 post
931 2303 1177 2352 mortem
1210 2298 1438 2353 Henrici
1471 2300 1838 2371 imperatoris
1868 2304 1923 2355 et
1955 2300 2245 2356 Luitboldi
2277 2296 2696 2373 archiepiscopi
2728 2303 2829 2373 qui
2859 2300 3005 2356 obiit
3033 2318 3127 2356 an.
3162 2302 3323 2357 4059.

873 2595 1744 2754 GOZECHINI
1849 2595 2870 2755 SCHOLASTICI

1568 2842 2178 2936 EPISTOLA

644 3020 737 3075 AD
776 3018 1231 3075 VALCHERUM
1272 3019 1520 3075 ITIDEM
1561 3018 2133 3087 SCHOLASTICUM,
2176 3019 2376 3075 SUUM
2418 3019 2597 3075 OLIM
2636 3018 3093 3076 DISCIPULUM.

1043 3145 1231 3216 (Apud
1267 3143 1533 3201 Galland.
1568 3143 1828 3199 Biblioth.
1862 3145 2013 3200 Patr.
2048 3148 2187 3200 tom.
2222 3143 2366 3213 XIV,
2398 3161 2529 3217 pag.
2561 3145 2709 3215 230.)

168 3297 547 3404 Praemissa
576 3296 927 3404 apologia,
977 3294 1166 3404 quod
1197 3295 1436 3404 relicto
1479 3294 1931 3404 Laodicensis
1971 3294 2320 3404 cathedrze
2362 3295 2797 3394 magisterio,
2834 3290 3286 3404 Moguntiam
3336 3315 3573 3404 seces—

267 3395 458 3483 serit,
496 3391 683 3467 mala
721 3391 825 3466 sui
863 3393 1200 3490 temporis
1239 3392 1577 3489 deplorat,
1598 3416 1683 3465 ex
1706 3393 2117 3490 Berengarii
2142 3393 2445 3466 maxime
2466 3391 2793 3489 perversa
2811 3391 3133 3466 doctrina
3155 3395 3561 3464 consecuta.

240 3699 284 3753 Ι.
319 3695 588 3752 Unanimi
618 3712 723 3750 suo
748 3693 907 3749 fratri
932 3691 1123 3748 etfilio
1145 3692 1468 3761 VALCHERO,
1496 3693 1673 3748 frater
1700 3692 1811 3747 Go-
1841 3692 1895 3757 Α
1926 3692 2104 3747 ﬂuam
2138 3690 2448 3763 mergitum
2468 3695 2525 3747 et
2545 3691 2817 3747 foliorum
2838 3689 3153 3758 luxuriem,
3179 3689 3559 3761 postmodum

164 3801 464 3851 zucamus,
496 3784 554 3838 in
588 3800 653 3838 eo
683 3783 840 3853 quod
871 3786 1129 3849 estesse,
1165 3781 1403 3835 feliciter
1438 3798 1655 3837 coesse.
1706 3781 1813 3836 Re-
1925 3781 1996 3835 de
2025 3786 2316 3836 cremento
2364 3784 2421 3835 et
2469 3780 2659 3835 fructu
2692 3781 2820 3851 ejus
2849 3779 3187 3851 gauderem.
3222 3777 3364 3845 Quis
3411 3777 3569 3834 enim

167 3874 435 3931 tractatis
477 3872 920 3944 multiplicibus,
954 3888 1079 3941 qua:
1114 3870 1255 3925 mihi
1297 3888 1446 3941 smpe
1485 3871 1555 3925 ad
1607 3876 1815 3925 nutum
1926 3869 2150 3940 plantat
2180 3869 2431 3935 vineam,
2463 3872 2519 3924 et
2548 3868 2618 3923 de
2639 3868 2827 3923 fructu
2850 3868 2979 3937 ejus
3010 3883 3129 3922 non
3158 3863 3415 3937 accipit?
3445 3865 3566 3938 Ego

168 3961 512 4023 exhibuisti,
535 3959 948 4015 benevolentia
971 3958 1311 4029 impendiis,
1339 3958 1641 4030 multiplex
1663 3977 1697 4013 a
1726 3975 1819 4013 me
1928 3974 2058 4012 vero
2090 3974 2486 4029 saepenumero
2511 3956 2728 4013 laboris
2760 3956 2874 4013 mei
2924 3955 3154 4012 dulcem
3198 3954 3419 4011 messui
3448 3953 3573 4009 fru-

169 4052 302 4117 tibi,
336 4049 698 4115 charissime,
732 4053 788 4103 et
817 4048 1065 4102 habetur
1092 4052 1149 4101 et
1191 4050 1437 4102 refertur
1466 4047 1681 4119 gratia;
1718 4064 1821 4101 nec

173 4141 367 4198 solum
399 4155 502 4211 pro
533 4136 711 4205 dulci,
735 4137 1001 4207 jucunda
1039 4152 1104 4191 ac
1140 4136 1301 4191 suavi
1331 4141 1591 4191 veterum
1633 4152 1820 4191 recor-

173 4231 432 4296 datione,
467 4228 567 4283 sed
583 4231 637 4281 et
661 4242 763 4296 pro
788 4224 991 4280 festiva
1014 4225 1145 4279 novi
1170 4225 1429 4279 muneris
1447 4224 1819 4279 exhibitione.

174 4318 387 4375 Misisti
425 4316 581 4371 enim
605 4314 750 4369 mihi
780 4330 955 4385 quem
985 4313 1252 4385 petebam
1283 4313 1521 4380 librum,
1561 4313 1827 4369 videlicet

174 4423 357 4481 Opera
412 4404 731 4476 digitorum
778 4407 1036 4468 tuorum,
1078 4401 1137 4455 in
1175 4418 1290 4473 quo
1341 4401 1511 4473 plane
1567 4402 1826 4457 ostendis

176 4494 385 4570 quanti
415 4510 508 4549 me
541 4492 744 4557 facias,
768 4507 1062 4563 quamque
1084 4490 1140 4545 id
1163 4491 1317 4562 quod
1351 4507 1442 4546 me
1472 4490 1618 4547 velle
1648 4490 1824 4559 nosti,

176 4602 299 4643 non
330 4583 389 4639 in
431 4581 704 4637 secundis
733 4580 973 4635 habeas.
1007 4579 1112 4643 Oui
1145 4579 1346 4651 utique
1376 4578 1523 4634 liber
1550 4579 1631 4634 ita
1659 4580 1827 4634 inno-

172 4678 278 4731 vat
316 4676 527 4729 cuncta
569 4687 694 4743 quae
744 4669 890 4723 mihi
955 4667 1200 4723 antehae
1251 4668 1589 4740 impendisti
1647 4669 1830 4724 chari-

173 4761 324 4820 tatis
372 4759 564 4827 xenia,
610 4775 676 4815 ac
724 4758 773 4813 si
819 4774 887 4813 ea
942 4774 1143 4812 secum
1202 4758 1488 4829 gregatim
1550 4757 1829 4812 revehens

177 4849 331 4907 mihi
379 4849 552 4905 sistat
590 4847 919 4919 prasentia.
972 4846 1139 4900 Hune
1192 4860 1328 4917 ergo
1378 4844 1477 4899 diu
1536 4862 1571 4900 a
1627 4850 1684 4900 te
1731 4861 1828 4900 ex-

176 4941 513 5011 spectatum
543 4940 608 4991 ut
644 4935 899 5007 primum
928 4933 1067 5000 vidi,
1105 4937 1172 4987 ut
1203 4933 1260 4988 in
1294 4934 1569 4988 manibus
1611 4933 1826 5005 accepi,

178 5032 241 5082 et
271 5024 550 5082 articulos
593 5028 746 5087 tuos,
797 5022 915 5076 imo
954 5026 1012 5076 te
1059 5021 1253 5090 ipsum
1298 5021 1355 5075 in
1401 5037 1467 5075 eo
1516 5021 1744 5093 agnovi,
1777 5024 1834 5076 et

180 5120 345 5173 totus
370 5115 428 5168 in
460 5129 668 5167 novam
700 5111 784 5165 tui
826 5110 1197 5164 dilectionem
1240 5109 1472 5179 penitus
1517 5110 1726 5176 exarsi,
1768 5126 1833 5164 ac

181 5205 237 5261 si
277 5202 523 5258 antehac
568 5203 871 5272 expertum
928 5216 1045 5253 non
1086 5197 1441 5252 dilexissem.
1489 5199 1648 5253 Serio
1701 5215 1834 5254 vero

182 5290 518 5362 triumphat
546 5288 800 5352 animus,
835 5287 986 5358 quod
1019 5286 1194 5341 rudes
1233 5285 1510 5341 articulos
1550 5291 1683 5341 tuos
1733 5286 1834 5341 ali-

181 5379 423 5455 quando
454 5378 581 5450 ipse
611 5392 792 5432 manu
822 5391 955 5430 mea
985 5374 1057 5429 ad
1091 5374 1466 5429 scribendum
1499 5375 1831 5439 direxerim,

182 5467 461 5542 quodque
490 5464 640 5521 male
668 5468 934 5520 tornatos
960 5462 1175 5535 apices,
1207 5468 1532 5534 ceteraque
1562 5463 1617 5516 id
1651 5480 1836 5534 genus

184 5574 318 5630 quin
348 5561 549 5611 tenera
571 5557 769 5624 peccat
794 5557 952 5619 aetas,
986 5569 1164 5623 super
1196 5553 1437 5607 dorsum
1462 5558 1625 5606 tuum
1660 5552 1834 5606 cude-

184 5648 322 5712 rim,
355 5648 421 5700 ut
451 5641 671 5700 scilicet
695 5642 766 5698 de
796 5639 1111 5697 arbuscula
1147 5646 1346 5696 nostra
1370 5647 1585 5713 putans
1630 5657 1832 5713 super-

1931 4053 2091 4101 ctum
2118 4047 2178 4101 in
2211 4046 2302 4101 bis
2336 4046 2552 4117 quibus
2591 4063 2622 4101 a
2651 4061 2745 4102 me
2774 4044 3052 4117 plantatis
3081 4049 3141 4100 et
3177 4042 3381 4117 rigatis
3418 4042 3577 4099 Deus

1931 4136 2091 4191 dedit
2132 4136 2557 4191 incrementum
2606 4152 2618 4190 :
2671 4152 2706 4190 a
2736 4133 2897 4189 nullo
2927 4137 3124 4190 tamen
3157 4149 3362 4190 eorum
3412 4135 3580 4189 tanta

1934 4224 2079 4278 mihi
2123 4224 2348 4279 amuxit
2400 4224 2689 4290 fertilitas,
2735 4223 2877 4295 quin
2908 4237 3139 4294 semper
3169 4238 3204 4278 a
3229 4225 3287 4277 te
3316 4218 3579 4277 cumula-

1936 4320 2029 4368 tor
2059 4312 2204 4367 mihi
2246 4312 2500 4367 arrideat
2524 4313 2690 4366 bonas
2722 4311 2906 4383 frugis
2935 4311 3195 4371 ubertas.

2006 4402 2056 4457 ΙΙ
2110 4402 2175 4456 Et
2206 4419 2236 4456 o
2265 4400 2487 4456 utinam
2520 4417 2724 4455 omnes
2754 4400 3064 4472 utriusque
3083 4398 3354 4455 auditorii
3387 4396 3572 4453 nostri

1935 4489 2191 4546 asseclas
2217 4488 2363 4544 tales
2393 4488 2745 4544 enutrissem
2771 4487 2783 4542 ι
2819 4488 3044 4543 utinam
3065 4486 3154 4544 vel
3184 4503 3370 4543 unum
3398 4484 3577 4542 talem

1935 4578 2256 4635 senectutis
2285 4594 2423 4633 meae
2444 4577 2718 4633 baculum
2742 4576 2894 4632 inter
2912 4592 3012 4632 eos
3032 4575 3289 4632 invenire
3310 4572 3576 4648 possem!

1937 4668 2038 4723 sed
2072 4667 2214 4723 heu!
2239 4667 2410 4738 juxta
2438 4666 2591 4737 quod
2624 4665 2886 4720 divinum
2919 4682 3022 4736 per
3050 4663 3393 4737 prophetam
3437 4679 3577 4719 con-

1937 4755 2203 4827 queritur
2257 4754 2578 4821 oraculum,
2638 4752 2809 4809 hodie
2864 4757 2953 4809 est
3008 4752 3161 4809 ﬁlios
3219 4751 3477 4809 enutrirc
3523 4755 3584 4808 et

1937 4843 2224 4912 exaltare;
2274 4844 2433 4915 ipsos
2486 4847 2681 4898 autem
2731 4846 2940 4914 praeter
2985 4842 3306 4899 admodum
3336 4857 3581 4915 paucos,

1938 4933 2287 4988 exaltantem
2320 4949 2381 4985 se
2412 4947 2703 5003 spernere.
2738 4929 3005 4986 Viderint
3047 4934 3244 4986 autem
3276 4929 3378 5003 qui
3428 4929 3591 5002 ejus-

1941 5021 2099 5076 modi
2132 5024 2290 5087 sunt,
2323 5036 2394 5075 ne
2427 5036 2526 5091 pro
2575 5022 2907 5090 contemptu
2959 5019 3106 5074 bene
3152 5018 3447 5075 monentis
3492 5034 3596 5091 pa-

1942 5110 2070 5178 tris,
2103 5128 2136 5164 a
2171 5110 2335 5163 Patre
2376 5114 2608 5180 patrum
2652 5108 2955 5180 priventur
2983 5112 3336 5166 testamento
3368 5111 3593 5165 mterna

1945 5198 2322 5254 hzereditatis.

2016 5287 2113 5341 Ill.
2156 5288 2238 5341 'l‘u
2282 5302 2438 5352 vero,
2488 5285 2567 5340 mi
2604 5285 2972 5356 charissima,
3014 5288 3101 5343 fac
3149 5287 3300 5360 quod
3341 5282 3588 5356 coepisti,

1945 5381 2262 5445 augmenta
2291 5374 2348 5429 in
2385 5377 2577 5444 majus
2600 5380 2655 5429 et
2678 5374 2889 5432 melius
2919 5393 3045 5448 quae
3076 5393 3110 5431 a
3137 5392 3232 5436 me
3252 5374 3403 5429 bona
3430 5386 3591 5427 acce-

1943 5462 2104 5534 pisti,
2156 5480 2261 5518 nec
2287 5480 2321 5518 a
2340 5468 2444 5517 tua
2466 5480 2727 5534 unquam
2758 5464 2992 5520 desinas
3021 5458 3429 5518 innumerabili
3449 5475 3591 5531 erga

1947 5569 2038 5606 me
2072 5553 2452 5622 benignitate,
2487 5569 2589 5624 pro
2627 5569 2744 5623 qua
2773 5554 2845 5608 ab
2877 5569 2941 5609 eo
2973 5552 3068 5623 qui
3102 5549 3203 5605 tibi
3237 5566 3329 5605 me
3362 5564 3586 5621 priapo-

1948 5642 2087 5709 suit,
2121 5648 2334 5697 aeterna
2365 5640 2598 5697 doneris
2627 5640 2978 5698 haereditate.
3018 5638 3134 5697 Hoc
3172 5654 3306 5695 vero
3349 5653 3453 5697 nec
3482 5653 3587 5696 no-
