3916 6372
337 379 454 444 887
1530 387 1676 448 GOZ
1687 381 1942 448 EGHlNI
1993 379 2514 445 SGHOLASTICI.
3629 377 3772 442 888

335 533 472 574 vum
511 514 673 584 facis,
707 535 810 574 nec
841 521 1047 590 praeter
1069 517 1326 582 solitum,
1353 519 1400 574 si
1421 523 1474 574 te
1493 519 1632 573 mihi
1659 522 1774 572 tam
1798 515 1958 570 cxhi-
1991 512 2048 584 Α
2075 517 2130 571 et
2160 514 2303 570 ratio
2335 519 2648 588 pateretur,
2679 513 2973 572 continuis
3003 513 3304 589 pulsarem
3335 531 3520 572 aures
3555 515 3774 589 preci-

332 605 435 662 bes
457 606 774 678 benignum
799 624 811 661 :
839 609 938 663 sed
963 613 1166 663 etcum
1190 609 1376 663 adhuc
1399 609 1506 662 sub
1529 605 1776 662 scholari
1801 606 1965 660 ﬂeres
2072 603 2183 658 bus
2214 603 2415 658 divina:
2445 604 2694 676 pietatis,
2733 603 2780 658 si
2813 603 2955 660 forte
2988 605 3157 659 detur
3197 609 3432 660 nostras
3493 605 3766 662 admitti

334 693 539 760 ferula,
573 695 775 750 eadem
800 695 940 750 mihi
964 697 1248 750 serviebas
1271 694 1662 749 benevolentia
1687 712 1698 748 :
1723 697 1780 748 et
1809 693 1962 764 quod
2071 708 2238 746 voces
2269 693 2420 746 intra
2449 692 2772 748 sacrarium
2793 693 3183 748 exauditionis
3219 711 3232 747 :
3267 697 3586 765 quatenus
3623 699 3768 750 tan-

336 783 408 837 de
427 784 662 847 te,utde
683 783 1072 838 caeterissolus
1092 789 1278 838 metus
1298 784 1963 852 sufﬁceretextorquere,
2073 779 2204 833 dem
2237 779 2547 850 aliquando
2576 797 2640 835 eo
2671 779 2780 835 loci
2811 797 2917 836 nos
2949 785 3284 852 componat,
3331 781 3434 836 ubi
3491 785 3613 838 tua
3669 783 3766 838 vel

334 873 399 924 tu
428 887 543 941 pra:
573 871 814 936 caeteris,
848 877 911 925 ut
939 871 998 924 in
1027 870 1126 925 tali
1159 871 1452 924 animante
1477 870 1684 938 conjici
1716 872 1962 941 poterat,
2073 865 2320 922 aliorum
2351 867 2564 938 quibus
2594 868 2876 936 concrevi,
2897 869 2984 923 vel
3013 885 3162 941 quos
3187 869 3438 924 enutrivi
3467 871 3770 944 benigni-

333 959 523 1030 magis
543 959 648 1014 hoc
664 959 969 1014 exhibebas
987 959 1246 1014 ultronea
1263 959 1536 1024 bonitate;
1562 959 1702 1013 adeo
1723 961 1786 1012 ut
1807 961 1964 1011 totus
2073 959 2208 1022 tale,
2235 973 2370 1025 qua,
2394 956 2532 1010 dum
2553 957 2811 1022 vacabat,
2828 957 3090 1027 jucunde
3117 957 3332 1012 fruitus
3355 975 3496 1014 sum
3511 1001 3526 1027 ,
3545 959 3770 1016 adhuc

333 1047 402 1101 de
433 1051 575 1101 nutu
608 1047 722 1101 oris
755 1046 864 1100 mei
896 1047 1196 1116 penderes,
1243 1063 1345 1101 nec
1377 1047 1696 1117 quidquam
1731 1047 1800 1100 de
1833 1060 1961 1098 ver-
2074 1044 2186 1098 frui
2235 1043 2418 1112 liceat,
2466 1045 2616 1099 sicut
2649 1046 2831 1116 prius,
2864 1049 2920 1100 et
2949 1046 3019 1101 de
3047 1049 3240 1102 vestro
3291 1048 3582 1104 convictu
3625 1049 3768 1122 glo-

333 1136 424 1191 bis
459 1137 600 1191 meis
633 1136 686 1189 in
715 1140 927 1190 terram
959 1136 1160 1190 cadere
1201 1137 1582 1206 permitteres.
1619 1136 1879 1205 Cumque
1909 1137 1966 1188 te
2075 1132 2206 1186 riari
2231 1134 2384 1188 sicut
2409 1133 2752 1204 antiquitus.

335 1224 524 1278 adhuc
555 1241 795 1295 puerum
828 1225 898 1278 ob
931 1224 1266 1294 hujusmodi
1315 1225 1553 1296 diligere
1583 1225 1875 1295 cmperim,
1908 1225 1966 1278 et
2143 1221 2234 1274 Vl.
2261 1222 2418 1276 Licet
2437 1222 2590 1276 enim
2611 1239 2853 1277 aureum
2875 1223 3038 1295 regni
3057 1227 3252 1295 caput,
3279 1224 3505 1280 nobilis
3527 1225 3764 1282 videli-

333 1317 568 1382 propter
615 1313 727 1366 alia
756 1314 1018 1383 quaedam
1051 1314 1218 1384 signa
1255 1313 1482 1367 virtutis
1513 1313 1570 1366 in
1603 1317 1657 1368 te
1681 1315 1804 1382 jam
1839 1317 1962 1366 tum
2074 1312 2164 1363 cet
2197 1310 2511 1380 Moguntia,
2543 1310 2835 1366 mcllilluis
2859 1311 3144 1366 ubertatis
3165 1329 3284 1367 sum
3309 1313 3481 1380 rivis,
3513 1315 3760 1385 quibus

330 1401 668 1468 eminentia,
691 1402 905 1455 factum
928 1407 1012 1456 est
1035 1418 1268 1456 accessu
1293 1402 1498 1468 retatis,
1521 1405 1582 1456 ut
1603 1417 1763 1472 spem
1789 1402 1958 1455 hone-
2075 1397 2331 1467 undique
2360 1398 2566 1466 affluit,
2597 1398 2819 1453 liberali
2855 1416 2945 1454 me
2971 1401 3281 1472 aspergine
3329 1403 3670 1472 perfundat
3701 1409 3766 1458 et

333 1488 568 1542 stiorem
600 1489 800 1543 indies
822 1491 891 1544 de
923 1493 975 1544 te
993 1493 1304 1561 captarem,
1339 1491 1709 1545 considerans
1741 1490 1854 1543 vim
1879 1490 1963 1543 in-
2073 1485 2130 1538 in
2163 1485 2634 1556 splendidissima
2649 1488 2800 1542 sacri
2832 1493 3070 1542 senatus
3101 1489 3194 1543 sui
3215 1505 3435 1544 corona
3467 1507 3596 1546 non
3637 1491 3762 1546 hu-

334 1577 570 1630 dustriaz
601 1581 713 1631 tua:
747 1579 817 1632 ad
851 1579 1258 1633 obscuritatem
1308 1577 1641 1644 lectionum,
1677 1577 1964 1649 sagaeita-
2075 1573 2197 1628 mili
2219 1573 2342 1628 loco
2367 1573 2784 1629 mihicurulem
2805 1580 3012 1646 ponat;
3047 1581 3257 1646 praeter
3285 1593 3498 1633 omnes
3529 1581 3756 1634 tamen

336 1671 474 1730 tem,
505 1666 886 1738 vigilantiam,
921 1683 1164 1721 acumen
1197 1666 1400 1721 alacris
1435 1667 1648 1734 ingenii
1697 1668 1764 1722 ad
1801 1668 1966 1736 fugas
2075 1666 2160 1736 (ut
2181 1682 2320 1736 pace
2341 1666 2468 1735 ejus
2491 1663 2756 1734 dixerim)
2780 1663 3030 1736 angulus
3053 1663 3151 1719 ille
3171 1664 3316 1719 mihi
3341 1665 3519 1736 ridet,
3559 1683 3760 1738 quem

340 1755 646 1810 subtilium
671 1771 862 1809 rerum
899 1771 910 1808 :
945 1755 1085 1808 adeo
1119 1759 1180 1808 ut
1211 1772 1342 1808 cum
1375 1756 1562 1809 cazteri
1596 1755 1965 1812 catechcseos
2076 1759 2262 1810 mater
2293 1754 2465 1827 Legia
2497 1753 2628 1808 forti
2649 1753 2930 1808 virtutum
2953 1753 3160 1809 robore
3182 1755 3410 1810 nodosa
3435 1755 3761 1828 indigenis

339 1847 550 1900 nostrae
581 1843 873 1898 auditores
903 1843 1077 1897 verba
1109 1843 1370 1910 magistri
1415 1844 1585 1897 dictis
1614 1843 1700 1898 vel
1733 1845 1964 1917 scriptis
1999 1881 2044 1944 Β
2073 1844 2196 1900 suis
2248 1848 2368 1898 tam
2416 1843 2832 1910 delectabilem,
2875 1859 3052 1914 quam
3087 1843 3427 1914 jucundum
3475 1844 3760 1900 exhibet.

339 1931 700 2002 nequiverint
721 1931 1107 2002 aaquiparare;
1133 1935 1192 1985 tu
1215 1931 1388 1985 etiam
1413 1937 1598 1986 totum
1624 1934 1966 2004 magistrum
1999 1931 2043 1944 "
2079 1937 2210 2005 Ipsa
2237 1932 2414 1998 enim,
2449 1935 2511 1986 ut
2532 1932 2705 1997 nosti,
2729 1948 2796 1986 ex
2825 1931 3070 1986 occidua
3099 1932 3192 1988 sui
3225 1935 3412 2004 parte,
3439 1949 3564 1988 non
3601 1933 3760 1989 sub-

337 2022 394 2075 in
428 2025 482 2075 te
511 2020 787 2074 videreris
811 2020 1236 2075 transfundere.
1253 2020 1413 2075 Unde
1436 2025 1492 2076 et
1513 2037 1616 2092 ego
1635 2039 1768 2076 eum
1793 2022 1967 2078 fratre
2077 2021 2212 2076 ditis
2235 2021 2469 2076 collium
2493 2020 2655 2075 clivis
2671 2021 2985 2076 clementer
3004 2025 3221 2092 erecta,
3245 2021 3613 2093 geminoque
3631 2039 3756 2094 pu-

337 2112 434 2164 tuo
456 2112 662 2163 etcum
689 2109 908 2163 cmteris
931 2108 1134 2164 amicis
1158 2109 1506 2180 quibuscum
1530 2111 1830 2180 oportebat
1851 2111 1970 2183 glo-
2077 2109 2210 2164 blici
2245 2109 2458 2165 montis
2487 2109 2720 2174 reflexu,
2752 2109 2849 2180 qui
2883 2109 2940 2163 in
2969 2109 3148 2164 dorso
3177 2125 3290 2164 non
3323 2109 3588 2166 multum
3627 2128 3760 2166 au-

336 2197 546 2266 riabar,
578 2197 826 2269 speciale
847 2198 1136 2268 quoddam
1171 2197 1314 2252 mihi
1337 2213 1660 2253 accrescere
1691 2199 1746 2252 in
1780 2201 1970 2255 areola
2078 2200 2225 2266 daci,
2259 2203 2508 2270 quatuor
2539 2197 2818 2269 regularis
2848 2198 2975 2252 vitai
3017 2203 3208 2270 gestat
3229 2213 3468 2270 greges;
3507 2199 3758 2270 ipsius,

338 2303 514 2357 quam
560 2287 896 2357 plantabam
927 2289 1276 2351 aromatum,
1308 2286 1528 2342 scilicet
1559 2286 1709 2342 inter
1739 2288 1967 2344 adultos
2077 2287 2800 2360 inquam,geminoreflexu
2817 2285 3068 2341 molliter
3082 2286 3762 2359 situata,sicutgallina

337 2378 392 2429 te
422 2374 741 2445 sapientem
776 2391 1040 2445 puerum.
2079 2374 2264 2446 pullos
2295 2392 2453 2438 suos,
2479 2374 2556 2428 ita
2579 2374 2697 2428 haec
2727 2373 2879 2429 filios
2901 2391 3042 2430 suos
3065 2374 3176 2430 sub
3209 2373 3331 2428 alas
3370 2373 3628 2446 colligit,
3659 2375 3756 2430 fo-

411 2465 501 2517 IV.
537 2463 642 2516 Ubi
673 2480 803 2517 vero
827 2467 882 2516 te
920 2463 1182 2517 adultum
1217 2469 1447 2535 propter
1481 2464 1664 2521 bonos
1695 2483 1882 2522 mores
1915 2472 1970 2521 et
2078 2468 2168 2518 vet
2198 2467 2253 2518 et
2285 2463 2486 2530 nutrit,
2521 2467 2574 2517 et
2606 2463 2676 2516 ad
2711 2479 2882 2517 omne
2917 2463 3072 2534 quod
3105 2461 3274 2518 civile
3323 2461 3420 2532 sit,
3453 2467 3513 2518 et
3555 2465 3758 2518 mori-

337 2552 463 2604 vitae
511 2551 872 2605 honestatem
931 2552 1252 2621 gaudebam
1296 2551 1498 2607 sedulo
1553 2570 1778 2608 mecum
1819 2571 1966 2621 esse,
2077 2552 2188 2606 bus
2220 2553 2523 2618 conducat,
2549 2551 2824 2606 informat
2851 2555 2908 2606 et
2937 2551 3178 2606 instruit
3211 2568 3222 2606 :
3259 2567 3368 2606 nec
3397 2551 3752 2623 quidquam

338 2639 472 2709 quid
507 2644 560 2694 te
590 2639 832 2710 gratius,
868 2640 1004 2710 quid
1031 2645 1082 2694 te
1107 2641 1437 2706 amabilius,
1474 2642 1615 2696 mihi
1638 2649 1759 2698 erat
1783 2643 1793 2697 l
1819 2661 1968 2699 nun-
2077 2641 2294 2711 patitur
2323 2641 2546 2704 deesse.
2578 2640 2732 2710 quod
2762 2639 2848 2694 vel
2867 2641 3096 2710 copiam
3117 2655 3336 2710 regere,
3361 2639 3448 2694 vel
3469 2639 3760 2711 inopiam

337 2727 614 2798 quidnam
666 2726 897 2797 aliquis.
949 2725 1032 2781 vel
1066 2725 1284 2797 aliquid
1334 2733 1559 2798 poterat
1603 2729 1965 2796 intervenire,
2078 2729 2262 2801 possit
2289 2733 2629 2799 temperare.
2663 2727 2974 2782 Allubcscit
2994 2745 3228 2799 quoque
3251 2731 3312 2782 at
3328 2725 3504 2782 alluit
3525 2729 3608 2783 ad
3633 2727 3760 2785 loci

337 2816 488 2885 quod
516 2819 570 2870 te
601 2815 752 2886 apud
788 2831 878 2870 me
909 2815 968 2868 in
1000 2814 1271 2869 secundis
1299 2817 1495 2870 fecerit
1524 2834 1650 2871 esse
1671 2819 1696 2872 ?
1727 2835 1792 2872 ac
1827 2817 1972 2873 mul-
2079 2817 2506 2872 munimentum
2548 2819 2604 2870 et
2633 2816 2808 2887 copia:
2840 2815 3316 2887 supplementum
3362 2833 3482 2871 non
3521 2819 3765 2874 subitis

335 2909 528 2958 tarum
549 2903 782 2975 quidem
807 2919 1000 2956 rerum
1023 2907 1196 2972 atque
1213 2903 1516 2959 hominum
1542 2907 1855 2962 assiduitas
1877 2923 1967 2961 sa-
2079 2905 2397 2978 allapsibus
2418 2905 2670 2959 bicornis
2689 2905 2867 2972 Mosa,
2901 2904 3247 2960 ﬂuminibus
3275 2910 3492 2960 nostrae
3525 2905 3768 2978 Belgis:

337 2991 596 3046 tietatem
639 2992 839 3045 all‘erre
879 2989 1064 3045 solet:
1101 2995 1154 3044 te
1185 3008 1313 3046 vero
1345 2993 1486 3046 mihi
1519 2994 1674 3048 domi
1717 2996 1970 3066 forisque
2079 2993 2500 3050 nonimmerito
2521 2993 2903 3064 pracferenda:
2931 3009 3058 3064 quae
3097 3009 3214 3047 non
3256 2992 3453 3048 solum
3485 2994 3762 3064 civibus,

339 3078 884 3149 eonjunetissimum
917 3080 1274 3133 consuetudo
1297 3080 1424 3151 ipsa
1454 3081 1626 3136 altius
1659 3083 1966 3150 inserebat;
2078 3084 2178 3138 sed
2212 3087 2268 3137 et
2300 3082 2588 3154 indigenis
2617 3087 2780 3136 terrae
2815 3081 3064 3153 piscium
3097 3081 3266 3153 copia
3299 3081 3432 3136 ﬂuit
3463 3083 3764 3156 dapsilis,

339 3171 403 3222 ut
433 3166 690 3236 quotidie
721 3166 937 3237 gratior
967 3166 1362 3238 recentiorque
1391 3169 1706 3224 habereris.
1741 3172 1806 3226 Et
1849 3187 1966 3226 me-
2003 3232 2038 3244 Α
2076 3171 2249 3226 variis
2277 3171 2555 3224 mercium
2576 3170 2998 3224 commeatibus
3021 3169 3558 3242 habilis,omnique
3583 3189 3768 3244 pror-

339 3232 900 3325 rito-quidemiNam
933 3258 986 3308 te
1008 3253 1147 3307 mihi
1175 3255 1230 3308 in
1254 3232 1478 3311 cunctis
1495 3257 1634 3312 adeo
1656 3259 1966 3316 exhibebas
1997 3232 2040 3299 (ἶ
2079 3276 2181 3314 sus
2210 3259 2688 3314 commoditatum
2707 3273 2915 3329 genere
2937 3232 3346 3324 conducibilis,
3365 3232 3623 3332 exceptb
3663 3265 3764 3334 (ut

339 3343 700 3406 unanimem,
728 3347 912 3396 utnon
930 3342 1116 3396 solum
1141 3344 1208 3397 de
1223 3361 1494 3399 successu
1519 3362 1645 3400 meo
1663 3349 1968 3418 gauderes,
2076 3348 2244 3402 venia
2271 3353 2372 3402 tua
2401 3347 2666 3418 satyrico,
2701 3346 2832 3400 licet
2863 3347 2988 3402 sine
3015 3351 3200 3402 metro
3223 3345 3454 3418 ludam)
3487 3351 3670 3420 quod
3705 3353 3760 3407 si

339 3447 534 3486 verum
567 3434 643 3496 et,
678 3431 724 3486 si
756 3432 986 3501 quando
1006 3449 1094 3485 res
1119 3437 1345 3486 nostras
1369 3434 1609 3488 adversa
1638 3438 1969 3493 concussis-
2079 3436 2310 3508 quando
2337 3436 2395 3490 in
2421 3435 2748 3490 convivium
2781 3435 3022 3490 deorum
3046 3452 3180 3490 cum
3203 3437 3531 3507 nubigenis
3555 3441 3765 3494 amni-

341 3524 489 3586 sent,
523 3523 585 3574 tu
617 3518 800 3574 multo
831 3519 1095 3574 acerbius
1127 3520 1424 3592 multoque
1469 3521 1767 3593 indignius
1798 3529 1971 3596 atque
2075 3525 2186 3580 bus
2216 3524 2492 3580 fratribus
2513 3523 2657 3590 suis,
2679 3523 3104 3594 cumquedﬁolo
3135 3529 3362 3596 rege,et
3391 3525 3595 3582 ventis
3614 3528 3762 3584 suis

343 3623 468 3678 ego,
493 3607 662 3677 cujus
693 3607 966 3662 intererat
989 3607 1280 3662 tolerarcs.
1307 3611 1692 3681 Eratquejam
1725 3616 1848 3668 tum
1879 3631 1970 3669 ex-
2077 3615 2229 3669 intra
2269 3613 2546 3684 palatium
2590 3611 2838 3666 Junonis
2870 3612 3205 3680 adciscitur,
3239 3613 3382 3666 dum
3415 3611 3632 3686 longis
3659 3615 3762 3671 la-

335 3694 508 3766 periri
559 3699 842 3766 quantum
891 3695 1084 3750 valcas
1121 3697 1295 3751 etiam
1328 3697 1588 3764 consilio,
1624 3700 1764 3755 dum
1797 3704 1967 3758 modo
2073 3702 2312 3758 boribus
2342 3701 2642 3767 exhausta,
2679 3699 2848 3754 solito
2879 3700 3116 3772 uperius
3147 3699 3304 3756 IEolo
3343 3701 3760 3772 propinante,

331 3783 686 3854 profectibus
708 3783 922 3838 nostris
936 3784 1196 3854 gnaviter
1211 3787 1540 3854 annuendo,
1563 3789 1732 3843 modo
1751 3789 1966 3846 ineom-
2071 3793 2231 3847 nives
2264 3790 2346 3845 vel
2379 3790 2595 3844 imbres
2614 3787 3202 3844 adhibensinebriata
3221 3789 3583 3858 revertitur;
3619 3795 3760 3848 col-

328 3871 516 3926 modis
531 3870 772 3926 viriliter
791 3871 1650 3946 obtinendo.resnostras:sa3pe
1673 3876 1730 3930 in
1755 3878 1963 3934 melius
2071 3880 2235 3935 lectis
2265 3877 2632 3932 inﬂuentium
2665 3877 2772 3931 sibi
2806 3876 3112 3931 fluviorum
3147 3875 3352 3948 copiis,
3387 3877 3558 3932 velut
3591 3897 3760 3938 cou-

322 3959 621 4015 reduxisti.
648 3961 704 4015 Si
742 3961 973 4031 quando
1005 3978 1136 4016 vero
1168 3963 1239 4017 ab
1271 3963 1652 4018 exterioribus
1674 3965 1817 4021 mihi
1847 3983 1960 4022 non
2069 3973 2250 4022 tracto
2272 3965 2543 4032 exercitu,
2566 3981 2666 4035 per
2687 3964 2980 4036 regionem
3002 3963 3392 4019 circumcirca
3415 3964 3762 4038 lymphato

323 4049 566 4102 vacabat
616 4049 862 4119 negotiis
899 4048 1106 4116 fcriari,
1139 4055 1198 4104 tu
1229 4051 1380 4105 vices
1404 4051 1659 4106 absentis
1693 4055 1960 4125 magistri
2068 4073 2240 4112 cursu
2287 4053 2697 4118 debacchatur,
2745 4068 2987 4123 qumque
3021 4053 3132 4107 sibi
3179 4052 3347 4108 obvia
3379 4055 3654 4125 proterit
3690 4063 3758 4114 et

321 4135 474 4190 inter
499 4136 770 4206 adjutorii
803 4137 984 4191 nostri
1003 4139 1386 4193 concelliones
1411 4139 1492 4194 ita
1523 4144 1958 4213 exsequebaris,
2068 4145 2406 4219 populatur;
2433 4147 2715 4197 nocturna
2737 4142 3090 4214 piscatorum
3110 4142 3286 4209 furta,
3313 4159 3444 4214 quae
3469 4144 3602 4201 illis
3627 4146 3758 4204 im-

322 4228 388 4277 ut
417 4240 658 4295 qumque
679 4224 764 4279 vel
789 4225 1051 4296 legendo,
1084 4225 1171 4281 vel
1194 4227 1546 4298 disputando
1577 4229 1844 4301 perplexe
1867 4233 1952 4288 in-
2065 4251 2217 4306 pune
2249 4233 2492 4287 cessisse
2523 4247 2673 4301 szepe
2703 4230 2986 4300 dequesta
3015 4235 3124 4298 est,
3159 4229 3485 4302 prohibens
3525 4237 3748 4304 punit;

321 4309 636 4378 tricata,vel
673 4311 728 4365 in
753 4312 1166 4384 theosophicis,
1191 4314 1272 4368 vel
1307 4314 1362 4368 in
1387 4313 1722 4387 sophistiéis
1753 4335 1952 4374 oceur-
2063 4327 2188 4378 sata
2220 4337 2344 4392 qua:
2369 4317 2514 4374 avidi
2541 4317 2828 4389 agricolae,
2850 4317 3062 4373 littoris
3086 4318 3318 4373 virectis
3349 4320 3580 4376 audaci
3621 4325 3754 4380 sul-

321 4398 568 4466 rissent;
602 4417 666 4455 ea
698 4401 953 4456 nodosus
985 4401 1106 4472 ipse
1139 4403 1423 4474 sagaciter
1452 4406 1750 4474 enodares,
1785 4411 1838 4462 et
1883 4409 1954 4465 de
2059 4427 2124 4466 co
2155 4408 2400 4472 violatis,
2435 4407 2532 4461 ubi
2579 4406 2701 4477 ipsa
2733 4405 2904 4461 vellet
2933 4405 3250 4472 meridiari,
3285 4405 3752 4480 insperserant,

317 4486 408 4542 his
439 4489 872 4561 ambigentibus
905 4490 974 4544 ad
997 4495 1192 4545 votum
1226 4491 1608 4548 satisfaceres.
2056 4497 2198 4554 eluit
2253 4501 2308 4552 et
2351 4499 2624 4566 prostrat.
2671 4493 2785 4550 Nos
2833 4509 3064 4565 quoque
3105 4495 3412 4566 indignata
3458 4496 3746 4556 littoreis

381 4575 446 4630 V.
482 4577 624 4632 Cum
657 4577 776 4632 haec
809 4582 864 4633 ct
895 4578 1229 4648 hujusmodi
1265 4579 1432 4652 plura
1461 4581 1542 4635 ita
1573 4599 1634 4637 se
1669 4582 1941 4654 habeant,
1979 4589 2021 4654 Ι)
2053 4584 2326 4658 aquatilis
2358 4583 2501 4639 aulae
2535 4599 2652 4636 sum
2677 4582 2840 4637 atriis
2869 4581 3084 4654 placito
3114 4583 3366 4638 vicinius
3393 4583 3748 4660 insedisse,

309 4678 646 4732 possumne,
679 4683 798 4733 oro,
829 4667 1194 4737 probitatem,
1221 4667 1591 4737 industriam,
1619 4670 1943 4742 benignita-
2056 4681 2111 4731 et
2159 4674 2388 4730 calones
2435 4676 2666 4727 nostros
2697 4686 2824 4726 eam
2857 4671 3070 4742 saepius
3109 4671 3462 4743 inquietare,
3506 4675 3750 4734 domos

307 4753 423 4806 tem
451 4757 635 4821 tuam,
671 4759 990 4825 ceteraque
1019 4755 1073 4810 id
1097 4772 1280 4827 genus
1311 4758 1476 4812 bonae
1506 4762 1562 4812 et
1590 4759 1942 4832 circumspe-
2054 4769 2281 4820 nostras
2311 4779 2425 4816 non
2457 4758 2700 4831 supplex
2741 4759 3107 4830 ingreditur;
3162 4759 3582 4832 omnibusque
3633 4781 3744 4820 ex-

308 4841 413 4892 ctze
443 4841 572 4894 vitae
605 4843 806 4897 munia
833 4843 1121 4900 oblivione
1151 4845 1762 4919 transmittere,teque,
1797 4865 1867 4905 ne
1891 4851 1940 4906 si
2050 4851 2259 4923 pulsis,
2283 4849 2424 4904 nihil
2447 4849 2770 4919 deprecata,
2791 4845 3073 4902 violenter
3093 4847 3452 4919 hospitatur.
3481 4851 3564 4906 Et
3587 4856 3750 4924 quia

307 4925 480 4980 velim
513 4928 771 4998 quidem,
805 4947 918 4985 non
949 4949 1144 4987 amare
1165 4935 1192 4988 ‘?
1219 4935 1335 5005 Ego
1359 4952 1490 4989 vero
1513 4940 1578 4990 ut
1607 4936 1768 5007 prius
1795 4937 1854 4993 in
1885 4942 1940 4994 te
2047 4940 2260 5011 smpius
2288 4955 2354 4993 ac
2386 4934 2733 4990 familiarius
2771 4935 3005 4990 inimico
3039 4935 3152 4991 sibi
3185 4935 3423 4990 numini
3475 4943 3743 5014 suppli-

307 5027 486 5082 puero
507 5015 844 5084 prmclarum
877 5017 1152 5088 indolem,
1177 5023 1258 5078 ita
1289 5041 1444 5078 nunc
1464 5023 1599 5078 totis
1623 5025 1940 5096 amplector
2045 5045 2266 5094 camus,
2291 5027 2472 5080 larem
2497 5022 2846 5078 familiarem
2869 5023 3239 5079 discruciatis
3261 5023 3572 5096 excludit;
3603 5047 3746 5086 om-

303 5099 622 5156 visceribus
655 5119 974 5173 praecanam
995 5109 1540 5180 adultzejuventutis
1561 5119 1670 5164 tua:
1697 5115 1932 5168 maturi-
2043 5135 2259 5188 nosque
2282 5115 2389 5168 sibi
2412 5112 2578 5166 invisi
2603 5111 2863 5166 numinis
2891 5111 3190 5184 reliquias,
3217 5113 3398 5169 etiam
3431 5115 3734 5176 favillam

302 5191 510 5243 tatem:
541 5206 644 5244 nec
665 5191 982 5261 quidquam
1009 5196 1193 5266 magis
1223 5198 1363 5250 mihi
1387 5197 1560 5264 dolet,
1581 5215 1754 5268 quam
1781 5203 1930 5270 quod
2043 5211 2100 5262 et
2128 5204 2399 5268 cinerem,
2428 5200 2631 5255 cluens
2662 5200 3009 5272 exstinguit:
3037 5201 3219 5256 donec
3245 5201 3548 5273 patientia
3585 5225 3746 5266 nos-

301 5275 613 5333 dulcidinis
643 5282 753 5334 tuae
785 5279 1044 5350 privatus
1067 5283 1276 5350 fructu,
1301 5283 1528 5339 velutin
1551 5287 1802 5356 quadam
1835 5289 1932 5342 de-
2039 5297 2129 5347 tra
2159 5292 2248 5346 vix
2277 5291 2510 5346 tandem
2533 5287 2764 5358 satiata,
2797 5289 2938 5343 dum
2961 5291 3010 5344 ei
3037 5307 3150 5346 non
3179 5289 3536 5348 resistimus
3573 5297 3740 5366 quia

300 5366 440 5420 serti
473 5367 786 5423 solitudine
819 5369 958 5423 mihi
984 5371 1188 5440 degere
1211 5373 1555 5428 videor.Non
1573 5373 1710 5443 quia
1741 5373 1931 5432 desint
2037 5397 2149 5434 non
2181 5379 2464 5441 valemus,
2497 5375 2724 5432 alveum
2747 5393 2922 5432 suum
2945 5379 3039 5432 vix
3072 5379 3312 5434 demum
3337 5378 3596 5450 placata
3635 5403 3742 5443 re-

297 5450 754 5521 frequentissimi
777 5459 1016 5512 comites
1037 5458 1431 5514 etcharissimi
1456 5477 1802 5528 asscssores,
1828 5465 1925 5518 sed
2037 5465 2207 5536 petit;
2242 5469 2298 5519 et
2329 5463 2482 5518 nuda
2513 5461 2690 5518 nimis
2715 5463 3054 5534 relinquens
3075 5465 3343 5536 vestigia,
3379 5465 3442 5521 in
3467 5485 3624 5538 sua,
3667 5491 3736 5531 se

296 5551 494 5632 eorum
515 5541 729 5610 nullus,
755 5545 1345 5612 autvaldcraruscst,
1375 5549 1428 5600 in
1463 5564 1575 5617 quo
1598 5550 1923 5618 caput,imo
2035 5552 2250 5623 palatia
2294 5551 2514 5622 recipit.
2561 5551 2788 5606 Ilabent
2831 5568 3064 5624 quoque
3106 5555 3458 5612 suburbana
3491 5567 3730 5620 nostra

297 5635 552 5678 animam
570 5631 688 5683 tam
713 5631 964 5688 molliter
985 5632 1277 5689 reclinem.
1305 5635 1550 5689 Proinde
1573 5633 1618 5690 si
1643 5635 1727 5688 fas
1751 5643 1919 5704 esset,
2035 5639 2290 5710 undique
2339 5656 2566 5696 versum
2612 5657 2788 5695 suave
2832 5639 3052 5698 olentes
3102 5643 3304 5699 hortos
3345 5643 3626 5718 olerum,
3675 5659 3742 5708 et
