  <div class='ocr_page' id='page_1' title='image "/cluster/home/n/w/nwhite01/storage/ocr_20150623/142-143/uc1.31175018423130/1184.png"; bbox 0 0 3968 6334; ppageno 0'>
   <div class='ocr_carea' id='block_1_1' title="bbox 102 379 210 448">
    <p class='ocr_par' dir='ltr' id='par_1_1' title="bbox 102 379 210 448">
     <span class='ocr_line' id='line_1_1' title="bbox 102 379 210 448; baseline -0.019 0"><span class='ocrx_word' id='word_1_1' title='bbox 102 379 210 448; x_wconf 80' lang='lat'>889</span> 
     </span>
    </p>
   </div>
   <div class='ocr_carea' id='block_1_2' title="bbox 1252 363 2340 437">
    <p class='ocr_par' dir='ltr' id='par_1_2' title="bbox 1252 363 2340 437">
     <span class='ocr_line' id='line_1_2' title="bbox 1252 363 2340 437; baseline -0.007 -2"><span class='ocrx_word' id='word_1_2' title='bbox 1252 368 1635 437; x_wconf 76' lang='lat' dir='ltr'>EPISTULA</span> <span class='ocrx_word' id='word_1_3' title='bbox 1679 366 1784 430; x_wconf 83' lang='lat' dir='ltr'>AD</span> <span class='ocrx_word' id='word_1_4' title='bbox 1828 363 2340 430; x_wconf 82' lang='lat' dir='ltr'>VALCHERUM.</span> 
     </span>
    </p>
   </div>
   <div class='ocr_carea' id='block_1_3' title="bbox 3378 371 3509 436">
    <p class='ocr_par' dir='ltr' id='par_1_3' title="bbox 3378 371 3509 436">
     <span class='ocr_line' id='line_1_3' title="bbox 3378 371 3509 436; baseline 0.031 -4"><span class='ocrx_word' id='word_1_5' title='bbox 3378 371 3509 436; x_wconf 76' lang='lat'>890&#39;</span> 
     </span>
    </p>
   </div>
   <div class='ocr_carea' id='block_1_4' title="bbox 103 500 3496 582">
    <p class='ocr_par' dir='ltr' id='par_1_4' title="bbox 103 500 3496 582">
     <span class='ocr_line' id='line_1_4' title="bbox 103 500 3496 582; baseline -0.003 -8"><span class='ocrx_word' id='word_1_6' title='bbox 103 514 257 576; x_wconf 81' lang='lat' dir='ltr'>dulce</span> <span class='ocrx_word' id='word_1_7' title='bbox 272 509 553 571; x_wconf 84' lang='lat' dir='ltr'>rubentes</span> <span class='ocrx_word' id='word_1_8' title='bbox 571 506 734 567; x_wconf 80' lang='lat' dir='ltr'>lucos</span> <span class='ocrx_word' id='word_1_9' title='bbox 755 507 1051 576; x_wconf 87' lang='lat' dir='ltr'>arborum,</span> <span class='ocrx_word' id='word_1_10' title='bbox 1074 505 1294 564; x_wconf 84' lang='lat' dir='ltr'>scilicet</span> <span class='ocrx_word' id='word_1_11' title='bbox 1311 505 1498 564; x_wconf 89' lang='lat' dir='ltr'>vineis</span> <span class='ocrx_word' id='word_1_12' title='bbox 1519 504 1738 562; x_wconf 78' lang='lat' dir='ltr'>nostris</span> <span class='ocrx_word' id='word_1_13' title='bbox 1767 500 1822 569; x_wconf 80' lang='grc' dir='ltr'>Α</span> <span class='ocrx_word' id='word_1_14' title='bbox 1849 503 2070 560; x_wconf 91' lang='lat' dir='ltr'>daciter</span> <span class='ocrx_word' id='word_1_15' title='bbox 2096 503 2431 575; x_wconf 88' lang='lat' dir='ltr'>inspersum</span> <span class='ocrx_word' id='word_1_16' title='bbox 2463 502 2560 571; x_wconf 87' lang='lat' dir='ltr'>sit,</span> <span class='ocrx_word' id='word_1_17' title='bbox 2592 502 2843 560; x_wconf 68' lang='lat' dir='ltr'>adversae</span> <span class='ocrx_word' id='word_1_18' title='bbox 2867 503 3300 564; x_wconf 81' lang='lat' dir='ltr'>detrahentium</span> <span class='ocrx_word' id='word_1_19' title='bbox 3324 525 3496 582; x_wconf 87' lang='lat' dir='ltr'>repu-</span> 
     </span>
    </p>
   </div>
   <div class='ocr_carea' id='block_1_5' title="bbox 105 597 1738 670">
    <p class='ocr_par' dir='ltr' id='par_1_5' title="bbox 105 597 1738 670">
     <span class='ocr_line' id='line_1_5' title="bbox 105 597 1738 670; baseline -0.007 -6"><span class='ocrx_word' id='word_1_20' title='bbox 105 604 344 664; x_wconf 88' lang='lat' dir='ltr'>brachiis</span> <span class='ocrx_word' id='word_1_21' title='bbox 365 599 901 659; x_wconf 88' lang='lat' dir='ltr'>aliishabilioribus</span> <span class='ocrx_word' id='word_1_22' title='bbox 919 597 1032 654; x_wconf 87' lang='lat' dir='ltr'>sibi</span> <span class='ocrx_word' id='word_1_23' title='bbox 1054 597 1738 670; x_wconf 88' lang='lat' dir='ltr'>regionibusintendens,</span> 
     </span>
    </p>
   </div>
   <div class='ocr_carea' id='block_1_6' title="bbox 106 685 1742 768">
    <p class='ocr_par' dir='ltr' id='par_1_6' title="bbox 106 685 1742 768">
     <span class='ocr_line' id='line_1_6' title="bbox 106 685 1742 768; baseline -0.009 -15"><span class='ocrx_word' id='word_1_24' title='bbox 106 709 363 768; x_wconf 83' lang='lat' dir='ltr'>suprema</span> <span class='ocrx_word' id='word_1_25' title='bbox 381 690 591 747; x_wconf 84' lang='lat' dir='ltr'>vitium</span> <span class='ocrx_word' id='word_1_26' title='bbox 607 688 914 762; x_wconf 89' lang='lat' dir='ltr'>putamina</span> <span class='ocrx_word' id='word_1_27' title='bbox 927 694 979 743; x_wconf 88' lang='lat' dir='ltr'>et</span> <span class='ocrx_word' id='word_1_28' title='bbox 996 703 1212 760; x_wconf 87' lang='lat' dir='ltr'>paucos</span> <span class='ocrx_word' id='word_1_29' title='bbox 1226 687 1567 758; x_wconf 87' lang='lat' dir='ltr'>inspergens</span> <span class='ocrx_word' id='word_1_30' title='bbox 1587 685 1742 757; x_wconf 80' lang='lat' dir='ltr'>thyr-</span> 
     </span>
    </p>
   </div>
   <div class='ocr_carea' id='block_1_7' title="bbox 109 774 1742 852">
    <p class='ocr_par' dir='ltr' id='par_1_7' title="bbox 109 774 1742 852">
     <span class='ocr_line' id='line_1_7' title="bbox 109 774 1742 852; baseline -0.008 -11"><span class='ocrx_word' id='word_1_31' title='bbox 109 801 213 852; x_wconf 85' lang='lat' dir='ltr'>sos,</span> <span class='ocrx_word' id='word_1_32' title='bbox 245 785 562 838; x_wconf 78' lang='lat' dir='ltr'>extremam</span> <span class='ocrx_word' id='word_1_33' title='bbox 585 777 872 850; x_wconf 86' lang='lat' dir='ltr'>imposuit</span> <span class='ocrx_word' id='word_1_34' title='bbox 901 792 1166 833; x_wconf 89' lang='lat' dir='ltr'>manum.</span> <span class='ocrx_word' id='word_1_35' title='bbox 1189 776 1290 830; x_wconf 87' lang='lat' dir='ltr'>His</span> <span class='ocrx_word' id='word_1_36' title='bbox 1313 780 1370 831; x_wconf 88' lang='lat' dir='ltr'>et</span> <span class='ocrx_word' id='word_1_37' title='bbox 1399 774 1742 846; x_wconf 89' lang='lat' dir='ltr'>hujusmodi</span> 
     </span>
    </p>
   </div>
   <div class='ocr_carea' id='block_1_8' title="bbox 105 865 1739 938">
    <p class='ocr_par' dir='ltr' id='par_1_8' title="bbox 105 865 1739 938">
     <span class='ocr_line' id='line_1_8' title="bbox 105 865 1739 938; baseline -0.006 -10"><span class='ocrx_word' id='word_1_38' title='bbox 105 871 290 928; x_wconf 87' lang='lat' dir='ltr'>multis</span> <span class='ocrx_word' id='word_1_39' title='bbox 310 867 832 927; x_wconf 90' lang='lat' dir='ltr'>commoditatibus</span> <span class='ocrx_word' id='word_1_40' title='bbox 852 865 1024 938; x_wconf 90' lang='lat' dir='ltr'>Legia</span> <span class='ocrx_word' id='word_1_41' title='bbox 1043 869 1243 920; x_wconf 91' lang='lat' dir='ltr'>nostra</span> <span class='ocrx_word' id='word_1_42' title='bbox 1257 865 1509 919; x_wconf 80' lang='lat' dir='ltr'>ubertim</span> <span class='ocrx_word' id='word_1_43' title='bbox 1533 866 1739 931; x_wconf 81' lang='lat' dir='ltr'>ditata,</span> 
     </span>
    </p>
   </div>
   <div class='ocr_carea' id='block_1_9' title="bbox 106 952 1744 1027">
    <p class='ocr_par' dir='ltr' id='par_1_9' title="bbox 106 952 1744 1027">
     <span class='ocr_line' id='line_1_9' title="bbox 106 952 1744 1027; baseline -0.006 -9"><span class='ocrx_word' id='word_1_44' title='bbox 106 961 282 1019; x_wconf 90' lang='lat' dir='ltr'>adhuc</span> <span class='ocrx_word' id='word_1_45' title='bbox 308 958 487 1013; x_wconf 85' lang='lat' dir='ltr'>habet</span> <span class='ocrx_word' id='word_1_46' title='bbox 519 955 706 1010; x_wconf 90' lang='lat' dir='ltr'>multo</span> <span class='ocrx_word' id='word_1_47' title='bbox 741 954 984 1027; x_wconf 91' lang='lat' dir='ltr'>potiora,</span> <span class='ocrx_word' id='word_1_48' title='bbox 1020 953 1229 1024; x_wconf 88' lang='lat' dir='ltr'>hisque</span> <span class='ocrx_word' id='word_1_49' title='bbox 1260 953 1430 1024; x_wconf 87' lang='lat' dir='ltr'>longe</span> <span class='ocrx_word' id='word_1_50' title='bbox 1457 952 1744 1025; x_wconf 83' lang='lat' dir='ltr'>longeque</span> 
     </span>
    </p>
   </div>
   <div class='ocr_carea' id='block_1_10' title="bbox 107 1041 1741 1123">
    <p class='ocr_par' dir='ltr' id='par_1_10' title="bbox 107 1041 1741 1123">
     <span class='ocr_line' id='line_1_10' title="bbox 107 1041 1741 1123; baseline -0.007 -17"><span class='ocrx_word' id='word_1_51' title='bbox 107 1044 554 1123; x_wconf 65' lang='lat' dir='ltr'>praeminentia.</span> <span class='ocrx_word' id='word_1_52' title='bbox 587 1044 850 1115; x_wconf 89' lang='lat' dir='ltr'>Denique</span> <span class='ocrx_word' id='word_1_53' title='bbox 881 1043 1009 1114; x_wconf 90' lang='lat' dir='ltr'>ipsa</span> <span class='ocrx_word' id='word_1_54' title='bbox 1049 1043 1155 1097; x_wconf 91' lang='lat' dir='ltr'>ﬂos</span> <span class='ocrx_word' id='word_1_55' title='bbox 1188 1041 1385 1096; x_wconf 70' lang='lat' dir='ltr'>Galliae</span> <span class='ocrx_word' id='word_1_56' title='bbox 1418 1041 1741 1113; x_wconf 71' lang='lat' dir='ltr'>tripartitae,</span> 
     </span>
    </p>
   </div>
   <div class='ocr_carea' id='block_1_11' title="bbox 111 1130 1746 1202">
    <p class='ocr_par' dir='ltr' id='par_1_11' title="bbox 111 1130 1746 1202">
     <span class='ocr_line' id='line_1_11' title="bbox 111 1130 1746 1202; baseline -0.006 -8"><span class='ocrx_word' id='word_1_57' title='bbox 111 1143 161 1194; x_wconf 92' lang='lat' dir='ltr'>et</span> <span class='ocrx_word' id='word_1_58' title='bbox 185 1135 360 1192; x_wconf 90' lang='lat' dir='ltr'>altera</span> <span class='ocrx_word' id='word_1_59' title='bbox 382 1133 620 1189; x_wconf 70' lang='lat' dir='ltr'>Athenae</span> <span class='ocrx_word' id='word_1_60' title='bbox 643 1131 914 1187; x_wconf 87' lang='lat' dir='ltr'>nobiliter</span> <span class='ocrx_word' id='word_1_61' title='bbox 936 1130 1265 1187; x_wconf 86' lang='lat' dir='ltr'>liberalium</span> <span class='ocrx_word' id='word_1_62' title='bbox 1297 1130 1746 1202; x_wconf 80' lang='lat' dir='ltr'>disciplinarum</span> 
     </span>
    </p>
   </div>
   <div class='ocr_carea' id='block_1_12' title="bbox 113 1218 1748 1294">
    <p class='ocr_par' dir='ltr' id='par_1_12' title="bbox 113 1218 1748 1294">
     <span class='ocr_line' id='line_1_12' title="bbox 113 1218 1748 1294; baseline -0.006 -11"><span class='ocrx_word' id='word_1_63' title='bbox 113 1227 264 1284; x_wconf 89' lang='lat' dir='ltr'>ﬂoret</span> <span class='ocrx_word' id='word_1_64' title='bbox 293 1221 530 1288; x_wconf 89' lang='lat' dir='ltr'>studiis,</span> <span class='ocrx_word' id='word_1_65' title='bbox 563 1226 621 1278; x_wconf 90' lang='lat' dir='ltr'>et</span> <span class='ocrx_word' id='word_1_66' title='bbox 654 1222 826 1294; x_wconf 82' lang='lat' dir='ltr'>(quod</span> <span class='ocrx_word' id='word_1_67' title='bbox 863 1221 955 1276; x_wconf 90' lang='lat' dir='ltr'>his</span> <span class='ocrx_word' id='word_1_68' title='bbox 979 1219 1351 1292; x_wconf 80' lang='lat' dir='ltr'>praestantius</span> <span class='ocrx_word' id='word_1_69' title='bbox 1381 1221 1489 1290; x_wconf 91' lang='lat' dir='ltr'>est)</span> <span class='ocrx_word' id='word_1_70' title='bbox 1522 1218 1748 1291; x_wconf 85' lang='lat' dir='ltr'>egregie</span> 
     </span>
    </p>
   </div>
   <div class='ocr_carea' id='block_1_13' title="bbox 112 1309 1751 1389">
    <p class='ocr_par' dir='ltr' id='par_1_13' title="bbox 112 1309 1751 1389">
     <span class='ocr_line' id='line_1_13' title="bbox 112 1309 1751 1389; baseline -0.004 -18"><span class='ocrx_word' id='word_1_71' title='bbox 112 1313 276 1389; x_wconf 89' lang='lat' dir='ltr'>pollet</span> <span class='ocrx_word' id='word_1_72' title='bbox 294 1310 668 1369; x_wconf 81' lang='lat' dir='ltr'>observantia</span> <span class='ocrx_word' id='word_1_73' title='bbox 690 1309 894 1365; x_wconf 71' lang='lat' dir='ltr'>divinae</span> <span class='ocrx_word' id='word_1_74' title='bbox 913 1309 1233 1381; x_wconf 87' lang='lat' dir='ltr'>religionis,</span> <span class='ocrx_word' id='word_1_75' title='bbox 1255 1310 1397 1364; x_wconf 89' lang='lat' dir='ltr'>adeo</span> <span class='ocrx_word' id='word_1_76' title='bbox 1411 1310 1588 1379; x_wconf 91' lang='lat' dir='ltr'>(quod</span> <span class='ocrx_word' id='word_1_77' title='bbox 1614 1325 1751 1380; x_wconf 91' lang='lat' dir='ltr'>pace</span> 
     </span>
    </p>
   </div>
   <div class='ocr_carea' id='block_1_14' title="bbox 111 1398 1753 1470">
    <p class='ocr_par' dir='ltr' id='par_1_14' title="bbox 111 1398 1753 1470">
     <span class='ocr_line' id='line_1_14' title="bbox 111 1398 1753 1470; baseline -0.005 -9"><span class='ocrx_word' id='word_1_78' title='bbox 111 1402 472 1461; x_wconf 80' lang='lat' dir='ltr'>ecclesiarum</span> <span class='ocrx_word' id='word_1_79' title='bbox 496 1399 766 1467; x_wconf 85' lang='lat' dir='ltr'>dixerim)</span> <span class='ocrx_word' id='word_1_80' title='bbox 785 1402 865 1463; x_wconf 89' lang='lat' dir='ltr'>ut,</span> <span class='ocrx_word' id='word_1_81' title='bbox 890 1402 1177 1470; x_wconf 88' lang='lat' dir='ltr'>quantum</span> <span class='ocrx_word' id='word_1_82' title='bbox 1193 1399 1259 1453; x_wconf 91' lang='lat' dir='ltr'>ad</span> <span class='ocrx_word' id='word_1_83' title='bbox 1281 1398 1607 1453; x_wconf 89' lang='lat' dir='ltr'>litterarum</span> <span class='ocrx_word' id='word_1_84' title='bbox 1632 1402 1753 1452; x_wconf 90' lang='lat' dir='ltr'>stu-</span> 
     </span>
    </p>
   </div>
   <div class='ocr_carea' id='block_1_15' title="bbox 111 1486 1749 1560">
    <p class='ocr_par' dir='ltr' id='par_1_15' title="bbox 111 1486 1749 1560">
     <span class='ocr_line' id='line_1_15' title="bbox 111 1486 1749 1560; baseline -0.004 -12"><span class='ocrx_word' id='word_1_85' title='bbox 111 1494 218 1558; x_wconf 90' lang='lat' dir='ltr'>dia,</span> <span class='ocrx_word' id='word_1_86' title='bbox 255 1490 398 1546; x_wconf 87' lang='lat' dir='ltr'>nihil</span> <span class='ocrx_word' id='word_1_87' title='bbox 431 1491 503 1544; x_wconf 92' lang='lat' dir='ltr'>de</span> <span class='ocrx_word' id='word_1_88' title='bbox 536 1488 796 1543; x_wconf 86' lang='lat' dir='ltr'>Platonis</span> <span class='ocrx_word' id='word_1_89' title='bbox 829 1491 1062 1560; x_wconf 81' lang='lat' dir='ltr'>expetas</span> <span class='ocrx_word' id='word_1_90' title='bbox 1094 1486 1430 1552; x_wconf 87' lang='lat' dir='ltr'>academia;</span> <span class='ocrx_word' id='word_1_91' title='bbox 1464 1490 1749 1557; x_wconf 90' lang='lat' dir='ltr'>quantum</span> 
     </span>
    </p>
   </div>
   <div class='ocr_carea' id='block_1_16' title="bbox 109 1575 1749 1649">
    <p class='ocr_par' dir='ltr' id='par_1_16' title="bbox 109 1575 1749 1649">
     <span class='ocr_line' id='line_1_16' title="bbox 109 1575 1749 1649; baseline -0.003 -13"><span class='ocrx_word' id='word_1_92' title='bbox 109 1598 232 1636; x_wconf 89' lang='lat' dir='ltr'>vero</span> <span class='ocrx_word' id='word_1_93' title='bbox 261 1580 331 1635; x_wconf 88' lang='lat' dir='ltr'>ad</span> <span class='ocrx_word' id='word_1_94' title='bbox 363 1577 596 1635; x_wconf 90' lang='lat' dir='ltr'>cultum</span> <span class='ocrx_word' id='word_1_95' title='bbox 629 1576 950 1649; x_wconf 81' lang='lat' dir='ltr'>religionis,</span> <span class='ocrx_word' id='word_1_96' title='bbox 993 1576 1140 1631; x_wconf 89' lang='lat' dir='ltr'>nihil</span> <span class='ocrx_word' id='word_1_97' title='bbox 1173 1576 1244 1630; x_wconf 91' lang='lat' dir='ltr'>de</span> <span class='ocrx_word' id='word_1_98' title='bbox 1277 1575 1483 1631; x_wconf 90' lang='lat' dir='ltr'>Leonis</span> <span class='ocrx_word' id='word_1_99' title='bbox 1523 1575 1749 1631; x_wconf 82' lang='lat' dir='ltr'>deside-</span> 
     </span>
    </p>
   </div>
   <div class='ocr_carea' id='block_1_17' title="bbox 111 1670 425 1726">
    <p class='ocr_par' dir='ltr' id='par_1_17' title="bbox 111 1670 425 1726">
     <span class='ocr_line' id='line_1_17' title="bbox 111 1670 425 1726; baseline -0.006 -2"><span class='ocrx_word' id='word_1_100' title='bbox 111 1686 193 1726; x_wconf 85' lang='lat' dir='ltr'>res</span> <span class='ocrx_word' id='word_1_101' title='bbox 224 1670 425 1724; x_wconf 82' lang='lat' dir='ltr'>Roma.</span> 
     </span>
    </p>
   </div>
   <div class='ocr_carea' id='block_1_18' title="bbox 171 1753 1752 1827">
    <p class='ocr_par' dir='ltr' id='par_1_18' title="bbox 171 1753 1752 1827">
     <span class='ocr_line' id='line_1_18' title="bbox 171 1753 1752 1827; baseline -0.003 -15"><span class='ocrx_word' id='word_1_102' title='bbox 171 1757 287 1812; x_wconf 88' lang='lat' dir='ltr'>VII.</span> <span class='ocrx_word' id='word_1_103' title='bbox 321 1756 463 1812; x_wconf 90' lang='lat' dir='ltr'>Inde</span> <span class='ocrx_word' id='word_1_104' title='bbox 495 1771 635 1827; x_wconf 86' lang='lat' dir='ltr'>ergo</span> <span class='ocrx_word' id='word_1_105' title='bbox 679 1754 940 1825; x_wconf 91' lang='lat' dir='ltr'>undique</span> <span class='ocrx_word' id='word_1_106' title='bbox 989 1769 1220 1808; x_wconf 88' lang='lat' dir='ltr'>versum</span> <span class='ocrx_word' id='word_1_107' title='bbox 1263 1753 1473 1808; x_wconf 80' lang='lat' dir='ltr'>Christi</span> <span class='ocrx_word' id='word_1_108' title='bbox 1531 1754 1752 1808; x_wconf 90' lang='lat' dir='ltr'>bonum</span> 
     </span>
    </p>
   </div>
   <div class='ocr_carea' id='block_1_19' title="bbox 1849 592 2143 664">
    <p class='ocr_par' dir='ltr' id='par_1_19' title="bbox 1849 592 2143 664">
     <span class='ocr_line' id='line_1_19' title="bbox 1849 592 2143 664; baseline -0.003 -17"><span class='ocrx_word' id='word_1_109' title='bbox 1849 595 1936 647; x_wconf 85' lang='lat' dir='ltr'>tes</span> <span class='ocrx_word' id='word_1_110' title='bbox 1971 592 2143 664; x_wconf 84' lang='lat' dir='ltr'>parti.</span> 
     </span>
    </p>
   </div>
   <div class='ocr_carea' id='block_1_20' title="bbox 1924 681 3499 760">
    <p class='ocr_par' dir='ltr' id='par_1_20' title="bbox 1924 681 3499 760">
     <span class='ocr_line' id='line_1_20' title="bbox 1924 681 3499 760; baseline 0.006 -24"><span class='ocrx_word' id='word_1_111' title='bbox 1924 681 2012 736; x_wconf 77' lang='lat' dir='ltr'>IX.</span> <span class='ocrx_word' id='word_1_112' title='bbox 2057 681 2257 747; x_wconf 83' lang='lat' dir='ltr'>Video,</span> <span class='ocrx_word' id='word_1_113' title='bbox 2320 683 2514 748; x_wconf 87' lang='lat' dir='ltr'>frater,</span> <span class='ocrx_word' id='word_1_114' title='bbox 2564 682 2728 739; x_wconf 88' lang='lat' dir='ltr'>video</span> <span class='ocrx_word' id='word_1_115' title='bbox 2782 685 3052 757; x_wconf 88' lang='lat' dir='ltr'>quisquis</span> <span class='ocrx_word' id='word_1_116' title='bbox 3091 702 3152 741; x_wconf 89' lang='lat' dir='ltr'>es</span> <span class='ocrx_word' id='word_1_117' title='bbox 3183 703 3359 760; x_wconf 88' lang='lat' dir='ltr'>quem</span> <span class='ocrx_word' id='word_1_118' title='bbox 3390 690 3499 745; x_wconf 88' lang='lat' dir='ltr'>sub</span> 
     </span>
    </p>
   </div>
   <div class='ocr_carea' id='block_1_21' title="bbox 1851 771 3501 845">
    <p class='ocr_par' dir='ltr' id='par_1_21' title="bbox 1851 771 3501 845">
     <span class='ocr_line' id='line_1_21' title="bbox 1851 771 3501 845; baseline 0.005 -19"><span class='ocrx_word' id='word_1_119' title='bbox 1851 771 2024 826; x_wconf 89' lang='lat' dir='ltr'>amici</span> <span class='ocrx_word' id='word_1_120' title='bbox 2077 788 2325 842; x_wconf 86' lang='lat' dir='ltr'>persona</span> <span class='ocrx_word' id='word_1_121' title='bbox 2375 772 2518 826; x_wconf 90' lang='lat' dir='ltr'>mihi</span> <span class='ocrx_word' id='word_1_122' title='bbox 2572 774 2841 845; x_wconf 91' lang='lat' dir='ltr'>opposui,</span> <span class='ocrx_word' id='word_1_123' title='bbox 2877 790 3052 845; x_wconf 89' lang='lat' dir='ltr'>quem</span> <span class='ocrx_word' id='word_1_124' title='bbox 3086 777 3196 832; x_wconf 93' lang='lat' dir='ltr'>sub</span> <span class='ocrx_word' id='word_1_125' title='bbox 3240 779 3501 834; x_wconf 85' lang='lat' dir='ltr'>advocati</span> 
     </span>
    </p>
   </div>
   <div class='ocr_carea' id='block_1_22' title="bbox 1854 860 3501 935">
    <p class='ocr_par' dir='ltr' id='par_1_22' title="bbox 1854 860 3501 935">
     <span class='ocr_line' id='line_1_22' title="bbox 1854 860 3501 935; baseline 0.005 -20"><span class='ocrx_word' id='word_1_126' title='bbox 1854 876 2030 915; x_wconf 91' lang='lat' dir='ltr'>scena</span> <span class='ocrx_word' id='word_1_127' title='bbox 2075 860 2337 932; x_wconf 82' lang='lat' dir='ltr'>ﬁgmenti</span> <span class='ocrx_word' id='word_1_128' title='bbox 2377 878 2444 916; x_wconf 85' lang='lat' dir='ltr'>ex</span> <span class='ocrx_word' id='word_1_129' title='bbox 2487 862 2727 917; x_wconf 91' lang='lat' dir='ltr'>adverso</span> <span class='ocrx_word' id='word_1_130' title='bbox 2761 862 2950 919; x_wconf 84' lang='lat' dir='ltr'>dicere</span> <span class='ocrx_word' id='word_1_131' title='bbox 2995 865 3102 919; x_wconf 83' lang='lat' dir='ltr'>feci</span> <span class='ocrx_word' id='word_1_132' title='bbox 3137 882 3150 920; x_wconf 90' lang='lat'>:</span> <span class='ocrx_word' id='word_1_133' title='bbox 3195 865 3380 935; x_wconf 88' lang='lat' dir='ltr'>video,</span> <span class='ocrx_word' id='word_1_134' title='bbox 3415 869 3501 922; x_wconf 91' lang='lat' dir='ltr'>in-</span> 
     </span>
    </p>
   </div>
   <div class='ocr_carea' id='block_1_23' title="bbox 1856 949 3504 1028">
    <p class='ocr_par' dir='ltr' id='par_1_23' title="bbox 1856 949 3504 1028">
     <span class='ocr_line' id='line_1_23' title="bbox 1856 949 3504 1028; baseline 0.005 -25"><span class='ocrx_word' id='word_1_135' title='bbox 1856 965 2056 1020; x_wconf 90' lang='lat' dir='ltr'>quam,</span> <span class='ocrx_word' id='word_1_136' title='bbox 2090 949 2241 1020; x_wconf 91' lang='lat' dir='ltr'>quod</span> <span class='ocrx_word' id='word_1_137' title='bbox 2268 949 2502 1022; x_wconf 85' lang='lat' dir='ltr'>ancipiti</span> <span class='ocrx_word' id='word_1_138' title='bbox 2535 967 2628 1005; x_wconf 90' lang='lat' dir='ltr'>me</span> <span class='ocrx_word' id='word_1_139' title='bbox 2669 951 2862 1024; x_wconf 87' lang='lat' dir='ltr'>gladio</span> <span class='ocrx_word' id='word_1_140' title='bbox 2893 954 3150 1024; x_wconf 89' lang='lat' dir='ltr'>impetis,</span> <span class='ocrx_word' id='word_1_141' title='bbox 3188 972 3252 1010; x_wconf 90' lang='lat' dir='ltr'>ac</span> <span class='ocrx_word' id='word_1_142' title='bbox 3283 955 3504 1028; x_wconf 92' lang='lat' dir='ltr'>duplici</span> 
     </span>
    </p>
   </div>
   <div class='ocr_carea' id='block_1_24' title="bbox 1857 1036 3506 1114">
    <p class='ocr_par' dir='ltr' id='par_1_24' title="bbox 1857 1036 3506 1114">
     <span class='ocr_line' id='line_1_24' title="bbox 1857 1036 3506 1114; baseline 0.007 -24"><span class='ocrx_word' id='word_1_143' title='bbox 1857 1051 2053 1091; x_wconf 90' lang='lat' dir='ltr'>meum</span> <span class='ocrx_word' id='word_1_144' title='bbox 2085 1036 2196 1091; x_wconf 87' lang='lat' dir='ltr'>telo</span> <span class='ocrx_word' id='word_1_145' title='bbox 2230 1039 2601 1109; x_wconf 87' lang='lat' dir='ltr'>congrederis</span> <span class='ocrx_word' id='word_1_146' title='bbox 2634 1057 2646 1094; x_wconf 87' lang='lat'><strong>:</strong></span> <span class='ocrx_word' id='word_1_147' title='bbox 2681 1040 2740 1093; x_wconf 93' lang='lat' dir='ltr'>in</span> <span class='ocrx_word' id='word_1_148' title='bbox 2774 1040 2953 1097; x_wconf 89' lang='lat' dir='ltr'>altero</span> <span class='ocrx_word' id='word_1_149' title='bbox 2987 1042 3222 1114; x_wconf 90' lang='lat' dir='ltr'>quidem</span> <span class='ocrx_word' id='word_1_150' title='bbox 3256 1043 3506 1102; x_wconf 86' lang='lat' dir='ltr'>levitatis</span> 
     </span>
    </p>
   </div>
   <div class='ocr_carea' id='block_1_25' title="bbox 1857 1125 3506 1205">
    <p class='ocr_par' dir='ltr' id='par_1_25' title="bbox 1857 1125 3506 1205">
     <span class='ocr_line' id='line_1_25' title="bbox 1857 1125 3506 1205; baseline 0.006 -26"><span class='ocrx_word' id='word_1_151' title='bbox 1857 1125 2311 1181; x_wconf 85' lang='lat' dir='ltr'>inconstantiam</span> <span class='ocrx_word' id='word_1_152' title='bbox 2335 1145 2576 1198; x_wconf 86' lang='lat' dir='ltr'>arguere</span> <span class='ocrx_word' id='word_1_153' title='bbox 2600 1134 2856 1200; x_wconf 88' lang='lat' dir='ltr'>paratus,</span> <span class='ocrx_word' id='word_1_154' title='bbox 2880 1132 2938 1185; x_wconf 91' lang='lat' dir='ltr'>in</span> <span class='ocrx_word' id='word_1_155' title='bbox 2969 1131 3150 1188; x_wconf 90' lang='lat' dir='ltr'>altero</span> <span class='ocrx_word' id='word_1_156' title='bbox 3170 1150 3302 1189; x_wconf 91' lang='lat' dir='ltr'>vero</span> <span class='ocrx_word' id='word_1_157' title='bbox 3325 1134 3506 1205; x_wconf 85' lang='lat' dir='ltr'>perti-</span> 
     </span>
    </p>
   </div>
   <div class='ocr_carea' id='block_1_26' title="bbox 1829 1214 3505 1295">
    <p class='ocr_par' dir='ltr' id='par_1_26' title="bbox 1829 1214 3505 1295">
     <span class='ocr_line' id='line_1_26' title="bbox 1829 1214 3505 1295; baseline 0.007 -29"><span class='ocrx_word' id='word_1_158' title='bbox 1829 1259 1834 1264; x_wconf 91' lang='lat'>.</span> <span class='ocrx_word' id='word_1_159' title='bbox 1858 1214 2087 1269; x_wconf 88' lang='lat' dir='ltr'>naciam</span> <span class='ocrx_word' id='word_1_160' title='bbox 2112 1215 2170 1268; x_wconf 90' lang='lat' dir='ltr'>in</span> <span class='ocrx_word' id='word_1_161' title='bbox 2192 1215 2349 1270; x_wconf 86' lang='lat' dir='ltr'>vitiis</span> <span class='ocrx_word' id='word_1_162' title='bbox 2373 1217 2677 1273; x_wconf 79' lang='lat' dir='ltr'>confodere</span> <span class='ocrx_word' id='word_1_163' title='bbox 2700 1219 3014 1275; x_wconf 89' lang='lat' dir='ltr'>animatus.</span> <span class='ocrx_word' id='word_1_164' title='bbox 3047 1223 3338 1278; x_wconf 86' lang='lat' dir='ltr'>Attentius</span> <span class='ocrx_word' id='word_1_165' title='bbox 3368 1240 3505 1295; x_wconf 90' lang='lat' dir='ltr'>ergo</span> 
     </span>
    </p>
   </div>
   <div class='ocr_carea' id='block_1_27' title="bbox 1856 1305 3506 1377">
    <p class='ocr_par' dir='ltr' id='par_1_27' title="bbox 1856 1305 3506 1377">
     <span class='ocr_line' id='line_1_27' title="bbox 1856 1305 3506 1377; baseline 0.007 -19"><span class='ocrx_word' id='word_1_166' title='bbox 1856 1305 2175 1359; x_wconf 89' lang='lat' dir='ltr'>videndum</span> <span class='ocrx_word' id='word_1_167' title='bbox 2207 1311 2318 1370; x_wconf 89' lang='lat' dir='ltr'>est,</span> <span class='ocrx_word' id='word_1_168' title='bbox 2348 1307 2485 1377; x_wconf 84' lang='lat' dir='ltr'>quia</span> <span class='ocrx_word' id='word_1_169' title='bbox 2516 1307 2571 1360; x_wconf 92' lang='lat' dir='ltr'>in</span> <span class='ocrx_word' id='word_1_170' title='bbox 2605 1325 2697 1361; x_wconf 83' lang='lat' dir='ltr'>Inc</span> <span class='ocrx_word' id='word_1_171' title='bbox 2727 1310 2924 1364; x_wconf 81' lang='lat' dir='ltr'>subtili</span> <span class='ocrx_word' id='word_1_172' title='bbox 2957 1312 3288 1368; x_wconf 85' lang='lat' dir='ltr'>criticorum</span> <span class='ocrx_word' id='word_1_173' title='bbox 3341 1313 3506 1371; x_wconf 89' lang='lat' dir='ltr'>lance</span> 
     </span>
    </p>
   </div>
   <div class='ocr_carea' id='block_1_28' title="bbox 1861 1393 3503 1472">
    <p class='ocr_par' dir='ltr' id='par_1_28' title="bbox 1861 1393 3503 1472">
     <span class='ocr_line' id='line_1_28' title="bbox 1861 1393 3503 1472; baseline 0.006 -24"><span class='ocrx_word' id='word_1_174' title='bbox 1861 1393 2209 1465; x_wconf 90' lang='lat' dir='ltr'>uteris,quid</span> <span class='ocrx_word' id='word_1_175' title='bbox 2230 1395 2298 1448; x_wconf 90' lang='lat' dir='ltr'>ad</span> <span class='ocrx_word' id='word_1_176' title='bbox 2319 1394 2552 1466; x_wconf 89' lang='lat' dir='ltr'>singula</span> <span class='ocrx_word' id='word_1_177' title='bbox 2567 1399 2898 1467; x_wconf 87' lang='lat' dir='ltr'>responderi</span> <span class='ocrx_word' id='word_1_178' title='bbox 2917 1417 3019 1452; x_wconf 86' lang='lat' dir='ltr'>con</span> <span class='ocrx_word' id='word_1_179' title='bbox 3033 1401 3220 1455; x_wconf 74' lang='lat' dir='ltr'>veniat</span> <span class='ocrx_word' id='word_1_180' title='bbox 3241 1404 3503 1472; x_wconf 75' lang='lat' dir='ltr'>objectis.</span> 
     </span>
    </p>
   </div>
   <div class='ocr_carea' id='block_1_29' title="bbox 1861 1483 3509 1562">
    <p class='ocr_par' dir='ltr' id='par_1_29' title="bbox 1861 1483 3509 1562">
     <span class='ocr_line' id='line_1_29' title="bbox 1861 1483 3509 1562; baseline 0.005 -26"><span class='ocrx_word' id='word_1_181' title='bbox 1861 1483 2009 1553; x_wconf 86' lang='lat' dir='ltr'>Ergo</span> <span class='ocrx_word' id='word_1_182' title='bbox 2041 1483 2237 1553; x_wconf 84' lang='lat' dir='ltr'>arguis</span> <span class='ocrx_word' id='word_1_183' title='bbox 2278 1483 2336 1538; x_wconf 90' lang='lat' dir='ltr'>in</span> <span class='ocrx_word' id='word_1_184' title='bbox 2370 1501 2461 1539; x_wconf 90' lang='lat' dir='ltr'>me</span> <span class='ocrx_word' id='word_1_185' title='bbox 2493 1483 2787 1540; x_wconf 88' lang='lat' dir='ltr'>levitatem</span> <span class='ocrx_word' id='word_1_186' title='bbox 2819 1487 3132 1543; x_wconf 88' lang='lat' dir='ltr'>vanitantis</span> <span class='ocrx_word' id='word_1_187' title='bbox 3162 1490 3360 1557; x_wconf 87' lang='lat' dir='ltr'>animi,</span> <span class='ocrx_word' id='word_1_188' title='bbox 3409 1493 3509 1562; x_wconf 91' lang='lat' dir='ltr'>qui</span> 
     </span>
    </p>
   </div>
   <div class='ocr_carea' id='block_1_30' title="bbox 1861 1571 3510 1650">
    <p class='ocr_par' dir='ltr' id='par_1_30' title="bbox 1861 1571 3510 1650">
     <span class='ocr_line' id='line_1_30' title="bbox 1861 1571 3510 1650; baseline 0.005 -25"><span class='ocrx_word' id='word_1_189' title='bbox 1861 1571 2017 1626; x_wconf 87' lang='lat' dir='ltr'>velut</span> <span class='ocrx_word' id='word_1_190' title='bbox 2046 1571 2154 1626; x_wconf 90' lang='lat' dir='ltr'>hac</span> <span class='ocrx_word' id='word_1_191' title='bbox 2187 1572 2316 1627; x_wconf 90' lang='lat' dir='ltr'>illac</span> <span class='ocrx_word' id='word_1_192' title='bbox 2349 1573 2584 1628; x_wconf 89' lang='lat' dir='ltr'>ﬂuitans</span> <span class='ocrx_word' id='word_1_193' title='bbox 2608 1591 2809 1630; x_wconf 88' lang='lat' dir='ltr'>vacare</span> <span class='ocrx_word' id='word_1_194' title='bbox 2831 1575 3142 1642; x_wconf 88' lang='lat' dir='ltr'>desideret,</span> <span class='ocrx_word' id='word_1_195' title='bbox 3175 1581 3230 1632; x_wconf 92' lang='lat' dir='ltr'>et</span> <span class='ocrx_word' id='word_1_196' title='bbox 3251 1578 3510 1650; x_wconf 86' lang='lat' dir='ltr'>gloriari,</span> 
     </span>
    </p>
   </div>
   <div class='ocr_carea' id='block_1_31' title="bbox 1863 1661 3512 1736">
    <p class='ocr_par' dir='ltr' id='par_1_31' title="bbox 1863 1661 3512 1736">
     <span class='ocr_line' id='line_1_31' title="bbox 1863 1661 3512 1736; baseline 0.005 -22"><span class='ocrx_word' id='word_1_197' title='bbox 1863 1677 1966 1731; x_wconf 90' lang='lat' dir='ltr'>pro</span> <span class='ocrx_word' id='word_1_198' title='bbox 1989 1677 2054 1715; x_wconf 92' lang='lat' dir='ltr'>eo</span> <span class='ocrx_word' id='word_1_199' title='bbox 2069 1661 2502 1733; x_wconf 88' lang='lat' dir='ltr'>quodLeogium</span> <span class='ocrx_word' id='word_1_200' title='bbox 2525 1667 2790 1717; x_wconf 88' lang='lat' dir='ltr'>nostrum</span> <span class='ocrx_word' id='word_1_201' title='bbox 2810 1667 3111 1736; x_wconf 82' lang='lat' dir='ltr'>tantOpere</span> <span class='ocrx_word' id='word_1_202' title='bbox 3131 1665 3512 1735; x_wconf 85' lang='lat' dir='ltr'>laudaverim,</span> 
     </span>
    </p>
   </div>
   <div class='ocr_carea' id='block_1_32' title="bbox 1866 1749 3514 1820">
    <p class='ocr_par' dir='ltr' id='par_1_32' title="bbox 1866 1749 3514 1820">
     <span class='ocr_line' id='line_1_32' title="bbox 1866 1749 3514 1820; baseline 0.004 -17"><span class='ocrx_word' id='word_1_203' title='bbox 1866 1765 2074 1820; x_wconf 89' lang='lat' dir='ltr'>meque</span> <span class='ocrx_word' id='word_1_204' title='bbox 2126 1749 2344 1804; x_wconf 89' lang='lat' dir='ltr'>ibidem</span> <span class='ocrx_word' id='word_1_205' title='bbox 2385 1767 2518 1805; x_wconf 88' lang='lat' dir='ltr'>cum</span> <span class='ocrx_word' id='word_1_206' title='bbox 2569 1752 2915 1807; x_wconf 87' lang='lat' dir='ltr'>necessariis</span> <span class='ocrx_word' id='word_1_207' title='bbox 2968 1754 3114 1809; x_wconf 89' lang='lat' dir='ltr'>meis</span> <span class='ocrx_word' id='word_1_208' title='bbox 3153 1754 3405 1811; x_wconf 89' lang='lat' dir='ltr'>libenter</span> <span class='ocrx_word' id='word_1_209' title='bbox 3431 1755 3514 1810; x_wconf 84' lang='lat' dir='ltr'>vi-</span> 
     </span>
    </p>
   </div>
   <div class='ocr_carea' id='block_1_33' title="bbox 109 1837 3516 1937">
    <p class='ocr_par' dir='ltr' id='par_1_33' title="bbox 109 1837 3516 1937">
     <span class='ocr_line' id='line_1_33' title="bbox 109 1837 3516 1937; baseline 0 -37"><span class='ocrx_word' id='word_1_210' title='bbox 109 1859 375 1916; x_wconf 86' lang='lat' dir='ltr'>spargens</span> <span class='ocrx_word' id='word_1_211' title='bbox 419 1843 688 1907; x_wconf 90' lang='lat' dir='ltr'>odorem,</span> <span class='ocrx_word' id='word_1_212' title='bbox 723 1842 1040 1913; x_wconf 86' lang='lat' dir='ltr'>plurimam</span> <span class='ocrx_word' id='word_1_213' title='bbox 1075 1842 1146 1896; x_wconf 92' lang='lat' dir='ltr'>ad</span> <span class='ocrx_word' id='word_1_214' title='bbox 1179 1857 1242 1895; x_wconf 91' lang='lat' dir='ltr'>se</span> <span class='ocrx_word' id='word_1_215' title='bbox 1282 1840 1565 1912; x_wconf 88' lang='lat' dir='ltr'>gregatim</span> <span class='ocrx_word' id='word_1_216' title='bbox 1617 1859 1756 1897; x_wconf 82' lang='lat' dir='ltr'>con-</span> <span class='ocrx_word' id='word_1_217' title='bbox 1786 1873 1834 1937; x_wconf 78' lang='grc' dir='ltr'><strong>Β</strong></span> <span class='ocrx_word' id='word_1_218' title='bbox 1864 1853 1994 1892; x_wconf 83' lang='lat' dir='ltr'>vere</span> <span class='ocrx_word' id='word_1_219' title='bbox 2025 1837 2292 1904; x_wconf 82' lang='lat' dir='ltr'>dixerim,</span> <span class='ocrx_word' id='word_1_220' title='bbox 2318 1840 2472 1910; x_wconf 88' lang='lat' dir='ltr'>quod</span> <span class='ocrx_word' id='word_1_221' title='bbox 2497 1839 2732 1910; x_wconf 89' lang='lat' dir='ltr'>quidem</span> <span class='ocrx_word' id='word_1_222' title='bbox 2763 1841 2980 1911; x_wconf 88' lang='lat' dir='ltr'>injuria</span> <span class='ocrx_word' id='word_1_223' title='bbox 3009 1843 3216 1912; x_wconf 79' lang='lat' dir='ltr'>facere,</span> <span class='ocrx_word' id='word_1_224' title='bbox 3243 1861 3346 1899; x_wconf 91' lang='lat' dir='ltr'>nec</span> <span class='ocrx_word' id='word_1_225' title='bbox 3363 1846 3516 1916; x_wconf 85' lang='lat' dir='ltr'>aequi</span> 
     </span>
    </p>
   </div>
   <div class='ocr_carea' id='block_1_34' title="bbox 110 1929 1756 2001">
    <p class='ocr_par' dir='ltr' id='par_1_34' title="bbox 110 1929 1756 2001">
     <span class='ocr_line' id='line_1_34' title="bbox 110 1929 1756 2001; baseline 0 -15"><span class='ocrx_word' id='word_1_226' title='bbox 110 1931 272 1987; x_wconf 89' lang='lat' dir='ltr'>ﬂuam</span> <span class='ocrx_word' id='word_1_227' title='bbox 294 1931 482 1987; x_wconf 85' lang='lat' dir='ltr'>allicit</span> <span class='ocrx_word' id='word_1_228' title='bbox 505 1934 565 1986; x_wconf 89' lang='lat' dir='ltr'>et</span> <span class='ocrx_word' id='word_1_229' title='bbox 588 1930 791 2001; x_wconf 90' lang='lat' dir='ltr'>recipit</span> <span class='ocrx_word' id='word_1_230' title='bbox 815 1929 1285 1985; x_wconf 85' lang='lat' dir='ltr'>multitudinem:</span> <span class='ocrx_word' id='word_1_231' title='bbox 1311 1946 1561 2000; x_wconf 91' lang='lat' dir='ltr'>quorum</span> <span class='ocrx_word' id='word_1_232' title='bbox 1585 1947 1756 1986; x_wconf 91' lang='lat' dir='ltr'>nemo</span> 
     </span>
    </p>
   </div>
   <div class='ocr_carea' id='block_1_35' title="bbox 112 2018 1754 2090">
    <p class='ocr_par' dir='ltr' id='par_1_35' title="bbox 112 2018 1754 2090">
     <span class='ocr_line' id='line_1_35' title="bbox 112 2018 1754 2090; baseline -0.001 -13"><span class='ocrx_word' id='word_1_233' title='bbox 112 2038 164 2077; x_wconf 88' lang='lat' dir='ltr'>se</span> <span class='ocrx_word' id='word_1_234' title='bbox 191 2021 376 2076; x_wconf 87' lang='lat' dir='ltr'>adhuc</span> <span class='ocrx_word' id='word_1_235' title='bbox 407 2020 460 2076; x_wconf 90' lang='lat' dir='ltr'>ei</span> <span class='ocrx_word' id='word_1_236' title='bbox 491 2019 798 2090; x_wconf 87' lang='lat' dir='ltr'>applicuit,</span> <span class='ocrx_word' id='word_1_237' title='bbox 831 2020 930 2089; x_wconf 89' lang='lat' dir='ltr'>qui</span> <span class='ocrx_word' id='word_1_238' title='bbox 967 2035 1078 2073; x_wconf 89' lang='lat' dir='ltr'>non</span> <span class='ocrx_word' id='word_1_239' title='bbox 1104 2018 1411 2090; x_wconf 79' lang='lat' dir='ltr'>profecerit</span> <span class='ocrx_word' id='word_1_240' title='bbox 1435 2019 1488 2073; x_wconf 90' lang='lat' dir='ltr'>in</span> <span class='ocrx_word' id='word_1_241' title='bbox 1523 2019 1754 2088; x_wconf 90' lang='lat' dir='ltr'>melius,</span> 
     </span>
    </p>
   </div>
   <div class='ocr_carea' id='block_1_36' title="bbox 113 2107 1756 2180">
    <p class='ocr_par' dir='ltr' id='par_1_36' title="bbox 113 2107 1756 2180">
     <span class='ocr_line' id='line_1_36' title="bbox 113 2107 1756 2180; baseline -0.001 -16"><span class='ocrx_word' id='word_1_242' title='bbox 113 2110 213 2164; x_wconf 89' lang='lat' dir='ltr'>nisi</span> <span class='ocrx_word' id='word_1_243' title='bbox 244 2109 366 2180; x_wconf 90' lang='lat' dir='ltr'>ipse</span> <span class='ocrx_word' id='word_1_244' title='bbox 398 2108 519 2164; x_wconf 90' lang='lat' dir='ltr'>sibi</span> <span class='ocrx_word' id='word_1_245' title='bbox 547 2107 724 2162; x_wconf 91' lang='lat' dir='ltr'>nimis</span> <span class='ocrx_word' id='word_1_246' title='bbox 746 2107 1117 2163; x_wconf 89' lang='lat' dir='ltr'>obdormivit.</span> <span class='ocrx_word' id='word_1_247' title='bbox 1153 2107 1299 2162; x_wconf 84' lang='lat' dir='ltr'>Cum</span> <span class='ocrx_word' id='word_1_248' title='bbox 1326 2123 1462 2180; x_wconf 89' lang='lat' dir='ltr'>ergo</span> <span class='ocrx_word' id='word_1_249' title='bbox 1489 2111 1756 2164; x_wconf 90' lang='lat' dir='ltr'>nostrum</span> 
     </span>
    </p>
   </div>
   <div class='ocr_carea' id='block_1_37' title="bbox 114 2196 1757 2268">
    <p class='ocr_par' dir='ltr' id='par_1_37' title="bbox 114 2196 1757 2268">
     <span class='ocr_line' id='line_1_37' title="bbox 114 2196 1757 2268; baseline -0.001 -15"><span class='ocrx_word' id='word_1_250' title='bbox 114 2197 180 2254; x_wconf 87' lang='lat' dir='ltr'>sit</span> <span class='ocrx_word' id='word_1_251' title='bbox 205 2197 316 2253; x_wconf 86' lang='lat' dir='ltr'>tale</span> <span class='ocrx_word' id='word_1_252' title='bbox 339 2197 646 2268; x_wconf 88' lang='lat' dir='ltr'>Leogium,</span> <span class='ocrx_word' id='word_1_253' title='bbox 681 2196 1020 2267; x_wconf 89' lang='lat' dir='ltr'>quicunque</span> <span class='ocrx_word' id='word_1_254' title='bbox 1042 2197 1092 2250; x_wconf 92' lang='lat' dir='ltr'>ei</span> <span class='ocrx_word' id='word_1_255' title='bbox 1125 2196 1386 2267; x_wconf 88' lang='lat' dir='ltr'>derogat,</span> <span class='ocrx_word' id='word_1_256' title='bbox 1421 2197 1757 2268; x_wconf 87' lang='lat' dir='ltr'>quicunque</span> 
     </span>
    </p>
   </div>
   <div class='ocr_carea' id='block_1_38' title="bbox 115 2283 1760 2358">
    <p class='ocr_par' dir='ltr' id='par_1_38' title="bbox 115 2283 1760 2358">
     <span class='ocr_line' id='line_1_38' title="bbox 115 2283 1760 2358; baseline -0.001 -17"><span class='ocrx_word' id='word_1_257' title='bbox 115 2286 398 2358; x_wconf 82' lang='lat' dir='ltr'>cognitum</span> <span class='ocrx_word' id='word_1_258' title='bbox 456 2302 578 2341; x_wconf 89' lang='lat' dir='ltr'>non</span> <span class='ocrx_word' id='word_1_259' title='bbox 639 2290 816 2356; x_wconf 88' lang='lat' dir='ltr'>amat,</span> <span class='ocrx_word' id='word_1_260' title='bbox 876 2290 940 2339; x_wconf 93' lang='lat' dir='ltr'>ut</span> <span class='ocrx_word' id='word_1_261' title='bbox 988 2283 1203 2340; x_wconf 90' lang='lat' dir='ltr'>rustice</span> <span class='ocrx_word' id='word_1_262' title='bbox 1257 2285 1484 2356; x_wconf 90' lang='lat' dir='ltr'>loquar,</span> <span class='ocrx_word' id='word_1_263' title='bbox 1549 2286 1760 2341; x_wconf 89' lang='lat' dir='ltr'>habeat</span> 
     </span>
    </p>
   </div>
   <div class='ocr_carea' id='block_1_39' title="bbox 115 2373 1760 2446">
    <p class='ocr_par' dir='ltr' id='par_1_39' title="bbox 115 2373 1760 2446">
     <span class='ocr_line' id='line_1_39' title="bbox 115 2373 1760 2446; baseline 0.001 -16"><span class='ocrx_word' id='word_1_264' title='bbox 115 2375 202 2432; x_wconf 90' lang='lat' dir='ltr'>Dei</span> <span class='ocrx_word' id='word_1_265' title='bbox 223 2375 448 2432; x_wconf 89' lang='lat' dir='ltr'>odium.</span> <span class='ocrx_word' id='word_1_266' title='bbox 479 2375 625 2430; x_wconf 86' lang='lat' dir='ltr'>Inde</span> <span class='ocrx_word' id='word_1_267' title='bbox 651 2378 757 2441; x_wconf 88' lang='lat' dir='ltr'>est,</span> <span class='ocrx_word' id='word_1_268' title='bbox 779 2374 1308 2446; x_wconf 89' lang='lat' dir='ltr'>charissime,quod</span> <span class='ocrx_word' id='word_1_269' title='bbox 1331 2373 1625 2430; x_wconf 90' lang='lat' dir='ltr'>continuis</span> <span class='ocrx_word' id='word_1_270' title='bbox 1645 2376 1760 2431; x_wconf 93' lang='lat' dir='ltr'>huc</span> 
     </span>
    </p>
   </div>
   <div class='ocr_carea' id='block_1_40' title="bbox 114 2463 1758 2536">
    <p class='ocr_par' dir='ltr' id='par_1_40' title="bbox 114 2463 1758 2536">
     <span class='ocr_line' id='line_1_40' title="bbox 114 2463 1758 2536; baseline 0 -17"><span class='ocrx_word' id='word_1_271' title='bbox 114 2465 248 2520; x_wconf 90' lang='lat' dir='ltr'>votis</span> <span class='ocrx_word' id='word_1_272' title='bbox 276 2481 380 2520; x_wconf 89' lang='lat' dir='ltr'>ruo</span> <span class='ocrx_word' id='word_1_273' title='bbox 417 2483 431 2520; x_wconf 92' lang='lat'><strong><em>:</em></strong></span> <span class='ocrx_word' id='word_1_274' title='bbox 467 2468 532 2520; x_wconf 88' lang='lat' dir='ltr'>et</span> <span class='ocrx_word' id='word_1_275' title='bbox 559 2463 694 2518; x_wconf 91' lang='lat' dir='ltr'>licet</span> <span class='ocrx_word' id='word_1_276' title='bbox 724 2463 861 2518; x_wconf 91' lang='lat' dir='ltr'>alibi</span> <span class='ocrx_word' id='word_1_277' title='bbox 903 2464 1136 2536; x_wconf 87' lang='lat' dir='ltr'>degam,</span> <span class='ocrx_word' id='word_1_278' title='bbox 1187 2463 1383 2518; x_wconf 91' lang='lat' dir='ltr'>animo</span> <span class='ocrx_word' id='word_1_279' title='bbox 1432 2466 1627 2518; x_wconf 90' lang='lat' dir='ltr'>tamen</span> <span class='ocrx_word' id='word_1_280' title='bbox 1679 2465 1758 2519; x_wconf 91' lang='lat' dir='ltr'>ibi</span> 
     </span>
    </p>
   </div>
   <div class='ocr_carea' id='block_1_41' title="bbox 117 2552 1246 2621">
    <p class='ocr_par' dir='ltr' id='par_1_41' title="bbox 117 2552 1246 2621">
     <span class='ocr_line' id='line_1_41' title="bbox 117 2552 1246 2621; baseline -0.005 -13"><span class='ocrx_word' id='word_1_281' title='bbox 117 2555 292 2608; x_wconf 88' lang='lat' dir='ltr'>tecum</span> <span class='ocrx_word' id='word_1_282' title='bbox 324 2552 558 2609; x_wconf 89' lang='lat' dir='ltr'>habito.</span> <span class='ocrx_word' id='word_1_283' title='bbox 1239 2615 1246 2621; x_wconf 89' lang='lat'><em>_</em></span> 
     </span>
    </p>
   </div>
   <div class='ocr_carea' id='block_1_42' title="bbox 172 2639 1756 2709">
    <p class='ocr_par' dir='ltr' id='par_1_42' title="bbox 172 2639 1756 2709">
     <span class='ocr_line' id='line_1_42' title="bbox 172 2639 1756 2709; baseline 0.001 -15"><span class='ocrx_word' id='word_1_284' title='bbox 172 2641 309 2697; x_wconf 83' lang='lat' dir='ltr'><strong>VIII.</strong></span> <span class='ocrx_word' id='word_1_285' title='bbox 360 2644 434 2696; x_wconf 86' lang='lat' dir='ltr'>At</span> <span class='ocrx_word' id='word_1_286' title='bbox 482 2656 622 2696; x_wconf 89' lang='lat' dir='ltr'>vero</span> <span class='ocrx_word' id='word_1_287' title='bbox 674 2639 916 2695; x_wconf 80' lang='lat' dir='ltr'>forsitan</span> <span class='ocrx_word' id='word_1_288' title='bbox 979 2655 1073 2694; x_wconf 88' lang='lat' dir='ltr'>me</span> <span class='ocrx_word' id='word_1_289' title='bbox 1122 2639 1436 2696; x_wconf 90' lang='lat' dir='ltr'>insimulas</span> <span class='ocrx_word' id='word_1_290' title='bbox 1486 2639 1756 2709; x_wconf 87' lang='lat' dir='ltr'>levitatis,</span> 
     </span>
    </p>
   </div>
   <div class='ocr_carea' id='block_1_43' title="bbox 115 2728 1759 2803">
    <p class='ocr_par' dir='ltr' id='par_1_43' title="bbox 115 2728 1759 2803">
     <span class='ocr_line' id='line_1_43' title="bbox 115 2728 1759 2803; baseline -0.001 -17"><span class='ocrx_word' id='word_1_291' title='bbox 115 2731 268 2803; x_wconf 86' lang='lat' dir='ltr'>quasi</span> <span class='ocrx_word' id='word_1_292' title='bbox 297 2731 445 2786; x_wconf 90' lang='lat' dir='ltr'>bene</span> <span class='ocrx_word' id='word_1_293' title='bbox 475 2728 734 2798; x_wconf 90' lang='lat' dir='ltr'>vivendi,</span> <span class='ocrx_word' id='word_1_294' title='bbox 759 2729 878 2784; x_wconf 88' lang='lat' dir='ltr'>imo</span> <span class='ocrx_word' id='word_1_295' title='bbox 900 2729 1143 2784; x_wconf 90' lang='lat' dir='ltr'>vacandi</span> <span class='ocrx_word' id='word_1_296' title='bbox 1165 2733 1222 2785; x_wconf 91' lang='lat' dir='ltr'>et</span> <span class='ocrx_word' id='word_1_297' title='bbox 1250 2729 1536 2801; x_wconf 87' lang='lat' dir='ltr'>gloriandi</span> <span class='ocrx_word' id='word_1_298' title='bbox 1567 2730 1759 2787; x_wconf 90' lang='lat' dir='ltr'>locum</span> 
     </span>
    </p>
   </div>
   <div class='ocr_carea' id='block_1_44' title="bbox 117 2817 1758 2891">
    <p class='ocr_par' dir='ltr' id='par_1_44' title="bbox 117 2817 1758 2891">
     <span class='ocr_line' id='line_1_44' title="bbox 117 2817 1758 2891; baseline 0 -17"><span class='ocrx_word' id='word_1_299' title='bbox 117 2836 388 2890; x_wconf 58' lang='lat' dir='ltr'>quaeram;</span> <span class='ocrx_word' id='word_1_300' title='bbox 425 2819 587 2891; x_wconf 90' lang='lat' dir='ltr'>quod</span> <span class='ocrx_word' id='word_1_301' title='bbox 614 2818 815 2889; x_wconf 91' lang='lat' dir='ltr'>utique</span> <span class='ocrx_word' id='word_1_302' title='bbox 848 2820 938 2873; x_wconf 90' lang='lat' dir='ltr'>est</span> <span class='ocrx_word' id='word_1_303' title='bbox 961 2817 1142 2872; x_wconf 88' lang='lat' dir='ltr'>animi</span> <span class='ocrx_word' id='word_1_304' title='bbox 1173 2818 1488 2873; x_wconf 88' lang='lat' dir='ltr'>vanitantis</span> <span class='ocrx_word' id='word_1_305' title='bbox 1523 2837 1535 2874; x_wconf 90' lang='lat'>:</span> <span class='ocrx_word' id='word_1_306' title='bbox 1571 2819 1758 2874; x_wconf 88' lang='lat' dir='ltr'>aeide-</span> 
     </span>
    </p>
   </div>
   <div class='ocr_carea' id='block_1_45' title="bbox 117 2906 1762 2981">
    <p class='ocr_par' dir='ltr' id='par_1_45' title="bbox 117 2906 1762 2981">
     <span class='ocr_line' id='line_1_45' title="bbox 117 2906 1762 2981; baseline -0.001 -17"><span class='ocrx_word' id='word_1_307' title='bbox 117 2924 218 2980; x_wconf 85' lang='lat' dir='ltr'>que</span> <span class='ocrx_word' id='word_1_308' title='bbox 245 2907 582 2981; x_wconf 87' lang='lat' dir='ltr'>redarguis,</span> <span class='ocrx_word' id='word_1_309' title='bbox 616 2907 770 2978; x_wconf 91' lang='lat' dir='ltr'>quod</span> <span class='ocrx_word' id='word_1_310' title='bbox 805 2906 962 2962; x_wconf 89' lang='lat' dir='ltr'>velut</span> <span class='ocrx_word' id='word_1_311' title='bbox 988 2922 1055 2960; x_wconf 89' lang='lat' dir='ltr'>ex</span> <span class='ocrx_word' id='word_1_312' title='bbox 1077 2907 1348 2962; x_wconf 87' lang='lat' dir='ltr'>desiderii</span> <span class='ocrx_word' id='word_1_313' title='bbox 1382 2908 1610 2973; x_wconf 85' lang='lat' dir='ltr'>aﬂ‘ectu,</span> <span class='ocrx_word' id='word_1_314' title='bbox 1637 2925 1762 2963; x_wconf 90' lang='lat' dir='ltr'>mo-</span> 
     </span>
    </p>
   </div>
   <div class='ocr_carea' id='block_1_46' title="bbox 121 2995 1761 3067">
    <p class='ocr_par' dir='ltr' id='par_1_46' title="bbox 121 2995 1761 3067">
     <span class='ocr_line' id='line_1_46' title="bbox 121 2995 1761 3067; baseline 0.001 -17"><span class='ocrx_word' id='word_1_315' title='bbox 121 2997 185 3052; x_wconf 90' lang='lat' dir='ltr'>do</span> <span class='ocrx_word' id='word_1_316' title='bbox 212 2997 414 3065; x_wconf 88' lang='lat' dir='ltr'>situm,</span> <span class='ocrx_word' id='word_1_317' title='bbox 449 2995 884 3061; x_wconf 76' lang='lat' dir='ltr'>amoenitatem,</span> <span class='ocrx_word' id='word_1_318' title='bbox 916 2995 1281 3050; x_wconf 87' lang='lat' dir='ltr'>afﬂuentiam</span> <span class='ocrx_word' id='word_1_319' title='bbox 1325 2999 1381 3049; x_wconf 92' lang='lat' dir='ltr'>et</span> <span class='ocrx_word' id='word_1_320' title='bbox 1410 2995 1761 3067; x_wconf 87' lang='lat' dir='ltr'>sapientiam</span> 
     </span>
    </p>
   </div>
   <div class='ocr_carea' id='block_1_47' title="bbox 118 3083 1762 3158">
    <p class='ocr_par' dir='ltr' id='par_1_47' title="bbox 118 3083 1762 3158">
     <span class='ocr_line' id='line_1_47' title="bbox 118 3083 1762 3158; baseline 0.001 -18"><span class='ocrx_word' id='word_1_321' title='bbox 118 3085 403 3158; x_wconf 83' lang='lat' dir='ltr'>tantopere</span> <span class='ocrx_word' id='word_1_322' title='bbox 432 3083 920 3156; x_wconf 56' lang='lat' dir='ltr'>nostriﬁextollam</span> <span class='ocrx_word' id='word_1_323' title='bbox 941 3084 1156 3155; x_wconf 88' lang='lat' dir='ltr'>Leogii,</span> <span class='ocrx_word' id='word_1_324' title='bbox 1179 3083 1272 3139; x_wconf 90' lang='lat' dir='ltr'>cui</span> <span class='ocrx_word' id='word_1_325' title='bbox 1293 3083 1609 3155; x_wconf 85' lang='lat' dir='ltr'>aliquando</span> <span class='ocrx_word' id='word_1_326' title='bbox 1641 3087 1762 3142; x_wconf 84' lang='lat' dir='ltr'>Mo-</span> 
     </span>
    </p>
   </div>
   <div class='ocr_carea' id='block_1_48' title="bbox 123 3172 1761 3246">
    <p class='ocr_par' dir='ltr' id='par_1_48' title="bbox 123 3172 1761 3246">
     <span class='ocr_line' id='line_1_48' title="bbox 123 3172 1761 3246; baseline 0.002 -19"><span class='ocrx_word' id='word_1_327' title='bbox 123 3174 417 3243; x_wconf 82' lang='lat' dir='ltr'>gunlinam</span> <span class='ocrx_word' id='word_1_328' title='bbox 440 3174 762 3246; x_wconf 71' lang='lat' dir='ltr'>praeferens</span> <span class='ocrx_word' id='word_1_329' title='bbox 793 3172 1064 3244; x_wconf 87' lang='lat' dir='ltr'>gloriam,</span> <span class='ocrx_word' id='word_1_330' title='bbox 1097 3172 1356 3227; x_wconf 85' lang='lat' dir='ltr'>dederim</span> <span class='ocrx_word' id='word_1_331' title='bbox 1386 3172 1649 3230; x_wconf 90' lang='lat' dir='ltr'>libellum</span> <span class='ocrx_word' id='word_1_332' title='bbox 1674 3193 1761 3230; x_wconf 89' lang='lat' dir='ltr'>re-</span> 
     </span>
    </p>
   </div>
   <div class='ocr_carea' id='block_1_49' title="bbox 1865 1925 3514 1996">
    <p class='ocr_par' dir='ltr' id='par_1_49' title="bbox 1865 1925 3514 1996">
     <span class='ocr_line' id='line_1_49' title="bbox 1865 1925 3514 1996; baseline 0.007 -18"><span class='ocrx_word' id='word_1_333' title='bbox 1865 1925 2123 1996; x_wconf 89' lang='lat' dir='ltr'>bonique</span> <span class='ocrx_word' id='word_1_334' title='bbox 2153 1928 2362 1983; x_wconf 89' lang='lat' dir='ltr'>ducere</span> <span class='ocrx_word' id='word_1_335' title='bbox 2394 1929 2627 1996; x_wconf 89' lang='lat' dir='ltr'>videris,</span> <span class='ocrx_word' id='word_1_336' title='bbox 2663 1931 2762 1984; x_wconf 91' lang='lat' dir='ltr'>sed</span> <span class='ocrx_word' id='word_1_337' title='bbox 2798 1932 3107 1987; x_wconf 87' lang='lat' dir='ltr'>commoda</span> <span class='ocrx_word' id='word_1_338' title='bbox 3139 1937 3339 1988; x_wconf 88' lang='lat' dir='ltr'>nostra</span> <span class='ocrx_word' id='word_1_339' title='bbox 3368 1933 3514 1989; x_wconf 90' lang='lat' dir='ltr'>obli-</span> 
     </span>
    </p>
   </div>
   <div class='ocr_carea' id='block_1_50' title="bbox 1867 2014 3514 2090">
    <p class='ocr_par' dir='ltr' id='par_1_50' title="bbox 1867 2014 3514 2090">
     <span class='ocr_line' id='line_1_50' title="bbox 1867 2014 3514 2090; baseline 0.006 -22"><span class='ocrx_word' id='word_1_340' title='bbox 1867 2030 1981 2085; x_wconf 90' lang='lat' dir='ltr'>quo</span> <span class='ocrx_word' id='word_1_341' title='bbox 2004 2014 2158 2070; x_wconf 90' lang='lat' dir='ltr'>invid</span> <span class='ocrx_word' id='word_1_342' title='bbox 2171 2016 2232 2070; x_wconf 70' lang='lat' dir='ltr'>ise</span> <span class='ocrx_word' id='word_1_343' title='bbox 2246 2016 2410 2071; x_wconf 92' lang='lat' dir='ltr'>oculo</span> <span class='ocrx_word' id='word_1_344' title='bbox 2427 2017 2650 2083; x_wconf 88' lang='lat' dir='ltr'>limare,</span> <span class='ocrx_word' id='word_1_345' title='bbox 2676 2022 2732 2072; x_wconf 89' lang='lat' dir='ltr'>et</span> <span class='ocrx_word' id='word_1_346' title='bbox 2747 2019 2944 2090; x_wconf 86' lang='lat' dir='ltr'>cynico</span> <span class='ocrx_word' id='word_1_347' title='bbox 2960 2021 3338 2077; x_wconf 86' lang='lat' dir='ltr'>detractionis</span> <span class='ocrx_word' id='word_1_348' title='bbox 3361 2039 3514 2078; x_wconf 90' lang='lat' dir='ltr'>mor-</span> 
     </span>
    </p>
   </div>
   <div class='ocr_carea' id='block_1_51' title="bbox 1868 2107 3517 2180">
    <p class='ocr_par' dir='ltr' id='par_1_51' title="bbox 1868 2107 3517 2180">
     <span class='ocr_line' id='line_1_51' title="bbox 1868 2107 3517 2180; baseline 0.007 -23"><span class='ocrx_word' id='word_1_349' title='bbox 1868 2119 1937 2158; x_wconf 89' lang='lat' dir='ltr'>su</span> <span class='ocrx_word' id='word_1_350' title='bbox 1969 2120 2253 2160; x_wconf 85' lang='lat' dir='ltr'>venenare</span> <span class='ocrx_word' id='word_1_351' title='bbox 2284 2107 2606 2161; x_wconf 88' lang='lat' dir='ltr'>contendis.</span> <span class='ocrx_word' id='word_1_352' title='bbox 2633 2107 2906 2180; x_wconf 86' lang='lat' dir='ltr'>Nunquid</span> <span class='ocrx_word' id='word_1_353' title='bbox 2932 2127 3066 2164; x_wconf 87' lang='lat' dir='ltr'>nam</span> <span class='ocrx_word' id='word_1_354' title='bbox 3099 2110 3343 2166; x_wconf 87' lang='lat' dir='ltr'>diversis</span> <span class='ocrx_word' id='word_1_355' title='bbox 3377 2111 3517 2168; x_wconf 87' lang='lat' dir='ltr'>locis</span> 
     </span>
    </p>
   </div>
   <div class='ocr_carea' id='block_1_52' title="bbox 1868 2185 3518 2272">
    <p class='ocr_par' dir='ltr' id='par_1_52' title="bbox 1868 2185 3518 2272">
     <span class='ocr_line' id='line_1_52' title="bbox 1868 2185 3518 2272; baseline 0.005 -24"><span class='ocrx_word' id='word_1_356' title='bbox 1868 2198 1923 2248; x_wconf 92' lang='lat' dir='ltr'>et</span> <span class='ocrx_word' id='word_1_357' title='bbox 1953 2185 2316 2265; x_wconf 83' lang='lat' dir='ltr'>temporibus</span> <span class='ocrx_word' id='word_1_358' title='bbox 2349 2195 2605 2251; x_wconf 88' lang='lat' dir='ltr'>melioris</span> <span class='ocrx_word' id='word_1_359' title='bbox 2631 2196 2754 2251; x_wconf 69' lang='lat' dir='ltr'>vitae</span> <span class='ocrx_word' id='word_1_360' title='bbox 2786 2199 3071 2254; x_wconf 88' lang='lat' dir='ltr'>rationem</span> <span class='ocrx_word' id='word_1_361' title='bbox 3103 2199 3394 2272; x_wconf 88' lang='lat' dir='ltr'>colligere,</span> <span class='ocrx_word' id='word_1_362' title='bbox 3427 2218 3518 2256; x_wconf 88' lang='lat' dir='ltr'>ve-</span> 
     </span>
    </p>
   </div>
   <div class='ocr_carea' id='block_1_53' title="bbox 1868 2281 3517 2360">
    <p class='ocr_par' dir='ltr' id='par_1_53' title="bbox 1868 2281 3517 2360">
     <span class='ocr_line' id='line_1_53' title="bbox 1868 2281 3517 2360; baseline 0.005 -24"><span class='ocrx_word' id='word_1_363' title='bbox 1868 2281 1954 2336; x_wconf 90' lang='lat' dir='ltr'>lnt</span> <span class='ocrx_word' id='word_1_364' title='bbox 1976 2282 2150 2337; x_wconf 89' lang='lat' dir='ltr'>variis</span> <span class='ocrx_word' id='word_1_365' title='bbox 2183 2281 2507 2338; x_wconf 90' lang='lat' dir='ltr'>litterarum</span> <span class='ocrx_word' id='word_1_366' title='bbox 2533 2285 2744 2339; x_wconf 80' lang='lat' dir='ltr'>studiis</span> <span class='ocrx_word' id='word_1_367' title='bbox 2781 2290 2832 2340; x_wconf 90' lang='lat' dir='ltr'>et</span> <span class='ocrx_word' id='word_1_368' title='bbox 2865 2287 3310 2359; x_wconf 87' lang='lat' dir='ltr'>disciplinarum</span> <span class='ocrx_word' id='word_1_369' title='bbox 3342 2304 3517 2360; x_wconf 87' lang='lat' dir='ltr'>expe-</span> 
     </span>
    </p>
   </div>
   <div class='ocr_carea' id='block_1_54' title="bbox 1871 2369 3519 2448">
    <p class='ocr_par' dir='ltr' id='par_1_54' title="bbox 1871 2369 3519 2448">
     <span class='ocr_line' id='line_1_54' title="bbox 1871 2369 3519 2448; baseline 0.005 -24"><span class='ocrx_word' id='word_1_370' title='bbox 1871 2369 2100 2435; x_wconf 89' lang='lat' dir='ltr'>rientia,</span> <span class='ocrx_word' id='word_1_371' title='bbox 2137 2370 2429 2441; x_wconf 89' lang='lat' dir='ltr'>liquidum</span> <span class='ocrx_word' id='word_1_372' title='bbox 2462 2374 2716 2427; x_wconf 69' lang='lat' dir='ltr'>scientim</span> <span class='ocrx_word' id='word_1_373' title='bbox 2747 2374 2860 2430; x_wconf 90' lang='lat' dir='ltr'>mel</span> <span class='ocrx_word' id='word_1_374' title='bbox 2892 2376 3106 2448; x_wconf 87' lang='lat' dir='ltr'>stipare</span> <span class='ocrx_word' id='word_1_375' title='bbox 3129 2377 3412 2433; x_wconf 89' lang='lat' dir='ltr'>adscribis</span> <span class='ocrx_word' id='word_1_376' title='bbox 3442 2377 3519 2433; x_wconf 89' lang='lat' dir='ltr'>le-</span> 
     </span>
    </p>
   </div>
   <div class='ocr_carea' id='block_1_55' title="bbox 1869 2458 3520 2537">
    <p class='ocr_par' dir='ltr' id='par_1_55' title="bbox 1869 2458 3520 2537">
     <span class='ocr_line' id='line_1_55' title="bbox 1869 2458 3520 2537; baseline 0.005 -25"><span class='ocrx_word' id='word_1_377' title='bbox 1869 2458 2029 2513; x_wconf 88' lang='lat' dir='ltr'>vitati</span> <span class='ocrx_word' id='word_1_378' title='bbox 2050 2458 2077 2512; x_wconf 83' lang='lat'><strong>?</strong></span> <span class='ocrx_word' id='word_1_379' title='bbox 2108 2459 2259 2514; x_wconf 90' lang='lat' dir='ltr'>Num</span> <span class='ocrx_word' id='word_1_380' title='bbox 2290 2459 2350 2514; x_wconf 90' lang='lat' dir='ltr'>in</span> <span class='ocrx_word' id='word_1_381' title='bbox 2375 2460 2584 2517; x_wconf 89' lang='lat' dir='ltr'>melius</span> <span class='ocrx_word' id='word_1_382' title='bbox 2614 2461 2757 2517; x_wconf 91' lang='lat' dir='ltr'>velle</span> <span class='ocrx_word' id='word_1_383' title='bbox 2780 2464 3056 2534; x_wconf 81' lang='lat' dir='ltr'>proficere</span> <span class='ocrx_word' id='word_1_384' title='bbox 3088 2467 3334 2537; x_wconf 87' lang='lat' dir='ltr'>deputas</span> <span class='ocrx_word' id='word_1_385' title='bbox 3357 2466 3520 2522; x_wconf 90' lang='lat' dir='ltr'>vani-</span> 
     </span>
    </p>
   </div>
   <div class='ocr_carea' id='block_1_56' title="bbox 1869 2547 3521 2626">
    <p class='ocr_par' dir='ltr' id='par_1_56' title="bbox 1869 2547 3521 2626">
     <span class='ocr_line' id='line_1_56' title="bbox 1869 2547 3521 2626; baseline 0.007 -26"><span class='ocrx_word' id='word_1_386' title='bbox 1869 2547 1972 2601; x_wconf 89' lang='lat' dir='ltr'>tati</span> <span class='ocrx_word' id='word_1_387' title='bbox 1990 2547 2015 2602; x_wconf 85' lang='lat'>?</span> <span class='ocrx_word' id='word_1_388' title='bbox 2033 2547 2450 2619; x_wconf 88' lang='lat' dir='ltr'>Nunquidnam</span> <span class='ocrx_word' id='word_1_389' title='bbox 2474 2566 2503 2604; x_wconf 93' lang='lat' dir='ltr'>e</span> <span class='ocrx_word' id='word_1_390' title='bbox 2526 2551 2768 2606; x_wconf 90' lang='lat' dir='ltr'>diversis</span> <span class='ocrx_word' id='word_1_391' title='bbox 2792 2551 2933 2608; x_wconf 91' lang='lat' dir='ltr'>locis</span> <span class='ocrx_word' id='word_1_392' title='bbox 2956 2553 3221 2609; x_wconf 86' lang='lat' dir='ltr'>salubres</span> <span class='ocrx_word' id='word_1_393' title='bbox 3242 2560 3521 2626; x_wconf 90' lang='lat' dir='ltr'>petuntur</span> 
     </span>
    </p>
   </div>
   <div class='ocr_carea' id='block_1_57' title="bbox 1869 2637 3520 2716">
    <p class='ocr_par' dir='ltr' id='par_1_57' title="bbox 1869 2637 3520 2716">
     <span class='ocr_line' id='line_1_57' title="bbox 1869 2637 3520 2716; baseline 0.007 -27"><span class='ocrx_word' id='word_1_394' title='bbox 1869 2640 1926 2690; x_wconf 89' lang='lat' dir='ltr'>et</span> <span class='ocrx_word' id='word_1_395' title='bbox 1973 2653 2134 2706; x_wconf 84' lang='lat' dir='ltr'>aquae</span> <span class='ocrx_word' id='word_1_396' title='bbox 2173 2640 2229 2691; x_wconf 89' lang='lat' dir='ltr'>et</span> <span class='ocrx_word' id='word_1_397' title='bbox 2260 2637 2472 2703; x_wconf 85' lang='lat' dir='ltr'>herbae,</span> <span class='ocrx_word' id='word_1_398' title='bbox 2506 2655 2634 2710; x_wconf 66' lang='lat' dir='ltr'>quae</span> <span class='ocrx_word' id='word_1_399' title='bbox 2666 2644 2872 2712; x_wconf 87' lang='lat' dir='ltr'>suapte</span> <span class='ocrx_word' id='word_1_400' title='bbox 2915 2642 2968 2695; x_wconf 90' lang='lat' dir='ltr'>vi</span> <span class='ocrx_word' id='word_1_401' title='bbox 2999 2641 3230 2697; x_wconf 82' lang='lat' dir='ltr'>valeant</span> <span class='ocrx_word' id='word_1_402' title='bbox 3274 2661 3520 2716; x_wconf 68' lang='lat' dir='ltr'>quaeque</span> 
     </span>
    </p>
   </div>
   <div class='ocr_carea' id='block_1_58' title="bbox 1871 2725 3522 2788">
    <p class='ocr_par' dir='ltr' id='par_1_58' title="bbox 1871 2725 3522 2788">
     <span class='ocr_line' id='line_1_58' title="bbox 1871 2725 3522 2788; baseline 0.005 -10"><span class='ocrx_word' id='word_1_403' title='bbox 1871 2725 2138 2779; x_wconf 81' lang='lat' dir='ltr'>morbida</span> <span class='ocrx_word' id='word_1_404' title='bbox 2169 2742 2375 2780; x_wconf 89' lang='lat' dir='ltr'>sanare</span> <span class='ocrx_word' id='word_1_405' title='bbox 2397 2727 2423 2780; x_wconf 85' lang='lat'><strong>?</strong></span> <span class='ocrx_word' id='word_1_406' title='bbox 2446 2726 2648 2783; x_wconf 88' lang='lat' dir='ltr'>Nonne</span> <span class='ocrx_word' id='word_1_407' title='bbox 2680 2729 2986 2783; x_wconf 86' lang='lat' dir='ltr'>duodecim</span> <span class='ocrx_word' id='word_1_408' title='bbox 3021 2733 3160 2785; x_wconf 92' lang='lat' dir='ltr'>sunt</span> <span class='ocrx_word' id='word_1_409' title='bbox 3191 2730 3344 2786; x_wconf 67' lang='lat' dir='ltr'>horae</span> <span class='ocrx_word' id='word_1_410' title='bbox 3375 2732 3522 2788; x_wconf 83' lang='lat' dir='ltr'>diei?</span> 
     </span>
    </p>
   </div>
   <div class='ocr_carea' id='block_1_59' title="bbox 1872 2814 3518 2892">
    <p class='ocr_par' dir='ltr' id='par_1_59' title="bbox 1872 2814 3518 2892">
     <span class='ocr_line' id='line_1_59' title="bbox 1872 2814 3518 2892; baseline 0.005 -25"><span class='ocrx_word' id='word_1_411' title='bbox 1872 2829 2063 2868; x_wconf 89' lang='lat' dir='ltr'>nonne</span> <span class='ocrx_word' id='word_1_412' title='bbox 2101 2814 2364 2868; x_wconf 87' lang='lat' dir='ltr'>ordinate</span> <span class='ocrx_word' id='word_1_413' title='bbox 2410 2815 2762 2886; x_wconf 90' lang='lat' dir='ltr'>dispositum</span> <span class='ocrx_word' id='word_1_414' title='bbox 2810 2821 2896 2871; x_wconf 91' lang='lat' dir='ltr'>est</span> <span class='ocrx_word' id='word_1_415' title='bbox 2927 2817 3065 2888; x_wconf 91' lang='lat' dir='ltr'>quid</span> <span class='ocrx_word' id='word_1_416' title='bbox 3101 2819 3177 2873; x_wconf 90' lang='lat' dir='ltr'>sit</span> <span class='ocrx_word' id='word_1_417' title='bbox 3224 2822 3518 2892; x_wconf 88' lang='lat' dir='ltr'>agendum</span> 
     </span>
    </p>
   </div>
   <div class='ocr_carea' id='block_1_60' title="bbox 1873 2902 3514 2978">
    <p class='ocr_par' dir='ltr' id='par_1_60' title="bbox 1873 2902 3514 2978">
     <span class='ocr_line' id='line_1_60' title="bbox 1873 2902 3514 2978; baseline 0.007 -22"><span class='ocrx_word' id='word_1_418' title='bbox 1873 2918 2062 2968; x_wconf 90' lang='lat' dir='ltr'>mane,</span> <span class='ocrx_word' id='word_1_419' title='bbox 2089 2902 2230 2973; x_wconf 91' lang='lat' dir='ltr'>quid</span> <span class='ocrx_word' id='word_1_420' title='bbox 2246 2904 2742 2971; x_wconf 88' lang='lat' dir='ltr'>antemeridianis,</span> <span class='ocrx_word' id='word_1_421' title='bbox 2765 2906 2901 2976; x_wconf 89' lang='lat' dir='ltr'>quid</span> <span class='ocrx_word' id='word_1_422' title='bbox 2923 2908 3400 2978; x_wconf 87' lang='lat' dir='ltr'>postmeridianis</span> <span class='ocrx_word' id='word_1_423' title='bbox 3416 2910 3514 2967; x_wconf 93' lang='lat' dir='ltr'>ho-</span> 
     </span>
    </p>
   </div>
   <div class='ocr_carea' id='block_1_61' title="bbox 1873 2990 3521 3067">
    <p class='ocr_par' dir='ltr' id='par_1_61' title="bbox 1873 2990 3521 3067">
     <span class='ocr_line' id='line_1_61' title="bbox 1873 2990 3521 3067; baseline 0.007 -24"><span class='ocrx_word' id='word_1_424' title='bbox 1873 2990 1974 3056; x_wconf 90' lang='lat' dir='ltr'>ris,</span> <span class='ocrx_word' id='word_1_425' title='bbox 2024 2991 2162 3062; x_wconf 90' lang='lat' dir='ltr'>quid</span> <span class='ocrx_word' id='word_1_426' title='bbox 2213 2994 2494 3063; x_wconf 81' lang='lat' dir='ltr'>vespere?</span> <span class='ocrx_word' id='word_1_427' title='bbox 2543 2994 2654 3049; x_wconf 88' lang='lat' dir='ltr'>Sed</span> <span class='ocrx_word' id='word_1_428' title='bbox 2697 2995 2821 3065; x_wconf 87' lang='lat' dir='ltr'>jam</span> <span class='ocrx_word' id='word_1_429' title='bbox 2865 2995 3013 3050; x_wconf 89' lang='lat' dir='ltr'>heu!</span> <span class='ocrx_word' id='word_1_430' title='bbox 3050 2997 3427 3067; x_wconf 86' lang='lat' dir='ltr'>matutinum,</span> <span class='ocrx_word' id='word_1_431' title='bbox 3461 3000 3521 3055; x_wconf 91' lang='lat' dir='ltr'>in</span> 
     </span>
    </p>
   </div>
   <div class='ocr_carea' id='block_1_62' title="bbox 1873 3079 3523 3160">
    <p class='ocr_par' dir='ltr' id='par_1_62' title="bbox 1873 3079 3523 3160">
     <span class='ocr_line' id='line_1_62' title="bbox 1873 3079 3523 3160; baseline 0.008 -28"><span class='ocrx_word' id='word_1_432' title='bbox 1873 3096 1988 3150; x_wconf 93' lang='lat' dir='ltr'>quo</span> <span class='ocrx_word' id='word_1_433' title='bbox 2019 3084 2141 3134; x_wconf 90' lang='lat' dir='ltr'>erat</span> <span class='ocrx_word' id='word_1_434' title='bbox 2163 3079 2382 3150; x_wconf 76' lang='lat' dir='ltr'>laetitia,</span> <span class='ocrx_word' id='word_1_435' title='bbox 2415 3082 2684 3150; x_wconf 87' lang='lat' dir='ltr'>transiit;</span> <span class='ocrx_word' id='word_1_436' title='bbox 2733 3087 2787 3137; x_wconf 88' lang='lat' dir='ltr'>et</span> <span class='ocrx_word' id='word_1_437' title='bbox 2815 3100 3146 3155; x_wconf 86' lang='lat' dir='ltr'>vesperum,</span> <span class='ocrx_word' id='word_1_438' title='bbox 3181 3085 3239 3141; x_wconf 90' lang='lat' dir='ltr'>in</span> <span class='ocrx_word' id='word_1_439' title='bbox 3273 3104 3387 3160; x_wconf 91' lang='lat' dir='ltr'>quo</span> <span class='ocrx_word' id='word_1_440' title='bbox 3421 3089 3523 3145; x_wconf 76' lang='grc' dir='ltr'>ἀθ-</span> 
     </span>
    </p>
   </div>
   <div class='ocr_carea' id='block_1_63' title="bbox 1873 3167 3524 3244">
    <p class='ocr_par' dir='ltr' id='par_1_63' title="bbox 1873 3167 3524 3244">
     <span class='ocr_line' id='line_1_63' title="bbox 1873 3167 3524 3244; baseline 0.007 -23"><span class='ocrx_word' id='word_1_441' title='bbox 1873 3167 2199 3223; x_wconf 88' lang='lat' dir='ltr'>morabitur</span> <span class='ocrx_word' id='word_1_442' title='bbox 2229 3171 2418 3234; x_wconf 88' lang='lat' dir='ltr'>ﬂetus,</span> <span class='ocrx_word' id='word_1_443' title='bbox 2452 3172 2704 3227; x_wconf 86' lang='lat' dir='ltr'>advenit.</span> <span class='ocrx_word' id='word_1_444' title='bbox 2729 3173 2860 3227; x_wconf 89' lang='lat' dir='ltr'>Jam</span> <span class='ocrx_word' id='word_1_445' title='bbox 2883 3174 3080 3244; x_wconf 87' lang='lat' dir='ltr'>posuit</span> <span class='ocrx_word' id='word_1_446' title='bbox 3102 3176 3387 3232; x_wconf 91' lang='lat' dir='ltr'>Dominus</span> <span class='ocrx_word' id='word_1_447' title='bbox 3418 3179 3524 3233; x_wconf 90' lang='lat' dir='ltr'>ﬂu-</span> 
     </span>
    </p>
   </div>
   <div class='ocr_carea' id='block_1_64' title="bbox 120 3243 3520 3335">
    <p class='ocr_par' dir='ltr' id='par_1_64' title="bbox 120 3243 3520 3335">
     <span class='ocr_line' id='line_1_64' title="bbox 120 3243 3520 3335; baseline 0.004 -28"><span class='ocrx_word' id='word_1_448' title='bbox 120 3261 264 3331; x_wconf 80' lang='lat' dir='ltr'>pndii</span> <span class='ocrx_word' id='word_1_449' title='bbox 301 3281 314 3318; x_wconf 84' lang='grc'>;</span> <span class='ocrx_word' id='word_1_450' title='bbox 367 3243 651 3335; x_wconf 57' lang='grc' dir='ltr'>φίοάῳιθ</span> <span class='ocrx_word' id='word_1_451' title='bbox 690 3243 854 3316; x_wconf 58' lang='lat' dir='ltr'>tanta</span> <span class='ocrx_word' id='word_1_452' title='bbox 883 3261 1106 3316; x_wconf 78' lang='lat' dir='ltr'>ﬂuitem</span> <span class='ocrx_word' id='word_1_453' title='bbox 1139 3260 1321 3316; x_wconf 80' lang='lat' dir='ltr'>animi</span> <span class='ocrx_word' id='word_1_454' title='bbox 1353 3260 1758 3333; x_wconf 63' lang='lat' dir='ltr'>inconstantia,</span> <span class='ocrx_word' id='word_1_455' title='bbox 1793 3243 1836 3308; x_wconf 84' lang='lat' dir='ltr'>C</span> <span class='ocrx_word' id='word_1_456' title='bbox 1876 3257 2038 3311; x_wconf 89' lang='lat' dir='ltr'>mina</span> <span class='ocrx_word' id='word_1_457' title='bbox 2067 3257 2126 3310; x_wconf 91' lang='lat' dir='ltr'>in</span> <span class='ocrx_word' id='word_1_458' title='bbox 2148 3258 2465 3325; x_wconf 89' lang='lat' dir='ltr'>desertum,</span> <span class='ocrx_word' id='word_1_459' title='bbox 2488 3263 2545 3314; x_wconf 90' lang='lat' dir='ltr'>et</span> <span class='ocrx_word' id='word_1_460' title='bbox 2567 3260 2753 3315; x_wconf 87' lang='lat' dir='ltr'>fontes</span> <span class='ocrx_word' id='word_1_461' title='bbox 2775 3277 3060 3332; x_wconf 89' lang='lat' dir='ltr'>aquarum</span> <span class='ocrx_word' id='word_1_462' title='bbox 3088 3264 3147 3317; x_wconf 93' lang='lat' dir='ltr'>in</span> <span class='ocrx_word' id='word_1_463' title='bbox 3181 3264 3338 3319; x_wconf 89' lang='lat' dir='ltr'>sitim</span> <span class='ocrx_word' id='word_1_464' title='bbox 3365 3284 3376 3329; x_wconf 91' lang='lat'>;</span> <span class='ocrx_word' id='word_1_465' title='bbox 3407 3269 3520 3321; x_wconf 89' lang='lat' dir='ltr'>ter-</span> 
     </span>
    </p>
   </div>
   <div class='ocr_carea' id='block_1_65' title="bbox 121 3349 1760 3422">
    <p class='ocr_par' dir='ltr' id='par_1_65' title="bbox 121 3349 1760 3422">
     <span class='ocr_line' id='line_1_65' title="bbox 121 3349 1760 3422; baseline 0.002 -20"><span class='ocrx_word' id='word_1_466' title='bbox 121 3352 178 3404; x_wconf 91' lang='lat' dir='ltr'>ut</span> <span class='ocrx_word' id='word_1_467' title='bbox 226 3352 398 3406; x_wconf 89' lang='lat' dir='ltr'>modo</span> <span class='ocrx_word' id='word_1_468' title='bbox 459 3349 661 3421; x_wconf 91' lang='lat' dir='ltr'>Leogii</span> <span class='ocrx_word' id='word_1_469' title='bbox 720 3349 947 3420; x_wconf 88' lang='lat' dir='ltr'>positus</span> <span class='ocrx_word' id='word_1_470' title='bbox 1006 3350 1296 3422; x_wconf 89' lang='lat' dir='ltr'>suspirem</span> <span class='ocrx_word' id='word_1_471' title='bbox 1355 3351 1760 3422; x_wconf 88' lang='lat' dir='ltr'>Moguntiam;</span> 
     </span>
    </p>
   </div>
   <div class='ocr_carea' id='block_1_66' title="bbox 121 3439 1758 3513">
    <p class='ocr_par' dir='ltr' id='par_1_66' title="bbox 121 3439 1758 3513">
     <span class='ocr_line' id='line_1_66' title="bbox 121 3439 1758 3513; baseline 0.002 -21"><span class='ocrx_word' id='word_1_472' title='bbox 121 3439 276 3494; x_wconf 88' lang='lat' dir='ltr'>modo</span> <span class='ocrx_word' id='word_1_473' title='bbox 309 3439 633 3513; x_wconf 66' lang='lat' dir='ltr'>Moguntize</span> <span class='ocrx_word' id='word_1_474' title='bbox 667 3443 830 3493; x_wconf 91' lang='lat' dir='ltr'>satus</span> <span class='ocrx_word' id='word_1_475' title='bbox 871 3439 1064 3493; x_wconf 89' lang='lat' dir='ltr'>animo</span> <span class='ocrx_word' id='word_1_476' title='bbox 1112 3440 1388 3512; x_wconf 88' lang='lat' dir='ltr'>Leogium</span> <span class='ocrx_word' id='word_1_477' title='bbox 1440 3456 1758 3496; x_wconf 87' lang='lat' dir='ltr'>recurram.</span> 
     </span>
    </p>
   </div>
   <div class='ocr_carea' id='block_1_67' title="bbox 118 3525 1765 3601">
    <p class='ocr_par' dir='ltr' id='par_1_67' title="bbox 118 3525 1765 3601">
     <span class='ocr_line' id='line_1_67' title="bbox 118 3525 1765 3601; baseline 0.003 -20"><span class='ocrx_word' id='word_1_478' title='bbox 118 3525 346 3585; x_wconf 87' lang='lat' dir='ltr'>adhibes</span> <span class='ocrx_word' id='word_1_479' title='bbox 384 3544 631 3601; x_wconf 91' lang='lat' dir='ltr'>quoque</span> <span class='ocrx_word' id='word_1_480' title='bbox 669 3527 774 3583; x_wconf 88' lang='lat' dir='ltr'>tibi</span> <span class='ocrx_word' id='word_1_481' title='bbox 801 3527 1207 3600; x_wconf 61' lang='lat' dir='ltr'>{patrocinium</span> <span class='ocrx_word' id='word_1_482' title='bbox 1260 3527 1467 3598; x_wconf 86' lang='lat' dir='ltr'>Flacci,</span> <span class='ocrx_word' id='word_1_483' title='bbox 1501 3532 1566 3583; x_wconf 90' lang='lat' dir='ltr'>ut</span> <span class='ocrx_word' id='word_1_484' title='bbox 1597 3528 1765 3586; x_wconf 86' lang='lat' dir='ltr'>ulcus</span> 
     </span>
    </p>
   </div>
   <div class='ocr_carea' id='block_1_68' title="bbox 121 3616 1764 3687">
    <p class='ocr_par' dir='ltr' id='par_1_68' title="bbox 121 3616 1764 3687">
     <span class='ocr_line' id='line_1_68' title="bbox 121 3616 1764 3687; baseline 0.002 -17"><span class='ocrx_word' id='word_1_485' title='bbox 121 3617 262 3685; x_wconf 87' lang='lat' dir='ltr'>quod</span> <span class='ocrx_word' id='word_1_486' title='bbox 307 3617 414 3672; x_wconf 89' lang='lat' dir='ltr'>tibi</span> <span class='ocrx_word' id='word_1_487' title='bbox 473 3616 705 3672; x_wconf 88' lang='lat' dir='ltr'>videris</span> <span class='ocrx_word' id='word_1_488' title='bbox 747 3632 962 3682; x_wconf 88' lang='lat' dir='ltr'>secare,</span> <span class='ocrx_word' id='word_1_489' title='bbox 1013 3621 1175 3672; x_wconf 90' lang='lat' dir='ltr'>tanto</span> <span class='ocrx_word' id='word_1_490' title='bbox 1225 3617 1488 3687; x_wconf 91' lang='lat' dir='ltr'>asperius</span> <span class='ocrx_word' id='word_1_491' title='bbox 1530 3619 1764 3674; x_wconf 91' lang='lat' dir='ltr'>satirico</span> 
     </span>
    </p>
   </div>
   <div class='ocr_carea' id='block_1_69' title="bbox 120 3703 777 3763">
    <p class='ocr_par' dir='ltr' id='par_1_69' title="bbox 120 3703 777 3763">
     <span class='ocr_line' id='line_1_69' title="bbox 120 3703 777 3763; baseline 0.002 -4"><span class='ocrx_word' id='word_1_492' title='bbox 120 3703 228 3760; x_wconf 87' lang='lat' dir='ltr'>sale</span> <span class='ocrx_word' id='word_1_493' title='bbox 255 3706 448 3763; x_wconf 88' lang='lat' dir='ltr'>valeat</span> <span class='ocrx_word' id='word_1_494' title='bbox 479 3707 577 3761; x_wconf 90' lang='lat' dir='ltr'>inf</span> <span class='ocrx_word' id='word_1_495' title='bbox 576 3705 746 3760; x_wconf 90' lang='lat' dir='ltr'>ricari</span> <span class='ocrx_word' id='word_1_496' title='bbox 764 3723 777 3760; x_wconf 91' lang='lat'><strong>:</strong></span> 
     </span>
    </p>
   </div>
   <div class='ocr_carea' id='block_1_70' title="bbox 170 3849 1764 3914">
    <p class='ocr_par' dir='ltr' id='par_1_70' title="bbox 170 3849 1764 3914">
     <span class='ocr_line' id='line_1_70' title="bbox 170 3849 1764 3914; baseline 0.001 -16"><span class='ocrx_word' id='word_1_497' title='bbox 170 3849 367 3900; x_wconf 77' lang='lat' dir='ltr'>Caelum</span> <span class='ocrx_word' id='word_1_498' title='bbox 395 3850 597 3914; x_wconf 86' lang='lat' dir='ltr'>inquit,</span> <span class='ocrx_word' id='word_1_499' title='bbox 630 3861 742 3898; x_wconf 88' lang='lat' dir='ltr'>non</span> <span class='ocrx_word' id='word_1_500' title='bbox 788 3849 1025 3898; x_wconf 90' lang='lat' dir='ltr'>animum</span> <span class='ocrx_word' id='word_1_501' title='bbox 1068 3852 1279 3898; x_wconf 88' lang='lat' dir='ltr'>mutant</span> <span class='ocrx_word' id='word_1_502' title='bbox 1321 3849 1412 3912; x_wconf 91' lang='lat' dir='ltr'>qui</span> <span class='ocrx_word' id='word_1_503' title='bbox 1444 3854 1592 3898; x_wconf 87' lang='lat' dir='ltr'>trans</span> <span class='ocrx_word' id='word_1_504' title='bbox 1620 3864 1764 3899; x_wconf 87' lang='lat' dir='ltr'>mare</span> 
     </span>
    </p>
   </div>
   <div class='ocr_carea' id='block_1_71' title="bbox 1501 3930 1766 3990">
    <p class='ocr_par' dir='ltr' id='par_1_71' title="bbox 1501 3930 1766 3990">
     <span class='ocr_line' id='line_1_71' title="bbox 1501 3930 1766 3990; baseline 0.019 -13"><span class='ocrx_word' id='word_1_505' title='bbox 1501 3930 1766 3990; x_wconf 83' lang='lat' dir='ltr'>[currunt.</span> 
     </span>
    </p>
   </div>
   <div class='ocr_carea' id='block_1_72' title="bbox 119 4006 291 4064">
    <p class='ocr_par' dir='ltr' id='par_1_72' title="bbox 119 4006 291 4064">
     <span class='ocr_line' id='line_1_72' title="bbox 119 4006 291 4064; baseline 0.023 -4"><span class='ocrx_word' id='word_1_506' title='bbox 119 4006 242 4063; x_wconf 84' lang='lat' dir='ltr'>Item</span> <span class='ocrx_word' id='word_1_507' title='bbox 279 4028 291 4064; x_wconf 91' lang='lat'><strong>:</strong></span> 
     </span>
    </p>
   </div>
   <div class='ocr_carea' id='block_1_73' title="bbox 168 4094 1648 4161">
    <p class='ocr_par' dir='ltr' id='par_1_73' title="bbox 168 4094 1648 4161">
     <span class='ocr_line' id='line_1_73' title="bbox 168 4094 1648 4161; baseline 0.003 -17"><span class='ocrx_word' id='word_1_508' title='bbox 168 4096 222 4145; x_wconf 84' lang='lat' dir='ltr'>In</span> <span class='ocrx_word' id='word_1_509' title='bbox 250 4098 412 4161; x_wconf 89' lang='lat' dir='ltr'>culpa</span> <span class='ocrx_word' id='word_1_510' title='bbox 441 4099 527 4146; x_wconf 87' lang='lat' dir='ltr'>est</span> <span class='ocrx_word' id='word_1_511' title='bbox 558 4096 790 4154; x_wconf 88' lang='lat' dir='ltr'>animus,</span> <span class='ocrx_word' id='word_1_512' title='bbox 828 4095 917 4158; x_wconf 69' lang='lat' dir='ltr'>qui</span> <span class='ocrx_word' id='word_1_513' title='bbox 947 4109 1002 4144; x_wconf 89' lang='lat' dir='ltr'>se</span> <span class='ocrx_word' id='word_1_514' title='bbox 1033 4107 1144 4144; x_wconf 88' lang='lat' dir='ltr'>non</span> <span class='ocrx_word' id='word_1_515' title='bbox 1175 4094 1360 4158; x_wconf 76' lang='lat' dir='ltr'>effugit</span> <span class='ocrx_word' id='word_1_516' title='bbox 1389 4109 1648 4160; x_wconf 89' lang='lat' dir='ltr'>unquam.</span> 
     </span>
    </p>
   </div>
   <div class='ocr_carea' id='block_1_74' title="bbox 175 4235 1764 4306">
    <p class='ocr_par' dir='ltr' id='par_1_74' title="bbox 175 4235 1764 4306">
     <span class='ocr_line' id='line_1_74' title="bbox 175 4235 1764 4306; baseline 0.004 -14"><span class='ocrx_word' id='word_1_517' title='bbox 175 4236 330 4306; x_wconf 88' lang='lat' dir='ltr'>Novi,</span> <span class='ocrx_word' id='word_1_518' title='bbox 378 4238 759 4304; x_wconf 89' lang='lat' dir='ltr'>charissime,</span> <span class='ocrx_word' id='word_1_519' title='bbox 791 4241 847 4293; x_wconf 89' lang='lat' dir='ltr'>te</span> <span class='ocrx_word' id='word_1_520' title='bbox 880 4235 1022 4292; x_wconf 90' lang='lat' dir='ltr'>nihil</span> <span class='ocrx_word' id='word_1_521' title='bbox 1072 4236 1376 4293; x_wconf 89' lang='lat' dir='ltr'>sinistrum</span> <span class='ocrx_word' id='word_1_522' title='bbox 1421 4243 1624 4295; x_wconf 88' lang='lat' dir='ltr'>contra</span> <span class='ocrx_word' id='word_1_523' title='bbox 1671 4259 1764 4298; x_wconf 88' lang='lat' dir='ltr'>me</span> 
     </span>
    </p>
   </div>
   <div class='ocr_carea' id='block_1_75' title="bbox 115 4325 1762 4402">
    <p class='ocr_par' dir='ltr' id='par_1_75' title="bbox 115 4325 1762 4402">
     <span class='ocr_line' id='line_1_75' title="bbox 115 4325 1762 4402; baseline 0.005 -23"><span class='ocrx_word' id='word_1_524' title='bbox 115 4325 312 4394; x_wconf 87' lang='lat' dir='ltr'>moliri,</span> <span class='ocrx_word' id='word_1_525' title='bbox 336 4345 446 4383; x_wconf 88' lang='lat' dir='ltr'>nec</span> <span class='ocrx_word' id='word_1_526' title='bbox 470 4327 694 4382; x_wconf 90' lang='lat' dir='ltr'>idcirco</span> <span class='ocrx_word' id='word_1_527' title='bbox 717 4330 770 4380; x_wconf 90' lang='lat' dir='ltr'>to</span> <span class='ocrx_word' id='word_1_528' title='bbox 796 4325 940 4380; x_wconf 90' lang='lat' dir='ltr'>mihi</span> <span class='ocrx_word' id='word_1_529' title='bbox 962 4326 1031 4381; x_wconf 92' lang='lat' dir='ltr'>ad</span> <span class='ocrx_word' id='word_1_530' title='bbox 1054 4326 1448 4382; x_wconf 90' lang='lat' dir='ltr'>resistendum</span> <span class='ocrx_word' id='word_1_531' title='bbox 1472 4332 1718 4402; x_wconf 90' lang='lat' dir='ltr'>opposui</span> <span class='ocrx_word' id='word_1_532' title='bbox 1751 4349 1762 4386; x_wconf 90' lang='lat'><strong>:</strong></span> 
     </span>
    </p>
   </div>
   <div class='ocr_carea' id='block_1_76' title="bbox 116 4414 1764 4491">
    <p class='ocr_par' dir='ltr' id='par_1_76' title="bbox 116 4414 1764 4491">
     <span class='ocr_line' id='line_1_76' title="bbox 116 4414 1764 4491; baseline 0.006 -25"><span class='ocrx_word' id='word_1_533' title='bbox 116 4415 202 4468; x_wconf 87' lang='lat' dir='ltr'>sed</span> <span class='ocrx_word' id='word_1_534' title='bbox 232 4417 365 4472; x_wconf 89' lang='lat' dir='ltr'>novi</span> <span class='ocrx_word' id='word_1_535' title='bbox 387 4433 571 4472; x_wconf 88' lang='lat' dir='ltr'>canes</span> <span class='ocrx_word' id='word_1_536' title='bbox 614 4414 887 4487; x_wconf 91' lang='lat' dir='ltr'>illos,qui</span> <span class='ocrx_word' id='word_1_537' title='bbox 911 4414 1274 4470; x_wconf 88' lang='lat' dir='ltr'>clandestino</span> <span class='ocrx_word' id='word_1_538' title='bbox 1308 4432 1505 4472; x_wconf 89' lang='lat' dir='ltr'>morsu</span> <span class='ocrx_word' id='word_1_539' title='bbox 1531 4434 1764 4491; x_wconf 88' lang='lat' dir='ltr'>semper</span> 
     </span>
    </p>
   </div>
   <div class='ocr_carea' id='block_1_77' title="bbox 114 4504 1758 4574">
    <p class='ocr_par' dir='ltr' id='par_1_77' title="bbox 114 4504 1758 4574">
     <span class='ocr_line' id='line_1_77' title="bbox 114 4504 1758 4574; baseline 0.004 -15"><span class='ocrx_word' id='word_1_540' title='bbox 114 4508 283 4574; x_wconf 86' lang='lat' dir='ltr'>parati</span> <span class='ocrx_word' id='word_1_541' title='bbox 307 4511 453 4563; x_wconf 89' lang='lat' dir='ltr'>sunt</span> <span class='ocrx_word' id='word_1_542' title='bbox 479 4505 926 4562; x_wconf 87' lang='lat' dir='ltr'>alienamvitam</span> <span class='ocrx_word' id='word_1_543' title='bbox 958 4504 1324 4561; x_wconf 89' lang='lat' dir='ltr'>discutiendo</span> <span class='ocrx_word' id='word_1_544' title='bbox 1340 4507 1563 4574; x_wconf 89' lang='lat' dir='ltr'>rodere,</span> <span class='ocrx_word' id='word_1_545' title='bbox 1591 4526 1758 4565; x_wconf 90' lang='lat' dir='ltr'>suam</span> 
     </span>
    </p>
   </div>
   <div class='ocr_carea' id='block_1_78' title="bbox 1873 3341 3518 3426">
    <p class='ocr_par' dir='ltr' id='par_1_78' title="bbox 1873 3341 3518 3426">
     <span class='ocr_line' id='line_1_78' title="bbox 1873 3341 3518 3426; baseline 0.007 -28"><span class='ocrx_word' id='word_1_546' title='bbox 1873 3361 1998 3400; x_wconf 90' lang='lat' dir='ltr'>ram</span> <span class='ocrx_word' id='word_1_547' title='bbox 2030 3346 2385 3401; x_wconf 90' lang='lat' dir='ltr'>fructiferam</span> <span class='ocrx_word' id='word_1_548' title='bbox 2416 3346 2474 3401; x_wconf 92' lang='lat' dir='ltr'>in</span> <span class='ocrx_word' id='word_1_549' title='bbox 2508 3349 2888 3421; x_wconf 89' lang='lat' dir='ltr'>salsuginem.</span> <span class='ocrx_word' id='word_1_550' title='bbox 2933 3341 2990 3405; x_wconf 85' lang='lat' dir='ltr'>et</span> <span class='ocrx_word' id='word_1_551' title='bbox 3023 3354 3245 3409; x_wconf 65' lang='lat' dir='ltr'>caetera.</span> <span class='ocrx_word' id='word_1_552' title='bbox 3282 3354 3350 3408; x_wconf 87' lang='lat' dir='ltr'>Et</span> <span class='ocrx_word' id='word_1_553' title='bbox 3379 3354 3518 3426; x_wconf 91' lang='lat' dir='ltr'>quid</span> 
     </span>
    </p>
   </div>
   <div class='ocr_carea' id='block_1_79' title="bbox 1874 3433 3516 3510">
    <p class='ocr_par' dir='ltr' id='par_1_79' title="bbox 1874 3433 3516 3510">
     <span class='ocr_line' id='line_1_79' title="bbox 1874 3433 3516 3510; baseline 0.007 -22"><span class='ocrx_word' id='word_1_554' title='bbox 1874 3435 1945 3489; x_wconf 90' lang='lat' dir='ltr'>de</span> <span class='ocrx_word' id='word_1_555' title='bbox 1993 3433 2218 3505; x_wconf 90' lang='lat' dir='ltr'>reliquo</span> <span class='ocrx_word' id='word_1_556' title='bbox 2269 3436 2598 3491; x_wconf 88' lang='lat' dir='ltr'>faciendum</span> <span class='ocrx_word' id='word_1_557' title='bbox 2648 3442 2738 3491; x_wconf 91' lang='lat' dir='ltr'>est</span> <span class='ocrx_word' id='word_1_558' title='bbox 2791 3438 2845 3491; x_wconf 90' lang='lat' dir='ltr'>in</span> <span class='ocrx_word' id='word_1_559' title='bbox 2881 3438 2989 3494; x_wconf 88' lang='lat' dir='ltr'>hac</span> <span class='ocrx_word' id='word_1_560' title='bbox 3023 3457 3217 3496; x_wconf 91' lang='lat' dir='ltr'>rerum</span> <span class='ocrx_word' id='word_1_561' title='bbox 3265 3444 3516 3510; x_wconf 88' lang='lat' dir='ltr'>sentina,</span> 
     </span>
    </p>
   </div>
   <div class='ocr_carea' id='block_1_80' title="bbox 1877 3523 3521 3600">
    <p class='ocr_par' dir='ltr' id='par_1_80' title="bbox 1877 3523 3521 3600">
     <span class='ocr_line' id='line_1_80' title="bbox 1877 3523 3521 3600; baseline 0.007 -22"><span class='ocrx_word' id='word_1_562' title='bbox 1877 3523 1975 3578; x_wconf 89' lang='lat' dir='ltr'>ubi</span> <span class='ocrx_word' id='word_1_563' title='bbox 2008 3523 2234 3579; x_wconf 91' lang='lat' dir='ltr'>cunctis</span> <span class='ocrx_word' id='word_1_564' title='bbox 2265 3541 2394 3595; x_wconf 83' lang='lat' dir='ltr'>quae</span> <span class='ocrx_word' id='word_1_565' title='bbox 2416 3542 2452 3580; x_wconf 88' lang='lat' dir='ltr'>a</span> <span class='ocrx_word' id='word_1_566' title='bbox 2485 3525 2754 3581; x_wconf 89' lang='lat' dir='ltr'>Patribus</span> <span class='ocrx_word' id='word_1_567' title='bbox 2786 3528 2857 3581; x_wconf 88' lang='lat' dir='ltr'>ad</span> <span class='ocrx_word' id='word_1_568' title='bbox 2881 3545 2986 3584; x_wconf 90' lang='lat' dir='ltr'>nos</span> <span class='ocrx_word' id='word_1_569' title='bbox 3019 3530 3429 3600; x_wconf 90' lang='lat' dir='ltr'>demanarunt,</span> <span class='ocrx_word' id='word_1_570' title='bbox 3463 3538 3521 3589; x_wconf 89' lang='lat' dir='ltr'>et</span> 
     </span>
    </p>
   </div>
   <div class='ocr_carea' id='block_1_81' title="bbox 1876 3612 3519 3687">
    <p class='ocr_par' dir='ltr' id='par_1_81' title="bbox 1876 3612 3519 3687">
     <span class='ocr_line' id='line_1_81' title="bbox 1876 3612 3519 3687; baseline 0.005 -18"><span class='ocrx_word' id='word_1_571' title='bbox 1876 3613 2090 3669; x_wconf 86' lang='lat' dir='ltr'>studiis</span> <span class='ocrx_word' id='word_1_572' title='bbox 2121 3621 2170 3668; x_wconf 85' lang='lat' dir='ltr'>et</span> <span class='ocrx_word' id='word_1_573' title='bbox 2203 3612 2530 3685; x_wconf 87' lang='lat' dir='ltr'>disciplinis</span> <span class='ocrx_word' id='word_1_574' title='bbox 2561 3618 2862 3687; x_wconf 88' lang='lat' dir='ltr'>tantopere</span> <span class='ocrx_word' id='word_1_575' title='bbox 2894 3617 3213 3674; x_wconf 88' lang='lat' dir='ltr'>reclamant</span> <span class='ocrx_word' id='word_1_576' title='bbox 3244 3638 3434 3677; x_wconf 89' lang='lat' dir='ltr'>mores</span> <span class='ocrx_word' id='word_1_577' title='bbox 3465 3629 3519 3678; x_wconf 90' lang='lat' dir='ltr'>et</span> 
     </span>
    </p>
   </div>
   <div class='ocr_carea' id='block_1_82' title="bbox 1876 3700 3520 3778">
    <p class='ocr_par' dir='ltr' id='par_1_82' title="bbox 1876 3700 3520 3778">
     <span class='ocr_line' id='line_1_82' title="bbox 1876 3700 3520 3778; baseline 0.007 -22"><span class='ocrx_word' id='word_1_578' title='bbox 1876 3706 2139 3773; x_wconf 89' lang='lat' dir='ltr'>tempora</span> <span class='ocrx_word' id='word_1_579' title='bbox 2159 3702 2186 3756; x_wconf 87' lang='lat'>‘?</span> <span class='ocrx_word' id='word_1_580' title='bbox 2213 3700 2366 3758; x_wconf 88' lang='lat' dir='ltr'>Num</span> <span class='ocrx_word' id='word_1_581' title='bbox 2407 3703 2555 3769; x_wconf 91' lang='lat' dir='ltr'>ideo,</span> <span class='ocrx_word' id='word_1_582' title='bbox 2590 3709 2652 3757; x_wconf 89' lang='lat' dir='ltr'>ut</span> <span class='ocrx_word' id='word_1_583' title='bbox 2679 3708 2738 3759; x_wconf 92' lang='lat' dir='ltr'>tu</span> <span class='ocrx_word' id='word_1_584' title='bbox 2774 3705 3011 3778; x_wconf 88' lang='lat' dir='ltr'>desipis,</span> <span class='ocrx_word' id='word_1_585' title='bbox 3048 3726 3080 3762; x_wconf 89' lang='lat' dir='ltr'>a</span> <span class='ocrx_word' id='word_1_586' title='bbox 3108 3709 3279 3767; x_wconf 90' lang='lat' dir='ltr'>bonis</span> <span class='ocrx_word' id='word_1_587' title='bbox 3304 3715 3393 3767; x_wconf 89' lang='lat' dir='ltr'>est</span> <span class='ocrx_word' id='word_1_588' title='bbox 3424 3713 3520 3767; x_wconf 88' lang='lat' dir='ltr'>de-</span> 
     </span>
    </p>
   </div>
   <div class='ocr_carea' id='block_1_83' title="bbox 1877 3791 3520 3864">
    <p class='ocr_par' dir='ltr' id='par_1_83' title="bbox 1877 3791 3520 3864">
     <span class='ocr_line' id='line_1_83' title="bbox 1877 3791 3520 3864; baseline 0.006 -18"><span class='ocrx_word' id='word_1_589' title='bbox 1877 3791 2227 3859; x_wconf 88' lang='lat' dir='ltr'>sistendum,</span> <span class='ocrx_word' id='word_1_590' title='bbox 2281 3795 2336 3847; x_wconf 91' lang='lat' dir='ltr'>et</span> <span class='ocrx_word' id='word_1_591' title='bbox 2408 3794 2688 3849; x_wconf 89' lang='lat' dir='ltr'>nundinis</span> <span class='ocrx_word' id='word_1_592' title='bbox 2748 3795 3162 3864; x_wconf 88' lang='lat' dir='ltr'>insistendum,</span> <span class='ocrx_word' id='word_1_593' title='bbox 3224 3806 3286 3854; x_wconf 91' lang='lat' dir='ltr'>ut</span> <span class='ocrx_word' id='word_1_594' title='bbox 3356 3801 3520 3856; x_wconf 90' lang='lat' dir='ltr'>obliti</span> 
     </span>
    </p>
   </div>
   <div class='ocr_carea' id='block_1_84' title="bbox 1877 3880 3520 3957">
    <p class='ocr_par' dir='ltr' id='par_1_84' title="bbox 1877 3880 3520 3957">
     <span class='ocr_line' id='line_1_84' title="bbox 1877 3880 3520 3957; baseline 0.007 -24"><span class='ocrx_word' id='word_1_595' title='bbox 1877 3880 2016 3950; x_wconf 91' lang='lat' dir='ltr'>quid</span> <span class='ocrx_word' id='word_1_596' title='bbox 2049 3881 2270 3947; x_wconf 90' lang='lat' dir='ltr'>deccat,</span> <span class='ocrx_word' id='word_1_597' title='bbox 2315 3881 2456 3951; x_wconf 92' lang='lat' dir='ltr'>quid</span> <span class='ocrx_word' id='word_1_598' title='bbox 2501 3899 2636 3946; x_wconf 88' lang='lat' dir='ltr'>non,</span> <span class='ocrx_word' id='word_1_599' title='bbox 2677 3885 2955 3938; x_wconf 86' lang='lat' dir='ltr'>ltacensis</span> <span class='ocrx_word' id='word_1_600' title='bbox 2988 3885 3210 3957; x_wconf 87' lang='lat' dir='ltr'>Ulyssei</span> <span class='ocrx_word' id='word_1_601' title='bbox 3249 3889 3520 3946; x_wconf 87' lang='lat' dir='ltr'>vitiosum</span> 
     </span>
    </p>
   </div>
   <div class='ocr_carea' id='block_1_85' title="bbox 1875 3969 3519 4051">
    <p class='ocr_par' dir='ltr' id='par_1_85' title="bbox 1875 3969 3519 4051">
     <span class='ocr_line' id='line_1_85' title="bbox 1875 3969 3519 4051; baseline 0.007 -27"><span class='ocrx_word' id='word_1_602' title='bbox 1875 3969 2089 4025; x_wconf 82' lang='lat' dir='ltr'>fiamus</span> <span class='ocrx_word' id='word_1_603' title='bbox 2124 3970 2472 4042; x_wconf 86' lang='lat' dir='ltr'>remigium?</span> <span class='ocrx_word' id='word_1_604' title='bbox 2501 3971 2702 4026; x_wconf 89' lang='lat' dir='ltr'>Nonne</span> <span class='ocrx_word' id='word_1_605' title='bbox 2744 3972 2932 4044; x_wconf 82' lang='lat' dir='ltr'>magis</span> <span class='ocrx_word' id='word_1_606' title='bbox 2963 3979 3189 4046; x_wconf 90' lang='lat' dir='ltr'>oportet</span> <span class='ocrx_word' id='word_1_607' title='bbox 3230 3980 3519 4051; x_wconf 90' lang='lat' dir='ltr'>quemvis,</span> 
     </span>
    </p>
   </div>
   <div class='ocr_carea' id='block_1_86' title="bbox 1877 4057 3520 4138">
    <p class='ocr_par' dir='ltr' id='par_1_86' title="bbox 1877 4057 3520 4138">
     <span class='ocr_line' id='line_1_86' title="bbox 1877 4057 3520 4138; baseline 0.007 -25"><span class='ocrx_word' id='word_1_608' title='bbox 1877 4059 1977 4130; x_wconf 90' lang='lat' dir='ltr'>qui</span> <span class='ocrx_word' id='word_1_609' title='bbox 2010 4057 2247 4130; x_wconf 90' lang='lat' dir='ltr'>quidem</span> <span class='ocrx_word' id='word_1_610' title='bbox 2279 4059 2368 4112; x_wconf 92' lang='lat' dir='ltr'>vir</span> <span class='ocrx_word' id='word_1_611' title='bbox 2397 4060 2514 4126; x_wconf 83' lang='lat' dir='ltr'>ﬁet,</span> <span class='ocrx_word' id='word_1_612' title='bbox 2545 4064 2609 4114; x_wconf 91' lang='lat' dir='ltr'>ut</span> <span class='ocrx_word' id='word_1_613' title='bbox 2639 4077 2872 4132; x_wconf 89' lang='lat' dir='ltr'>semper</span> <span class='ocrx_word' id='word_1_614' title='bbox 2901 4063 3187 4120; x_wconf 89' lang='lat' dir='ltr'>deteriora</span> <span class='ocrx_word' id='word_1_615' title='bbox 3214 4067 3428 4138; x_wconf 84' lang='lat' dir='ltr'>vitans,</span> <span class='ocrx_word' id='word_1_616' title='bbox 3463 4069 3520 4124; x_wconf 91' lang='lat' dir='ltr'>id</span> 
     </span>
    </p>
   </div>
   <div class='ocr_carea' id='block_1_87' title="bbox 1875 4147 3522 4222">
    <p class='ocr_par' dir='ltr' id='par_1_87' title="bbox 1875 4147 3522 4222">
     <span class='ocr_line' id='line_1_87' title="bbox 1875 4147 3522 4222; baseline 0.009 -21"><span class='ocrx_word' id='word_1_617' title='bbox 1875 4152 2129 4220; x_wconf 89' lang='lat' dir='ltr'>appetat,</span> <span class='ocrx_word' id='word_1_618' title='bbox 2155 4148 2308 4202; x_wconf 91' lang='lat' dir='ltr'>unde</span> <span class='ocrx_word' id='word_1_619' title='bbox 2331 4164 2391 4203; x_wconf 92' lang='lat' dir='ltr'>se</span> <span class='ocrx_word' id='word_1_620' title='bbox 2408 4147 2534 4219; x_wconf 90' lang='lat' dir='ltr'>ipso</span> <span class='ocrx_word' id='word_1_621' title='bbox 2566 4166 2799 4222; x_wconf 88' lang='lat' dir='ltr'>semper</span> <span class='ocrx_word' id='word_1_622' title='bbox 2821 4151 3026 4207; x_wconf 88' lang='lat' dir='ltr'>melior</span> <span class='ocrx_word' id='word_1_623' title='bbox 3049 4154 3150 4208; x_wconf 85' lang='lat' dir='ltr'>ﬁat</span> <span class='ocrx_word' id='word_1_624' title='bbox 3169 4155 3196 4208; x_wconf 87' lang='lat'><strong><em>?</em></strong></span> <span class='ocrx_word' id='word_1_625' title='bbox 3219 4155 3359 4212; x_wconf 88' lang='lat' dir='ltr'>Tam</span> <span class='ocrx_word' id='word_1_626' title='bbox 3390 4175 3522 4216; x_wconf 91' lang='lat' dir='ltr'>vero</span> 
     </span>
    </p>
   </div>
   <div class='ocr_carea' id='block_1_88' title="bbox 1875 4237 3520 4303">
    <p class='ocr_par' dir='ltr' id='par_1_88' title="bbox 1875 4237 3520 4303">
     <span class='ocr_line' id='line_1_88' title="bbox 1875 4237 3520 4303; baseline 0.007 -11"><span class='ocrx_word' id='word_1_627' title='bbox 1875 4237 2040 4292; x_wconf 88' lang='lat' dir='ltr'>abest</span> <span class='ocrx_word' id='word_1_628' title='bbox 2088 4242 2151 4292; x_wconf 90' lang='lat' dir='ltr'>ut</span> <span class='ocrx_word' id='word_1_629' title='bbox 2200 4237 2318 4292; x_wconf 77' lang='lat' dir='ltr'>haec</span> <span class='ocrx_word' id='word_1_630' title='bbox 2353 4237 2469 4291; x_wconf 91' lang='lat' dir='ltr'>sint</span> <span class='ocrx_word' id='word_1_631' title='bbox 2518 4239 2696 4293; x_wconf 91' lang='lat' dir='ltr'>animi</span> <span class='ocrx_word' id='word_1_632' title='bbox 2730 4240 3046 4298; x_wconf 84' lang='lat' dir='ltr'>vanitantis</span> <span class='ocrx_word' id='word_1_633' title='bbox 3096 4247 3158 4298; x_wconf 80' lang='lat' dir='ltr'>ut</span> <span class='ocrx_word' id='word_1_634' title='bbox 3195 4245 3313 4300; x_wconf 90' lang='lat' dir='ltr'>sint</span> <span class='ocrx_word' id='word_1_635' title='bbox 3345 4247 3520 4303; x_wconf 88' lang='lat' dir='ltr'>etiam</span> 
     </span>
    </p>
   </div>
   <div class='ocr_carea' id='block_1_89' title="bbox 1873 4326 3522 4402">
    <p class='ocr_par' dir='ltr' id='par_1_89' title="bbox 1873 4326 3522 4402">
     <span class='ocr_line' id='line_1_89' title="bbox 1873 4326 3522 4402; baseline 0.005 -20"><span class='ocrx_word' id='word_1_636' title='bbox 1873 4327 2053 4382; x_wconf 88' lang='lat' dir='ltr'>animi</span> <span class='ocrx_word' id='word_1_637' title='bbox 2090 4327 2156 4381; x_wconf 92' lang='lat' dir='ltr'>ad</span> <span class='ocrx_word' id='word_1_638' title='bbox 2192 4330 2387 4398; x_wconf 87' lang='lat' dir='ltr'>postes</span> <span class='ocrx_word' id='word_1_639' title='bbox 2411 4326 2545 4381; x_wconf 90' lang='lat' dir='ltr'>ostii</span> <span class='ocrx_word' id='word_1_640' title='bbox 2568 4327 2865 4399; x_wconf 74' lang='lat' dir='ltr'>sapientia:</span> <span class='ocrx_word' id='word_1_641' title='bbox 2901 4347 3071 4386; x_wconf 84' lang='lat' dir='ltr'>mane</span> <span class='ocrx_word' id='word_1_642' title='bbox 3099 4333 3431 4402; x_wconf 76' lang='lat' dir='ltr'>vigilantis;</span> <span class='ocrx_word' id='word_1_643' title='bbox 3465 4343 3522 4391; x_wconf 90' lang='lat' dir='ltr'>et</span> 
     </span>
    </p>
   </div>
   <div class='ocr_carea' id='block_1_90' title="bbox 1874 4415 3514 4487">
    <p class='ocr_par' dir='ltr' id='par_1_90' title="bbox 1874 4415 3514 4487">
     <span class='ocr_line' id='line_1_90' title="bbox 1874 4415 3514 4487; baseline 0.005 -18"><span class='ocrx_word' id='word_1_644' title='bbox 1874 4415 1982 4470; x_wconf 93' lang='lat' dir='ltr'>hoc</span> <span class='ocrx_word' id='word_1_645' title='bbox 2027 4415 2095 4469; x_wconf 91' lang='lat' dir='ltr'>de</span> <span class='ocrx_word' id='word_1_646' title='bbox 2128 4416 2302 4470; x_wconf 90' lang='lat' dir='ltr'>fratre</span> <span class='ocrx_word' id='word_1_647' title='bbox 2332 4415 2546 4471; x_wconf 88' lang='lat' dir='ltr'>sentire</span> <span class='ocrx_word' id='word_1_648' title='bbox 2581 4416 2668 4472; x_wconf 91' lang='lat' dir='ltr'>vel</span> <span class='ocrx_word' id='word_1_649' title='bbox 2703 4418 2911 4487; x_wconf 88' lang='lat' dir='ltr'>dicere,</span> <span class='ocrx_word' id='word_1_650' title='bbox 2946 4420 3022 4473; x_wconf 89' lang='lat' dir='ltr'>sit</span> <span class='ocrx_word' id='word_1_651' title='bbox 3053 4420 3280 4476; x_wconf 68' lang='lat' dir='ltr'>invidiae</span> <span class='ocrx_word' id='word_1_652' title='bbox 3314 4427 3370 4478; x_wconf 87' lang='lat' dir='ltr'>et</span> <span class='ocrx_word' id='word_1_653' title='bbox 3400 4424 3514 4478; x_wconf 91' lang='lat' dir='ltr'>odii</span> 
     </span>
    </p>
   </div>
   <div class='ocr_carea' id='block_1_91' title="bbox 1873 4503 2271 4577">
    <p class='ocr_par' dir='ltr' id='par_1_91' title="bbox 1873 4503 2271 4577">
     <span class='ocr_line' id='line_1_91' title="bbox 1873 4503 2271 4577; baseline 0.003 -19"><span class='ocrx_word' id='word_1_654' title='bbox 1873 4503 2271 4577; x_wconf 89' lang='lat' dir='ltr'>malignantis.</span> 
     </span>
    </p>
   </div>
   <div class='ocr_carea' id='block_1_92' title="bbox 112 4585 3573 4672">
    <p class='ocr_par' dir='ltr' id='par_1_92' title="bbox 112 4585 3573 4672">
     <span class='ocr_line' id='line_1_92' title="bbox 112 4585 3573 4672; baseline 0.003 -25"><span class='ocrx_word' id='word_1_655' title='bbox 112 4607 231 4649; x_wconf 83' lang='lat' dir='ltr'>vero</span> <span class='ocrx_word' id='word_1_656' title='bbox 260 4596 509 4669; x_wconf 89' lang='lat' dir='ltr'>ﬂagitiis</span> <span class='ocrx_word' id='word_1_657' title='bbox 531 4593 871 4650; x_wconf 87' lang='lat' dir='ltr'>obvolutam</span> <span class='ocrx_word' id='word_1_658' title='bbox 904 4595 963 4650; x_wconf 90' lang='lat' dir='ltr'>in</span> <span class='ocrx_word' id='word_1_659' title='bbox 995 4611 1156 4649; x_wconf 79' lang='lat' dir='ltr'>coeno</span> <span class='ocrx_word' id='word_1_660' title='bbox 1181 4593 1457 4649; x_wconf 88' lang='lat' dir='ltr'>vitiorum</span> <span class='ocrx_word' id='word_1_661' title='bbox 1481 4596 1761 4655; x_wconf 87' lang='lat' dir='ltr'>volutare.</span> <span class='ocrx_word' id='word_1_662' title='bbox 1795 4608 1842 4672; x_wconf 75' lang='grc' dir='ltr'>Ι)</span> <span class='ocrx_word' id='word_1_663' title='bbox 1944 4594 2008 4648; x_wconf 77' lang='grc' dir='ltr'>Χ.</span> <span class='ocrx_word' id='word_1_664' title='bbox 2043 4595 2207 4660; x_wconf 80' lang='lat' dir='ltr'>Quod</span> <span class='ocrx_word' id='word_1_665' title='bbox 2252 4597 2445 4649; x_wconf 67' lang='lat' dir='ltr'>autem</span> <span class='ocrx_word' id='word_1_666' title='bbox 2488 4593 2685 4649; x_wconf 71' lang='lat' dir='ltr'>hostili</span> <span class='ocrx_word' id='word_1_667' title='bbox 2722 4613 2812 4650; x_wconf 77' lang='lat' dir='ltr'>me</span> <span class='ocrx_word' id='word_1_668' title='bbox 2859 4613 3130 4668; x_wconf 75' lang='lat' dir='ltr'>premens</span> <span class='ocrx_word' id='word_1_669' title='bbox 3183 4599 3319 4668; x_wconf 82' lang='lat' dir='ltr'>telo,</span> <span class='ocrx_word' id='word_1_670' title='bbox 3349 4601 3518 4672; x_wconf 87' lang='lat' dir='ltr'>dicis,</span> <span class='ocrx_word' id='word_1_671' title='bbox 3570 4585 3573 4588; x_wconf 36' lang='grc'><em>’</em></span> 
     </span>
    </p>
   </div>
   <div class='ocr_carea' id='block_1_93' title="bbox 112 4680 1760 4757">
    <p class='ocr_par' dir='ltr' id='par_1_93' title="bbox 112 4680 1760 4757">
     <span class='ocr_line' id='line_1_93' title="bbox 112 4680 1760 4757; baseline 0.004 -21"><span class='ocrx_word' id='word_1_672' title='bbox 112 4680 216 4740; x_wconf 89' lang='lat' dir='ltr'>Hos</span> <span class='ocrx_word' id='word_1_673' title='bbox 245 4685 392 4740; x_wconf 92' lang='lat' dir='ltr'>mihi</span> <span class='ocrx_word' id='word_1_674' title='bbox 421 4689 562 4757; x_wconf 87' lang='lat' dir='ltr'>post</span> <span class='ocrx_word' id='word_1_675' title='bbox 590 4689 818 4756; x_wconf 88' lang='lat' dir='ltr'>tergum</span> <span class='ocrx_word' id='word_1_676' title='bbox 851 4684 1200 4755; x_wconf 88' lang='lat' dir='ltr'>derogantes</span> <span class='ocrx_word' id='word_1_677' title='bbox 1231 4685 1340 4739; x_wconf 90' lang='lat' dir='ltr'>sub</span> <span class='ocrx_word' id='word_1_678' title='bbox 1360 4700 1608 4756; x_wconf 90' lang='lat' dir='ltr'>persona</span> <span class='ocrx_word' id='word_1_679' title='bbox 1640 4691 1760 4756; x_wconf 88' lang='lat' dir='ltr'>tua,</span> 
     </span>
    </p>
   </div>
   <div class='ocr_carea' id='block_1_94' title="bbox 111 4768 1761 4844">
    <p class='ocr_par' dir='ltr' id='par_1_94' title="bbox 111 4768 1761 4844">
     <span class='ocr_line' id='line_1_94' title="bbox 111 4768 1761 4844; baseline 0.005 -22"><span class='ocrx_word' id='word_1_680' title='bbox 111 4768 258 4826; x_wconf 89' lang='lat' dir='ltr'>velut</span> <span class='ocrx_word' id='word_1_681' title='bbox 285 4772 347 4827; x_wconf 92' lang='lat' dir='ltr'>in</span> <span class='ocrx_word' id='word_1_682' title='bbox 396 4772 614 4828; x_wconf 88' lang='lat' dir='ltr'>faciem</span> <span class='ocrx_word' id='word_1_683' title='bbox 646 4772 1004 4840; x_wconf 88' lang='lat' dir='ltr'>resistentes,</span> <span class='ocrx_word' id='word_1_684' title='bbox 1038 4771 1181 4826; x_wconf 90' lang='lat' dir='ltr'>mihi</span> <span class='ocrx_word' id='word_1_685' title='bbox 1215 4789 1445 4844; x_wconf 89' lang='lat' dir='ltr'>oppono</span> <span class='ocrx_word' id='word_1_686' title='bbox 1479 4790 1491 4828; x_wconf 90' lang='lat'>:</span> <span class='ocrx_word' id='word_1_687' title='bbox 1525 4773 1619 4830; x_wconf 90' lang='lat' dir='ltr'>his</span> <span class='ocrx_word' id='word_1_688' title='bbox 1651 4777 1761 4832; x_wconf 90' lang='lat' dir='ltr'>sub</span> 
     </span>
    </p>
   </div>
   <div class='ocr_carea' id='block_1_95' title="bbox 112 4861 1761 4937">
    <p class='ocr_par' dir='ltr' id='par_1_95' title="bbox 112 4861 1761 4937">
     <span class='ocr_line' id='line_1_95' title="bbox 112 4861 1761 4937; baseline 0.006 -26"><span class='ocrx_word' id='word_1_689' title='bbox 112 4861 203 4914; x_wconf 91' lang='lat' dir='ltr'>tuo</span> <span class='ocrx_word' id='word_1_690' title='bbox 219 4861 568 4929; x_wconf 89' lang='lat' dir='ltr'>nomino,de</span> <span class='ocrx_word' id='word_1_691' title='bbox 581 4877 698 4933; x_wconf 93' lang='lat' dir='ltr'>quo</span> <span class='ocrx_word' id='word_1_692' title='bbox 715 4861 860 4916; x_wconf 91' lang='lat' dir='ltr'>nihil</span> <span class='ocrx_word' id='word_1_693' title='bbox 880 4861 1187 4917; x_wconf 91' lang='lat' dir='ltr'>sinistrum</span> <span class='ocrx_word' id='word_1_694' title='bbox 1209 4861 1761 4937; x_wconf 89' lang='lat' dir='ltr'>suspicior,respon-</span> 
     </span>
    </p>
   </div>
   <div class='ocr_carea' id='block_1_96' title="bbox 113 4946 1760 5023">
    <p class='ocr_par' dir='ltr' id='par_1_96' title="bbox 113 4946 1760 5023">
     <span class='ocr_line' id='line_1_96' title="bbox 113 4946 1760 5023; baseline 0.006 -23"><span class='ocrx_word' id='word_1_695' title='bbox 113 4946 234 5003; x_wconf 88' lang='lat' dir='ltr'>dere</span> <span class='ocrx_word' id='word_1_696' title='bbox 263 4967 408 5022; x_wconf 89' lang='lat' dir='ltr'>paro</span> <span class='ocrx_word' id='word_1_697' title='bbox 463 4967 478 5004; x_wconf 88' lang='lat'><strong>:</strong></span> <span class='ocrx_word' id='word_1_698' title='bbox 516 4955 580 5006; x_wconf 90' lang='lat' dir='ltr'>ut</span> <span class='ocrx_word' id='word_1_699' title='bbox 610 4954 821 5023; x_wconf 85' lang='lat' dir='ltr'>arguta</span> <span class='ocrx_word' id='word_1_700' title='bbox 849 4950 1247 5006; x_wconf 85' lang='lat' dir='ltr'>cavillantium</span> <span class='ocrx_word' id='word_1_701' title='bbox 1288 4951 1611 5008; x_wconf 90' lang='lat' dir='ltr'>invectione</span> <span class='ocrx_word' id='word_1_702' title='bbox 1642 4954 1760 5011; x_wconf 86' lang='lat' dir='ltr'>dis-</span> 
     </span>
    </p>
   </div>
   <div class='ocr_carea' id='block_1_97' title="bbox 111 5034 1760 5112">
    <p class='ocr_par' dir='ltr' id='par_1_97' title="bbox 111 5034 1760 5112">
     <span class='ocr_line' id='line_1_97' title="bbox 111 5034 1760 5112; baseline 0.005 -22"><span class='ocrx_word' id='word_1_703' title='bbox 111 5034 282 5106; x_wconf 87' lang='lat' dir='ltr'>plosa,</span> <span class='ocrx_word' id='word_1_704' title='bbox 316 5039 684 5097; x_wconf 89' lang='lat' dir='ltr'>dissolutum</span> <span class='ocrx_word' id='word_1_705' title='bbox 705 5041 780 5096; x_wconf 89' lang='lat' dir='ltr'>sit</span> <span class='ocrx_word' id='word_1_706' title='bbox 798 5039 1083 5112; x_wconf 90' lang='lat' dir='ltr'>quidquid</span> <span class='ocrx_word' id='word_1_707' title='bbox 1107 5056 1365 5111; x_wconf 81' lang='lat' dir='ltr'>unquam</span> <span class='ocrx_word' id='word_1_708' title='bbox 1397 5041 1455 5095; x_wconf 93' lang='lat' dir='ltr'>in</span> <span class='ocrx_word' id='word_1_709' title='bbox 1475 5058 1568 5098; x_wconf 90' lang='lat' dir='ltr'>me</span> <span class='ocrx_word' id='word_1_710' title='bbox 1592 5059 1760 5100; x_wconf 91' lang='lat' dir='ltr'>arcus</span> 
     </span>
    </p>
   </div>
   <div class='ocr_carea' id='block_1_98' title="bbox 112 5120 1758 5202">
    <p class='ocr_par' dir='ltr' id='par_1_98' title="bbox 112 5120 1758 5202">
     <span class='ocr_line' id='line_1_98' title="bbox 112 5120 1758 5202; baseline 0.003 -20"><span class='ocrx_word' id='word_1_711' title='bbox 112 5120 298 5184; x_wconf 70' lang='lat' dir='ltr'>livoris</span> <span class='ocrx_word' id='word_1_712' title='bbox 310 5145 499 5200; x_wconf 88' lang='lat' dir='ltr'>super</span> <span class='ocrx_word' id='word_1_713' title='bbox 515 5127 606 5184; x_wconf 90' lang='lat' dir='ltr'>his</span> <span class='ocrx_word' id='word_1_714' title='bbox 620 5128 920 5200; x_wconf 88' lang='lat' dir='ltr'>jaculatus</span> <span class='ocrx_word' id='word_1_715' title='bbox 933 5133 1104 5194; x_wconf 88' lang='lat' dir='ltr'>est,et</span> <span class='ocrx_word' id='word_1_716' title='bbox 1116 5133 1451 5184; x_wconf 90' lang='lat' dir='ltr'>enervatum</span> <span class='ocrx_word' id='word_1_717' title='bbox 1472 5130 1758 5202; x_wconf 86' lang='lat' dir='ltr'>quidquid</span> 
     </span>
    </p>
   </div>
   <div class='ocr_carea' id='block_1_99' title="bbox 115 5216 1756 5295">
    <p class='ocr_par' dir='ltr' id='par_1_99' title="bbox 115 5216 1756 5295">
     <span class='ocr_line' id='line_1_99' title="bbox 115 5216 1756 5295; baseline 0.005 -28"><span class='ocrx_word' id='word_1_718' title='bbox 115 5218 484 5287; x_wconf 85' lang='lat' dir='ltr'>serpentinus</span> <span class='ocrx_word' id='word_1_719' title='bbox 537 5218 651 5272; x_wconf 92' lang='lat' dir='ltr'>odii</span> <span class='ocrx_word' id='word_1_720' title='bbox 685 5216 896 5273; x_wconf 91' lang='lat' dir='ltr'>sibilus</span> <span class='ocrx_word' id='word_1_721' title='bbox 922 5217 1186 5295; x_wconf 77' lang='lat' dir='ltr'>amarius</span> <span class='ocrx_word' id='word_1_722' title='bbox 1226 5217 1284 5271; x_wconf 88' lang='lat' dir='ltr'>in</span> <span class='ocrx_word' id='word_1_723' title='bbox 1317 5234 1410 5272; x_wconf 90' lang='lat' dir='ltr'>me</span> <span class='ocrx_word' id='word_1_724' title='bbox 1453 5219 1756 5275; x_wconf 90' lang='lat' dir='ltr'>cavillatus</span> 
     </span>
    </p>
   </div>
   <div class='ocr_carea' id='block_1_100' title="bbox 112 5305 1752 5377">
    <p class='ocr_par' dir='ltr' id='par_1_100' title="bbox 112 5305 1752 5377">
     <span class='ocr_line' id='line_1_100' title="bbox 112 5305 1752 5377; baseline 0.005 -23"><span class='ocrx_word' id='word_1_725' title='bbox 112 5306 206 5358; x_wconf 87' lang='lat' dir='ltr'>est.</span> <span class='ocrx_word' id='word_1_726' title='bbox 238 5306 433 5362; x_wconf 90' lang='lat' dir='ltr'>Unum</span> <span class='ocrx_word' id='word_1_727' title='bbox 465 5311 666 5362; x_wconf 88' lang='lat' dir='ltr'>autem</span> <span class='ocrx_word' id='word_1_728' title='bbox 697 5305 964 5374; x_wconf 87' lang='lat' dir='ltr'>verbum,</span> <span class='ocrx_word' id='word_1_729' title='bbox 995 5310 1050 5360; x_wconf 92' lang='lat' dir='ltr'>et</span> <span class='ocrx_word' id='word_1_730' title='bbox 1079 5323 1181 5377; x_wconf 88' lang='lat' dir='ltr'>pro</span> <span class='ocrx_word' id='word_1_731' title='bbox 1231 5306 1506 5362; x_wconf 91' lang='lat' dir='ltr'>omnibus</span> <span class='ocrx_word' id='word_1_732' title='bbox 1547 5324 1752 5374; x_wconf 91' lang='lat' dir='ltr'>unum,</span> 
     </span>
    </p>
   </div>
   <div class='ocr_carea' id='block_1_101' title="bbox 113 5387 1758 5467">
    <p class='ocr_par' dir='ltr' id='par_1_101' title="bbox 113 5387 1758 5467">
     <span class='ocr_line' id='line_1_101' title="bbox 113 5387 1758 5467; baseline 0.005 -22"><span class='ocrx_word' id='word_1_733' title='bbox 113 5387 208 5448; x_wconf 87' lang='lat' dir='ltr'>hoe</span> <span class='ocrx_word' id='word_1_734' title='bbox 236 5398 342 5466; x_wconf 86' lang='lat' dir='ltr'>est,</span> <span class='ocrx_word' id='word_1_735' title='bbox 377 5396 558 5466; x_wconf 87' lang='lat' dir='ltr'>cujus</span> <span class='ocrx_word' id='word_1_736' title='bbox 599 5411 702 5467; x_wconf 91' lang='lat' dir='ltr'>per</span> <span class='ocrx_word' id='word_1_737' title='bbox 739 5395 932 5450; x_wconf 89' lang='lat' dir='ltr'>omnis</span> <span class='ocrx_word' id='word_1_738' title='bbox 960 5394 1138 5465; x_wconf 89' lang='lat' dir='ltr'>hujus</span> <span class='ocrx_word' id='word_1_739' title='bbox 1166 5394 1308 5450; x_wconf 89' lang='lat' dir='ltr'>tomi</span> <span class='ocrx_word' id='word_1_740' title='bbox 1356 5394 1581 5451; x_wconf 88' lang='lat' dir='ltr'>areolas</span> <span class='ocrx_word' id='word_1_741' title='bbox 1611 5413 1758 5452; x_wconf 89' lang='lat' dir='ltr'>sem-</span> 
     </span>
    </p>
   </div>
   <div class='ocr_carea' id='block_1_102' title="bbox 112 5483 1755 5555">
    <p class='ocr_par' dir='ltr' id='par_1_102' title="bbox 112 5483 1755 5555">
     <span class='ocr_line' id='line_1_102' title="bbox 112 5483 1755 5555; baseline 0.002 -19"><span class='ocrx_word' id='word_1_742' title='bbox 112 5495 202 5549; x_wconf 86' lang='lat' dir='ltr'>per</span> <span class='ocrx_word' id='word_1_743' title='bbox 231 5485 586 5540; x_wconf 89' lang='lat' dir='ltr'>meminisse</span> <span class='ocrx_word' id='word_1_744' title='bbox 637 5483 835 5552; x_wconf 90' lang='lat' dir='ltr'>debes,</span> <span class='ocrx_word' id='word_1_745' title='bbox 869 5483 1092 5538; x_wconf 90' lang='lat' dir='ltr'>scilicet</span> <span class='ocrx_word' id='word_1_746' title='bbox 1121 5488 1185 5539; x_wconf 92' lang='lat' dir='ltr'>ut</span> <span class='ocrx_word' id='word_1_747' title='bbox 1215 5483 1502 5555; x_wconf 86' lang='lat' dir='ltr'>quidquid</span> <span class='ocrx_word' id='word_1_748' title='bbox 1555 5483 1612 5539; x_wconf 92' lang='lat' dir='ltr'>in</span> <span class='ocrx_word' id='word_1_749' title='bbox 1647 5485 1755 5540; x_wconf 92' lang='lat' dir='ltr'>hoc</span> 
     </span>
    </p>
   </div>
   <div class='ocr_carea' id='block_1_103' title="bbox 108 5569 1755 5644">
    <p class='ocr_par' dir='ltr' id='par_1_103' title="bbox 108 5569 1755 5644">
     <span class='ocr_line' id='line_1_103' title="bbox 108 5569 1755 5644; baseline 0.005 -24"><span class='ocrx_word' id='word_1_750' title='bbox 108 5569 253 5626; x_wconf 91' lang='lat' dir='ltr'>velut</span> <span class='ocrx_word' id='word_1_751' title='bbox 283 5573 570 5629; x_wconf 90' lang='lat' dir='ltr'>conﬂictu</span> <span class='ocrx_word' id='word_1_752' title='bbox 604 5571 785 5638; x_wconf 88' lang='lat' dir='ltr'>laute,</span> <span class='ocrx_word' id='word_1_753' title='bbox 815 5571 1024 5644; x_wconf 89' lang='lat' dir='ltr'>lepide,</span> <span class='ocrx_word' id='word_1_754' title='bbox 1069 5572 1398 5628; x_wconf 89' lang='lat' dir='ltr'>amabiliter</span> <span class='ocrx_word' id='word_1_755' title='bbox 1426 5572 1649 5628; x_wconf 90' lang='lat' dir='ltr'>dictum</span> <span class='ocrx_word' id='word_1_756' title='bbox 1680 5575 1755 5630; x_wconf 91' lang='lat' dir='ltr'>sit</span> 
     </span>
    </p>
   </div>
   <div class='ocr_carea' id='block_1_104' title="bbox 109 5659 1750 5731">
    <p class='ocr_par' dir='ltr' id='par_1_104' title="bbox 109 5659 1750 5731">
     <span class='ocr_line' id='line_1_104' title="bbox 109 5659 1750 5731; baseline 0.004 -19"><span class='ocrx_word' id='word_1_757' title='bbox 109 5659 351 5730; x_wconf 87' lang='lat' dir='ltr'>applices</span> <span class='ocrx_word' id='word_1_758' title='bbox 390 5662 500 5717; x_wconf 91' lang='lat' dir='ltr'>tibi</span> <span class='ocrx_word' id='word_1_759' title='bbox 563 5677 574 5716; x_wconf 92' lang='lat'><strong>:</strong></span> <span class='ocrx_word' id='word_1_760' title='bbox 625 5660 910 5731; x_wconf 84' lang='lat' dir='ltr'>quidquid</span> <span class='ocrx_word' id='word_1_761' title='bbox 962 5679 1093 5717; x_wconf 88' lang='lat' dir='ltr'>vero</span> <span class='ocrx_word' id='word_1_762' title='bbox 1143 5663 1306 5727; x_wconf 90' lang='lat' dir='ltr'>dure,</span> <span class='ocrx_word' id='word_1_763' title='bbox 1356 5659 1536 5729; x_wconf 85' lang='lat' dir='ltr'>aeide,</span> <span class='ocrx_word' id='word_1_764' title='bbox 1600 5679 1750 5718; x_wconf 87' lang='lat' dir='ltr'>mor-</span> 
     </span>
    </p>
   </div>
   <div class='ocr_carea' id='block_1_105' title="bbox 1875 4682 3520 4754">
    <p class='ocr_par' dir='ltr' id='par_1_105' title="bbox 1875 4682 3520 4754">
     <span class='ocr_line' id='line_1_105' title="bbox 1875 4682 3520 4754; baseline 0.005 -16"><span class='ocrx_word' id='word_1_765' title='bbox 1875 4683 2014 4754; x_wconf 91' lang='lat' dir='ltr'>quid</span> <span class='ocrx_word' id='word_1_766' title='bbox 2048 4682 2189 4738; x_wconf 91' lang='lat' dir='ltr'>mihi</span> <span class='ocrx_word' id='word_1_767' title='bbox 2222 4688 2278 4738; x_wconf 90' lang='lat' dir='ltr'>et</span> <span class='ocrx_word' id='word_1_768' title='bbox 2312 4683 2563 4754; x_wconf 82' lang='lat' dir='ltr'>Leogio?</span> <span class='ocrx_word' id='word_1_769' title='bbox 2585 4684 2737 4754; x_wconf 91' lang='lat' dir='ltr'>quod</span> <span class='ocrx_word' id='word_1_770' title='bbox 2757 4683 2894 4738; x_wconf 85' lang='lat' dir='ltr'>olim</span> <span class='ocrx_word' id='word_1_771' title='bbox 2917 4685 3520 4747; x_wconf 88' lang='lat' dir='ltr'>insolenterdeserens</span> 
     </span>
    </p>
   </div>
   <div class='ocr_carea' id='block_1_106' title="bbox 1870 4771 3519 4850">
    <p class='ocr_par' dir='ltr' id='par_1_106' title="bbox 1870 4771 3519 4850">
     <span class='ocr_line' id='line_1_106' title="bbox 1870 4771 3519 4850; baseline 0.005 -24"><span class='ocrx_word' id='word_1_772' title='bbox 1870 4773 2026 4844; x_wconf 87' lang='lat' dir='ltr'>turpi</span> <span class='ocrx_word' id='word_1_773' title='bbox 2055 4771 2302 4827; x_wconf 90' lang='lat' dir='ltr'>notarim</span> <span class='ocrx_word' id='word_1_774' title='bbox 2350 4771 2574 4844; x_wconf 84' lang='lat' dir='ltr'>elogio;</span> <span class='ocrx_word' id='word_1_775' title='bbox 2608 4773 2819 4845; x_wconf 86' lang='lat' dir='ltr'>cuique</span> <span class='ocrx_word' id='word_1_776' title='bbox 2868 4774 3271 4846; x_wconf 90' lang='lat' dir='ltr'>Moguntinam</span> <span class='ocrx_word' id='word_1_777' title='bbox 3318 4780 3519 4850; x_wconf 65' lang='lat' dir='ltr'>praefe-</span> 
     </span>
    </p>
   </div>
   <div class='ocr_carea' id='block_1_107' title="bbox 1873 4861 3521 4937">
    <p class='ocr_par' dir='ltr' id='par_1_107' title="bbox 1873 4861 3521 4937">
     <span class='ocr_line' id='line_1_107' title="bbox 1873 4861 3521 4937; baseline 0.005 -20"><span class='ocrx_word' id='word_1_778' title='bbox 1873 4880 2006 4918; x_wconf 89' lang='lat' dir='ltr'>rens</span> <span class='ocrx_word' id='word_1_779' title='bbox 2037 4862 2302 4936; x_wconf 89' lang='lat' dir='ltr'>gloriam,</span> <span class='ocrx_word' id='word_1_780' title='bbox 2329 4879 2431 4916; x_wconf 91' lang='lat' dir='ltr'>ceu</span> <span class='ocrx_word' id='word_1_781' title='bbox 2455 4861 2627 4916; x_wconf 84' lang='lat' dir='ltr'>vilem</span> <span class='ocrx_word' id='word_1_782' title='bbox 2654 4864 3038 4934; x_wconf 88' lang='lat' dir='ltr'>reputaverim</span> <span class='ocrx_word' id='word_1_783' title='bbox 3070 4866 3340 4937; x_wconf 88' lang='lat' dir='ltr'>scoriam,</span> <span class='ocrx_word' id='word_1_784' title='bbox 3367 4874 3521 4926; x_wconf 91' lang='lat' dir='ltr'>certe</span> 
     </span>
    </p>
   </div>
   <div class='ocr_carea' id='block_1_108' title="bbox 1872 4952 3522 5025">
    <p class='ocr_par' dir='ltr' id='par_1_108' title="bbox 1872 4952 3522 5025">
     <span class='ocr_line' id='line_1_108' title="bbox 1872 4952 3522 5025; baseline 0.005 -18"><span class='ocrx_word' id='word_1_785' title='bbox 1872 4952 1928 5007; x_wconf 90' lang='lat' dir='ltr'>ni</span> <span class='ocrx_word' id='word_1_786' title='bbox 1939 4952 2050 5008; x_wconf 89' lang='lat' dir='ltr'>mis</span> <span class='ocrx_word' id='word_1_787' title='bbox 2063 4970 2096 5008; x_wconf 92' lang='lat' dir='ltr'>a</span> <span class='ocrx_word' id='word_1_788' title='bbox 2111 4952 2373 5007; x_wconf 90' lang='lat' dir='ltr'>veritatis</span> <span class='ocrx_word' id='word_1_789' title='bbox 2390 4952 2624 5006; x_wconf 88' lang='lat' dir='ltr'>tramite</span> <span class='ocrx_word' id='word_1_790' title='bbox 2645 4953 3038 5024; x_wconf 89' lang='lat' dir='ltr'>aberrasti,vel</span> <span class='ocrx_word' id='word_1_791' title='bbox 3057 4955 3250 5025; x_wconf 91' lang='lat' dir='ltr'>potius</span> <span class='ocrx_word' id='word_1_792' title='bbox 3263 4961 3422 5014; x_wconf 91' lang='lat' dir='ltr'>totus</span> <span class='ocrx_word' id='word_1_793' title='bbox 3434 4977 3522 5016; x_wconf 90' lang='lat' dir='ltr'>ve-</span> 
     </span>
    </p>
   </div>
   <div class='ocr_carea' id='block_1_109' title="bbox 1871 5040 3520 5117">
    <p class='ocr_par' dir='ltr' id='par_1_109' title="bbox 1871 5040 3520 5117">
     <span class='ocr_line' id='line_1_109' title="bbox 1871 5040 3520 5117; baseline 0.005 -22"><span class='ocrx_word' id='word_1_794' title='bbox 1871 5041 2039 5097; x_wconf 88' lang='lat' dir='ltr'>ritate</span> <span class='ocrx_word' id='word_1_795' title='bbox 2062 5040 2343 5096; x_wconf 84' lang='lat' dir='ltr'>excidisti.</span> <span class='ocrx_word' id='word_1_796' title='bbox 2370 5041 2635 5108; x_wconf 89' lang='lat' dir='ltr'>Dicdum,</span> <span class='ocrx_word' id='word_1_797' title='bbox 2657 5058 2872 5112; x_wconf 75' lang='lat' dir='ltr'>quzeso,</span> <span class='ocrx_word' id='word_1_798' title='bbox 2897 5046 2955 5097; x_wconf 89' lang='lat' dir='ltr'>tu</span> <span class='ocrx_word' id='word_1_799' title='bbox 2973 5044 3069 5117; x_wconf 80' lang='lat' dir='ltr'>qui</span> <span class='ocrx_word' id='word_1_800' title='bbox 3095 5046 3204 5101; x_wconf 89' lang='lat' dir='ltr'>sub</span> <span class='ocrx_word' id='word_1_801' title='bbox 3218 5047 3387 5105; x_wconf 89' lang='lat' dir='ltr'>ovino</span> <span class='ocrx_word' id='word_1_802' title='bbox 3405 5050 3520 5106; x_wconf 90' lang='lat' dir='ltr'>vel-</span> 
     </span>
    </p>
   </div>
   <div class='ocr_carea' id='block_1_110' title="bbox 1871 5128 3519 5209">
    <p class='ocr_par' dir='ltr' id='par_1_110' title="bbox 1871 5128 3519 5209">
     <span class='ocr_line' id='line_1_110' title="bbox 1871 5128 3519 5209; baseline 0.006 -25"><span class='ocrx_word' id='word_1_803' title='bbox 1871 5130 1986 5185; x_wconf 90' lang='lat' dir='ltr'>lere</span> <span class='ocrx_word' id='word_1_804' title='bbox 2008 5131 2209 5202; x_wconf 92' lang='lat' dir='ltr'>lupino</span> <span class='ocrx_word' id='word_1_805' title='bbox 2231 5130 2344 5184; x_wconf 90' lang='lat' dir='ltr'>ritu</span> <span class='ocrx_word' id='word_1_806' title='bbox 2369 5128 2566 5195; x_wconf 90' lang='lat' dir='ltr'>latras,</span> <span class='ocrx_word' id='word_1_807' title='bbox 2595 5147 2624 5184; x_wconf 90' lang='lat' dir='ltr'>e</span> <span class='ocrx_word' id='word_1_808' title='bbox 2643 5131 2873 5186; x_wconf 90' lang='lat' dir='ltr'>duobus</span> <span class='ocrx_word' id='word_1_809' title='bbox 2890 5131 3054 5188; x_wconf 89' lang='lat' dir='ltr'>alteri</span> <span class='ocrx_word' id='word_1_810' title='bbox 3077 5135 3400 5207; x_wconf 64' lang='lat' dir='ltr'>praefertur,</span> <span class='ocrx_word' id='word_1_811' title='bbox 3421 5138 3519 5209; x_wconf 88' lang='lat' dir='ltr'>qui</span> 
     </span>
    </p>
   </div>
   <div class='ocr_carea' id='block_1_111' title="bbox 1869 5218 3520 5294">
    <p class='ocr_par' dir='ltr' id='par_1_111' title="bbox 1869 5218 3520 5294">
     <span class='ocr_line' id='line_1_111' title="bbox 1869 5218 3520 5294; baseline 0.002 -20"><span class='ocrx_word' id='word_1_812' title='bbox 1869 5219 2147 5292; x_wconf 88' lang='lat' dir='ltr'>postulat,</span> <span class='ocrx_word' id='word_1_813' title='bbox 2165 5237 2235 5274; x_wconf 88' lang='lat' dir='ltr'>an</span> <span class='ocrx_word' id='word_1_814' title='bbox 2254 5220 2352 5291; x_wconf 90' lang='lat' dir='ltr'>qui</span> <span class='ocrx_word' id='word_1_815' title='bbox 2367 5218 2872 5290; x_wconf 88' lang='lat' dir='ltr'>postulatur?Quid</span> <span class='ocrx_word' id='word_1_816' title='bbox 2895 5224 3241 5294; x_wconf 88' lang='lat' dir='ltr'>respondere</span> <span class='ocrx_word' id='word_1_817' title='bbox 3254 5225 3520 5281; x_wconf 59' lang='lat' dir='ltr'>haesitas?</span> 
     </span>
    </p>
   </div>
   <div class='ocr_carea' id='block_1_112' title="bbox 1867 5308 3515 5383">
    <p class='ocr_par' dir='ltr' id='par_1_112' title="bbox 1867 5308 3515 5383">
     <span class='ocr_line' id='line_1_112' title="bbox 1867 5308 3515 5383; baseline 0.002 -20"><span class='ocrx_word' id='word_1_818' title='bbox 1867 5327 2012 5364; x_wconf 88' lang='lat' dir='ltr'>num</span> <span class='ocrx_word' id='word_1_819' title='bbox 2029 5309 2133 5363; x_wconf 88' lang='lat' dir='ltr'>tibi</span> <span class='ocrx_word' id='word_1_820' title='bbox 2154 5308 2601 5381; x_wconf 89' lang='lat' dir='ltr'>laqueumtendi</span> <span class='ocrx_word' id='word_1_821' title='bbox 2617 5310 2820 5379; x_wconf 85' lang='lat' dir='ltr'>putas?</span> <span class='ocrx_word' id='word_1_822' title='bbox 2833 5312 2980 5383; x_wconf 83' lang='lat' dir='ltr'>Ergo</span> <span class='ocrx_word' id='word_1_823' title='bbox 3002 5311 3197 5366; x_wconf 86' lang='lat' dir='ltr'>taces?</span> <span class='ocrx_word' id='word_1_824' title='bbox 3216 5313 3358 5366; x_wconf 86' lang='lat' dir='ltr'>satis</span> <span class='ocrx_word' id='word_1_825' title='bbox 3380 5329 3515 5366; x_wconf 90' lang='lat' dir='ltr'>con-</span> 
     </span>
    </p>
   </div>
   <div class='ocr_carea' id='block_1_113' title="bbox 1866 5396 3514 5468">
    <p class='ocr_par' dir='ltr' id='par_1_113' title="bbox 1866 5396 3514 5468">
     <span class='ocr_line' id='line_1_113' title="bbox 1866 5396 3514 5468; baseline -0.001 -14"><span class='ocrx_word' id='word_1_826' title='bbox 1866 5399 2026 5454; x_wconf 90' lang='lat' dir='ltr'>cedis</span> <span class='ocrx_word' id='word_1_827' title='bbox 2048 5397 2214 5452; x_wconf 90' lang='lat' dir='ltr'>illum</span> <span class='ocrx_word' id='word_1_828' title='bbox 2238 5396 2695 5468; x_wconf 67' lang='lat' dir='ltr'>praeferri,quem</span> <span class='ocrx_word' id='word_1_829' title='bbox 2722 5405 2948 5454; x_wconf 85' lang='lat' dir='ltr'>constat</span> <span class='ocrx_word' id='word_1_830' title='bbox 2964 5400 3035 5454; x_wconf 90' lang='lat' dir='ltr'>ab</span> <span class='ocrx_word' id='word_1_831' title='bbox 3058 5399 3232 5452; x_wconf 88' lang='lat' dir='ltr'>altero</span> <span class='ocrx_word' id='word_1_832' title='bbox 3254 5399 3514 5468; x_wconf 86' lang='lat' dir='ltr'>postula-</span> 
     </span>
    </p>
   </div>
   <div class='ocr_carea' id='block_1_114' title="bbox 1865 5485 3511 5559">
    <p class='ocr_par' dir='ltr' id='par_1_114' title="bbox 1865 5485 3511 5559">
     <span class='ocr_line' id='line_1_114' title="bbox 1865 5485 3511 5559; baseline 0.001 -19"><span class='ocrx_word' id='word_1_833' title='bbox 1865 5488 2042 5543; x_wconf 89' lang='lat' dir='ltr'>ri.Dic</span> <span class='ocrx_word' id='word_1_834' title='bbox 2056 5485 2483 5559; x_wconf 88' lang='lat' dir='ltr'>ergo,nunquid</span> <span class='ocrx_word' id='word_1_835' title='bbox 2501 5486 2873 5558; x_wconf 75' lang='lat' dir='ltr'>selogium[z‘d</span> <span class='ocrx_word' id='word_1_836' title='bbox 2887 5485 3511 5556; x_wconf 76' lang='lat' dir='ltr'>cstinjuriamjmintuli</span> 
     </span>
    </p>
   </div>
   <div class='ocr_carea' id='block_1_115' title="bbox 1866 5575 3511 5648">
    <p class='ocr_par' dir='ltr' id='par_1_115' title="bbox 1866 5575 3511 5648">
     <span class='ocr_line' id='line_1_115' title="bbox 1866 5575 3511 5648; baseline -0.001 -17"><span class='ocrx_word' id='word_1_837' title='bbox 1866 5576 2076 5648; x_wconf 61' lang='lat' dir='ltr'>Legite,</span> <span class='ocrx_word' id='word_1_838' title='bbox 2109 5577 2342 5647; x_wconf 90' lang='lat' dir='ltr'>quando</span> <span class='ocrx_word' id='word_1_839' title='bbox 2376 5575 2535 5646; x_wconf 76' lang='lat' dir='ltr'>eligit</span> <span class='ocrx_word' id='word_1_840' title='bbox 2573 5579 2626 5627; x_wconf 81' lang='lat' dir='ltr'>ut</span> <span class='ocrx_word' id='word_1_841' title='bbox 2664 5581 2897 5648; x_wconf 80' lang='lat' dir='ltr'>propter</span> <span class='ocrx_word' id='word_1_842' title='bbox 2928 5591 3017 5628; x_wconf 88' lang='lat' dir='ltr'>me</span> <span class='ocrx_word' id='word_1_843' title='bbox 3048 5576 3349 5642; x_wconf 88' lang='lat' dir='ltr'>rogaretur</span> <span class='ocrx_word' id='word_1_844' title='bbox 3386 5591 3418 5629; x_wconf 91' lang='lat' dir='ltr'>a</span> <span class='ocrx_word' id='word_1_845' title='bbox 3450 5593 3511 5631; x_wconf 89' lang='lat' dir='ltr'>se</span> 
     </span>
    </p>
   </div>
   <div class='ocr_carea' id='block_1_116' title="bbox 1864 5657 3505 5734">
    <p class='ocr_par' dir='ltr' id='par_1_116' title="bbox 1864 5657 3505 5734">
     <span class='ocr_line' id='line_1_116' title="bbox 1864 5657 3505 5734; baseline -0.002 -14"><span class='ocrx_word' id='word_1_846' title='bbox 1864 5665 2114 5731; x_wconf 86' lang='lat' dir='ltr'>ditiore;</span> <span class='ocrx_word' id='word_1_847' title='bbox 2149 5665 2400 5721; x_wconf 78' lang='lat' dir='ltr'>exaltata</span> <span class='ocrx_word' id='word_1_848' title='bbox 2431 5666 2625 5718; x_wconf 85' lang='lat' dir='ltr'>autem</span> <span class='ocrx_word' id='word_1_849' title='bbox 2659 5663 2847 5734; x_wconf 86' lang='lat' dir='ltr'>chia,</span> <span class='ocrx_word' id='word_1_850' title='bbox 2900 5662 3036 5715; x_wconf 91' lang='lat' dir='ltr'>dum</span> <span class='ocrx_word' id='word_1_851' title='bbox 3070 5657 3154 5713; x_wconf 90' lang='lat' dir='ltr'>vel</span> <span class='ocrx_word' id='word_1_852' title='bbox 3207 5659 3505 5728; x_wconf 84' lang='lat' dir='ltr'>invitatus,</span> 
     </span>
    </p>
   </div>
  </div>
