3916 6372
424 368 536 435 891
1616 378 2033 445 GOZECHINI
2084 379 2611 454 SCHOLASTICI.
3745 400 3866 467 892

416 522 504 580 vel
527 523 735 595 jussus
779 537 813 577 a
843 516 1092 576 summis
1129 514 1284 575 aurei
1317 514 1698 609 illius-saeculi
1728 514 1870 609 viris
1914 512 2043 609 veni
2070 512 2119 582 Α
2154 531 2287 589 pus,
2318 520 2620 595 Aristoles,
2664 522 2989 587 Carneades
3018 532 3078 587 et
3105 527 3425 602 Panatius,
3455 529 3712 609 aliique
3770 534 3860 593 in-

421 611 827 686 Moguntiam?
849 611 1140 665 Numnam
1168 607 1336 662 matri
1372 606 1551 678 Legiae
1575 605 1680 661 feci
1713 605 2052 677 repulsam?
2160 611 2408 677 numeri,
2455 612 2684 672 nullum
2732 620 2900 674 certe
2929 618 3316 679 habitationis
3344 621 3557 681 locum
3594 605 3729 681 sibi
3783 628 3853 682 ad

420 701 686 775 nunquid
709 698 1168 756 eaminsolenter
1187 696 1396 786 sprevi,
1423 711 1598 767 quam
1620 694 1777 750 velut
1801 699 2049 786 matrem
2159 697 2304 755 bene
2344 700 2652 760 vivendum
2700 704 2999 779 elegerunt
3042 725 3057 762 :
3109 709 3212 765 sed
3263 711 3451 767 semel
3486 712 3748 786 egressi
3781 716 3854 770 ad

417 790 827 849 benevolentiae
858 786 1223 858 amplexibus
1260 784 1519 839 strictam
1551 800 1853 855 nunquam
1885 784 2049 839 dese-
2156 787 2614 862 investigandam
2630 797 2749 849 toto
2767 794 3085 867 fugientem
3102 797 3243 853 orbe
3264 784 3674 871 sapientiam,
3700 819 3859 858 nun-

417 882 505 936 rui
526 884 550 933 ?
593 879 850 934 Profecto
898 892 1034 938 non,
1068 878 1131 927 ut
1159 872 1493 961 corniearis,
1527 872 1748 961 dediei
1781 871 2045 927 libellum
2155 894 2330 949 quam
2351 880 3151 942 domumreverterunt.Talis
3171 892 3261 942 est
3277 886 3403 942 vita
3417 888 3690 961 perfecti
3706 907 3853 946 con-

416 968 662 1042 repudii,
687 967 781 1022 sed
805 968 1066 1019 decorem
1087 960 1360 1033 tripudii:
1386 977 1499 1016 non
1522 959 1923 1032 elogiinotam,
1943 962 2045 1016 sed
2154 967 2857 1042 summatiquesapientis,
2890 988 3067 1044 quem
3097 959 3461 1048 quocunque
3495 993 3604 1034 res
3640 980 3846 1044 cedat,

413 1057 650 1113 honoris
682 1070 953 1109 coronam
989 1069 1000 1107 :
1035 1050 1267 1122 quando
1298 1066 1399 1121 per
1428 1067 1491 1104 os
1523 1065 1715 1103 meum
1768 1049 2046 1105 eructavit
2152 1071 2267 1109 non
2325 1055 2385 1110 in
2424 1056 2747 1115 Phalaridis
2777 1062 2947 1116 tauro
2992 1060 3081 1117 vel
3129 1063 3505 1130 carnificina,
3565 1082 3771 1137 quem
3817 1084 3851 1122 a

413 1164 511 1202 cor
529 1146 655 1215 ejus
680 1144 918 1198 verbum
943 1142 1188 1207 bonum;
1214 1140 1446 1211 quando
1479 1137 1697 1193 contuli
1725 1138 1784 1192 in
1810 1137 2044 1193 thesau-
2150 1145 2487 1199 constantiae
2517 1146 2813 1219 gravitate,
2846 1166 2881 1204 a
2917 1149 3200 1222 propositi
3232 1150 3428 1225 rigore
3460 1152 3694 1211 nullus
3728 1172 3847 1212 un—

410 1252 505 1289 ros
534 1234 712 1303 hujus
739 1230 1069 1298 affluentize,
1093 1228 1244 1299 quod
1272 1227 1459 1298 accepi
1486 1227 1543 1281 in
1573 1226 2041 1282 thesaurisillius
2150 1249 2325 1304 quam
2358 1234 2608 1290 deflectit
2644 1235 2841 1305 locus;
2892 1237 2988 1293 cui
3018 1242 3181 1294 totus
3227 1241 3501 1297 mundus
3548 1243 3635 1298 ad
3690 1242 3851 1300 bene

407 1322 725 1395 sapientiae.
758 1322 872 1375 Nec
904 1335 1163 1390 unquam
1187 1317 1359 1371 hodie
1388 1316 1649 1387 effugies,
1679 1316 1851 1371 etiam
1884 1316 1931 1371 si
1957 1314 2038 1371 al-
2147 1320 2425 1393 beateque
2461 1322 2770 1380 vivendum
2816 1342 2973 1381 unus
3001 1330 3091 1383 est
3120 1326 3307 1384 locus.
3364 1329 3486 1384 Sed
3520 1346 3843 1401 quorsum

404 1416 491 1466 ter
519 1411 632 1466 sies
666 1409 968 1477 Protheus,
1003 1408 1182 1461 donec
1201 1406 1351 1460 veris
1381 1405 1565 1459 victus
1594 1404 1848 1469 fatearis,
1881 1405 2034 1476 quod
2145 1409 2297 1465 ista?
2325 1410 2546 1467 scilicet
2567 1416 2632 1467 ut
2654 1429 2905 1485 arguens
2921 1414 3239 1483 refellatur,
3261 1416 3600 1490 videatque
3624 1418 3840 1475 locum

405 1499 550 1555 nihil
600 1498 921 1570 quidquam
971 1496 1124 1551 obsit
1170 1512 1301 1549 cum
1360 1494 1582 1548 ratione
1612 1493 1718 1547 loci
1767 1494 2032 1560 mutatio,
2141 1498 2228 1553 vel
2261 1499 2550 1555 insessum
2598 1500 2684 1556 vel
2716 1505 3031 1569 mutatum,
3072 1504 3328 1575 sapienti
3372 1505 3529 1561 nihil
3583 1508 3838 1575 obesse,

404 1592 629 1642 tantum
662 1588 731 1641 de
752 1587 901 1641 bono
922 1583 1067 1639 nihil
1093 1587 1350 1638 mutetur
1378 1582 1670 1654 proposito
1701 1599 1714 1636 :
1739 1597 2035 1653 quamque
2141 1588 2310 1658 cujus
2340 1588 2704 1660 propositum
2730 1593 2819 1645 est
2846 1590 3040 1648 ubivis
3067 1590 3336 1648 locorum
3370 1592 3434 1649 in
3466 1596 3835 1651 constantia

404 1676 725 1748 sapientem
756 1677 981 1745 oportet
1010 1688 1211 1727 omnes
1240 1671 1365 1725 vita:
1396 1672 1645 1726 rationes
1685 1688 1785 1742 pro
1816 1669 1938 1726 loco
1978 1675 2035 1725 et
2138 1676 2368 1731 virtutis
2398 1677 2668 1732 eumdem
2694 1693 2843 1733 esse.

401 1766 659 1836 tempore
690 1764 901 1826 metiri,
934 1763 1221 1831 necjuxta
1248 1759 1555 1814 leviculum
1582 1759 1889 1832 Diogenem
1912 1777 2033 1816 om-
2208 1763 2349 1819 XIII.
2383 1765 2493 1819 Sed
2521 1765 2660 1836 quid
2683 1766 2851 1823 nobis
2866 1766 2990 1824 haac
3010 1769 3366 1841 peregrina?
3393 1770 3649 1828 Scilicet
3669 1789 3826 1845 apo-

402 1854 499 1907 nia
527 1854 585 1907 in
621 1853 808 1907 medio
839 1851 1059 1942 haberi.
1126 1937 1139 1942 Δ
1479 1938 1492 1942 Α
1555 1937 1567 1942 Α
1604 1937 1636 1942 η
1949 1938 1981 1942 η
2017 1938 2028 1942 Δ
2059 1879 2106 1942 Β
2138 1851 2292 1918 stoli,
2317 1869 2462 1942 quos
2483 1854 2802 1942 deimundo
2832 1855 3130 1929 elegitqui
3164 1858 3461 1914 mundum
3490 1860 3659 1930 fecit,
3700 1862 3829 1933 pri-

469 1942 559 1995 ΧΙ.
593 1942 754 2004 Quod
779 1944 972 1994 autem
996 1940 1065 1993 de
1085 1937 1282 1992 Flacco
1306 1942 1404 1992 tuo
1426 1938 1495 1992 ad
1519 1937 1638 1992 vitii
1664 1942 1858 1993 notam
1884 1938 2028 1993 mihi
2059 1937 2100 1942 ”
2142 1957 2305 1995 mum
2337 1941 2446 1995 sub
2476 1941 2692 1996 cmlesti
2725 1943 3005 2015 magistro
3035 1944 3096 1999 in
3126 1944 3332 2002 schola
3360 1948 3636 2004 veritatis
3672 1950 3830 2003 vivae

394 2028 603 2096 inuris,
636 2029 753 2083 sive
786 2027 1073 2099 poeticum
1106 2026 1270 2086 illud,
1302 2026 1420 2080 sive
1450 2026 1920 2097 philosophicum
1953 2026 2030 2082 sit
2135 2028 2289 2082 vocis
2321 2028 2526 2084 auditu
2557 2029 2790 2097 eruditi,
2814 2032 2949 2087 dein
2977 2036 3043 2087 ut
3069 2033 3219 2089 radii
3249 2034 3368 2090 veri
3402 2034 3564 2091 Solis
3597 2037 3830 2093 emissi

394 2118 538 2173 satis
570 2118 657 2172 sui
693 2116 944 2172 auctoris
976 2114 1149 2170 struit
1179 2118 1541 2187 argumento,
1577 2116 1646 2169 ad
1680 2115 1735 2169 id
1769 2116 1918 2186 quod
1942 2133 2028 2170 as-
2134 2116 2205 2169 ad
2237 2116 2712 2182 illuminandum,
2743 2123 2800 2174 et
2831 2124 2895 2174 ut
2920 2119 3007 2175 sal
3039 2125 3209 2176 terres
3239 2122 3490 2194 dispersi
3521 2124 3604 2179 ad
3652 2142 3824 2197 pur-

392 2207 703 2262 truendum
736 2204 1009 2269 instituit,
1034 2221 1147 2258 non
1175 2208 1368 2258 tamen
1392 2207 1456 2257 ut
1488 2204 1809 2274 proposuit,
1830 2203 1910 2258 ita
1940 2208 2028 2259 est
2133 2205 2393 2275 gendum
2437 2210 2492 2260 et
2536 2206 2953 2274 condiendum,
3000 2226 3119 2265 non
3152 2209 3393 2281 patriam
3436 2209 3527 2265 vel
3561 2210 3825 2278 locum,

393 2294 784 2350 necessarium
820 2311 831 2348 :
867 2292 1004 2363 quia
1036 2292 1133 2364 qui
1168 2296 1331 2347 trans
1374 2308 1533 2346 mare
1564 2295 1824 2358 currunt,
1877 2292 2028 2347 sicut
2135 2308 2249 2345 non
2282 2308 2486 2363 agrum
2507 2292 2595 2348 vel
2617 2294 2878 2362 domum,
2899 2312 3015 2351 non
3039 2296 3363 2369 quidquam
3383 2297 3542 2369 quod
3567 2301 3817 2355 mundi

392 2382 623 2449 ccelum,
666 2382 748 2437 ita
790 2385 1015 2436 mutare
1065 2384 1309 2451 possunt
1355 2384 1411 2435 et
1452 2380 1732 2445 animam,
1776 2380 1845 2434 V.
1877 2384 1939 2435 G.
1975 2381 2024 2436 si
2133 2384 2286 2435 esset
2314 2380 2422 2435 sibi
2448 2381 2746 2453 proprium
2769 2382 3205 2452 duxerunt,~sed
3225 2383 3523 2440 salvandis
3556 2386 3818 2444 anima-

393 2471 524 2542 quis
554 2471 733 2525 idiota
763 2474 819 2524 et
848 2468 1109 2524 insulsus
1141 2468 1394 2523 Athenas
1426 2473 1628 2540 pergat
1654 2469 1742 2524 vel
1775 2468 2021 2539 naviget,
2132 2467 2242 2522 bus
2274 2469 2461 2538 primo
2490 2468 2876 2525 durissimum
2916 2471 3276 2543 pradicandi
3308 2471 3577 2529 laborem
3609 2474 3815 2531 etiam

390 2558 584 2630 ibique
611 2558 882 2613 doctrinae
911 2557 1373 2628 saleinspersus,
1395 2556 1705 2611 stultitiam
1738 2557 2024 2629 sapientia
2132 2555 2190 2611 in
2242 2556 2453 2628 frigore
2502 2560 2557 2611 et
2604 2557 2795 2613 inedia
2845 2557 3129 2631 vanisque
3173 2560 3454 2631 periculis
3484 2561 3817 2634 impende-

390 2652 725 2703 commutet.
751 2646 894 2701 Illud
918 2651 1110 2701 autem
1130 2662 1399 2717 sequens,
1425 2645 1521 2700 ubi
1546 2646 1615 2699 de
1645 2644 1755 2700 loci
1779 2645 1862 2700 vel
1896 2645 2019 2700 coeli
2130 2648 2266 2699 runt
2293 2662 2305 2699 :
2340 2645 2471 2700 dein
2502 2645 2763 2717 exemplo
2796 2646 3083 2719 Magistri,
3120 2664 3241 2721 qua
3268 2648 3565 2706 charitate
3605 2654 3814 2723 majo-

388 2735 707 2791 mutatione
738 2735 937 2797 tacuit,
970 2737 1026 2788 et
1049 2734 1310 2788 animum
1335 2733 1647 2803 redarguit,
1675 2734 1862 2804 magis
1886 2734 2021 2788 facit
2129 2748 2249 2788 rem
2282 2748 2452 2789 nemo
2482 2732 2676 2801 habet,
2725 2732 2983 2790 animam
3015 2752 3189 2792 suam
3219 2753 3325 2809 pro
3368 2737 3670 2795 fratribus
3706 2757 3818 2813 po-

384 2825 455 2879 ad
489 2824 805 2890 rationem;
838 2822 981 2877 nihil
1014 2823 1084 2877 ad
1115 2823 1259 2877 bene
1278 2822 1610 2888 vivendum,
1632 2821 1718 2877 vel
1743 2823 2019 2893 prodesse
2126 2826 2391 2877 suerunt.
2415 2820 2617 2877 Omnis
2637 2825 2834 2878 autem
2856 2822 3026 2880 beata
3053 2823 3158 2881 illa
3187 2826 3531 2898 posteritas,
3567 2843 3715 2901 qua:
3745 2845 3816 2885 ex

382 2912 469 2968 vel
499 2913 703 2968 obesse
723 2911 850 2976 loci,
877 2911 989 2967 nisi
1011 2913 1167 2965 certe.
1187 2910 1567 2965 mutationem
1585 2911 1842 2977 ratione;
1874 2911 2014 2983 quin
2126 2909 2233 2965 hac
2254 2913 2493 2965 Patrum
2525 2908 2813 2981 spirituali
2835 2912 3211 2983 generatione
3238 2912 3581 2982 descendit,
3613 2932 3813 2989 popu-

385 3000 577 3071 potius
597 2999 759 3053 valde
778 2999 1103 3070 culpandus
1124 3003 1211 3053 est
1232 2998 1483 3063 animus,
1503 2999 1600 3070 qui
1625 3016 1687 3053 se
1712 3016 2012 3071 nunquam
2122 2997 2215 3053 lus
2237 2996 2456 3053 scilicet
2484 2997 2907 3070 acquisitionis,
2939 2999 3041 3071 qui
3071 3004 3431 3058 testamento
3464 3005 3807 3076 sanguinis

382 3088 585 3160 effugit
630 3087 829 3154 talem,
876 3086 1068 3159 qualis
1108 3088 1266 3159 jacet
1313 3088 1371 3141 in
1411 3087 1737 3158 corruptela
1766 3092 1823 3143 et
1853 3105 2012 3143 cceno
2119 3085 2331 3142 Christi
2360 3086 2419 3141 in
2445 3085 2823 3142 Israeliticam
2844 3086 3190 3160 dignitatem
3217 3089 3572 3163 adoptatus,
3604 3092 3677 3148 in
3709 3110 3809 3167 ge-

380 3176 675 3242 vitiorum,
722 3180 778 3231 et
808 3193 909 3247 per
940 3179 1154 3230 arctam
1198 3175 1433 3229 moralis
1479 3175 1796 3247 disciplinzr
1836 3177 2011 3232 semi-
2045 3240 2083 3254 Α
2122 3191 2236 3229 nus
2264 3173 2511 3229 electum
2533 3178 2592 3229 et
2611 3174 2800 3247 regale
2830 3176 3224 3232 sacerdotium
3241 3176 3498 3235 Domino
3532 3179 3809 3254 eligente

381 3268 497 3319 tam
548 3265 615 3319 ad
650 3265 907 3335 seipsum
940 3280 1055 3319 non
1100 3263 1356 3334 confugit
1385 3264 1581 3329 talem,
1634 3264 1823 3335 qualis
1861 3266 2010 3321 efﬁci
2040 3240 2085 3305 (ἶ
2123 3262 2441 3329 successit;
2477 3278 2701 3329 omnes,
2732 3262 2999 3335 inquam,
3026 3264 3123 3320 isti
3147 3266 3421 3322 eamdem
3442 3269 3587 3324 vita;
3610 3270 3804 3340 viam;

379 3355 569 3423 potest
598 3352 655 3406 in
688 3352 887 3407 schola
928 3352 1231 3407 virtutum.
1274 3354 1346 3407 At
1381 3368 1513 3406 vero
1566 3369 1679 3407 non
1720 3357 1808 3408 est
1839 3355 2010 3409 modo
2121 3349 2255 3406 licet
2283 3350 2393 3405 sub
2421 3351 2581 3406 varia
2609 3351 2901 3423 graduum
2931 3356 2989 3408 et
3020 3353 3351 3410 officiorum
3391 3355 3810 3415 distinctione

379 3440 560 3495 nostri
581 3440 679 3496 otii
702 3440 992 3512 veloperis
1012 3440 1355 3511 exquisitius
1378 3441 1646 3513 prosequi
1667 3440 1807 3513 quid
1828 3442 1899 3498 de
1918 3442 2012 3498 his
2119 3438 2390 3511 ingressi,
2420 3439 2557 3511 quia
2585 3439 2645 3494 in
2674 3444 2831 3496 terra
2859 3440 3072 3512 aliena,
3104 3458 3223 3498 non
3244 3459 3377 3515 qua;
3409 3461 3529 3502 sua
3564 3455 3805 3514 essent,

375 3530 838 3601 argumentando
878 3528 1006 3584 elici
1036 3528 1219 3600 possit
1251 3545 1263 3583 :
1297 3529 1406 3584 hoc
1434 3528 1687 3596 interim,
1724 3529 1772 3585 si
1804 3529 2007 3601 placet,
2119 3526 2216 3582 sed
2251 3543 2377 3598 quae
2408 3526 2655 3583 aliorum
2694 3526 3131 3598 laboraverunt;
3166 3530 3309 3602 quia
3336 3549 3460 3588 non
3494 3533 3810 3593 habentes

375 3616 779 3688 relinquamus
810 3618 893 3672 eis
925 3634 1174 3688 quorum
1204 3621 1324 3672 tota
1345 3617 1522 3684 natio,
1554 3622 1674 3673 tota
1704 3619 1848 3674 ratio
1878 3635 2009 3690 gar-
2118 3614 2213 3670 hic
2244 3618 2576 3670 manentem
2624 3615 2938 3685 civitatem,
2991 3618 3253 3674 futuram
3298 3619 3740 3692 inquisierunt
3791 3644 3805 3681 :

375 3704 607 3760 rulitate
639 3705 863 3777 procaci
894 3706 1298 3771 concertando,
1332 3704 1666 3775 sophisticis
1700 3705 2014 3763 cavillatio-
2118 3704 2246 3758 ideo
2266 3702 2326 3758 in
2348 3719 2543 3759 veram
2562 3704 3561 3775 repromissionisterramﬁliorum
3584 3712 3807 3780 Israel,

374 3792 548 3848 nibus
578 3796 762 3848 totum
789 3792 1045 3847 discendi
1077 3792 1163 3847 vel
1197 3792 1423 3848 dicendi
1453 3793 1637 3849 otium
1657 3809 2008 3867 operamque
2116 3791 2189 3847 ab
2236 3806 2300 3846 eo
2340 3792 2440 3863 qui
2472 3792 2789 3847 ascendens
2820 3793 3112 3864 captivam
3141 3794 3308 3850 duxit
3345 3797 3805 3869 captivitatem,

372 3880 639 3937 insumit,
1770 3896 1781 3907 ο
2115 3879 2360 3935 feliciter
2378 3879 2800 3952 transmigrati,
2825 3880 2962 3936 facti
2985 3890 3125 3938 sunt
3143 3882 3225 3937 ibi
3249 3883 3408 3941 cives
3429 3892 3806 3946 sanctorum

441 3970 557 4025 XII.
586 3970 879 4025 Habemus
901 3975 1095 4025 autem
1122 3969 1452 4040 antiquiora
1480 3968 1573 4024 his
1595 3987 1721 4041 quae
1752 3971 1823 4025 ad
1855 3970 2006 4027 hanc
2114 3972 2171 4024 et
2194 3967 2499 4023 domestici
2530 3968 2652 4023 Dei.

369 4058 653 4134 rationem
687 4059 907 4114 faciunt
927 4062 1288 4130 argumenta,
1312 4058 1526 4129 quibus
1546 4059 1841 4129 probetur,
1864 4059 2003 4131 quid
2184 4058 2332 4111 XIV.
2364 4056 2560 4128 Neque
2591 4071 2722 4112 vero
2765 4056 3089 4125 arbitreris.
3123 4075 3217 4115 me
3267 4064 3372 4116 aut
3422 4060 3803 4135 ignorantia

366 4144 454 4200 vel
489 4146 674 4217 patria
700 4146 786 4203 vel
818 4146 981 4201 locus
1012 4145 1225 4216 aliquis
1262 4146 1333 4201 ad
1382 4146 1528 4202 bene
1571 4146 1879 4203 vivendum
1911 4165 2004 4203 sa-
2113 4144 2387 4211 caecitate,
2419 4148 2521 4200 aut
2536 4144 2841 4201 oblivionis
2865 4144 3117 4217 caligine
3144 4147 3805 4219 obrutum,ordinatas

368 4233 547 4305 pienti
579 4233 721 4288 nihil
770 4235 1030 4289 conferat
1057 4232 1144 4288 vel
1172 4234 1398 4289 auferat
1430 4250 1442 4287 :
1478 4234 1620 4306 quin
1652 4235 1847 4306 potius
1877 4236 2005 4308 ipsa
2111 4232 2452 4287 Christianis
2481 4231 2701 4288 militiae
2728 4232 3053 4306 phalangas
3071 4236 3389 4306 praeterire,
3423 4244 3539 4295 aut
3568 4242 3670 4298 eis
3698 4262 3801 4316 pe-

366 4322 477 4376 sibi
495 4321 680 4377 virtus
701 4323 771 4377 ad
789 4323 1001 4377 bonam
1019 4322 1365 4393 beatamque
1383 4322 1560 4377 vitam
1583 4340 2004 4395 usquequaque
2108 4319 2321 4375 tulanti
2360 4320 2625 4392 vagantis
2656 4319 2902 4376 licentiae
2943 4323 3283 4395 arrogantia
3327 4328 3799 4398 prmjudicium,

366 4411 638 4466 sufﬁciat.
684 4411 942 4482 Denique
988 4415 1222 4476 Teucer,
1256 4410 1503 4466 inhibito
1535 4410 1645 4485 sibi
1685 4411 1810 4467 sine
1838 4417 2003 4484 patre
2110 4408 2342 4475 inferre,
2369 4423 2499 4479 quae
2517 4407 2785 4465 videlicet
2804 4408 3160 4467 intrantibus
3183 4429 3344 4469 nova:
3377 4414 3803 4487 Hierusalem,

366 4499 576 4564 reditu,
610 4516 743 4555 cum
775 4498 1073 4555 Salamina
1094 4503 1316 4570 patrem
1348 4502 1731 4566 aversaretur,
1764 4503 1820 4554 et
1844 4517 1879 4555 a
1906 4516 2001 4556 so-
2109 4499 2229 4552 tam
2261 4512 2323 4552 se
2351 4495 2498 4567 ipsis
2529 4512 2707 4567 quam
2728 4495 3157 4555 infirmioribus
3178 4499 3455 4557 Ecclesiae
3492 4510 3806 4566 membris

364 4587 472 4644 ciis
495 4587 747 4644 Patriam
770 4587 1205 4661 suspirantibus
1225 4586 1467 4643 ubinam
1483 4585 1652 4643 vellet
1673 4588 1879 4660 degere
1907 4605 1997 4644 ro-
2027 4599 2076 4665 D
2106 4588 2403 4639 armatura
2433 4582 2530 4639 Dei
2560 4584 2936 4656 protegendis
2964 4587 3255 4644 excubare
3283 4589 3585 4649 videntur
3611 4600 3681 4652 et
3715 4615 3806 4655 re-

365 4680 600 4747 geretur
632 4694 645 4732 :
678 4677 889 4745 Patria,
923 4676 1132 4748 inquit,
1175 4677 1460 4747 cujusque
1506 4680 1615 4740 est,
1663 4675 2001 4749 ubicunque
2110 4670 2333 4744 galeris
2359 4671 2490 4726 Vita!
2522 4671 2835 4741 rationem.
2867 4688 2972 4729 seu
3003 4673 3279 4733 militaris
3314 4676 3543 4751 νὶεἰιὶω
3577 4687 3805 4743 statio-

363 4763 511 4820 bene
540 4768 645 4820 est.
680 4764 801 4829 Quo
832 4765 972 4837 quid
1007 4764 1237 4821 acutius
1267 4765 1339 4819 ad
1368 4764 1518 4818 hanc
1540 4781 1657 4836 qua
1685 4764 1755 4819 de
1785 4765 1998 4837 agitur,
2111 4776 2244 4816 nem
2293 4760 2676 4833 demigrando
2725 4765 2954 4818 mutare
3009 4763 3422 4835 prohibentur.
3490 4769 3804 4831 Novimus

363 4851 491 4905 vitae
536 4853 819 4908 rationem
867 4852 981 4908 dici
1014 4838 1197 4925 possit
1239 4869 1352 4907 non
1381 4851 1569 4919 video,
1605 4852 1651 4908 si
1684 4852 1830 4909 bene
1872 4870 2001 4911 esse
2108 4848 2265 4905 enim
2296 4848 2507 4905 diViniS
2539 4849 2776 4905 Patrum
2805 4850 3015 4908 edictis
3046 4857 3289 4911 cautum
3327 4872 3467 4914 esse
3512 4877 3598 4918 ne
3636 4867 3802 4937 quis,

366 4953 474 4992 suo
493 4938 937 5009 accipiatmodo.
963 4942 1228 4996 Socrates
1245 4956 1477 5012 quoque
1490 4942 2001 5013 rogatuscujacem
2109 4937 2221 4994 nisi
2254 4941 2412 4993 recta
2439 4937 2681 5003 ratione,
2740 4938 2814 4994 ad
2844 4938 2960 4996 alia
2989 4941 3301 5015 demigret,
3334 4961 3411 5001 ne
3463 4950 3623 5021 quis
3659 4954 3801 5011 alie-

368 5040 431 5080 se
458 5040 587 5078 esse
609 5025 883 5080 fateretur
901 5025 929 5080 ‘I
960 5028 1324 5082 mundanum
1350 5043 1478 5082 esse
1508 5044 1568 5083 se
1599 5029 1914 5100 respondit,

2285 5024 2563 5081 clericum
2594 5025 2870 5083 sollicitet
2920 5045 2934 5084 :
2983 5029 3383 5088 nihilominus
3426 5036 3636 5096 etiam
3690 5044 3802 5099 sci-

364 5116 473 5180 est,
506 5129 620 5167 non
640 5112 811 5166 unius
833 5113 1079 5182 alicujus
1100 5114 1228 5178 loci,
1252 5119 1307 5169 et
1328 5114 1575 5169 incolam
1599 5121 1653 5169 et
1675 5115 1854 5171 civem
1874 5134 2001 5174 esse
2109 5131 2243 5170 mus
2290 5114 2468 5170 libere
2498 5115 2877 5186 permissum,
2907 5116 2957 5172 si
2989 5135 3107 5190 qua
3135 5119 3401 5177 Ecclesia
3429 5123 3500 5180 in
3534 5128 3802 5189 diversis

364 5200 543 5256 ιοιίυε
562 5199 784 5255 mundi,
805 5205 921 5254 uoc
944 5203 1112 5257 verbo
1129 5201 1462 5274 designans,
1483 5202 1637 5271 quod
1669 5202 2000 5275 ubicunque
2108 5203 2398 5276 graduum
2428 5207 2485 5258 et
2512 5201 2838 5259 officiorum
2868 5204 3275 5265 {unctionibus
3319 5211 3539 5271 minus
3577 5219 3801 5290 plenos

364 5288 698 5355 esset,nihil
720 5288 791 5342 de
814 5287 1046 5344 virtutis
1069 5288 1364 5360 praposito
1378 5289 1803 5354 mutans,idem
1825 5296 1996 5361 esset;
2106 5290 2336 5361 habeat,
2370 5292 2441 5347 ab
2470 5290 2587 5347 alia
2615 5291 2870 5349 Ecclesia
2904 5293 2998 5350 cui
3042 5295 3252 5353 talium
3284 5300 3466 5372 copia
3516 5287 3651 5377 est,
3687 5328 3799 5365 non

364 5380 637 5450 quodque
667 5394 802 5432 cum
851 5375 1124 5431 omnibus
1155 5376 1255 5448 qui
1288 5377 1343 5429 in
1375 5380 1495 5431 toto
1528 5377 1747 5431 mundo
1781 5379 2001 5435 ratione
2107 5379 2439 5452 negandum
2488 5383 2692 5451 petens
2720 5380 2985 5454 accipiat.
3019 5383 3346 5457 Graduum,
3370 5375 3681 5465 inquam,
3714 5417 3803 5457 ve.

366 5470 681 5562 uterentur.
716 5480 1086 5519 communem
1117 5464 1253 5562 .vit'e
1285 5464 1707 5562 municipatum
1738 5464 1995 5523 haberet.
2107 5466 2195 5523 lut
2223 5468 2272 5523 si
2295 5469 2365 5523 de
2386 5467 2503 5523 alia
2530 5468 2787 5562 Ecclesia
2804 5469 2915 5525 sibi
2938 5475 3101 5543 petat
3129 5474 3395 5533 ordinari
3420 5482 3799 5562 episcopum

366 5549 697 5645 Philosophi
728 5568 959 5622 quoque
979 5551 1349 5617 nobilissimi,
1375 5552 1527 5606 sicut
1548 5553 1604 5606 in
1636 5554 1845 5645 veteris
1876 5570 1999 5610 mo-
2107 5560 2207 5612 aut
2235 5557 2641 5645 presbyterum
2670 5573 2684 5612 :
2715 5556 3064 5629 ofﬁciorum,
3094 5560 3257 5618 velut
3286 5564 3337 5620 si
3371 5549 3485 5623 ibi_
3507 5549 3697 5645 pcta},
3725 5579 3801 5633 in.
3848 5584 3849 5633 ι

369 5635 644 5694 nimentis
671 5640 1319 5711 legimus,Zenocrates,
1353 5640 1612 5708 Crantor,
1646 5644 1703 5695 et
1731 5640 1997 5713 Chrysip-
2109 5644 2270 5699 stitui
2318 5643 2645 5718 regularem
2684 5644 2994 5718 praelatum
3038 5654 3142 5706 aut
3166 5635 3530 5715 litterarum
3564 5669 3799 5740 magis-
3845 5678 3847 5739 ι
