  <div class='ocr_page' id='page_1' title='image "/cluster/home/n/w/nwhite01/storage/ocr_20150623/142-143/uc1.31175018423130/1186.png"; bbox 0 0 3916 6348; ppageno 0'>
   <div class='ocr_carea' id='block_1_1' title="bbox 146 398 267 465">
    <p class='ocr_par' dir='ltr' id='par_1_1' title="bbox 146 398 267 465">
     <span class='ocr_line' id='line_1_1' title="bbox 146 398 267 465; baseline 0.017 -2"><span class='ocrx_word' id='word_1_1' title='bbox 146 398 267 465; x_wconf 84' lang='grc'>893</span> 
     </span>
    </p>
   </div>
   <div class='ocr_carea' id='block_1_2' title="bbox 1306 391 2392 461">
    <p class='ocr_par' dir='ltr' id='par_1_2' title="bbox 1306 391 2392 461">
     <span class='ocr_line' id='line_1_2' title="bbox 1306 391 2392 461; baseline -0.005 0"><span class='ocrx_word' id='word_1_2' title='bbox 1306 394 1690 461; x_wconf 79' lang='lat' dir='ltr'>EPISTOLA</span> <span class='ocrx_word' id='word_1_3' title='bbox 1730 393 1836 456; x_wconf 81' lang='lat' dir='ltr'>AD</span> <span class='ocrx_word' id='word_1_4' title='bbox 1880 391 2366 459; x_wconf 78' lang='lat' dir='ltr'>VALCHERUM</span> <span class='ocrx_word' id='word_1_5' title='bbox 2380 442 2392 456; x_wconf 96' lang='lat'>.</span> 
     </span>
    </p>
   </div>
   <div class='ocr_carea' id='block_1_3' title="bbox 3428 402 3544 465">
    <p class='ocr_par' dir='ltr' id='par_1_3' title="bbox 3428 402 3544 465">
     <span class='ocr_line' id='line_1_3' title="bbox 3428 402 3544 465; baseline -0.017 0"><span class='ocrx_word' id='word_1_6' title='bbox 3428 402 3544 465; x_wconf 73' lang='lat'>894</span> 
     </span>
    </p>
   </div>
   <div class='ocr_carea' id='block_1_4' title="bbox 148 527 3543 609">
    <p class='ocr_par' dir='ltr' id='par_1_4' title="bbox 148 527 3543 609">
     <span class='ocr_line' id='line_1_4' title="bbox 148 527 3543 609; baseline -0.001 -14"><span class='ocrx_word' id='word_1_7' title='bbox 148 541 332 595; x_wconf 90' lang='lat' dir='ltr'>trum.</span> <span class='ocrx_word' id='word_1_8' title='bbox 364 532 595 592; x_wconf 80' lang='lat' dir='ltr'>Scimus</span> <span class='ocrx_word' id='word_1_9' title='bbox 642 551 875 609; x_wconf 88' lang='lat' dir='ltr'>quoque</span> <span class='ocrx_word' id='word_1_10' title='bbox 923 533 981 591; x_wconf 91' lang='lat' dir='ltr'>in</span> <span class='ocrx_word' id='word_1_11' title='bbox 1019 533 1240 591; x_wconf 88' lang='lat' dir='ltr'>eisdem</span> <span class='ocrx_word' id='word_1_12' title='bbox 1294 533 1615 607; x_wconf 90' lang='lat' dir='ltr'>spiritualis</span> <span class='ocrx_word' id='word_1_13' title='bbox 1662 532 1787 587; x_wconf 71' lang='lat' dir='ltr'>vitae</span> <span class='ocrx_word' id='word_1_14' title='bbox 1815 529 1874 597; x_wconf 83' lang='grc' dir='ltr'><strong>Α</strong></span> <span class='ocrx_word' id='word_1_15' title='bbox 1901 530 2148 586; x_wconf 88' lang='lat' dir='ltr'>editura.</span> <span class='ocrx_word' id='word_1_16' title='bbox 2182 530 2291 587; x_wconf 87' lang='lat' dir='ltr'>Sed</span> <span class='ocrx_word' id='word_1_17' title='bbox 2324 530 2467 604; x_wconf 92' lang='lat' dir='ltr'>quid</span> <span class='ocrx_word' id='word_1_18' title='bbox 2498 528 2664 587; x_wconf 88' lang='lat' dir='ltr'>dixi?</span> <span class='ocrx_word' id='word_1_19' title='bbox 2721 527 2891 605; x_wconf 90' lang='lat' dir='ltr'>quasi</span> <span class='ocrx_word' id='word_1_20' title='bbox 2921 531 3048 606; x_wconf 90' lang='lat' dir='ltr'>ipsa</span> <span class='ocrx_word' id='word_1_21' title='bbox 3099 548 3226 589; x_wconf 89' lang='lat' dir='ltr'>mea</span> <span class='ocrx_word' id='word_1_22' title='bbox 3256 530 3426 591; x_wconf 86' lang='lat' dir='ltr'>laude</span> <span class='ocrx_word' id='word_1_23' title='bbox 3456 534 3543 591; x_wconf 91' lang='lat' dir='ltr'>in-</span> 
     </span>
    </p>
   </div>
   <div class='ocr_carea' id='block_1_5' title="bbox 149 622 1790 699">
    <p class='ocr_par' dir='ltr' id='par_1_5' title="bbox 149 622 1790 699">
     <span class='ocr_line' id='line_1_5' title="bbox 149 622 1790 699; baseline -0.003 -17"><span class='ocrx_word' id='word_1_24' title='bbox 149 626 428 699; x_wconf 88' lang='lat' dir='ltr'>gregibus</span> <span class='ocrx_word' id='word_1_25' title='bbox 446 624 590 681; x_wconf 90' lang='lat' dir='ltr'>alios</span> <span class='ocrx_word' id='word_1_26' title='bbox 602 642 750 691; x_wconf 90' lang='lat' dir='ltr'>esse,</span> <span class='ocrx_word' id='word_1_27' title='bbox 767 626 984 698; x_wconf 90' lang='lat' dir='ltr'>quibus</span> <span class='ocrx_word' id='word_1_28' title='bbox 996 624 1450 698; x_wconf 59' lang='lat' dir='ltr'>contemplativa</span> <span class='ocrx_word' id='word_1_29' title='bbox 1466 622 1790 679; x_wconf 84' lang='lat' dir='ltr'>dulcedinis</span> 
     </span>
    </p>
   </div>
   <div class='ocr_carea' id='block_1_6' title="bbox 150 712 1789 787">
    <p class='ocr_par' dir='ltr' id='par_1_6' title="bbox 150 712 1789 787">
     <span class='ocr_line' id='line_1_6' title="bbox 150 712 1789 787; baseline -0.002 -18"><span class='ocrx_word' id='word_1_30' title='bbox 150 715 287 771; x_wconf 85' lang='lat' dir='ltr'>felix</span> <span class='ocrx_word' id='word_1_31' title='bbox 327 719 483 787; x_wconf 87' lang='lat' dir='ltr'>patet</span> <span class='ocrx_word' id='word_1_32' title='bbox 514 714 695 769; x_wconf 87' lang='lat' dir='ltr'>otium</span> <span class='ocrx_word' id='word_1_33' title='bbox 733 733 744 770; x_wconf 93' lang='lat'>:</span> <span class='ocrx_word' id='word_1_34' title='bbox 779 714 945 781; x_wconf 89' lang='lat' dir='ltr'>alios,</span> <span class='ocrx_word' id='word_1_35' title='bbox 982 714 1198 786; x_wconf 83' lang='lat' dir='ltr'>quibus</span> <span class='ocrx_word' id='word_1_36' title='bbox 1248 715 1304 769; x_wconf 92' lang='lat' dir='ltr'>in</span> <span class='ocrx_word' id='word_1_37' title='bbox 1336 713 1636 768; x_wconf 79' lang='lat' dir='ltr'>lucrandis</span> <span class='ocrx_word' id='word_1_38' title='bbox 1667 712 1789 767; x_wconf 88' lang='lat' dir='ltr'>aui-</span> 
     </span>
    </p>
   </div>
   <div class='ocr_carea' id='block_1_7' title="bbox 145 802 1794 877">
    <p class='ocr_par' dir='ltr' id='par_1_7' title="bbox 145 802 1794 877">
     <span class='ocr_line' id='line_1_7' title="bbox 145 802 1794 877; baseline -0.002 -18"><span class='ocrx_word' id='word_1_39' title='bbox 145 806 355 860; x_wconf 88' lang='lat' dir='ltr'>mahus</span> <span class='ocrx_word' id='word_1_40' title='bbox 370 803 563 859; x_wconf 66' lang='lat' dir='ltr'>activa:</span> <span class='ocrx_word' id='word_1_41' title='bbox 577 804 1034 877; x_wconf 78' lang='lat' dir='ltr'>dispensationis</span> <span class='ocrx_word' id='word_1_42' title='bbox 1052 803 1447 875; x_wconf 86' lang='lat' dir='ltr'>evangelicum</span> <span class='ocrx_word' id='word_1_43' title='bbox 1465 802 1794 874; x_wconf 87' lang='lat' dir='ltr'>injungitur</span> 
     </span>
    </p>
   </div>
   <div class='ocr_carea' id='block_1_8' title="bbox 140 889 1791 966">
    <p class='ocr_par' dir='ltr' id='par_1_8' title="bbox 140 889 1791 966">
     <span class='ocr_line' id='line_1_8' title="bbox 140 889 1791 966; baseline -0.002 -19"><span class='ocrx_word' id='word_1_44' title='bbox 140 894 441 966; x_wconf 76' lang='lat' dir='ltr'>negotium</span> <span class='ocrx_word' id='word_1_45' title='bbox 501 910 513 947; x_wconf 90' lang='lat'>:</span> <span class='ocrx_word' id='word_1_46' title='bbox 574 910 825 964; x_wconf 92' lang='lat' dir='ltr'>quorum</span> <span class='ocrx_word' id='word_1_47' title='bbox 875 892 970 947; x_wconf 93' lang='lat' dir='ltr'>alii</span> <span class='ocrx_word' id='word_1_48' title='bbox 1021 892 1244 961; x_wconf 85' lang='lat' dir='ltr'>circuli,</span> <span class='ocrx_word' id='word_1_49' title='bbox 1299 892 1393 946; x_wconf 82' lang='lat' dir='ltr'>alii</span> <span class='ocrx_word' id='word_1_50' title='bbox 1448 895 1655 957; x_wconf 84' lang='lat' dir='ltr'>vectes,</span> <span class='ocrx_word' id='word_1_51' title='bbox 1694 889 1791 944; x_wconf 86' lang='lat' dir='ltr'>alii</span> 
     </span>
    </p>
   </div>
   <div class='ocr_carea' id='block_1_9' title="bbox 151 981 1793 1052">
    <p class='ocr_par' dir='ltr' id='par_1_9' title="bbox 151 981 1793 1052">
     <span class='ocr_line' id='line_1_9' title="bbox 151 981 1793 1052; baseline -0.001 -18"><span class='ocrx_word' id='word_1_52' title='bbox 151 987 411 1036; x_wconf 82' lang='lat' dir='ltr'>vectores</span> <span class='ocrx_word' id='word_1_53' title='bbox 453 981 608 1046; x_wconf 84' lang='lat' dir='ltr'>farti,</span> <span class='ocrx_word' id='word_1_54' title='bbox 660 998 865 1035; x_wconf 89' lang='lat' dir='ltr'>novam</span> <span class='ocrx_word' id='word_1_55' title='bbox 915 983 1248 1035; x_wconf 76' lang='lat' dir='ltr'>testamenti</span> <span class='ocrx_word' id='word_1_56' title='bbox 1294 998 1487 1035; x_wconf 80' lang='lat' dir='ltr'>arcam</span> <span class='ocrx_word' id='word_1_57' title='bbox 1540 982 1793 1052; x_wconf 89' lang='lat' dir='ltr'>portant,</span> 
     </span>
    </p>
   </div>
   <div class='ocr_carea' id='block_1_10' title="bbox 144 1067 1794 1140">
    <p class='ocr_par' dir='ltr' id='par_1_10' title="bbox 144 1067 1794 1140">
     <span class='ocr_line' id='line_1_10' title="bbox 144 1067 1794 1140; baseline -0.001 -16"><span class='ocrx_word' id='word_1_58' title='bbox 144 1071 331 1124; x_wconf 90' lang='lat' dir='ltr'>donec</span> <span class='ocrx_word' id='word_1_59' title='bbox 363 1087 492 1125; x_wconf 91' lang='lat' dir='ltr'>eam</span> <span class='ocrx_word' id='word_1_60' title='bbox 524 1069 580 1123; x_wconf 94' lang='lat' dir='ltr'>in</span> <span class='ocrx_word' id='word_1_61' title='bbox 615 1075 829 1125; x_wconf 73' lang='lat' dir='ltr'>zrterna</span> <span class='ocrx_word' id='word_1_62' title='bbox 850 1071 1060 1125; x_wconf 85' lang='lat' dir='ltr'>sistant</span> <span class='ocrx_word' id='word_1_63' title='bbox 1078 1071 1214 1135; x_wconf 86' lang='lat' dir='ltr'>vita,</span> <span class='ocrx_word' id='word_1_64' title='bbox 1247 1070 1305 1124; x_wconf 92' lang='lat' dir='ltr'>in</span> <span class='ocrx_word' id='word_1_65' title='bbox 1326 1070 1555 1125; x_wconf 88' lang='lat' dir='ltr'>laudem</span> <span class='ocrx_word' id='word_1_66' title='bbox 1587 1073 1643 1123; x_wconf 90' lang='lat' dir='ltr'>et</span> <span class='ocrx_word' id='word_1_67' title='bbox 1673 1067 1794 1140; x_wconf 87' lang='lat' dir='ltr'>glo-</span> 
     </span>
    </p>
   </div>
   <div class='ocr_carea' id='block_1_11' title="bbox 147 1156 1796 1231">
    <p class='ocr_par' dir='ltr' id='par_1_11' title="bbox 147 1156 1796 1231">
     <span class='ocr_line' id='line_1_11' title="bbox 147 1156 1796 1231; baseline -0.001 -19"><span class='ocrx_word' id='word_1_68' title='bbox 147 1159 299 1214; x_wconf 86' lang='lat' dir='ltr'>riam</span> <span class='ocrx_word' id='word_1_69' title='bbox 333 1159 751 1231; x_wconf 79' lang='lat' dir='ltr'>omnipotentis</span> <span class='ocrx_word' id='word_1_70' title='bbox 807 1159 919 1214; x_wconf 88' lang='lat' dir='ltr'>Dei.</span> <span class='ocrx_word' id='word_1_71' title='bbox 955 1159 1082 1214; x_wconf 71' lang='lat' dir='ltr'>Htec</span> <span class='ocrx_word' id='word_1_72' title='bbox 1114 1156 1199 1215; x_wconf 84' lang='lat' dir='ltr'>est</span> <span class='ocrx_word' id='word_1_73' title='bbox 1252 1159 1352 1213; x_wconf 90' lang='lat' dir='ltr'>illa</span> <span class='ocrx_word' id='word_1_74' title='bbox 1400 1159 1689 1231; x_wconf 87' lang='lat' dir='ltr'>graduum</span> <span class='ocrx_word' id='word_1_75' title='bbox 1738 1160 1796 1211; x_wconf 92' lang='lat' dir='ltr'>et</span> 
     </span>
    </p>
   </div>
   <div class='ocr_carea' id='block_1_12' title="bbox 147 1245 1794 1321">
    <p class='ocr_par' dir='ltr' id='par_1_12' title="bbox 147 1245 1794 1321">
     <span class='ocr_line' id='line_1_12' title="bbox 147 1245 1794 1321; baseline -0.002 -19"><span class='ocrx_word' id='word_1_76' title='bbox 147 1248 479 1303; x_wconf 83' lang='lat' dir='ltr'>officiorum</span> <span class='ocrx_word' id='word_1_77' title='bbox 523 1247 839 1315; x_wconf 82' lang='lat' dir='ltr'>distinctio,</span> <span class='ocrx_word' id='word_1_78' title='bbox 874 1254 928 1304; x_wconf 88' lang='lat' dir='ltr'>et</span> <span class='ocrx_word' id='word_1_79' title='bbox 960 1249 1247 1304; x_wconf 91' lang='lat' dir='ltr'>bonorum</span> <span class='ocrx_word' id='word_1_80' title='bbox 1272 1265 1516 1321; x_wconf 89' lang='lat' dir='ltr'>operum</span> <span class='ocrx_word' id='word_1_81' title='bbox 1568 1265 1694 1319; x_wconf 80' lang='lat' dir='ltr'>qua:</span> <span class='ocrx_word' id='word_1_82' title='bbox 1735 1245 1794 1299; x_wconf 94' lang='lat' dir='ltr'>in</span> 
     </span>
    </p>
   </div>
   <div class='ocr_carea' id='block_1_13' title="bbox 150 1334 1794 1409">
    <p class='ocr_par' dir='ltr' id='par_1_13' title="bbox 150 1334 1794 1409">
     <span class='ocr_line' id='line_1_13' title="bbox 150 1334 1794 1409; baseline 0 -20"><span class='ocrx_word' id='word_1_83' title='bbox 150 1334 247 1390; x_wconf 89' lang='lat' dir='ltr'>his</span> <span class='ocrx_word' id='word_1_84' title='bbox 280 1339 565 1407; x_wconf 82' lang='lat' dir='ltr'>geruntur</span> <span class='ocrx_word' id='word_1_85' title='bbox 596 1335 888 1406; x_wconf 81' lang='lat' dir='ltr'>splendor,</span> <span class='ocrx_word' id='word_1_86' title='bbox 924 1353 1097 1409; x_wconf 87' lang='lat' dir='ltr'>quem</span> <span class='ocrx_word' id='word_1_87' title='bbox 1147 1337 1375 1391; x_wconf 84' lang='lat' dir='ltr'>videbat</span> <span class='ocrx_word' id='word_1_88' title='bbox 1407 1335 1687 1409; x_wconf 83' lang='lat' dir='ltr'>propheta</span> <span class='ocrx_word' id='word_1_89' title='bbox 1736 1334 1794 1389; x_wconf 88' lang='lat' dir='ltr'>in</span> 
     </span>
    </p>
   </div>
   <div class='ocr_carea' id='block_1_14' title="bbox 151 1424 1795 1496">
    <p class='ocr_par' dir='ltr' id='par_1_14' title="bbox 151 1424 1795 1496">
     <span class='ocr_line' id='line_1_14' title="bbox 151 1424 1795 1496; baseline 0 -19"><span class='ocrx_word' id='word_1_90' title='bbox 151 1428 363 1478; x_wconf 80' lang='lat' dir='ltr'>ornatu</span> <span class='ocrx_word' id='word_1_91' title='bbox 399 1425 627 1496; x_wconf 80' lang='lat' dir='ltr'>reginae,</span> <span class='ocrx_word' id='word_1_92' title='bbox 670 1441 795 1495; x_wconf 72' lang='lat' dir='ltr'>quae</span> <span class='ocrx_word' id='word_1_93' title='bbox 841 1425 894 1479; x_wconf 81' lang='lat' dir='ltr'>in</span> <span class='ocrx_word' id='word_1_94' title='bbox 927 1424 1137 1480; x_wconf 88' lang='lat' dir='ltr'>vestitu</span> <span class='ocrx_word' id='word_1_95' title='bbox 1187 1427 1463 1481; x_wconf 87' lang='lat' dir='ltr'>deaurato</span> <span class='ocrx_word' id='word_1_96' title='bbox 1514 1424 1795 1480; x_wconf 75' lang='lat' dir='ltr'>assistens</span> 
     </span>
    </p>
   </div>
   <div class='ocr_carea' id='block_1_15' title="bbox 150 1512 1792 1585">
    <p class='ocr_par' dir='ltr' id='par_1_15' title="bbox 150 1512 1792 1585">
     <span class='ocr_line' id='line_1_15' title="bbox 150 1512 1792 1585; baseline 0 -19"><span class='ocrx_word' id='word_1_97' title='bbox 150 1530 186 1566; x_wconf 90' lang='lat' dir='ltr'>a</span> <span class='ocrx_word' id='word_1_98' title='bbox 218 1512 437 1567; x_wconf 81' lang='lat' dir='ltr'>dextris</span> <span class='ocrx_word' id='word_1_99' title='bbox 465 1512 661 1585; x_wconf 90' lang='lat' dir='ltr'>sponsi</span> <span class='ocrx_word' id='word_1_100' title='bbox 698 1514 869 1585; x_wconf 82' lang='lat' dir='ltr'>regis,</span> <span class='ocrx_word' id='word_1_101' title='bbox 903 1514 1082 1585; x_wconf 79' lang='lat' dir='ltr'>fulget</span> <span class='ocrx_word' id='word_1_102' title='bbox 1113 1515 1473 1569; x_wconf 87' lang='lat' dir='ltr'>circumdata</span> <span class='ocrx_word' id='word_1_103' title='bbox 1500 1513 1792 1567; x_wconf 82' lang='lat' dir='ltr'>varietate.</span> 
     </span>
    </p>
   </div>
   <div class='ocr_carea' id='block_1_16' title="bbox 145 1599 1793 1676">
    <p class='ocr_par' dir='ltr' id='par_1_16' title="bbox 145 1599 1793 1676">
     <span class='ocr_line' id='line_1_16' title="bbox 145 1599 1793 1676; baseline 0.001 -21"><span class='ocrx_word' id='word_1_104' title='bbox 145 1599 311 1656; x_wconf 84' lang='lat' dir='ltr'>Hanc</span> <span class='ocrx_word' id='word_1_105' title='bbox 370 1602 635 1656; x_wconf 89' lang='lat' dir='ltr'>eamdem</span> <span class='ocrx_word' id='word_1_106' title='bbox 693 1602 1129 1658; x_wconf 88' lang='lat' dir='ltr'>distinctionem</span> <span class='ocrx_word' id='word_1_107' title='bbox 1161 1604 1314 1658; x_wconf 92' lang='lat' dir='ltr'>idem</span> <span class='ocrx_word' id='word_1_108' title='bbox 1395 1603 1675 1676; x_wconf 85' lang='lat' dir='ltr'>prOpheta</span> <span class='ocrx_word' id='word_1_109' title='bbox 1735 1602 1793 1656; x_wconf 89' lang='lat' dir='ltr'>in</span> 
     </span>
    </p>
   </div>
   <div class='ocr_carea' id='block_1_17' title="bbox 145 1690 1797 1764">
    <p class='ocr_par' dir='ltr' id='par_1_17' title="bbox 145 1690 1797 1764">
     <span class='ocr_line' id='line_1_17' title="bbox 145 1690 1797 1764; baseline 0.001 -21"><span class='ocrx_word' id='word_1_110' title='bbox 145 1690 454 1761; x_wconf 76' lang='lat' dir='ltr'>aenigmate</span> <span class='ocrx_word' id='word_1_111' title='bbox 476 1691 911 1762; x_wconf 88' lang='lat' dir='ltr'>speculabatur,</span> <span class='ocrx_word' id='word_1_112' title='bbox 927 1694 1161 1764; x_wconf 73' lang='lat' dir='ltr'>quando</span> <span class='ocrx_word' id='word_1_113' title='bbox 1184 1694 1430 1747; x_wconf 87' lang='lat' dir='ltr'>miratus</span> <span class='ocrx_word' id='word_1_114' title='bbox 1453 1693 1520 1746; x_wconf 90' lang='lat' dir='ltr'>ad</span> <span class='ocrx_word' id='word_1_115' title='bbox 1534 1690 1797 1745; x_wconf 87' lang='lat' dir='ltr'>mirabile</span> 
     </span>
    </p>
   </div>
   <div class='ocr_carea' id='block_1_18' title="bbox 145 1778 1799 1852">
    <p class='ocr_par' dir='ltr' id='par_1_18' title="bbox 145 1778 1799 1852">
     <span class='ocr_line' id='line_1_18' title="bbox 145 1778 1799 1852; baseline 0.001 -21"><span class='ocrx_word' id='word_1_116' title='bbox 145 1794 363 1832; x_wconf 89' lang='lat' dir='ltr'>nomen</span> <span class='ocrx_word' id='word_1_117' title='bbox 385 1778 614 1833; x_wconf 89' lang='lat' dir='ltr'>Domini</span> <span class='ocrx_word' id='word_1_118' title='bbox 641 1779 699 1833; x_wconf 94' lang='lat' dir='ltr'>in</span> <span class='ocrx_word' id='word_1_119' title='bbox 726 1781 997 1835; x_wconf 71' lang='lat' dir='ltr'>universa</span> <span class='ocrx_word' id='word_1_120' title='bbox 1029 1785 1201 1851; x_wconf 91' lang='lat' dir='ltr'>terra,</span> <span class='ocrx_word' id='word_1_121' title='bbox 1228 1798 1329 1852; x_wconf 92' lang='lat' dir='ltr'>pro</span> <span class='ocrx_word' id='word_1_122' title='bbox 1354 1798 1419 1835; x_wconf 92' lang='lat' dir='ltr'>eo</span> <span class='ocrx_word' id='word_1_123' title='bbox 1445 1780 1597 1852; x_wconf 90' lang='lat' dir='ltr'>quod</span> <span class='ocrx_word' id='word_1_124' title='bbox 1624 1797 1799 1851; x_wconf 90' lang='lat' dir='ltr'>super</span> 
     </span>
    </p>
   </div>
   <div class='ocr_carea' id='block_1_19' title="bbox 1901 620 3546 693">
    <p class='ocr_par' dir='ltr' id='par_1_19' title="bbox 1901 620 3546 693">
     <span class='ocr_line' id='line_1_19' title="bbox 1901 620 3546 693; baseline 0.004 -20"><span class='ocrx_word' id='word_1_125' title='bbox 1901 620 2095 693; x_wconf 82' lang='lat' dir='ltr'>digeat</span> <span class='ocrx_word' id='word_1_126' title='bbox 2123 624 2179 675; x_wconf 88' lang='lat' dir='ltr'>et</span> <span class='ocrx_word' id='word_1_127' title='bbox 2207 638 2322 676; x_wconf 89' lang='lat' dir='ltr'>non</span> <span class='ocrx_word' id='word_1_128' title='bbox 2347 639 2449 693; x_wconf 89' lang='lat' dir='ltr'>per</span> <span class='ocrx_word' id='word_1_129' title='bbox 2480 638 2541 677; x_wconf 91' lang='lat' dir='ltr'>se</span> <span class='ocrx_word' id='word_1_130' title='bbox 2572 620 2718 677; x_wconf 85' lang='lat' dir='ltr'>satis</span> <span class='ocrx_word' id='word_1_131' title='bbox 2750 621 3020 678; x_wconf 85' lang='lat' dir='ltr'>emineat.</span> <span class='ocrx_word' id='word_1_132' title='bbox 3082 621 3210 678; x_wconf 88' lang='lat' dir='ltr'>Non</span> <span class='ocrx_word' id='word_1_133' title='bbox 3249 622 3407 679; x_wconf 82' lang='lat' dir='ltr'>enim</span> <span class='ocrx_word' id='word_1_134' title='bbox 3455 624 3546 681; x_wconf 91' lang='lat' dir='ltr'>in-</span> 
     </span>
    </p>
   </div>
   <div class='ocr_carea' id='block_1_20' title="bbox 1900 709 3548 781">
    <p class='ocr_par' dir='ltr' id='par_1_20' title="bbox 1900 709 3548 781">
     <span class='ocr_line' id='line_1_20' title="bbox 1900 709 3548 781; baseline 0.004 -18"><span class='ocrx_word' id='word_1_135' title='bbox 1900 709 2055 781; x_wconf 89' lang='lat' dir='ltr'>diget</span> <span class='ocrx_word' id='word_1_136' title='bbox 2087 709 2336 778; x_wconf 86' lang='lat' dir='ltr'>alicujus</span> <span class='ocrx_word' id='word_1_137' title='bbox 2371 710 2544 765; x_wconf 91' lang='lat' dir='ltr'>laude</span> <span class='ocrx_word' id='word_1_138' title='bbox 2592 711 2955 778; x_wconf 88' lang='lat' dir='ltr'>adumbrari,</span> <span class='ocrx_word' id='word_1_139' title='bbox 3017 710 3104 766; x_wconf 85' lang='lat' dir='ltr'>vel</span> <span class='ocrx_word' id='word_1_140' title='bbox 3136 711 3195 767; x_wconf 91' lang='lat' dir='ltr'>in</span> <span class='ocrx_word' id='word_1_141' title='bbox 3244 730 3548 769; x_wconf 86' lang='lat' dir='ltr'>commen-</span> 
     </span>
    </p>
   </div>
   <div class='ocr_carea' id='block_1_21' title="bbox 1900 797 3555 873">
    <p class='ocr_par' dir='ltr' id='par_1_21' title="bbox 1900 797 3555 873">
     <span class='ocr_line' id='line_1_21' title="bbox 1900 797 3555 873; baseline 0.003 -20"><span class='ocrx_word' id='word_1_142' title='bbox 1900 797 2089 854; x_wconf 90' lang='lat' dir='ltr'>titiam</span> <span class='ocrx_word' id='word_1_143' title='bbox 2144 799 2397 872; x_wconf 81' lang='lat' dir='ltr'>effigiem</span> <span class='ocrx_word' id='word_1_144' title='bbox 2456 800 2634 854; x_wconf 74' lang='lat' dir='ltr'>beata:</span> <span class='ocrx_word' id='word_1_145' title='bbox 2676 799 2925 855; x_wconf 86' lang='lat' dir='ltr'>civitatis</span> <span class='ocrx_word' id='word_1_146' title='bbox 2970 800 3225 873; x_wconf 85' lang='lat' dir='ltr'>alicujus</span> <span class='ocrx_word' id='word_1_147' title='bbox 3282 818 3555 859; x_wconf 87' lang='lat' dir='ltr'>sermone</span> 
     </span>
    </p>
   </div>
   <div class='ocr_carea' id='block_1_22' title="bbox 1903 887 3553 959">
    <p class='ocr_par' dir='ltr' id='par_1_22' title="bbox 1903 887 3553 959">
     <span class='ocr_line' id='line_1_22' title="bbox 1903 887 3553 959; baseline 0.005 -19"><span class='ocrx_word' id='word_1_148' title='bbox 1903 887 2222 958; x_wconf 89' lang='lat' dir='ltr'>picturari:</span> <span class='ocrx_word' id='word_1_149' title='bbox 2283 888 2422 959; x_wconf 89' lang='lat' dir='ltr'>quia</span> <span class='ocrx_word' id='word_1_150' title='bbox 2453 906 2577 943; x_wconf 78' lang='lat' dir='ltr'>vere</span> <span class='ocrx_word' id='word_1_151' title='bbox 2626 889 2753 944; x_wconf 85' lang='lat' dir='ltr'>viva</span> <span class='ocrx_word' id='word_1_152' title='bbox 2802 889 3005 944; x_wconf 84' lang='lat' dir='ltr'>civitas</span> <span class='ocrx_word' id='word_1_153' title='bbox 3060 895 3170 957; x_wconf 90' lang='lat' dir='ltr'>est,</span> <span class='ocrx_word' id='word_1_154' title='bbox 3234 894 3291 946; x_wconf 89' lang='lat' dir='ltr'>et</span> <span class='ocrx_word' id='word_1_155' title='bbox 3347 892 3553 949; x_wconf 88' lang='lat' dir='ltr'>beatus</span> 
     </span>
    </p>
   </div>
   <div class='ocr_carea' id='block_1_23' title="bbox 1901 976 3552 1053">
    <p class='ocr_par' dir='ltr' id='par_1_23' title="bbox 1901 976 3552 1053">
     <span class='ocr_line' id='line_1_23' title="bbox 1901 976 3552 1053; baseline 0.004 -23"><span class='ocrx_word' id='word_1_156' title='bbox 1901 976 2083 1044; x_wconf 87' lang='lat' dir='ltr'>locus,</span> <span class='ocrx_word' id='word_1_157' title='bbox 2119 976 2323 1031; x_wconf 74' lang='lat' dir='ltr'>divinae</span> <span class='ocrx_word' id='word_1_158' title='bbox 2357 976 2651 1053; x_wconf 84' lang='lat' dir='ltr'>religionis</span> <span class='ocrx_word' id='word_1_159' title='bbox 2673 977 2869 1034; x_wconf 86' lang='lat' dir='ltr'>vivens</span> <span class='ocrx_word' id='word_1_160' title='bbox 2904 978 3190 1035; x_wconf 81' lang='lat' dir='ltr'>institutis</span> <span class='ocrx_word' id='word_1_161' title='bbox 3223 983 3277 1035; x_wconf 89' lang='lat' dir='ltr'>et</span> <span class='ocrx_word' id='word_1_162' title='bbox 3301 979 3552 1053; x_wconf 86' lang='lat' dir='ltr'>legibus.</span> 
     </span>
    </p>
   </div>
   <div class='ocr_carea' id='block_1_24' title="bbox 1903 1066 3556 1143">
    <p class='ocr_par' dir='ltr' id='par_1_24' title="bbox 1903 1066 3556 1143">
     <span class='ocr_line' id='line_1_24' title="bbox 1903 1066 3556 1143; baseline 0.003 -22"><span class='ocrx_word' id='word_1_163' title='bbox 1903 1066 2045 1121; x_wconf 92' lang='lat' dir='ltr'>Cum</span> <span class='ocrx_word' id='word_1_164' title='bbox 2067 1083 2200 1137; x_wconf 87' lang='lat' dir='ltr'>ergo</span> <span class='ocrx_word' id='word_1_165' title='bbox 2223 1071 2538 1138; x_wconf 88' lang='lat' dir='ltr'>angustum</span> <span class='ocrx_word' id='word_1_166' title='bbox 2563 1066 2768 1122; x_wconf 80' lang='lat' dir='ltr'>matris</span> <span class='ocrx_word' id='word_1_167' title='bbox 2801 1070 2857 1123; x_wconf 92' lang='lat' dir='ltr'>et</span> <span class='ocrx_word' id='word_1_168' title='bbox 2879 1068 3123 1123; x_wconf 77' lang='lat' dir='ltr'>nutricis</span> <span class='ocrx_word' id='word_1_169' title='bbox 3146 1073 3359 1124; x_wconf 60' lang='lat' dir='ltr'>nostra</span> <span class='ocrx_word' id='word_1_170' title='bbox 3382 1074 3556 1143; x_wconf 76' lang='lat' dir='ltr'>caput</span> 
     </span>
    </p>
   </div>
   <div class='ocr_carea' id='block_1_25' title="bbox 1904 1155 3555 1229">
    <p class='ocr_par' dir='ltr' id='par_1_25' title="bbox 1904 1155 3555 1229">
     <span class='ocr_line' id='line_1_25' title="bbox 1904 1155 3555 1229; baseline 0.004 -21"><span class='ocrx_word' id='word_1_171' title='bbox 1904 1156 2033 1209; x_wconf 88' lang='lat' dir='ltr'>nive</span> <span class='ocrx_word' id='word_1_172' title='bbox 2067 1155 2372 1211; x_wconf 81' lang='lat' dir='ltr'>candidius</span> <span class='ocrx_word' id='word_1_173' title='bbox 2394 1155 2579 1210; x_wconf 86' lang='lat' dir='ltr'>albeat</span> <span class='ocrx_word' id='word_1_174' title='bbox 2607 1155 2940 1212; x_wconf 84' lang='lat' dir='ltr'>revereudis</span> <span class='ocrx_word' id='word_1_175' title='bbox 2961 1156 3215 1229; x_wconf 77' lang='lat' dir='ltr'>antiquae</span> <span class='ocrx_word' id='word_1_176' title='bbox 3247 1158 3555 1229; x_wconf 65' lang='lat' dir='ltr'>sapientiae</span> 
     </span>
    </p>
   </div>
   <div class='ocr_carea' id='block_1_26' title="bbox 1905 1244 3548 1318">
    <p class='ocr_par' dir='ltr' id='par_1_26' title="bbox 1905 1244 3548 1318">
     <span class='ocr_line' id='line_1_26' title="bbox 1905 1244 3548 1318; baseline 0.002 -18"><span class='ocrx_word' id='word_1_177' title='bbox 1905 1244 2093 1311; x_wconf 84' lang='lat' dir='ltr'>cunis,</span> <span class='ocrx_word' id='word_1_178' title='bbox 2127 1262 2377 1316; x_wconf 86' lang='lat' dir='ltr'>cumque</span> <span class='ocrx_word' id='word_1_179' title='bbox 2406 1245 2538 1299; x_wconf 89' lang='lat' dir='ltr'>trito</span> <span class='ocrx_word' id='word_1_180' title='bbox 2594 1248 2781 1317; x_wconf 79' lang='lat' dir='ltr'>gestet</span> <span class='ocrx_word' id='word_1_181' title='bbox 2812 1245 2867 1299; x_wconf 90' lang='lat' dir='ltr'>in</span> <span class='ocrx_word' id='word_1_182' title='bbox 2926 1246 3137 1302; x_wconf 90' lang='lat' dir='ltr'>vertice</span> <span class='ocrx_word' id='word_1_183' title='bbox 3168 1246 3548 1318; x_wconf 86' lang='lat' dir='ltr'>splendidum</span> 
     </span>
    </p>
   </div>
   <div class='ocr_carea' id='block_1_27' title="bbox 1905 1332 3547 1407">
    <p class='ocr_par' dir='ltr' id='par_1_27' title="bbox 1905 1332 3547 1407">
     <span class='ocr_line' id='line_1_27' title="bbox 1905 1332 3547 1407; baseline 0.003 -20"><span class='ocrx_word' id='word_1_184' title='bbox 1905 1333 2177 1388; x_wconf 86' lang='lat' dir='ltr'>diadema</span> <span class='ocrx_word' id='word_1_185' title='bbox 2234 1332 2437 1388; x_wconf 67' lang='lat' dir='ltr'>divina:</span> <span class='ocrx_word' id='word_1_186' title='bbox 2494 1333 2831 1406; x_wconf 83' lang='lat' dir='ltr'>religionis;</span> <span class='ocrx_word' id='word_1_187' title='bbox 2867 1334 3083 1405; x_wconf 51' lang='lat' dir='ltr'>fulgeat</span> <span class='ocrx_word' id='word_1_188' title='bbox 3142 1352 3375 1407; x_wconf 84' lang='lat' dir='ltr'>quoque</span> <span class='ocrx_word' id='word_1_189' title='bbox 3405 1353 3547 1393; x_wconf 78' lang='lat' dir='ltr'>auro</span> 
     </span>
    </p>
   </div>
   <div class='ocr_carea' id='block_1_28' title="bbox 1907 1421 3553 1495">
    <p class='ocr_par' dir='ltr' id='par_1_28' title="bbox 1907 1421 3553 1495">
     <span class='ocr_line' id='line_1_28' title="bbox 1907 1421 3553 1495; baseline 0.002 -18"><span class='ocrx_word' id='word_1_190' title='bbox 1907 1422 2073 1477; x_wconf 87' lang='lat' dir='ltr'>tectis</span> <span class='ocrx_word' id='word_1_191' title='bbox 2106 1421 2428 1495; x_wconf 86' lang='lat' dir='ltr'>insignium</span> <span class='ocrx_word' id='word_1_192' title='bbox 2459 1427 2757 1495; x_wconf 86' lang='lat' dir='ltr'>gestorum</span> <span class='ocrx_word' id='word_1_193' title='bbox 2798 1422 3148 1494; x_wconf 75' lang='lat' dir='ltr'>cycladibus,</span> <span class='ocrx_word' id='word_1_194' title='bbox 3209 1432 3266 1479; x_wconf 88' lang='lat' dir='ltr'>et</span> <span class='ocrx_word' id='word_1_195' title='bbox 3312 1429 3432 1481; x_wconf 89' lang='lat' dir='ltr'>tota</span> <span class='ocrx_word' id='word_1_196' title='bbox 3474 1426 3553 1481; x_wconf 87' lang='lat' dir='ltr'>sit</span> 
     </span>
    </p>
   </div>
   <div class='ocr_carea' id='block_1_29' title="bbox 1905 1511 3551 1583">
    <p class='ocr_par' dir='ltr' id='par_1_29' title="bbox 1905 1511 3551 1583">
     <span class='ocr_line' id='line_1_29' title="bbox 1905 1511 3551 1583; baseline 0.003 -18"><span class='ocrx_word' id='word_1_197' title='bbox 1905 1511 2312 1565; x_wconf 88' lang='lat' dir='ltr'>desiderabilis</span> <span class='ocrx_word' id='word_1_198' title='bbox 2334 1512 2591 1583; x_wconf 86' lang='lat' dir='ltr'>undique</span> <span class='ocrx_word' id='word_1_199' title='bbox 2616 1512 2891 1566; x_wconf 86' lang='lat' dir='ltr'>virtutum</span> <span class='ocrx_word' id='word_1_200' title='bbox 2916 1512 3349 1568; x_wconf 82' lang='lat' dir='ltr'>circumamicta</span> <span class='ocrx_word' id='word_1_201' title='bbox 3371 1515 3551 1570; x_wconf 90' lang='lat' dir='ltr'>varie-</span> 
     </span>
    </p>
   </div>
   <div class='ocr_carea' id='block_1_30' title="bbox 1905 1600 3550 1665">
    <p class='ocr_par' dir='ltr' id='par_1_30' title="bbox 1905 1600 3550 1665">
     <span class='ocr_line' id='line_1_30' title="bbox 1905 1600 3550 1665; baseline 0.001 -9"><span class='ocrx_word' id='word_1_202' title='bbox 1905 1600 2127 1656; x_wconf 81' lang='lat' dir='ltr'>tatibus</span> <span class='ocrx_word' id='word_1_203' title='bbox 2153 1617 2164 1654; x_wconf 91' lang='lat'><strong>:</strong></span> <span class='ocrx_word' id='word_1_204' title='bbox 2191 1617 2446 1655; x_wconf 88' lang='lat' dir='ltr'>sanusne</span> <span class='ocrx_word' id='word_1_205' title='bbox 2479 1601 2580 1665; x_wconf 89' lang='lat' dir='ltr'>sis,</span> <span class='ocrx_word' id='word_1_206' title='bbox 2602 1601 2648 1656; x_wconf 91' lang='lat' dir='ltr'>si</span> <span class='ocrx_word' id='word_1_207' title='bbox 2675 1600 2925 1655; x_wconf 79' lang='lat' dir='ltr'>suadeas</span> <span class='ocrx_word' id='word_1_208' title='bbox 2943 1604 3005 1655; x_wconf 92' lang='lat' dir='ltr'>ut</span> <span class='ocrx_word' id='word_1_209' title='bbox 3026 1601 3297 1657; x_wconf 89' lang='lat' dir='ltr'>umbram</span> <span class='ocrx_word' id='word_1_210' title='bbox 3328 1602 3550 1658; x_wconf 88' lang='lat' dir='ltr'>alarum</span> 
     </span>
    </p>
   </div>
   <div class='ocr_carea' id='block_1_31' title="bbox 1905 1688 3552 1761">
    <p class='ocr_par' dir='ltr' id='par_1_31' title="bbox 1905 1688 3552 1761">
     <span class='ocr_line' id='line_1_31' title="bbox 1905 1688 3552 1761; baseline 0.002 -18"><span class='ocrx_word' id='word_1_211' title='bbox 1905 1690 2034 1760; x_wconf 89' lang='lat' dir='ltr'>ejus</span> <span class='ocrx_word' id='word_1_212' title='bbox 2065 1706 2177 1743; x_wconf 92' lang='lat' dir='ltr'>non</span> <span class='ocrx_word' id='word_1_213' title='bbox 2212 1689 2508 1760; x_wconf 90' lang='lat' dir='ltr'>requiram</span> <span class='ocrx_word' id='word_1_214' title='bbox 2529 1690 2556 1744; x_wconf 87' lang='lat'><strong>?</strong></span> <span class='ocrx_word' id='word_1_215' title='bbox 2588 1690 2741 1761; x_wconf 89' lang='lat' dir='ltr'>quod</span> <span class='ocrx_word' id='word_1_216' title='bbox 2785 1688 3065 1745; x_wconf 87' lang='lat' dir='ltr'>tantidem</span> <span class='ocrx_word' id='word_1_217' title='bbox 3100 1694 3209 1756; x_wconf 89' lang='lat' dir='ltr'>est,</span> <span class='ocrx_word' id='word_1_218' title='bbox 3242 1707 3308 1746; x_wconf 88' lang='lat' dir='ltr'>ac</span> <span class='ocrx_word' id='word_1_219' title='bbox 3340 1690 3389 1747; x_wconf 90' lang='lat' dir='ltr'>si</span> <span class='ocrx_word' id='word_1_220' title='bbox 3417 1691 3552 1747; x_wconf 92' lang='lat' dir='ltr'>hor-</span> 
     </span>
    </p>
   </div>
   <div class='ocr_carea' id='block_1_32' title="bbox 1905 1778 3559 1852">
    <p class='ocr_par' dir='ltr' id='par_1_32' title="bbox 1905 1778 3559 1852">
     <span class='ocr_line' id='line_1_32' title="bbox 1905 1778 3559 1852; baseline 0.002 -20"><span class='ocrx_word' id='word_1_221' title='bbox 1905 1782 2047 1845; x_wconf 86' lang='lat' dir='ltr'>tere,</span> <span class='ocrx_word' id='word_1_222' title='bbox 2082 1790 2145 1833; x_wconf 87' lang='lat' dir='ltr'>ut</span> <span class='ocrx_word' id='word_1_223' title='bbox 2174 1796 2303 1834; x_wconf 91' lang='lat' dir='ltr'>eam</span> <span class='ocrx_word' id='word_1_224' title='bbox 2344 1779 2475 1834; x_wconf 91' lang='lat' dir='ltr'>odio</span> <span class='ocrx_word' id='word_1_225' title='bbox 2508 1778 2777 1833; x_wconf 82' lang='lat' dir='ltr'>habeam.</span> <span class='ocrx_word' id='word_1_226' title='bbox 2812 1778 3107 1834; x_wconf 63' lang='lat' dir='ltr'>Numnam</span> <span class='ocrx_word' id='word_1_227' title='bbox 3143 1785 3206 1835; x_wconf 91' lang='lat' dir='ltr'>ut</span> <span class='ocrx_word' id='word_1_228' title='bbox 3237 1782 3364 1852; x_wconf 83' lang='lat' dir='ltr'>ejus</span> <span class='ocrx_word' id='word_1_229' title='bbox 3395 1780 3559 1837; x_wconf 91' lang='lat' dir='ltr'>solus</span> 
     </span>
    </p>
   </div>
   <div class='ocr_carea' id='block_1_33' title="bbox 146 1865 3556 1967">
    <p class='ocr_par' dir='ltr' id='par_1_33' title="bbox 146 1865 3556 1967">
     <span class='ocr_line' id='line_1_33' title="bbox 146 1865 3556 1967; baseline 0.002 -48"><span class='ocrx_word' id='word_1_230' title='bbox 146 1865 327 1920; x_wconf 78' lang='lat' dir='ltr'>cmlos</span> <span class='ocrx_word' id='word_1_231' title='bbox 371 1865 591 1920; x_wconf 88' lang='lat' dir='ltr'>elevata</span> <span class='ocrx_word' id='word_1_232' title='bbox 629 1872 783 1921; x_wconf 75' lang='lat' dir='ltr'>esset</span> <span class='ocrx_word' id='word_1_233' title='bbox 830 1872 958 1936; x_wconf 63' lang='lat' dir='ltr'>eius</span> <span class='ocrx_word' id='word_1_234' title='bbox 1006 1869 1442 1937; x_wconf 78' lang='lat' dir='ltr'>magnificentia</span> <span class='ocrx_word' id='word_1_235' title='bbox 1479 1886 1490 1923; x_wconf 92' lang='lat'>:</span> <span class='ocrx_word' id='word_1_236' title='bbox 1527 1868 1796 1936; x_wconf 88' lang='lat' dir='ltr'>miratus,</span> <span class='ocrx_word' id='word_1_237' title='bbox 1830 1902 1878 1967; x_wconf 78' lang='grc' dir='ltr'>Β</span> <span class='ocrx_word' id='word_1_238' title='bbox 1910 1866 2168 1939; x_wconf 85' lang='lat' dir='ltr'>potiaris,</span> <span class='ocrx_word' id='word_1_239' title='bbox 2204 1866 2362 1922; x_wconf 87' lang='lat' dir='ltr'>solus</span> <span class='ocrx_word' id='word_1_240' title='bbox 2412 1868 2825 1923; x_wconf 89' lang='lat' dir='ltr'>communibus</span> <span class='ocrx_word' id='word_1_241' title='bbox 2884 1868 3077 1923; x_wconf 85' lang='lat' dir='ltr'>fruare</span> <span class='ocrx_word' id='word_1_242' title='bbox 3120 1869 3448 1925; x_wconf 89' lang='lat' dir='ltr'>commodis</span> <span class='ocrx_word' id='word_1_243' title='bbox 3499 1875 3556 1926; x_wconf 88' lang='lat' dir='ltr'>et</span> 
     </span>
    </p>
   </div>
   <div class='ocr_carea' id='block_1_34' title="bbox 144 1954 1799 2028">
    <p class='ocr_par' dir='ltr' id='par_1_34' title="bbox 144 1954 1799 2028">
     <span class='ocr_line' id='line_1_34' title="bbox 144 1954 1799 2028; baseline 0.002 -21"><span class='ocrx_word' id='word_1_244' title='bbox 144 1954 416 2025; x_wconf 89' lang='lat' dir='ltr'>inquam,</span> <span class='ocrx_word' id='word_1_245' title='bbox 465 1954 651 2009; x_wconf 82' lang='lat' dir='ltr'>{ilium</span> <span class='ocrx_word' id='word_1_246' title='bbox 702 1955 957 2011; x_wconf 85' lang='lat' dir='ltr'>hominis</span> <span class='ocrx_word' id='word_1_247' title='bbox 1002 1957 1173 2027; x_wconf 78' lang='lat' dir='ltr'>paulo</span> <span class='ocrx_word' id='word_1_248' title='bbox 1230 1957 1424 2011; x_wconf 86' lang='lat' dir='ltr'>minus</span> <span class='ocrx_word' id='word_1_249' title='bbox 1456 1957 1527 2012; x_wconf 91' lang='lat' dir='ltr'>ab</span> <span class='ocrx_word' id='word_1_250' title='bbox 1578 1954 1799 2028; x_wconf 89' lang='lat' dir='ltr'>angelis</span> 
     </span>
    </p>
   </div>
   <div class='ocr_carea' id='block_1_35' title="bbox 147 2040 1802 2115">
    <p class='ocr_par' dir='ltr' id='par_1_35' title="bbox 147 2040 1802 2115">
     <span class='ocr_line' id='line_1_35' title="bbox 147 2040 1802 2115; baseline 0.002 -20"><span class='ocrx_word' id='word_1_251' title='bbox 147 2040 533 2106; x_wconf 88' lang='lat' dir='ltr'>minoratum,</span> <span class='ocrx_word' id='word_1_252' title='bbox 566 2048 621 2097; x_wconf 93' lang='lat' dir='ltr'>et</span> <span class='ocrx_word' id='word_1_253' title='bbox 654 2048 883 2115; x_wconf 85' lang='lat' dir='ltr'>prOpter</span> <span class='ocrx_word' id='word_1_254' title='bbox 917 2046 1247 2104; x_wconf 67' lang='lat' dir='ltr'>passionem</span> <span class='ocrx_word' id='word_1_255' title='bbox 1297 2045 1502 2099; x_wconf 88' lang='lat' dir='ltr'>mortis</span> <span class='ocrx_word' id='word_1_256' title='bbox 1550 2046 1605 2099; x_wconf 90' lang='lat' dir='ltr'>in</span> <span class='ocrx_word' id='word_1_257' title='bbox 1661 2062 1802 2099; x_wconf 90' lang='lat' dir='ltr'>con-</span> 
     </span>
    </p>
   </div>
   <div class='ocr_carea' id='block_1_36' title="bbox 148 2130 1799 2201">
    <p class='ocr_par' dir='ltr' id='par_1_36' title="bbox 148 2130 1799 2201">
     <span class='ocr_line' id='line_1_36' title="bbox 148 2130 1799 2201; baseline 0.001 -16"><span class='ocrx_word' id='word_1_258' title='bbox 148 2146 321 2185; x_wconf 88' lang='lat' dir='ltr'>sessu</span> <span class='ocrx_word' id='word_1_259' title='bbox 356 2130 541 2185; x_wconf 89' lang='lat' dir='ltr'>Patris</span> <span class='ocrx_word' id='word_1_260' title='bbox 589 2131 774 2201; x_wconf 83' lang='lat' dir='ltr'>gloria</span> <span class='ocrx_word' id='word_1_261' title='bbox 804 2137 860 2186; x_wconf 91' lang='lat' dir='ltr'>et</span> <span class='ocrx_word' id='word_1_262' title='bbox 890 2132 1108 2187; x_wconf 79' lang='lat' dir='ltr'>honore</span> <span class='ocrx_word' id='word_1_263' title='bbox 1162 2138 1498 2188; x_wconf 89' lang='lat' dir='ltr'>coronatum</span> <span class='ocrx_word' id='word_1_264' title='bbox 1534 2151 1546 2188; x_wconf 88' lang='lat'><strong>:</strong></span> <span class='ocrx_word' id='word_1_265' title='bbox 1582 2134 1799 2199; x_wconf 76' lang='lat' dir='ltr'>Omnia,</span> 
     </span>
    </p>
   </div>
   <div class='ocr_carea' id='block_1_37' title="bbox 147 2218 1802 2293">
    <p class='ocr_par' dir='ltr' id='par_1_37' title="bbox 147 2218 1802 2293">
     <span class='ocr_line' id='line_1_37' title="bbox 147 2218 1802 2293; baseline 0.003 -21"><span class='ocrx_word' id='word_1_266' title='bbox 147 2218 370 2290; x_wconf 89' lang='lat' dir='ltr'>inquit,</span> <span class='ocrx_word' id='word_1_267' title='bbox 403 2221 686 2290; x_wconf 74' lang='lat' dir='ltr'>suhjccz&#39;sti</span> <span class='ocrx_word' id='word_1_268' title='bbox 713 2222 811 2275; x_wconf 83' lang='lat' dir='ltr'>sub</span> <span class='ocrx_word' id='word_1_269' title='bbox 846 2222 1073 2291; x_wconf 64' lang='lat' dir='ltr'>pedibus</span> <span class='ocrx_word' id='word_1_270' title='bbox 1125 2224 1259 2292; x_wconf 72' lang='lat' dir='ltr'>ejus,</span> <span class='ocrx_word' id='word_1_271' title='bbox 1311 2239 1448 2287; x_wconf 80' lang='lat' dir='ltr'>oves,</span> <span class='ocrx_word' id='word_1_272' title='bbox 1512 2222 1681 2288; x_wconf 75' lang='lat' dir='ltr'>bores,</span> <span class='ocrx_word' id='word_1_273' title='bbox 1715 2239 1802 2293; x_wconf 77' lang='lat' dir='ltr'>pc-</span> 
     </span>
    </p>
   </div>
   <div class='ocr_carea' id='block_1_38' title="bbox 148 2310 1802 2381">
    <p class='ocr_par' dir='ltr' id='par_1_38' title="bbox 148 2310 1802 2381">
     <span class='ocr_line' id='line_1_38' title="bbox 148 2310 1802 2381; baseline 0.002 -19"><span class='ocrx_word' id='word_1_274' title='bbox 148 2323 283 2362; x_wconf 84' lang='lat' dir='ltr'>cora</span> <span class='ocrx_word' id='word_1_275' title='bbox 311 2310 511 2379; x_wconf 79' lang='lat' dir='ltr'>campi,</span> <span class='ocrx_word' id='word_1_276' title='bbox 545 2310 785 2363; x_wconf 74' lang='lat' dir='ltr'>volucres</span> <span class='ocrx_word' id='word_1_277' title='bbox 815 2312 953 2375; x_wconf 58' lang='lat' dir='ltr'>cadi,</span> <span class='ocrx_word' id='word_1_278' title='bbox 1019 2313 1183 2381; x_wconf 73' lang='lat' dir='ltr'>pisces</span> <span class='ocrx_word' id='word_1_279' title='bbox 1240 2313 1431 2365; x_wconf 81' lang='lat' dir='ltr'>maris.</span> <span class='ocrx_word' id='word_1_280' title='bbox 1494 2312 1537 2367; x_wconf 94' lang='grc' dir='ltr'>Ο</span> <span class='ocrx_word' id='word_1_281' title='bbox 1596 2312 1802 2365; x_wconf 89' lang='lat' dir='ltr'>beatus</span> 
     </span>
    </p>
   </div>
   <div class='ocr_carea' id='block_1_39' title="bbox 150 2395 1800 2468">
    <p class='ocr_par' dir='ltr' id='par_1_39' title="bbox 150 2395 1800 2468">
     <span class='ocr_line' id='line_1_39' title="bbox 150 2395 1800 2468; baseline 0.002 -18"><span class='ocrx_word' id='word_1_282' title='bbox 150 2395 255 2451; x_wconf 90' lang='lat' dir='ltr'>ille</span> <span class='ocrx_word' id='word_1_283' title='bbox 286 2397 382 2468; x_wconf 89' lang='lat' dir='ltr'>qui</span> <span class='ocrx_word' id='word_1_284' title='bbox 416 2397 552 2451; x_wconf 89' lang='lat' dir='ltr'>talia</span> <span class='ocrx_word' id='word_1_285' title='bbox 573 2397 837 2453; x_wconf 83' lang='lat' dir='ltr'>videbat!</span> <span class='ocrx_word' id='word_1_286' title='bbox 878 2400 1048 2454; x_wconf 82' lang='lat' dir='ltr'>beata</span> <span class='ocrx_word' id='word_1_287' title='bbox 1077 2404 1131 2455; x_wconf 88' lang='lat' dir='ltr'>et</span> <span class='ocrx_word' id='word_1_288' title='bbox 1154 2405 1488 2455; x_wconf 88' lang='lat' dir='ltr'>sanctorum</span> <span class='ocrx_word' id='word_1_289' title='bbox 1523 2399 1800 2467; x_wconf 88' lang='lat' dir='ltr'>Ecclesia,</span> 
     </span>
    </p>
   </div>
   <div class='ocr_carea' id='block_1_40' title="bbox 153 2485 1800 2561">
    <p class='ocr_par' dir='ltr' id='par_1_40' title="bbox 153 2485 1800 2561">
     <span class='ocr_line' id='line_1_40' title="bbox 153 2485 1800 2561; baseline 0.002 -21"><span class='ocrx_word' id='word_1_290' title='bbox 153 2501 364 2557; x_wconf 90' lang='lat' dir='ltr'>quam,</span> <span class='ocrx_word' id='word_1_291' title='bbox 396 2490 453 2541; x_wconf 90' lang='lat' dir='ltr'>et</span> <span class='ocrx_word' id='word_1_292' title='bbox 499 2485 591 2540; x_wconf 93' lang='lat' dir='ltr'>cui</span> <span class='ocrx_word' id='word_1_293' title='bbox 649 2492 703 2541; x_wconf 91' lang='lat' dir='ltr'>et</span> <span class='ocrx_word' id='word_1_294' title='bbox 760 2488 817 2541; x_wconf 92' lang='lat' dir='ltr'>in</span> <span class='ocrx_word' id='word_1_295' title='bbox 874 2505 988 2556; x_wconf 85' lang='lat' dir='ltr'>qua</span> <span class='ocrx_word' id='word_1_296' title='bbox 1047 2488 1185 2543; x_wconf 88' lang='lat' dir='ltr'>talia</span> <span class='ocrx_word' id='word_1_297' title='bbox 1245 2488 1596 2561; x_wconf 75' lang='lat' dir='ltr'>prmvidebat</span> <span class='ocrx_word' id='word_1_298' title='bbox 1646 2489 1657 2543; x_wconf 78' lang='grc' dir='ltr'><strong>ε</strong></span> <span class='ocrx_word' id='word_1_299' title='bbox 1722 2488 1800 2543; x_wconf 90' lang='lat' dir='ltr'>ibi</span> 
     </span>
    </p>
   </div>
   <div class='ocr_carea' id='block_1_41' title="bbox 149 2575 1803 2649">
    <p class='ocr_par' dir='ltr' id='par_1_41' title="bbox 149 2575 1803 2649">
     <span class='ocr_line' id='line_1_41' title="bbox 149 2575 1803 2649; baseline 0.001 -19"><span class='ocrx_word' id='word_1_300' title='bbox 149 2575 313 2630; x_wconf 90' lang='lat' dir='ltr'>enim</span> <span class='ocrx_word' id='word_1_301' title='bbox 350 2575 460 2629; x_wconf 92' lang='lat' dir='ltr'>sub</span> <span class='ocrx_word' id='word_1_302' title='bbox 489 2575 733 2646; x_wconf 87' lang='lat' dir='ltr'>pedibus</span> <span class='ocrx_word' id='word_1_303' title='bbox 789 2577 1001 2631; x_wconf 88' lang='lat' dir='ltr'>Christi</span> <span class='ocrx_word' id='word_1_304' title='bbox 1062 2578 1342 2633; x_wconf 88' lang='lat' dir='ltr'>discretas</span> <span class='ocrx_word' id='word_1_305' title='bbox 1390 2578 1624 2633; x_wconf 84' lang='lat' dir='ltr'>videbat</span> <span class='ocrx_word' id='word_1_306' title='bbox 1677 2577 1803 2649; x_wconf 90' lang='lat' dir='ltr'>pias</span> 
     </span>
    </p>
   </div>
   <div class='ocr_carea' id='block_1_42' title="bbox 148 2661 1800 2736">
    <p class='ocr_par' dir='ltr' id='par_1_42' title="bbox 148 2661 1800 2736">
     <span class='ocr_line' id='line_1_42' title="bbox 148 2661 1800 2736; baseline 0.002 -19"><span class='ocrx_word' id='word_1_307' title='bbox 148 2661 421 2718; x_wconf 89' lang='lat' dir='ltr'>volucres</span> <span class='ocrx_word' id='word_1_308' title='bbox 453 2662 579 2718; x_wconf 84' lang='lat' dir='ltr'>cceli</span> <span class='ocrx_word' id='word_1_309' title='bbox 630 2665 701 2718; x_wconf 89' lang='lat' dir='ltr'>ab</span> <span class='ocrx_word' id='word_1_310' title='bbox 732 2666 823 2719; x_wconf 88' lang='lat' dir='ltr'>his</span> <span class='ocrx_word' id='word_1_311' title='bbox 854 2682 979 2736; x_wconf 66' lang='lat' dir='ltr'>quae</span> <span class='ocrx_word' id='word_1_312' title='bbox 1031 2666 1258 2721; x_wconf 88' lang='lat' dir='ltr'>obunco</span> <span class='ocrx_word' id='word_1_313' title='bbox 1301 2666 1552 2721; x_wconf 67' lang='lat' dir='ltr'>avaritice</span> <span class='ocrx_word' id='word_1_314' title='bbox 1623 2670 1800 2732; x_wconf 90' lang='lat' dir='ltr'>ostro,</span> 
     </span>
    </p>
   </div>
   <div class='ocr_carea' id='block_1_43' title="bbox 152 2752 1807 2825">
    <p class='ocr_par' dir='ltr' id='par_1_43' title="bbox 152 2752 1807 2825">
     <span class='ocr_line' id='line_1_43' title="bbox 152 2752 1807 2825; baseline 0.002 -19"><span class='ocrx_word' id='word_1_315' title='bbox 152 2768 400 2807; x_wconf 82' lang='lat' dir='ltr'>recurvo</span> <span class='ocrx_word' id='word_1_316' title='bbox 435 2752 773 2824; x_wconf 81' lang='lat' dir='ltr'>rapacitatis</span> <span class='ocrx_word' id='word_1_317' title='bbox 804 2770 998 2825; x_wconf 89' lang='lat' dir='ltr'>ungue</span> <span class='ocrx_word' id='word_1_318' title='bbox 1028 2755 1288 2810; x_wconf 90' lang='lat' dir='ltr'>mitiores</span> <span class='ocrx_word' id='word_1_319' title='bbox 1348 2755 1516 2811; x_wconf 87' lang='lat' dir='ltr'>alites</span> <span class='ocrx_word' id='word_1_320' title='bbox 1584 2756 1639 2811; x_wconf 91' lang='lat' dir='ltr'>in</span> <span class='ocrx_word' id='word_1_321' title='bbox 1676 2772 1807 2811; x_wconf 89' lang='lat' dir='ltr'>acre</span> 
     </span>
    </p>
   </div>
   <div class='ocr_carea' id='block_1_44' title="bbox 149 2840 1807 2913">
    <p class='ocr_par' dir='ltr' id='par_1_44' title="bbox 149 2840 1807 2913">
     <span class='ocr_line' id='line_1_44' title="bbox 149 2840 1807 2913; baseline 0.001 -19"><span class='ocrx_word' id='word_1_322' title='bbox 149 2840 474 2895; x_wconf 82' lang='lat' dir='ltr'>devorant:</span> <span class='ocrx_word' id='word_1_323' title='bbox 511 2841 581 2894; x_wconf 87' lang='lat' dir='ltr'>ah</span> <span class='ocrx_word' id='word_1_324' title='bbox 636 2840 727 2894; x_wconf 91' lang='lat' dir='ltr'>his</span> <span class='ocrx_word' id='word_1_325' title='bbox 773 2858 1022 2912; x_wconf 89' lang='lat' dir='ltr'>quoque,</span> <span class='ocrx_word' id='word_1_326' title='bbox 1057 2859 1183 2913; x_wconf 62' lang='lat' dir='ltr'>quae</span> <span class='ocrx_word' id='word_1_327' title='bbox 1238 2842 1308 2895; x_wconf 89' lang='lat' dir='ltr'>ad</span> <span class='ocrx_word' id='word_1_328' title='bbox 1372 2842 1480 2896; x_wconf 88' lang='lat' dir='ltr'>hoc</span> <span class='ocrx_word' id='word_1_329' title='bbox 1540 2841 1807 2896; x_wconf 85' lang='lat' dir='ltr'>innatant</span> 
     </span>
    </p>
   </div>
   <div class='ocr_carea' id='block_1_45' title="bbox 155 2927 1804 3001">
    <p class='ocr_par' dir='ltr' id='par_1_45' title="bbox 155 2927 1804 3001">
     <span class='ocr_line' id='line_1_45' title="bbox 155 2927 1804 3001; baseline 0.001 -18"><span class='ocrx_word' id='word_1_330' title='bbox 155 2927 358 2999; x_wconf 87' lang='lat' dir='ltr'>aquis,</span> <span class='ocrx_word' id='word_1_331' title='bbox 374 2927 506 2983; x_wconf 89' lang='lat' dir='ltr'>utin</span> <span class='ocrx_word' id='word_1_332' title='bbox 525 2930 813 3001; x_wconf 86' lang='lat' dir='ltr'>profunda</span> <span class='ocrx_word' id='word_1_333' title='bbox 827 2930 1215 3001; x_wconf 90' lang='lat' dir='ltr'>cupiditatum</span> <span class='ocrx_word' id='word_1_334' title='bbox 1231 2931 1529 2997; x_wconf 75' lang='lat' dir='ltr'>demersae,</span> <span class='ocrx_word' id='word_1_335' title='bbox 1547 2930 1804 2984; x_wconf 85' lang='lat' dir='ltr'>hiantem</span> 
     </span>
    </p>
   </div>
   <div class='ocr_carea' id='block_1_46' title="bbox 150 3015 1809 3090">
    <p class='ocr_par' dir='ltr' id='par_1_46' title="bbox 150 3015 1809 3090">
     <span class='ocr_line' id='line_1_46' title="bbox 150 3015 1809 3090; baseline 0 -17"><span class='ocrx_word' id='word_1_336' title='bbox 150 3015 743 3088; x_wconf 65' lang='lat' dir='ltr'>avaritiaeingluviem</span> <span class='ocrx_word' id='word_1_337' title='bbox 771 3018 963 3090; x_wconf 81' lang='lat' dir='ltr'>rapaci</span> <span class='ocrx_word' id='word_1_338' title='bbox 980 3018 1329 3073; x_wconf 88' lang='lat' dir='ltr'>miserorum</span> <span class='ocrx_word' id='word_1_339' title='bbox 1350 3018 1599 3089; x_wconf 89' lang='lat' dir='ltr'>piscium</span> <span class='ocrx_word' id='word_1_340' title='bbox 1616 3022 1809 3089; x_wconf 87' lang='lat' dir='ltr'>captu-</span> 
     </span>
    </p>
   </div>
   <div class='ocr_carea' id='block_1_47' title="bbox 149 3106 1809 3179">
    <p class='ocr_par' dir='ltr' id='par_1_47' title="bbox 149 3106 1809 3179">
     <span class='ocr_line' id='line_1_47' title="bbox 149 3106 1809 3179; baseline 0 -18"><span class='ocrx_word' id='word_1_341' title='bbox 149 3123 225 3162; x_wconf 87' lang='lat' dir='ltr'>ra</span> <span class='ocrx_word' id='word_1_342' title='bbox 256 3110 517 3177; x_wconf 88' lang='lat' dir='ltr'>pascant.</span> <span class='ocrx_word' id='word_1_343' title='bbox 544 3107 627 3161; x_wconf 85' lang='lat' dir='ltr'>Ab</span> <span class='ocrx_word' id='word_1_344' title='bbox 652 3107 763 3175; x_wconf 91' lang='lat' dir='ltr'>his,</span> <span class='ocrx_word' id='word_1_345' title='bbox 781 3106 1047 3179; x_wconf 85' lang='lat' dir='ltr'>inquam,</span> <span class='ocrx_word' id='word_1_346' title='bbox 1068 3107 1329 3162; x_wconf 68' lang='lat' dir='ltr'>discretae</span> <span class='ocrx_word' id='word_1_347' title='bbox 1350 3112 1488 3162; x_wconf 91' lang='lat' dir='ltr'>sunt</span> <span class='ocrx_word' id='word_1_348' title='bbox 1512 3107 1682 3161; x_wconf 89' lang='lat' dir='ltr'>mites</span> <span class='ocrx_word' id='word_1_349' title='bbox 1703 3106 1809 3161; x_wconf 64' lang='lat' dir='ltr'>illae</span> 
     </span>
    </p>
   </div>
   <div class='ocr_carea' id='block_1_48' title="bbox 151 3193 1809 3267">
    <p class='ocr_par' dir='ltr' id='par_1_48' title="bbox 151 3193 1809 3267">
     <span class='ocr_line' id='line_1_48' title="bbox 151 3193 1809 3267; baseline 0 -17"><span class='ocrx_word' id='word_1_350' title='bbox 151 3193 425 3250; x_wconf 87' lang='lat' dir='ltr'>volucres</span> <span class='ocrx_word' id='word_1_351' title='bbox 482 3194 631 3261; x_wconf 75' lang='lat' dir='ltr'>cmli,</span> <span class='ocrx_word' id='word_1_352' title='bbox 681 3212 807 3267; x_wconf 69' lang='lat' dir='ltr'>qum</span> <span class='ocrx_word' id='word_1_353' title='bbox 872 3195 1179 3267; x_wconf 90' lang='lat' dir='ltr'>picturatis</span> <span class='ocrx_word' id='word_1_354' title='bbox 1229 3196 1513 3250; x_wconf 90' lang='lat' dir='ltr'>bonorum</span> <span class='ocrx_word' id='word_1_355' title='bbox 1570 3212 1809 3267; x_wconf 91' lang='lat' dir='ltr'>operum</span> 
     </span>
    </p>
   </div>
   <div class='ocr_carea' id='block_1_49' title="bbox 1910 1956 3553 2029">
    <p class='ocr_par' dir='ltr' id='par_1_49' title="bbox 1910 1956 3553 2029">
     <span class='ocr_line' id='line_1_49' title="bbox 1910 1956 3553 2029; baseline 0.001 -18"><span class='ocrx_word' id='word_1_356' title='bbox 1910 1957 2140 2028; x_wconf 85' lang='lat' dir='ltr'>gaudiis</span> <span class='ocrx_word' id='word_1_357' title='bbox 2161 1957 2188 2011; x_wconf 82' lang='lat'><strong>?</strong></span> <span class='ocrx_word' id='word_1_358' title='bbox 2210 1957 2317 2012; x_wconf 91' lang='lat' dir='ltr'>Sed</span> <span class='ocrx_word' id='word_1_359' title='bbox 2347 1956 2499 2012; x_wconf 88' lang='lat' dir='ltr'>absit</span> <span class='ocrx_word' id='word_1_360' title='bbox 2530 1957 2635 2011; x_wconf 83' lang='lat' dir='ltr'>hoc</span> <span class='ocrx_word' id='word_1_361' title='bbox 2659 1975 2691 2011; x_wconf 90' lang='lat' dir='ltr'>a</span> <span class='ocrx_word' id='word_1_362' title='bbox 2720 1956 3003 2013; x_wconf 80' lang='lat' dir='ltr'>modestia</span> <span class='ocrx_word' id='word_1_363' title='bbox 3020 1961 3074 2013; x_wconf 92' lang='lat' dir='ltr'>et</span> <span class='ocrx_word' id='word_1_364' title='bbox 3093 1957 3378 2029; x_wconf 90' lang='lat' dir='ltr'>probitate</span> <span class='ocrx_word' id='word_1_365' title='bbox 3401 1962 3503 2013; x_wconf 90' lang='lat' dir='ltr'>tua</span> <span class='ocrx_word' id='word_1_366' title='bbox 3539 1976 3553 2026; x_wconf 91' lang='lat'><strong>;</strong></span> 
     </span>
    </p>
   </div>
   <div class='ocr_carea' id='block_1_50' title="bbox 1910 2045 3556 2118">
    <p class='ocr_par' dir='ltr' id='par_1_50' title="bbox 1910 2045 3556 2118">
     <span class='ocr_line' id='line_1_50' title="bbox 1910 2045 3556 2118; baseline 0.002 -19"><span class='ocrx_word' id='word_1_367' title='bbox 1910 2046 2064 2100; x_wconf 89' lang='lat' dir='ltr'>absit</span> <span class='ocrx_word' id='word_1_368' title='bbox 2094 2050 2155 2099; x_wconf 89' lang='lat' dir='ltr'>ut</span> <span class='ocrx_word' id='word_1_369' title='bbox 2184 2045 2292 2101; x_wconf 92' lang='lat' dir='ltr'>hoc</span> <span class='ocrx_word' id='word_1_370' title='bbox 2323 2062 2581 2116; x_wconf 83' lang='lat' dir='ltr'>unquam</span> <span class='ocrx_word' id='word_1_371' title='bbox 2613 2045 2682 2099; x_wconf 89' lang='lat' dir='ltr'>de</span> <span class='ocrx_word' id='word_1_372' title='bbox 2715 2049 2767 2100; x_wconf 89' lang='lat' dir='ltr'>te</span> <span class='ocrx_word' id='word_1_373' title='bbox 2799 2062 2969 2116; x_wconf 86' lang='lat' dir='ltr'>quem</span> <span class='ocrx_word' id='word_1_374' title='bbox 3006 2046 3293 2118; x_wconf 85' lang='lat' dir='ltr'>tantisper</span> <span class='ocrx_word' id='word_1_375' title='bbox 3338 2045 3556 2116; x_wconf 90' lang='lat' dir='ltr'>norim,</span> 
     </span>
    </p>
   </div>
   <div class='ocr_carea' id='block_1_51' title="bbox 1915 2134 3559 2200">
    <p class='ocr_par' dir='ltr' id='par_1_51' title="bbox 1915 2134 3559 2200">
     <span class='ocr_line' id='line_1_51' title="bbox 1915 2134 3559 2200; baseline 0.001 -11"><span class='ocrx_word' id='word_1_376' title='bbox 1915 2135 2111 2189; x_wconf 90' lang='lat' dir='ltr'>credat</span> <span class='ocrx_word' id='word_1_377' title='bbox 2168 2135 2365 2189; x_wconf 88' lang='lat' dir='ltr'>anima</span> <span class='ocrx_word' id='word_1_378' title='bbox 2397 2151 2544 2188; x_wconf 82' lang='lat' dir='ltr'>mea.</span> <span class='ocrx_word' id='word_1_379' title='bbox 2575 2135 2716 2189; x_wconf 88' lang='lat' dir='ltr'>Tam</span> <span class='ocrx_word' id='word_1_380' title='bbox 2748 2151 2879 2188; x_wconf 91' lang='lat' dir='ltr'>vero</span> <span class='ocrx_word' id='word_1_381' title='bbox 2930 2134 3112 2200; x_wconf 88' lang='lat' dir='ltr'>abest,</span> <span class='ocrx_word' id='word_1_382' title='bbox 3144 2139 3210 2189; x_wconf 90' lang='lat' dir='ltr'>ut</span> <span class='ocrx_word' id='word_1_383' title='bbox 3240 2152 3274 2190; x_wconf 90' lang='lat' dir='ltr'>a</span> <span class='ocrx_word' id='word_1_384' title='bbox 3304 2152 3396 2190; x_wconf 87' lang='lat' dir='ltr'>me</span> <span class='ocrx_word' id='word_1_385' title='bbox 3425 2136 3559 2191; x_wconf 90' lang='lat' dir='ltr'>odio</span> 
     </span>
    </p>
   </div>
   <div class='ocr_carea' id='block_1_52' title="bbox 1911 2222 3559 2294">
    <p class='ocr_par' dir='ltr' id='par_1_52' title="bbox 1911 2222 3559 2294">
     <span class='ocr_line' id='line_1_52' title="bbox 1911 2222 3559 2294; baseline 0.002 -17"><span class='ocrx_word' id='word_1_386' title='bbox 1911 2222 2216 2289; x_wconf 86' lang='lat' dir='ltr'>habeatur,</span> <span class='ocrx_word' id='word_1_387' title='bbox 2250 2227 2315 2278; x_wconf 93' lang='lat' dir='ltr'>ut</span> <span class='ocrx_word' id='word_1_388' title='bbox 2371 2224 2547 2278; x_wconf 87' lang='lat' dir='ltr'>etiam</span> <span class='ocrx_word' id='word_1_389' title='bbox 2605 2223 2651 2278; x_wconf 91' lang='lat' dir='ltr'>si</span> <span class='ocrx_word' id='word_1_390' title='bbox 2686 2223 3009 2294; x_wconf 86' lang='lat' dir='ltr'>prohibeat,</span> <span class='ocrx_word' id='word_1_391' title='bbox 3044 2222 3559 2281; x_wconf 88' lang='lat' dir='ltr'>vehementissime</span> 
     </span>
    </p>
   </div>
   <div class='ocr_carea' id='block_1_53' title="bbox 1914 2312 2222 2383">
    <p class='ocr_par' dir='ltr' id='par_1_53' title="bbox 1914 2312 2222 2383">
     <span class='ocr_line' id='line_1_53' title="bbox 1914 2312 2222 2383; baseline 0 -16"><span class='ocrx_word' id='word_1_392' title='bbox 1914 2312 2222 2383; x_wconf 85' lang='lat' dir='ltr'>dirigatur.</span> 
     </span>
    </p>
   </div>
   <div class='ocr_carea' id='block_1_54' title="bbox 1986 2396 3563 2470">
    <p class='ocr_par' dir='ltr' id='par_1_54' title="bbox 1986 2396 3563 2470">
     <span class='ocr_line' id='line_1_54' title="bbox 1986 2396 3563 2470; baseline 0.001 -17"><span class='ocrx_word' id='word_1_393' title='bbox 1986 2399 2277 2454; x_wconf 77' lang='lat' dir='ltr'>XVI.Nec</span> <span class='ocrx_word' id='word_1_394' title='bbox 2332 2399 2442 2453; x_wconf 92' lang='lat' dir='ltr'>hoc</span> <span class='ocrx_word' id='word_1_395' title='bbox 2500 2398 2649 2463; x_wconf 89' lang='lat' dir='ltr'>dico,</span> <span class='ocrx_word' id='word_1_396' title='bbox 2714 2397 2853 2469; x_wconf 93' lang='lat' dir='ltr'>quin</span> <span class='ocrx_word' id='word_1_397' title='bbox 2914 2397 3057 2451; x_wconf 88' lang='lat' dir='ltr'>uber</span> <span class='ocrx_word' id='word_1_398' title='bbox 3105 2396 3351 2465; x_wconf 90' lang='lat' dir='ltr'>colonia,</span> <span class='ocrx_word' id='word_1_399' title='bbox 3384 2416 3563 2470; x_wconf 88' lang='lat' dir='ltr'>quam</span> 
     </span>
    </p>
   </div>
   <div class='ocr_carea' id='block_1_55' title="bbox 1914 2486 3562 2559">
    <p class='ocr_par' dir='ltr' id='par_1_55' title="bbox 1914 2486 3562 2559">
     <span class='ocr_line' id='line_1_55' title="bbox 1914 2486 3562 2559; baseline -0.001 -16"><span class='ocrx_word' id='word_1_400' title='bbox 1914 2487 2199 2554; x_wconf 89' lang='lat' dir='ltr'>inhabito,</span> <span class='ocrx_word' id='word_1_401' title='bbox 2256 2491 2498 2559; x_wconf 91' lang='lat' dir='ltr'>paterna</span> <span class='ocrx_word' id='word_1_402' title='bbox 2558 2486 2700 2541; x_wconf 90' lang='lat' dir='ltr'>mihi</span> <span class='ocrx_word' id='word_1_403' title='bbox 2732 2486 2974 2551; x_wconf 84' lang='lat' dir='ltr'>viscera,</span> <span class='ocrx_word' id='word_1_404' title='bbox 3005 2490 3062 2541; x_wconf 90' lang='lat' dir='ltr'>et</span> <span class='ocrx_word' id='word_1_405' title='bbox 3110 2490 3373 2542; x_wconf 86' lang='lat' dir='ltr'>materna</span> <span class='ocrx_word' id='word_1_406' title='bbox 3401 2487 3562 2542; x_wconf 84' lang='lat' dir='ltr'>exhi-</span> 
     </span>
    </p>
   </div>
   <div class='ocr_carea' id='block_1_56' title="bbox 1915 2574 3565 2648">
    <p class='ocr_par' dir='ltr' id='par_1_56' title="bbox 1915 2574 3565 2648">
     <span class='ocr_line' id='line_1_56' title="bbox 1915 2574 3565 2648; baseline 0.001 -17"><span class='ocrx_word' id='word_1_407' title='bbox 1915 2577 2047 2631; x_wconf 85' lang='lat' dir='ltr'>beat</span> <span class='ocrx_word' id='word_1_408' title='bbox 2072 2577 2249 2631; x_wconf 89' lang='lat' dir='ltr'>ubera</span> <span class='ocrx_word' id='word_1_409' title='bbox 2278 2593 2290 2631; x_wconf 90' lang='lat'><strong>:</strong></span> <span class='ocrx_word' id='word_1_410' title='bbox 2325 2577 2421 2631; x_wconf 86' lang='lat' dir='ltr'>sed</span> <span class='ocrx_word' id='word_1_411' title='bbox 2456 2579 2654 2631; x_wconf 87' lang='lat' dir='ltr'>autem</span> <span class='ocrx_word' id='word_1_412' title='bbox 2690 2579 2875 2629; x_wconf 86' lang='lat' dir='ltr'>tecum</span> <span class='ocrx_word' id='word_1_413' title='bbox 2911 2574 3066 2639; x_wconf 90' lang='lat' dir='ltr'>ludo,</span> <span class='ocrx_word' id='word_1_414' title='bbox 3116 2578 3216 2630; x_wconf 89' lang='lat' dir='ltr'>aut</span> <span class='ocrx_word' id='word_1_415' title='bbox 3246 2579 3379 2647; x_wconf 87' lang='lat' dir='ltr'>opto</span> <span class='ocrx_word' id='word_1_416' title='bbox 3410 2578 3565 2648; x_wconf 90' lang='lat' dir='ltr'>quod</span> 
     </span>
    </p>
   </div>
   <div class='ocr_carea' id='block_1_57' title="bbox 1913 2663 3567 2735">
    <p class='ocr_par' dir='ltr' id='par_1_57' title="bbox 1913 2663 3567 2735">
     <span class='ocr_line' id='line_1_57' title="bbox 1913 2663 3567 2735; baseline 0.002 -17"><span class='ocrx_word' id='word_1_417' title='bbox 1913 2665 2143 2732; x_wconf 87' lang='lat' dir='ltr'>vellem,</span> <span class='ocrx_word' id='word_1_418' title='bbox 2177 2666 2225 2721; x_wconf 89' lang='lat' dir='ltr'>si</span> <span class='ocrx_word' id='word_1_419' title='bbox 2258 2665 2339 2719; x_wconf 89' lang='lat' dir='ltr'>ita</span> <span class='ocrx_word' id='word_1_420' title='bbox 2369 2666 2494 2720; x_wconf 87' lang='lat' dir='ltr'>sine</span> <span class='ocrx_word' id='word_1_421' title='bbox 2554 2663 2793 2719; x_wconf 86' lang='lat' dir='ltr'>honoris</span> <span class='ocrx_word' id='word_1_422' title='bbox 2824 2664 3159 2735; x_wconf 65' lang='lat' dir='ltr'>praeiudicio</span> <span class='ocrx_word' id='word_1_423' title='bbox 3204 2664 3327 2720; x_wconf 84' lang='lat' dir='ltr'>ﬁeri</span> <span class='ocrx_word' id='word_1_424' title='bbox 3360 2681 3567 2722; x_wconf 85' lang='lat' dir='ltr'>conce-</span> 
     </span>
    </p>
   </div>
   <div class='ocr_carea' id='block_1_58' title="bbox 1914 2752 3559 2826">
    <p class='ocr_par' dir='ltr' id='par_1_58' title="bbox 1914 2752 3559 2826">
     <span class='ocr_line' id='line_1_58' title="bbox 1914 2752 3559 2826; baseline 0 -17"><span class='ocrx_word' id='word_1_425' title='bbox 1914 2754 2013 2809; x_wconf 91' lang='lat' dir='ltr'>dat</span> <span class='ocrx_word' id='word_1_426' title='bbox 2040 2754 2139 2809; x_wconf 89' lang='lat' dir='ltr'>Dei</span> <span class='ocrx_word' id='word_1_427' title='bbox 2170 2754 2395 2826; x_wconf 88' lang='lat' dir='ltr'>gratia:</span> <span class='ocrx_word' id='word_1_428' title='bbox 2424 2770 2528 2808; x_wconf 90' lang='lat' dir='ltr'>nec</span> <span class='ocrx_word' id='word_1_429' title='bbox 2561 2752 2705 2807; x_wconf 89' lang='lat' dir='ltr'>mihi</span> <span class='ocrx_word' id='word_1_430' title='bbox 2737 2753 2913 2807; x_wconf 90' lang='lat' dir='ltr'>debes</span> <span class='ocrx_word' id='word_1_431' title='bbox 2931 2752 3001 2806; x_wconf 89' lang='lat' dir='ltr'>ad</span> <span class='ocrx_word' id='word_1_432' title='bbox 3034 2752 3237 2807; x_wconf 89' lang='lat' dir='ltr'>vitium</span> <span class='ocrx_word' id='word_1_433' title='bbox 3271 2758 3559 2825; x_wconf 85' lang='lat' dir='ltr'>reputare,</span> 
     </span>
    </p>
   </div>
   <div class='ocr_carea' id='block_1_59' title="bbox 1915 2840 3560 2915">
    <p class='ocr_par' dir='ltr' id='par_1_59' title="bbox 1915 2840 3560 2915">
     <span class='ocr_line' id='line_1_59' title="bbox 1915 2840 3560 2915; baseline 0.001 -18"><span class='ocrx_word' id='word_1_434' title='bbox 1915 2843 2070 2915; x_wconf 91' lang='lat' dir='ltr'>quod</span> <span class='ocrx_word' id='word_1_435' title='bbox 2105 2844 2259 2915; x_wconf 89' lang='lat' dir='ltr'>apud</span> <span class='ocrx_word' id='word_1_436' title='bbox 2293 2845 2634 2915; x_wconf 62' lang='lat' dir='ltr'>praestantes</span> <span class='ocrx_word' id='word_1_437' title='bbox 2667 2840 2839 2907; x_wconf 88' lang='lat' dir='ltr'>viros,</span> <span class='ocrx_word' id='word_1_438' title='bbox 2864 2841 3001 2895; x_wconf 91' lang='lat' dir='ltr'>dum</span> <span class='ocrx_word' id='word_1_439' title='bbox 3036 2856 3127 2896; x_wconf 88' lang='lat' dir='ltr'>res</span> <span class='ocrx_word' id='word_1_440' title='bbox 3159 2840 3240 2896; x_wconf 89' lang='lat' dir='ltr'>ita</span> <span class='ocrx_word' id='word_1_441' title='bbox 3270 2842 3560 2915; x_wconf 90' lang='lat' dir='ltr'>poposcit,</span> 
     </span>
    </p>
   </div>
   <div class='ocr_carea' id='block_1_60' title="bbox 1915 2929 3569 3002">
    <p class='ocr_par' dir='ltr' id='par_1_60' title="bbox 1915 2929 3569 3002">
     <span class='ocr_line' id='line_1_60' title="bbox 1915 2929 3569 3002; baseline 0.001 -15"><span class='ocrx_word' id='word_1_442' title='bbox 1915 2936 2146 2987; x_wconf 86' lang='lat' dir='ltr'>constat</span> <span class='ocrx_word' id='word_1_443' title='bbox 2176 2948 2290 2986; x_wconf 90' lang='lat' dir='ltr'>non</span> <span class='ocrx_word' id='word_1_444' title='bbox 2337 2930 2639 2985; x_wconf 90' lang='lat' dir='ltr'>insolitum</span> <span class='ocrx_word' id='word_1_445' title='bbox 2689 2929 2886 2984; x_wconf 87' lang='lat' dir='ltr'>fuisse.</span> <span class='ocrx_word' id='word_1_446' title='bbox 2951 2930 3216 3001; x_wconf 88' lang='lat' dir='ltr'>Namque</span> <span class='ocrx_word' id='word_1_447' title='bbox 3273 2929 3446 3002; x_wconf 91' lang='lat' dir='ltr'>plena</span> <span class='ocrx_word' id='word_1_448' title='bbox 3475 2936 3569 2988; x_wconf 89' lang='lat' dir='ltr'>est</span> 
     </span>
    </p>
   </div>
   <div class='ocr_carea' id='block_1_61' title="bbox 1918 3018 3576 3091">
    <p class='ocr_par' dir='ltr' id='par_1_61' title="bbox 1918 3018 3576 3091">
     <span class='ocr_line' id='line_1_61' title="bbox 1918 3018 3576 3091; baseline 0.001 -16"><span class='ocrx_word' id='word_1_449' title='bbox 1918 3020 2319 3091; x_wconf 83' lang='lat' dir='ltr'>exemplorum</span> <span class='ocrx_word' id='word_1_450' title='bbox 2346 3023 2627 3087; x_wconf 85' lang='lat' dir='ltr'>vetustas,</span> <span class='ocrx_word' id='word_1_451' title='bbox 2653 3018 2825 3090; x_wconf 90' lang='lat' dir='ltr'>plena</span> <span class='ocrx_word' id='word_1_452' title='bbox 2854 3023 2912 3073; x_wconf 89' lang='lat' dir='ltr'>et</span> <span class='ocrx_word' id='word_1_453' title='bbox 2936 3019 3229 3074; x_wconf 67' lang='lat' dir='ltr'>moderns:</span> <span class='ocrx_word' id='word_1_454' title='bbox 3261 3018 3445 3075; x_wconf 78' lang='lat' dir='ltr'>zetatis</span> <span class='ocrx_word' id='word_1_455' title='bbox 3472 3037 3576 3076; x_wconf 85' lang='lat' dir='ltr'>no-</span> 
     </span>
    </p>
   </div>
   <div class='ocr_carea' id='block_1_62' title="bbox 1919 3106 3570 3180">
    <p class='ocr_par' dir='ltr' id='par_1_62' title="bbox 1919 3106 3570 3180">
     <span class='ocr_line' id='line_1_62' title="bbox 1919 3106 3570 3180; baseline 0.002 -17"><span class='ocrx_word' id='word_1_456' title='bbox 1919 3109 2090 3176; x_wconf 86' lang='lat' dir='ltr'>vitas,</span> <span class='ocrx_word' id='word_1_457' title='bbox 2115 3107 2316 3180; x_wconf 88' lang='lat' dir='ltr'>quanti</span> <span class='ocrx_word' id='word_1_458' title='bbox 2345 3106 2559 3180; x_wconf 85' lang='lat' dir='ltr'>quique</span> <span class='ocrx_word' id='word_1_459' title='bbox 2586 3107 2842 3163; x_wconf 86' lang='lat' dir='ltr'>illustres</span> <span class='ocrx_word' id='word_1_460' title='bbox 2872 3107 2979 3162; x_wconf 90' lang='lat' dir='ltr'>viri</span> <span class='ocrx_word' id='word_1_461' title='bbox 3011 3111 3168 3162; x_wconf 88' lang='lat' dir='ltr'>certa</span> <span class='ocrx_word' id='word_1_462' title='bbox 3198 3107 3420 3164; x_wconf 90' lang='lat' dir='ltr'>ratione</span> <span class='ocrx_word' id='word_1_463' title='bbox 3439 3108 3570 3166; x_wconf 86' lang='lat' dir='ltr'>loca</span> 
     </span>
    </p>
   </div>
   <div class='ocr_carea' id='block_1_63' title="bbox 1922 3195 3572 3269">
    <p class='ocr_par' dir='ltr' id='par_1_63' title="bbox 1922 3195 3572 3269">
     <span class='ocr_line' id='line_1_63' title="bbox 1922 3195 3572 3269; baseline 0.001 -18"><span class='ocrx_word' id='word_1_464' title='bbox 1922 3197 2392 3265; x_wconf 90' lang='lat' dir='ltr'>demutaverint;</span> <span class='ocrx_word' id='word_1_465' title='bbox 2429 3214 2533 3253; x_wconf 92' lang='lat' dir='ltr'>nec</span> <span class='ocrx_word' id='word_1_466' title='bbox 2564 3195 2872 3269; x_wconf 82' lang='lat' dir='ltr'>locaipsa,</span> <span class='ocrx_word' id='word_1_467' title='bbox 2931 3197 3026 3252; x_wconf 89' lang='lat' dir='ltr'>sed</span> <span class='ocrx_word' id='word_1_468' title='bbox 3075 3197 3216 3268; x_wconf 89' lang='lat' dir='ltr'>quid</span> <span class='ocrx_word' id='word_1_469' title='bbox 3267 3197 3410 3251; x_wconf 90' lang='lat' dir='ltr'>inibi</span> <span class='ocrx_word' id='word_1_470' title='bbox 3442 3214 3572 3253; x_wconf 86' lang='lat' dir='ltr'>mo-</span> 
     </span>
    </p>
   </div>
   <div class='ocr_carea' id='block_1_64' title="bbox 151 3271 3563 3355">
    <p class='ocr_par' dir='ltr' id='par_1_64' title="bbox 151 3271 3563 3355">
     <span class='ocr_line' id='line_1_64' title="bbox 151 3271 3563 3355; baseline 0.001 -17"><span class='ocrx_word' id='word_1_471' title='bbox 151 3283 385 3338; x_wconf 74' lang='lat' dir='ltr'>vestitaa</span> <span class='ocrx_word' id='word_1_472' title='bbox 419 3282 655 3354; x_wconf 88' lang='lat' dir='ltr'>plumis,</span> <span class='ocrx_word' id='word_1_473' title='bbox 688 3284 969 3339; x_wconf 89' lang='lat' dir='ltr'>habentes</span> <span class='ocrx_word' id='word_1_474' title='bbox 998 3284 1173 3340; x_wconf 89' lang='lat' dir='ltr'>etiam</span> <span class='ocrx_word' id='word_1_475' title='bbox 1205 3284 1481 3339; x_wconf 91' lang='lat' dir='ltr'>virtutum</span> <span class='ocrx_word' id='word_1_476' title='bbox 1508 3302 1729 3355; x_wconf 90' lang='lat' dir='ltr'>pennas</span> <span class='ocrx_word' id='word_1_477' title='bbox 1760 3287 1815 3337; x_wconf 91' lang='lat' dir='ltr'>et</span> <span class='ocrx_word' id='word_1_478' title='bbox 1844 3271 1886 3337; x_wconf 86' lang='lat' dir='ltr'>C</span> <span class='ocrx_word' id='word_1_479' title='bbox 1924 3286 2089 3341; x_wconf 88' lang='lat' dir='ltr'>ribus</span> <span class='ocrx_word' id='word_1_480' title='bbox 2120 3302 2321 3341; x_wconf 91' lang='lat' dir='ltr'>eorum</span> <span class='ocrx_word' id='word_1_481' title='bbox 2353 3287 2574 3350; x_wconf 89' lang='lat' dir='ltr'>oberat,</span> <span class='ocrx_word' id='word_1_482' title='bbox 2608 3285 2951 3352; x_wconf 86' lang='lat' dir='ltr'>devitarint;</span> <span class='ocrx_word' id='word_1_483' title='bbox 2987 3293 3083 3339; x_wconf 90' lang='lat' dir='ltr'>aut</span> <span class='ocrx_word' id='word_1_484' title='bbox 3116 3289 3287 3352; x_wconf 89' lang='lat' dir='ltr'>certe,</span> <span class='ocrx_word' id='word_1_485' title='bbox 3325 3288 3388 3338; x_wconf 90' lang='lat' dir='ltr'>ut</span> <span class='ocrx_word' id='word_1_486' title='bbox 3418 3285 3563 3340; x_wconf 91' lang='lat' dir='ltr'>mul-</span> 
     </span>
    </p>
   </div>
   <div class='ocr_carea' id='block_1_65' title="bbox 158 3370 1812 3444">
    <p class='ocr_par' dir='ltr' id='par_1_65' title="bbox 158 3370 1812 3444">
     <span class='ocr_line' id='line_1_65' title="bbox 158 3370 1812 3444; baseline -0.001 -17"><span class='ocrx_word' id='word_1_487' title='bbox 158 3370 431 3442; x_wconf 87' lang='lat' dir='ltr'>duplices</span> <span class='ocrx_word' id='word_1_488' title='bbox 465 3372 766 3427; x_wconf 90' lang='lat' dir='ltr'>charitatis</span> <span class='ocrx_word' id='word_1_489' title='bbox 798 3371 942 3439; x_wconf 90' lang='lat' dir='ltr'>alas,</span> <span class='ocrx_word' id='word_1_490' title='bbox 977 3373 1143 3444; x_wconf 87' lang='lat' dir='ltr'>quasi</span> <span class='ocrx_word' id='word_1_491' title='bbox 1196 3372 1479 3428; x_wconf 66' lang='lat' dir='ltr'>columbae</span> <span class='ocrx_word' id='word_1_492' title='bbox 1509 3372 1706 3427; x_wconf 89' lang='lat' dir='ltr'>volant</span> <span class='ocrx_word' id='word_1_493' title='bbox 1742 3372 1812 3427; x_wconf 88' lang='lat' dir='ltr'>ad</span> 
     </span>
    </p>
   </div>
   <div class='ocr_carea' id='block_1_66' title="bbox 160 3460 1814 3532">
    <p class='ocr_par' dir='ltr' id='par_1_66' title="bbox 160 3460 1814 3532">
     <span class='ocr_line' id='line_1_66' title="bbox 160 3460 1814 3532; baseline -0.001 -18"><span class='ocrx_word' id='word_1_494' title='bbox 160 3461 455 3515; x_wconf 87' lang='lat' dir='ltr'>fenestras</span> <span class='ocrx_word' id='word_1_495' title='bbox 487 3477 644 3515; x_wconf 88' lang='lat' dir='ltr'>suas.</span> <span class='ocrx_word' id='word_1_496' title='bbox 682 3461 766 3515; x_wconf 86' lang='lat' dir='ltr'>Ibi</span> <span class='ocrx_word' id='word_1_497' title='bbox 819 3460 994 3515; x_wconf 90' lang='lat' dir='ltr'>etiam</span> <span class='ocrx_word' id='word_1_498' title='bbox 1054 3466 1195 3515; x_wconf 91' lang='lat' dir='ltr'>sunt</span> <span class='ocrx_word' id='word_1_499' title='bbox 1253 3460 1431 3516; x_wconf 65' lang='lat' dir='ltr'>stellae</span> <span class='ocrx_word' id='word_1_500' title='bbox 1465 3460 1607 3527; x_wconf 71' lang='lat' dir='ltr'>creli,</span> <span class='ocrx_word' id='word_1_501' title='bbox 1668 3477 1814 3532; x_wconf 87' lang='lat' dir='ltr'>quas</span> 
     </span>
    </p>
   </div>
   <div class='ocr_carea' id='block_1_67' title="bbox 160 3548 1815 3621">
    <p class='ocr_par' dir='ltr' id='par_1_67' title="bbox 160 3548 1815 3621">
     <span class='ocr_line' id='line_1_67' title="bbox 160 3548 1815 3621; baseline 0 -18"><span class='ocrx_word' id='word_1_502' title='bbox 160 3548 463 3604; x_wconf 83' lang='lat' dir='ltr'>Abraham</span> <span class='ocrx_word' id='word_1_503' title='bbox 495 3549 550 3603; x_wconf 91' lang='lat' dir='ltr'>in</span> <span class='ocrx_word' id='word_1_504' title='bbox 584 3550 972 3620; x_wconf 89' lang='lat' dir='ltr'>promissione</span> <span class='ocrx_word' id='word_1_505' title='bbox 1003 3549 1226 3621; x_wconf 89' lang='lat' dir='ltr'>accepit</span> <span class='ocrx_word' id='word_1_506' title='bbox 1259 3567 1271 3604; x_wconf 96' lang='lat'>:</span> <span class='ocrx_word' id='word_1_507' title='bbox 1305 3549 1693 3619; x_wconf 80' lang='lat' dir='ltr'>Multiplz&#39;caho,</span> <span class='ocrx_word' id='word_1_508' title='bbox 1727 3549 1815 3603; x_wconf 87' lang='lat' dir='ltr'>in-</span> 
     </span>
    </p>
   </div>
   <div class='ocr_carea' id='block_1_68' title="bbox 163 3636 1817 3708">
    <p class='ocr_par' dir='ltr' id='par_1_68' title="bbox 163 3636 1817 3708">
     <span class='ocr_line' id='line_1_68' title="bbox 163 3636 1817 3708; baseline 0.001 -18"><span class='ocrx_word' id='word_1_509' title='bbox 163 3636 320 3708; x_wconf 88' lang='lat' dir='ltr'>quit,</span> <span class='ocrx_word' id='word_1_510' title='bbox 349 3654 532 3692; x_wconf 75' lang='lat' dir='ltr'>scmcn</span> <span class='ocrx_word' id='word_1_511' title='bbox 565 3646 715 3692; x_wconf 84' lang='lat' dir='ltr'>tuum</span> <span class='ocrx_word' id='word_1_512' title='bbox 746 3641 884 3693; x_wconf 80' lang='lat' dir='ltr'>sicut</span> <span class='ocrx_word' id='word_1_513' title='bbox 911 3639 1095 3693; x_wconf 83' lang='lat' dir='ltr'>stellas</span> <span class='ocrx_word' id='word_1_514' title='bbox 1137 3639 1282 3708; x_wconf 63' lang='lat' dir='ltr'>cadi,</span> <span class='ocrx_word' id='word_1_515' title='bbox 1315 3646 1365 3693; x_wconf 82' lang='lat' dir='ltr'>et</span> <span class='ocrx_word' id='word_1_516' title='bbox 1394 3639 1539 3693; x_wconf 78' lang='lat' dir='ltr'>velut</span> <span class='ocrx_word' id='word_1_517' title='bbox 1593 3654 1817 3692; x_wconf 69' lang='lat' dir='ltr'>arenam</span> 
     </span>
    </p>
   </div>
   <div class='ocr_carea' id='block_1_69' title="bbox 162 3726 1816 3799">
    <p class='ocr_par' dir='ltr' id='par_1_69' title="bbox 162 3726 1816 3799">
     <span class='ocr_line' id='line_1_69' title="bbox 162 3726 1816 3799; baseline 0.001 -19"><span class='ocrx_word' id='word_1_518' title='bbox 162 3727 364 3780; x_wconf 81' lang='lat' dir='ltr'>maris.</span> <span class='ocrx_word' id='word_1_519' title='bbox 398 3726 493 3781; x_wconf 71' lang='lat' dir='ltr'>Ha)</span> <span class='ocrx_word' id='word_1_520' title='bbox 545 3726 723 3781; x_wconf 68' lang='lat' dir='ltr'>stellae</span> <span class='ocrx_word' id='word_1_521' title='bbox 773 3727 1022 3799; x_wconf 88' lang='lat' dir='ltr'>puritate</span> <span class='ocrx_word' id='word_1_522' title='bbox 1056 3727 1180 3781; x_wconf 67' lang='lat' dir='ltr'>vita:</span> <span class='ocrx_word' id='word_1_523' title='bbox 1212 3726 1592 3782; x_wconf 73' lang='lat' dir='ltr'>lucidissima:</span> <span class='ocrx_word' id='word_1_524' title='bbox 1624 3726 1816 3798; x_wconf 90' lang='lat' dir='ltr'>splen-</span> 
     </span>
    </p>
   </div>
   <div class='ocr_carea' id='block_1_70' title="bbox 159 3814 1819 3883">
    <p class='ocr_par' dir='ltr' id='par_1_70' title="bbox 159 3814 1819 3883">
     <span class='ocr_line' id='line_1_70' title="bbox 159 3814 1819 3883; baseline 0 -12"><span class='ocrx_word' id='word_1_525' title='bbox 159 3816 312 3871; x_wconf 88' lang='lat' dir='ltr'>dent</span> <span class='ocrx_word' id='word_1_526' title='bbox 342 3814 403 3871; x_wconf 90' lang='lat' dir='ltr'>in</span> <span class='ocrx_word' id='word_1_527' title='bbox 435 3815 598 3883; x_wconf 81' lang='lat' dir='ltr'>cmlo,</span> <span class='ocrx_word' id='word_1_528' title='bbox 624 3816 775 3872; x_wconf 88' lang='lat' dir='ltr'>sicut</span> <span class='ocrx_word' id='word_1_529' title='bbox 794 3815 1064 3872; x_wconf 66' lang='lat' dir='ltr'>Ecclesiae</span> <span class='ocrx_word' id='word_1_530' title='bbox 1084 3816 1274 3872; x_wconf 90' lang='lat' dir='ltr'>verbis</span> <span class='ocrx_word' id='word_1_531' title='bbox 1306 3816 1819 3882; x_wconf 83' lang='lat' dir='ltr'>radiantes,exem-</span> 
     </span>
    </p>
   </div>
   <div class='ocr_carea' id='block_1_71' title="bbox 158 3904 642 3977">
    <p class='ocr_par' dir='ltr' id='par_1_71' title="bbox 158 3904 642 3977">
     <span class='ocr_line' id='line_1_71' title="bbox 158 3904 642 3977; baseline 0 -18"><span class='ocrx_word' id='word_1_532' title='bbox 158 3904 284 3977; x_wconf 89' lang='lat' dir='ltr'>plis</span> <span class='ocrx_word' id='word_1_533' title='bbox 316 3904 642 3960; x_wconf 89' lang='lat' dir='ltr'>rutilantes.</span> 
     </span>
    </p>
   </div>
   <div class='ocr_carea' id='block_1_72' title="bbox 241 3992 1815 4065">
    <p class='ocr_par' dir='ltr' id='par_1_72' title="bbox 241 3992 1815 4065">
     <span class='ocr_line' id='line_1_72' title="bbox 241 3992 1815 4065; baseline -0.001 -18"><span class='ocrx_word' id='word_1_534' title='bbox 241 3992 353 4047; x_wconf 81' lang='lat' dir='ltr'>XV.</span> <span class='ocrx_word' id='word_1_535' title='bbox 386 3994 495 4048; x_wconf 90' lang='lat' dir='ltr'>Sed</span> <span class='ocrx_word' id='word_1_536' title='bbox 531 3993 670 4064; x_wconf 90' lang='lat' dir='ltr'>quid</span> <span class='ocrx_word' id='word_1_537' title='bbox 732 3994 900 4049; x_wconf 91' lang='lat' dir='ltr'>nobis</span> <span class='ocrx_word' id='word_1_538' title='bbox 932 3996 1005 4049; x_wconf 90' lang='lat' dir='ltr'>ad</span> <span class='ocrx_word' id='word_1_539' title='bbox 1061 3994 1326 4049; x_wconf 84' lang='lat' dir='ltr'>volucres</span> <span class='ocrx_word' id='word_1_540' title='bbox 1371 3994 1398 4048; x_wconf 89' lang='lat'><strong>?</strong></span> <span class='ocrx_word' id='word_1_541' title='bbox 1454 3992 1555 4065; x_wconf 89' lang='lat' dir='ltr'>qui</span> <span class='ocrx_word' id='word_1_542' title='bbox 1608 4009 1713 4046; x_wconf 90' lang='lat' dir='ltr'>nos</span> <span class='ocrx_word' id='word_1_543' title='bbox 1746 3992 1815 4046; x_wconf 88' lang='lat' dir='ltr'>ad</span> 
     </span>
    </p>
   </div>
   <div class='ocr_carea' id='block_1_73' title="bbox 155 4081 1815 4154">
    <p class='ocr_par' dir='ltr' id='par_1_73' title="bbox 155 4081 1815 4154">
     <span class='ocr_line' id='line_1_73' title="bbox 155 4081 1815 4154; baseline -0.003 -15"><span class='ocrx_word' id='word_1_544' title='bbox 155 4081 371 4139; x_wconf 83' lang='lat' dir='ltr'>stellas</span> <span class='ocrx_word' id='word_1_545' title='bbox 401 4082 525 4137; x_wconf 77' lang='lat' dir='ltr'>coeli</span> <span class='ocrx_word' id='word_1_546' title='bbox 546 4083 574 4137; x_wconf 85' lang='lat'><strong>?</strong></span> <span class='ocrx_word' id='word_1_547' title='bbox 602 4082 718 4138; x_wconf 87' lang='lat' dir='ltr'>Nos</span> <span class='ocrx_word' id='word_1_548' title='bbox 746 4083 902 4138; x_wconf 91' lang='lat' dir='ltr'>enim</span> <span class='ocrx_word' id='word_1_549' title='bbox 926 4100 1133 4139; x_wconf 92' lang='lat' dir='ltr'>sumus</span> <span class='ocrx_word' id='word_1_550' title='bbox 1167 4082 1363 4137; x_wconf 90' lang='lat' dir='ltr'>miseri</span> <span class='ocrx_word' id='word_1_551' title='bbox 1397 4081 1582 4154; x_wconf 88' lang='lat' dir='ltr'>pisces</span> <span class='ocrx_word' id='word_1_552' title='bbox 1613 4081 1815 4148; x_wconf 90' lang='lat' dir='ltr'>maris,</span> 
     </span>
    </p>
   </div>
   <div class='ocr_carea' id='block_1_74' title="bbox 157 4170 1819 4240">
    <p class='ocr_par' dir='ltr' id='par_1_74' title="bbox 157 4170 1819 4240">
     <span class='ocr_line' id='line_1_74' title="bbox 157 4170 1819 4240; baseline -0.002 -13"><span class='ocrx_word' id='word_1_553' title='bbox 157 4187 288 4227; x_wconf 89' lang='lat' dir='ltr'>non</span> <span class='ocrx_word' id='word_1_554' title='bbox 320 4187 529 4226; x_wconf 90' lang='lat' dir='ltr'>sumus</span> <span class='ocrx_word' id='word_1_555' title='bbox 575 4187 753 4226; x_wconf 90' lang='lat' dir='ltr'>arena</span> <span class='ocrx_word' id='word_1_556' title='bbox 799 4172 1001 4240; x_wconf 89' lang='lat' dir='ltr'>maris,</span> <span class='ocrx_word' id='word_1_557' title='bbox 1054 4188 1158 4227; x_wconf 88' lang='lat' dir='ltr'>nos</span> <span class='ocrx_word' id='word_1_558' title='bbox 1201 4171 1476 4226; x_wconf 85' lang='lat' dir='ltr'>fluctibus</span> <span class='ocrx_word' id='word_1_559' title='bbox 1527 4170 1719 4225; x_wconf 69' lang='lat' dir='ltr'>smculi</span> <span class='ocrx_word' id='word_1_560' title='bbox 1754 4177 1819 4223; x_wconf 87' lang='lat' dir='ltr'>ut</span> 
     </span>
    </p>
   </div>
   <div class='ocr_carea' id='block_1_75' title="bbox 156 4258 1823 4329">
    <p class='ocr_par' dir='ltr' id='par_1_75' title="bbox 156 4258 1823 4329">
     <span class='ocr_line' id='line_1_75' title="bbox 156 4258 1823 4329; baseline -0.002 -13"><span class='ocrx_word' id='word_1_561' title='bbox 156 4276 344 4316; x_wconf 82' lang='lat' dir='ltr'>arena</span> <span class='ocrx_word' id='word_1_562' title='bbox 376 4261 795 4315; x_wconf 89' lang='lat' dir='ltr'>contundimur</span> <span class='ocrx_word' id='word_1_563' title='bbox 818 4279 831 4329; x_wconf 87' lang='lat'><strong>;</strong></span> <span class='ocrx_word' id='word_1_564' title='bbox 858 4278 965 4315; x_wconf 91' lang='lat' dir='ltr'>nos</span> <span class='ocrx_word' id='word_1_565' title='bbox 996 4260 1230 4315; x_wconf 67' lang='lat' dir='ltr'>aestibus</span> <span class='ocrx_word' id='word_1_566' title='bbox 1254 4260 1561 4314; x_wconf 69' lang='lat' dir='ltr'>mundana:</span> <span class='ocrx_word' id='word_1_567' title='bbox 1594 4258 1823 4313; x_wconf 87' lang='lat' dir='ltr'>incerti-</span> 
     </span>
    </p>
   </div>
   <div class='ocr_carea' id='block_1_76' title="bbox 162 4347 1818 4421">
    <p class='ocr_par' dir='ltr' id='par_1_76' title="bbox 162 4347 1818 4421">
     <span class='ocr_line' id='line_1_76' title="bbox 162 4347 1818 4421; baseline 0.001 -18"><span class='ocrx_word' id='word_1_568' title='bbox 162 4347 428 4415; x_wconf 87' lang='lat' dir='ltr'>tudinis,</span> <span class='ocrx_word' id='word_1_569' title='bbox 455 4353 519 4403; x_wconf 88' lang='lat' dir='ltr'>ut</span> <span class='ocrx_word' id='word_1_570' title='bbox 550 4348 678 4421; x_wconf 84' lang='lat' dir='ltr'>vagi</span> <span class='ocrx_word' id='word_1_571' title='bbox 710 4350 898 4421; x_wconf 89' lang='lat' dir='ltr'>pisces</span> <span class='ocrx_word' id='word_1_572' title='bbox 931 4348 1414 4405; x_wconf 88' lang='lat' dir='ltr'>circumferimur.</span> <span class='ocrx_word' id='word_1_573' title='bbox 1443 4349 1511 4403; x_wconf 89' lang='lat' dir='ltr'>Et</span> <span class='ocrx_word' id='word_1_574' title='bbox 1569 4365 1694 4420; x_wconf 76' lang='lat' dir='ltr'>qua:</span> <span class='ocrx_word' id='word_1_575' title='bbox 1727 4353 1818 4404; x_wconf 91' lang='lat' dir='ltr'>est</span> 
     </span>
    </p>
   </div>
   <div class='ocr_carea' id='block_1_77' title="bbox 158 4436 1813 4509">
    <p class='ocr_par' dir='ltr' id='par_1_77' title="bbox 158 4436 1813 4509">
     <span class='ocr_line' id='line_1_77' title="bbox 158 4436 1813 4509; baseline -0.001 -16"><span class='ocrx_word' id='word_1_576' title='bbox 158 4436 359 4493; x_wconf 87' lang='lat' dir='ltr'>nostri</span> <span class='ocrx_word' id='word_1_577' title='bbox 390 4437 463 4493; x_wconf 88' lang='lat' dir='ltr'>ad</span> <span class='ocrx_word' id='word_1_578' title='bbox 495 4437 621 4509; x_wconf 89' lang='lat' dir='ltr'>pias</span> <span class='ocrx_word' id='word_1_579' title='bbox 650 4437 913 4493; x_wconf 87' lang='lat' dir='ltr'>volucres</span> <span class='ocrx_word' id='word_1_580' title='bbox 969 4438 1093 4493; x_wconf 80' lang='grc' dir='ltr'>οωιὶ</span> <span class='ocrx_word' id='word_1_581' title='bbox 1129 4438 1488 4509; x_wconf 90' lang='lat' dir='ltr'>comparatio</span> <span class='ocrx_word' id='word_1_582' title='bbox 1516 4437 1544 4491; x_wconf 86' lang='lat'><strong>?</strong></span> <span class='ocrx_word' id='word_1_583' title='bbox 1574 4454 1700 4509; x_wconf 68' lang='lat' dir='ltr'>qua:</span> <span class='ocrx_word' id='word_1_584' title='bbox 1742 4438 1813 4492; x_wconf 91' lang='lat' dir='ltr'>ad</span> 
     </span>
    </p>
   </div>
   <div class='ocr_carea' id='block_1_78' title="bbox 156 4524 1812 4597">
    <p class='ocr_par' dir='ltr' id='par_1_78' title="bbox 156 4524 1812 4597">
     <span class='ocr_line' id='line_1_78' title="bbox 156 4524 1812 4597; baseline -0.001 -16"><span class='ocrx_word' id='word_1_585' title='bbox 156 4524 403 4581; x_wconf 87' lang='lat' dir='ltr'>lucidas</span> <span class='ocrx_word' id='word_1_586' title='bbox 433 4525 632 4581; x_wconf 86' lang='lat' dir='ltr'>stellas</span> <span class='ocrx_word' id='word_1_587' title='bbox 658 4524 887 4581; x_wconf 87' lang='lat' dir='ltr'>collatio</span> <span class='ocrx_word' id='word_1_588' title='bbox 914 4526 943 4581; x_wconf 82' lang='lat'><strong>?</strong></span> <span class='ocrx_word' id='word_1_589' title='bbox 994 4530 1146 4581; x_wconf 91' lang='lat' dir='ltr'>certe</span> <span class='ocrx_word' id='word_1_590' title='bbox 1176 4542 1243 4581; x_wconf 92' lang='lat' dir='ltr'>ea</span> <span class='ocrx_word' id='word_1_591' title='bbox 1274 4542 1401 4597; x_wconf 71' lang='lat' dir='ltr'>qua:</span> <span class='ocrx_word' id='word_1_592' title='bbox 1425 4529 1514 4580; x_wconf 89' lang='lat' dir='ltr'>est</span> <span class='ocrx_word' id='word_1_593' title='bbox 1540 4524 1707 4580; x_wconf 92' lang='lat' dir='ltr'>nihili</span> <span class='ocrx_word' id='word_1_594' title='bbox 1740 4526 1812 4580; x_wconf 90' lang='lat' dir='ltr'>ad</span> 
     </span>
    </p>
   </div>
   <div class='ocr_carea' id='block_1_79' title="bbox 154 4613 1817 4688">
    <p class='ocr_par' dir='ltr' id='par_1_79' title="bbox 154 4613 1817 4688">
     <span class='ocr_line' id='line_1_79' title="bbox 154 4613 1817 4688; baseline -0.002 -15"><span class='ocrx_word' id='word_1_595' title='bbox 154 4613 419 4686; x_wconf 84' lang='lat' dir='ltr'>aliquid,</span> <span class='ocrx_word' id='word_1_596' title='bbox 450 4614 499 4671; x_wconf 87' lang='lat' dir='ltr'>si</span> <span class='ocrx_word' id='word_1_597' title='bbox 532 4618 730 4671; x_wconf 91' lang='lat' dir='ltr'>tamen</span> <span class='ocrx_word' id='word_1_598' title='bbox 761 4614 907 4671; x_wconf 91' lang='lat' dir='ltr'>ratio</span> <span class='ocrx_word' id='word_1_599' title='bbox 937 4616 1210 4688; x_wconf 90' lang='lat' dir='ltr'>patiatur,</span> <span class='ocrx_word' id='word_1_600' title='bbox 1234 4619 1300 4670; x_wconf 92' lang='lat' dir='ltr'>ut</span> <span class='ocrx_word' id='word_1_601' title='bbox 1320 4614 1427 4670; x_wconf 89' lang='lat' dir='ltr'>hoc</span> <span class='ocrx_word' id='word_1_602' title='bbox 1458 4615 1817 4686; x_wconf 86' lang='lat' dir='ltr'>comparatio</span> 
     </span>
    </p>
   </div>
   <div class='ocr_carea' id='block_1_80' title="bbox 153 4701 1819 4775">
    <p class='ocr_par' dir='ltr' id='par_1_80' title="bbox 153 4701 1819 4775">
     <span class='ocr_line' id='line_1_80' title="bbox 153 4701 1819 4775; baseline -0.001 -15"><span class='ocrx_word' id='word_1_603' title='bbox 153 4703 288 4760; x_wconf 85' lang='lat' dir='ltr'>dici</span> <span class='ocrx_word' id='word_1_604' title='bbox 318 4704 523 4775; x_wconf 89' lang='lat' dir='ltr'>possit.</span> <span class='ocrx_word' id='word_1_605' title='bbox 556 4705 601 4760; x_wconf 89' lang='grc' dir='ltr'>Ο</span> <span class='ocrx_word' id='word_1_606' title='bbox 632 4704 859 4761; x_wconf 89' lang='lat' dir='ltr'>utinam</span> <span class='ocrx_word' id='word_1_607' title='bbox 917 4703 976 4759; x_wconf 92' lang='lat' dir='ltr'>in</span> <span class='ocrx_word' id='word_1_608' title='bbox 1035 4704 1233 4775; x_wconf 90' lang='lat' dir='ltr'>aliqua</span> <span class='ocrx_word' id='word_1_609' title='bbox 1282 4701 1572 4775; x_wconf 90' lang='lat' dir='ltr'>spirituali</span> <span class='ocrx_word' id='word_1_610' title='bbox 1604 4703 1819 4759; x_wconf 88' lang='lat' dir='ltr'>lacuna</span> 
     </span>
    </p>
   </div>
   <div class='ocr_carea' id='block_1_81' title="bbox 152 4790 1820 4868">
    <p class='ocr_par' dir='ltr' id='par_1_81' title="bbox 152 4790 1820 4868">
     <span class='ocr_line' id='line_1_81' title="bbox 152 4790 1820 4868; baseline -0.001 -20"><span class='ocrx_word' id='word_1_611' title='bbox 152 4790 375 4868; x_wconf 85' lang='lat' dir='ltr'>procul</span> <span class='ocrx_word' id='word_1_612' title='bbox 397 4794 893 4866; x_wconf 88' lang='lat' dir='ltr'>atempestatibus</span> <span class='ocrx_word' id='word_1_613' title='bbox 915 4792 1424 4865; x_wconf 85' lang='lat' dir='ltr'>conquiescamus!</span> <span class='ocrx_word' id='word_1_614' title='bbox 1448 4791 1676 4847; x_wconf 87' lang='lat' dir='ltr'>utinam</span> <span class='ocrx_word' id='word_1_615' title='bbox 1709 4793 1820 4847; x_wconf 91' lang='lat' dir='ltr'>sub</span> 
     </span>
    </p>
   </div>
   <div class='ocr_carea' id='block_1_82' title="bbox 154 4880 1816 4955">
    <p class='ocr_par' dir='ltr' id='par_1_82' title="bbox 154 4880 1816 4955">
     <span class='ocr_line' id='line_1_82' title="bbox 154 4880 1816 4955; baseline -0.002 -14"><span class='ocrx_word' id='word_1_616' title='bbox 154 4880 373 4954; x_wconf 81' lang='lat' dir='ltr'>aliquo</span> <span class='ocrx_word' id='word_1_617' title='bbox 393 4881 533 4938; x_wconf 67' lang='lat' dir='ltr'>vive</span> <span class='ocrx_word' id='word_1_618' title='bbox 547 4883 712 4955; x_wconf 89' lang='lat' dir='ltr'>rupis</span> <span class='ocrx_word' id='word_1_619' title='bbox 725 4883 1065 4939; x_wconf 88' lang='lat' dir='ltr'>abscondito</span> <span class='ocrx_word' id='word_1_620' title='bbox 1087 4881 1523 4949; x_wconf 89' lang='lat' dir='ltr'>delitescamus,</span> <span class='ocrx_word' id='word_1_621' title='bbox 1544 4881 1643 4937; x_wconf 93' lang='lat' dir='ltr'>ubi</span> <span class='ocrx_word' id='word_1_622' title='bbox 1660 4883 1816 4938; x_wconf 89' lang='lat' dir='ltr'>venti</span> 
     </span>
    </p>
   </div>
   <div class='ocr_carea' id='block_1_83' title="bbox 152 4970 1813 5040">
    <p class='ocr_par' dir='ltr' id='par_1_83' title="bbox 152 4970 1813 5040">
     <span class='ocr_line' id='line_1_83' title="bbox 152 4970 1813 5040; baseline -0.001 -10"><span class='ocrx_word' id='word_1_623' title='bbox 152 4973 419 5030; x_wconf 79' lang='lat' dir='ltr'>fortunae</span> <span class='ocrx_word' id='word_1_624' title='bbox 440 4971 590 5028; x_wconf 90' lang='lat' dir='ltr'>vires</span> <span class='ocrx_word' id='word_1_625' title='bbox 613 4989 751 5029; x_wconf 88' lang='lat' dir='ltr'>suas</span> <span class='ocrx_word' id='word_1_626' title='bbox 772 4988 1056 5040; x_wconf 85' lang='lat' dir='ltr'>exserere,</span> <span class='ocrx_word' id='word_1_627' title='bbox 1080 4975 1137 5027; x_wconf 90' lang='lat' dir='ltr'>et</span> <span class='ocrx_word' id='word_1_628' title='bbox 1158 4987 1265 5027; x_wconf 88' lang='lat' dir='ltr'>nos</span> <span class='ocrx_word' id='word_1_629' title='bbox 1289 4970 1614 5027; x_wconf 91' lang='lat' dir='ltr'>ludibrium</span> <span class='ocrx_word' id='word_1_630' title='bbox 1638 4988 1813 5029; x_wconf 89' lang='lat' dir='ltr'>suum</span> 
     </span>
    </p>
   </div>
   <div class='ocr_carea' id='block_1_84' title="bbox 156 5058 1819 5133">
    <p class='ocr_par' dir='ltr' id='par_1_84' title="bbox 156 5058 1819 5133">
     <span class='ocr_line' id='line_1_84' title="bbox 156 5058 1819 5133; baseline -0.001 -15"><span class='ocrx_word' id='word_1_631' title='bbox 156 5064 467 5133; x_wconf 86' lang='lat' dir='ltr'>nequeant</span> <span class='ocrx_word' id='word_1_632' title='bbox 524 5061 745 5117; x_wconf 83' lang='lat' dir='ltr'>facere!</span> <span class='ocrx_word' id='word_1_633' title='bbox 780 5065 941 5117; x_wconf 87' lang='lat' dir='ltr'>Hanc</span> <span class='ocrx_word' id='word_1_634' title='bbox 998 5077 1133 5133; x_wconf 90' lang='lat' dir='ltr'>ergo</span> <span class='ocrx_word' id='word_1_635' title='bbox 1183 5059 1399 5131; x_wconf 90' lang='lat' dir='ltr'>quietis</span> <span class='ocrx_word' id='word_1_636' title='bbox 1429 5058 1704 5116; x_wconf 89' lang='lat' dir='ltr'>lacunam</span> <span class='ocrx_word' id='word_1_637' title='bbox 1762 5065 1819 5116; x_wconf 90' lang='lat' dir='ltr'>et</span> 
     </span>
    </p>
   </div>
   <div class='ocr_carea' id='block_1_85' title="bbox 152 5148 1819 5223">
    <p class='ocr_par' dir='ltr' id='par_1_85' title="bbox 152 5148 1819 5223">
     <span class='ocr_line' id='line_1_85' title="bbox 152 5148 1819 5223; baseline -0.002 -15"><span class='ocrx_word' id='word_1_638' title='bbox 152 5151 309 5208; x_wconf 68' lang='lat' dir='ltr'>vivas</span> <span class='ocrx_word' id='word_1_639' title='bbox 340 5150 503 5223; x_wconf 90' lang='lat' dir='ltr'>rupis</span> <span class='ocrx_word' id='word_1_640' title='bbox 533 5149 871 5218; x_wconf 89' lang='lat' dir='ltr'>latibulum,</span> <span class='ocrx_word' id='word_1_641' title='bbox 902 5155 1162 5207; x_wconf 90' lang='lat' dir='ltr'>nostram</span> <span class='ocrx_word' id='word_1_642' title='bbox 1224 5148 1369 5204; x_wconf 92' lang='lat' dir='ltr'>mihi</span> <span class='ocrx_word' id='word_1_643' title='bbox 1422 5148 1696 5219; x_wconf 83' lang='lat' dir='ltr'>eligerem</span> <span class='ocrx_word' id='word_1_644' title='bbox 1762 5155 1819 5206; x_wconf 90' lang='lat' dir='ltr'>et</span> 
     </span>
    </p>
   </div>
   <div class='ocr_carea' id='block_1_86' title="bbox 154 5237 1819 5312">
    <p class='ocr_par' dir='ltr' id='par_1_86' title="bbox 154 5237 1819 5312">
     <span class='ocr_line' id='line_1_86' title="bbox 154 5237 1819 5312; baseline -0.002 -15"><span class='ocrx_word' id='word_1_645' title='bbox 154 5242 437 5312; x_wconf 87' lang='lat' dir='ltr'>optarem</span> <span class='ocrx_word' id='word_1_646' title='bbox 467 5238 724 5311; x_wconf 87' lang='lat' dir='ltr'>Legiam,</span> <span class='ocrx_word' id='word_1_647' title='bbox 758 5240 872 5295; x_wconf 91' lang='lat' dir='ltr'>nisi</span> <span class='ocrx_word' id='word_1_648' title='bbox 901 5244 963 5295; x_wconf 94' lang='lat' dir='ltr'>tu</span> <span class='ocrx_word' id='word_1_649' title='bbox 990 5244 1109 5295; x_wconf 89' lang='lat' dir='ltr'>tam</span> <span class='ocrx_word' id='word_1_650' title='bbox 1138 5253 1343 5310; x_wconf 90' lang='lat' dir='ltr'>aspero</span> <span class='ocrx_word' id='word_1_651' title='bbox 1365 5237 1551 5293; x_wconf 87' lang='lat' dir='ltr'>Flacci</span> <span class='ocrx_word' id='word_1_652' title='bbox 1580 5238 1664 5293; x_wconf 91' lang='lat' dir='ltr'>tui</span> <span class='ocrx_word' id='word_1_653' title='bbox 1696 5239 1819 5295; x_wconf 88' lang='lat' dir='ltr'>sale</span> 
     </span>
    </p>
   </div>
   <div class='ocr_carea' id='block_1_87' title="bbox 155 5326 1819 5400">
    <p class='ocr_par' dir='ltr' id='par_1_87' title="bbox 155 5326 1819 5400">
     <span class='ocr_line' id='line_1_87' title="bbox 155 5326 1819 5400; baseline -0.001 -15"><span class='ocrx_word' id='word_1_654' title='bbox 155 5326 487 5385; x_wconf 84' lang='lat' dir='ltr'>defricares</span> <span class='ocrx_word' id='word_1_655' title='bbox 507 5326 803 5383; x_wconf 89' lang='lat' dir='ltr'>levitatem</span> <span class='ocrx_word' id='word_1_656' title='bbox 824 5344 1037 5385; x_wconf 89' lang='lat' dir='ltr'>meam.</span> <span class='ocrx_word' id='word_1_657' title='bbox 1067 5326 1377 5400; x_wconf 88' lang='lat' dir='ltr'>Eligerem,</span> <span class='ocrx_word' id='word_1_658' title='bbox 1401 5326 1663 5398; x_wconf 89' lang='lat' dir='ltr'>inquam,</span> <span class='ocrx_word' id='word_1_659' title='bbox 1701 5335 1819 5383; x_wconf 91' lang='lat' dir='ltr'>stu-</span> 
     </span>
    </p>
   </div>
   <div class='ocr_carea' id='block_1_88' title="bbox 154 5415 1817 5490">
    <p class='ocr_par' dir='ltr' id='par_1_88' title="bbox 154 5415 1817 5490">
     <span class='ocr_line' id='line_1_88' title="bbox 154 5415 1817 5490; baseline -0.001 -17"><span class='ocrx_word' id='word_1_660' title='bbox 154 5415 407 5473; x_wconf 87' lang='lat' dir='ltr'>diorum</span> <span class='ocrx_word' id='word_1_661' title='bbox 438 5416 727 5472; x_wconf 89' lang='lat' dir='ltr'>nutricem</span> <span class='ocrx_word' id='word_1_662' title='bbox 760 5418 1244 5490; x_wconf 81' lang='lat' dir='ltr'>Legiam,fontem</span> <span class='ocrx_word' id='word_1_663' title='bbox 1276 5416 1477 5488; x_wconf 90' lang='lat' dir='ltr'>utique</span> <span class='ocrx_word' id='word_1_664' title='bbox 1507 5416 1817 5473; x_wconf 89' lang='lat' dir='ltr'>subtilium</span> 
     </span>
    </p>
   </div>
   <div class='ocr_carea' id='block_1_89' title="bbox 154 5505 1821 5580">
    <p class='ocr_par' dir='ltr' id='par_1_89' title="bbox 154 5505 1821 5580">
     <span class='ocr_line' id='line_1_89' title="bbox 154 5505 1821 5580; baseline -0.001 -17"><span class='ocrx_word' id='word_1_665' title='bbox 154 5506 631 5578; x_wconf 85' lang='lat' dir='ltr'>ingeniorum,et</span> <span class='ocrx_word' id='word_1_666' title='bbox 661 5506 868 5562; x_wconf 72' lang='lat' dir='ltr'>divina:</span> <span class='ocrx_word' id='word_1_667' title='bbox 902 5507 1199 5580; x_wconf 71' lang='lat' dir='ltr'>sapientia:</span> <span class='ocrx_word' id='word_1_668' title='bbox 1231 5506 1479 5562; x_wconf 89' lang='lat' dir='ltr'>feracem</span> <span class='ocrx_word' id='word_1_669' title='bbox 1512 5505 1821 5573; x_wconf 91' lang='lat' dir='ltr'>locum,ut-</span> 
     </span>
    </p>
   </div>
   <div class='ocr_carea' id='block_1_90' title="bbox 155 5594 1820 5671">
    <p class='ocr_par' dir='ltr' id='par_1_90' title="bbox 155 5594 1820 5671">
     <span class='ocr_line' id='line_1_90' title="bbox 155 5594 1820 5671; baseline 0 -20"><span class='ocrx_word' id='word_1_670' title='bbox 155 5599 311 5671; x_wconf 88' lang='lat' dir='ltr'>pote</span> <span class='ocrx_word' id='word_1_671' title='bbox 339 5594 632 5651; x_wconf 90' lang='lat' dir='ltr'>civitatem</span> <span class='ocrx_word' id='word_1_672' title='bbox 664 5613 841 5668; x_wconf 89' lang='lat' dir='ltr'>quam</span> <span class='ocrx_word' id='word_1_673' title='bbox 874 5597 1094 5669; x_wconf 87' lang='lat' dir='ltr'>digitus</span> <span class='ocrx_word' id='word_1_674' title='bbox 1125 5597 1221 5653; x_wconf 89' lang='lat' dir='ltr'>Dei</span> <span class='ocrx_word' id='word_1_675' title='bbox 1249 5594 1820 5667; x_wconf 82' lang='lat' dir='ltr'>multipicidistinxit</span> 
     </span>
    </p>
   </div>
   <div class='ocr_carea' id='block_1_91' title="bbox 155 5684 1822 5760">
    <p class='ocr_par' dir='ltr' id='par_1_91' title="bbox 155 5684 1822 5760">
     <span class='ocr_line' id='line_1_91' title="bbox 155 5684 1822 5760; baseline 0.001 -20"><span class='ocrx_word' id='word_1_676' title='bbox 155 5684 637 5760; x_wconf 75' lang='lat' dir='ltr'>gratia,quaeque</span> <span class='ocrx_word' id='word_1_677' title='bbox 659 5686 748 5741; x_wconf 91' lang='lat' dir='ltr'>sui</span> <span class='ocrx_word' id='word_1_678' title='bbox 772 5685 994 5743; x_wconf 85' lang='lat' dir='ltr'>similes</span> <span class='ocrx_word' id='word_1_679' title='bbox 1011 5686 1168 5742; x_wconf 88' lang='lat' dir='ltr'>viros</span> <span class='ocrx_word' id='word_1_680' title='bbox 1194 5687 1346 5743; x_wconf 92' lang='lat' dir='ltr'>dono</span> <span class='ocrx_word' id='word_1_681' title='bbox 1369 5684 1461 5741; x_wconf 90' lang='lat' dir='ltr'>Dei</span> <span class='ocrx_word' id='word_1_682' title='bbox 1488 5690 1822 5756; x_wconf 89' lang='lat' dir='ltr'>semperest</span> 
     </span>
    </p>
   </div>
   <div class='ocr_carea' id='block_1_92' title="bbox 1925 3371 3562 3446">
    <p class='ocr_par' dir='ltr' id='par_1_92' title="bbox 1925 3371 3562 3446">
     <span class='ocr_line' id='line_1_92' title="bbox 1925 3371 3562 3446; baseline 0.001 -19"><span class='ocrx_word' id='word_1_683' title='bbox 1925 3373 2002 3429; x_wconf 89' lang='lat' dir='ltr'>tis</span> <span class='ocrx_word' id='word_1_684' title='bbox 2033 3375 2102 3428; x_wconf 89' lang='lat' dir='ltr'>ad</span> <span class='ocrx_word' id='word_1_685' title='bbox 2153 3373 2401 3429; x_wconf 89' lang='lat' dir='ltr'>salutem</span> <span class='ocrx_word' id='word_1_686' title='bbox 2434 3375 2797 3446; x_wconf 83' lang='lat' dir='ltr'>prodessent,</span> <span class='ocrx_word' id='word_1_687' title='bbox 2857 3373 2927 3427; x_wconf 84' lang='lat' dir='ltr'>ad</span> <span class='ocrx_word' id='word_1_688' title='bbox 2988 3371 3101 3426; x_wconf 89' lang='lat' dir='ltr'>alia</span> <span class='ocrx_word' id='word_1_689' title='bbox 3158 3371 3562 3444; x_wconf 88' lang='lat' dir='ltr'>demigrarint.</span> 
     </span>
    </p>
   </div>
   <div class='ocr_carea' id='block_1_93' title="bbox 1925 3459 3564 3533">
    <p class='ocr_par' dir='ltr' id='par_1_93' title="bbox 1925 3459 3564 3533">
     <span class='ocr_line' id='line_1_93' title="bbox 1925 3459 3564 3533; baseline 0.002 -19"><span class='ocrx_word' id='word_1_690' title='bbox 1925 3462 2220 3517; x_wconf 84' lang='lat' dir='ltr'>Abraham</span> <span class='ocrx_word' id='word_1_691' title='bbox 2245 3461 2459 3533; x_wconf 89' lang='lat' dir='ltr'>quippe</span> <span class='ocrx_word' id='word_1_692' title='bbox 2482 3467 2537 3515; x_wconf 90' lang='lat' dir='ltr'>et</span> <span class='ocrx_word' id='word_1_693' title='bbox 2560 3460 2660 3514; x_wconf 82' lang='lat' dir='ltr'>filii</span> <span class='ocrx_word' id='word_1_694' title='bbox 2692 3462 2818 3531; x_wconf 83' lang='lat' dir='ltr'>ejus</span> <span class='ocrx_word' id='word_1_695' title='bbox 2839 3459 3176 3531; x_wconf 66' lang='lat' dir='ltr'>patriarchae</span> <span class='ocrx_word' id='word_1_696' title='bbox 3201 3477 3315 3515; x_wconf 91' lang='lat' dir='ltr'>non</span> <span class='ocrx_word' id='word_1_697' title='bbox 3335 3464 3419 3516; x_wconf 91' lang='lat' dir='ltr'>tot</span> <span class='ocrx_word' id='word_1_698' title='bbox 3437 3460 3564 3517; x_wconf 91' lang='lat' dir='ltr'>loca</span> 
     </span>
    </p>
   </div>
   <div class='ocr_carea' id='block_1_94' title="bbox 1927 3548 3567 3622">
    <p class='ocr_par' dir='ltr' id='par_1_94' title="bbox 1927 3548 3567 3622">
     <span class='ocr_line' id='line_1_94' title="bbox 1927 3548 3567 3622; baseline 0 -17"><span class='ocrx_word' id='word_1_699' title='bbox 1927 3550 2330 3614; x_wconf 86' lang='lat' dir='ltr'>mutavissent,</span> <span class='ocrx_word' id='word_1_700' title='bbox 2380 3565 2496 3603; x_wconf 92' lang='lat' dir='ltr'>non</span> <span class='ocrx_word' id='word_1_701' title='bbox 2526 3552 2613 3604; x_wconf 85' lang='lat' dir='ltr'>tot</span> <span class='ocrx_word' id='word_1_702' title='bbox 2642 3556 2845 3620; x_wconf 87' lang='lat' dir='ltr'>puteos</span> <span class='ocrx_word' id='word_1_703' title='bbox 2893 3565 3106 3620; x_wconf 90' lang='lat' dir='ltr'>aquam</span> <span class='ocrx_word' id='word_1_704' title='bbox 3162 3548 3354 3605; x_wconf 90' lang='lat' dir='ltr'>vivam</span> <span class='ocrx_word' id='word_1_705' title='bbox 3404 3567 3567 3622; x_wconf 75' lang='lat' dir='ltr'>quaa-</span> 
     </span>
    </p>
   </div>
   <div class='ocr_carea' id='block_1_95' title="bbox 1928 3634 3571 3708">
    <p class='ocr_par' dir='ltr' id='par_1_95' title="bbox 1928 3634 3571 3708">
     <span class='ocr_line' id='line_1_95' title="bbox 1928 3634 3571 3708; baseline 0.001 -15"><span class='ocrx_word' id='word_1_706' title='bbox 1928 3642 2120 3694; x_wconf 86' lang='lat' dir='ltr'>rentes</span> <span class='ocrx_word' id='word_1_707' title='bbox 2152 3638 2454 3705; x_wconf 84' lang='lat' dir='ltr'>fodissent,</span> <span class='ocrx_word' id='word_1_708' title='bbox 2489 3636 2538 3691; x_wconf 88' lang='lat' dir='ltr'>si</span> <span class='ocrx_word' id='word_1_709' title='bbox 2569 3637 2627 3691; x_wconf 89' lang='lat' dir='ltr'>in</span> <span class='ocrx_word' id='word_1_710' title='bbox 2662 3654 2775 3692; x_wconf 91' lang='lat' dir='ltr'>uno</span> <span class='ocrx_word' id='word_1_711' title='bbox 2806 3636 2999 3708; x_wconf 90' lang='lat' dir='ltr'>aliquo</span> <span class='ocrx_word' id='word_1_712' title='bbox 3029 3634 3156 3693; x_wconf 89' lang='lat' dir='ltr'>loco</span> <span class='ocrx_word' id='word_1_713' title='bbox 3188 3641 3397 3693; x_wconf 90' lang='lat' dir='ltr'>cuncta</span> <span class='ocrx_word' id='word_1_714' title='bbox 3420 3639 3571 3695; x_wconf 88' lang='lat' dir='ltr'>bona</span> 
     </span>
    </p>
   </div>
   <div class='ocr_carea' id='block_1_96' title="bbox 1927 3726 3616 3801">
    <p class='ocr_par' dir='ltr' id='par_1_96' title="bbox 1927 3726 3616 3801">
     <span class='ocr_line' id='line_1_96' title="bbox 1927 3726 3616 3801; baseline 0.001 -19"><span class='ocrx_word' id='word_1_715' title='bbox 1927 3727 2053 3782; x_wconf 69' lang='lat' dir='ltr'>vita:</span> <span class='ocrx_word' id='word_1_716' title='bbox 2085 3744 2203 3783; x_wconf 69' lang='lat' dir='ltr'>sua:</span> <span class='ocrx_word' id='word_1_717' title='bbox 2234 3727 2613 3799; x_wconf 87' lang='lat' dir='ltr'>congruentia</span> <span class='ocrx_word' id='word_1_718' title='bbox 2645 3726 3016 3799; x_wconf 84' lang='lat' dir='ltr'>reperissent.</span> <span class='ocrx_word' id='word_1_719' title='bbox 3076 3726 3257 3783; x_wconf 88' lang='lat' dir='ltr'>Jacob</span> <span class='ocrx_word' id='word_1_720' title='bbox 3311 3745 3568 3801; x_wconf 86' lang='lat' dir='ltr'>quoque,</span> <span class='ocrx_word' id='word_1_721' title='bbox 3609 3740 3616 3748; x_wconf 92' lang='lat'>&#39;</span> 
     </span>
    </p>
   </div>
   <div class='ocr_carea' id='block_1_97' title="bbox 1929 3814 3569 3888">
    <p class='ocr_par' dir='ltr' id='par_1_97' title="bbox 1929 3814 3569 3888">
     <span class='ocr_line' id='line_1_97' title="bbox 1929 3814 3569 3888; baseline 0.001 -18"><span class='ocrx_word' id='word_1_722' title='bbox 1929 3816 2111 3871; x_wconf 92' lang='lat' dir='ltr'>nihilo</span> <span class='ocrx_word' id='word_1_723' title='bbox 2143 3816 2340 3871; x_wconf 91' lang='lat' dir='ltr'>minus</span> <span class='ocrx_word' id='word_1_724' title='bbox 2370 3820 2526 3871; x_wconf 89' lang='lat' dir='ltr'>vates</span> <span class='ocrx_word' id='word_1_725' title='bbox 2577 3832 2755 3888; x_wconf 87' lang='lat' dir='ltr'>quam</span> <span class='ocrx_word' id='word_1_726' title='bbox 2788 3814 3140 3888; x_wconf 81' lang='lat' dir='ltr'>patriarcha,</span> <span class='ocrx_word' id='word_1_727' title='bbox 3176 3833 3478 3888; x_wconf 90' lang='lat' dir='ltr'>nunquam</span> <span class='ocrx_word' id='word_1_728' title='bbox 3511 3818 3569 3872; x_wconf 91' lang='lat' dir='ltr'>in</span> 
     </span>
    </p>
   </div>
   <div class='ocr_carea' id='block_1_98' title="bbox 1928 3903 3568 3978">
    <p class='ocr_par' dir='ltr' id='par_1_98' title="bbox 1928 3903 3568 3978">
     <span class='ocr_line' id='line_1_98' title="bbox 1928 3903 3568 3978; baseline -0.001 -16"><span class='ocrx_word' id='word_1_729' title='bbox 1928 3905 2238 3962; x_wconf 86' lang='lat' dir='ltr'>animabus</span> <span class='ocrx_word' id='word_1_730' title='bbox 2270 3904 2639 3977; x_wconf 88' lang='lat' dir='ltr'>septuaginta</span> <span class='ocrx_word' id='word_1_731' title='bbox 2671 3904 2794 3976; x_wconf 84' lang='lat' dir='ltr'>(qui</span> <span class='ocrx_word' id='word_1_732' title='bbox 2827 3903 3107 3976; x_wconf 79' lang='lat' dir='ltr'>mysticus</span> <span class='ocrx_word' id='word_1_733' title='bbox 3149 3922 3428 3961; x_wconf 89' lang='lat' dir='ltr'>numerus</span> <span class='ocrx_word' id='word_1_734' title='bbox 3460 3907 3568 3978; x_wconf 89' lang='lat' dir='ltr'>est)</span> 
     </span>
    </p>
   </div>
   <div class='ocr_carea' id='block_1_99' title="bbox 1929 3993 3573 4066">
    <p class='ocr_par' dir='ltr' id='par_1_99' title="bbox 1929 3993 3573 4066">
     <span class='ocr_line' id='line_1_99' title="bbox 1929 3993 3573 4066; baseline 0.001 -16"><span class='ocrx_word' id='word_1_735' title='bbox 1929 3996 2000 4050; x_wconf 87' lang='lat' dir='ltr'>ad</span> <span class='ocrx_word' id='word_1_736' title='bbox 2026 3995 2347 4066; x_wconf 62' lang='lat' dir='ltr'>.Egyptiam</span> <span class='ocrx_word' id='word_1_737' title='bbox 2371 3994 2771 4048; x_wconf 73' lang='lat' dir='ltr'>descendisset</span> <span class='ocrx_word' id='word_1_738' title='bbox 2791 3994 2976 4064; x_wconf 83' lang='lat' dir='ltr'>primo</span> <span class='ocrx_word' id='word_1_739' title='bbox 3001 3993 3348 4065; x_wconf 89' lang='lat' dir='ltr'>ubertatem,</span> <span class='ocrx_word' id='word_1_740' title='bbox 3372 4000 3573 4066; x_wconf 88' lang='lat' dir='ltr'>postea</span> 
     </span>
    </p>
   </div>
   <div class='ocr_carea' id='block_1_100' title="bbox 1930 4082 3571 4157">
    <p class='ocr_par' dir='ltr' id='par_1_100' title="bbox 1930 4082 3571 4157">
     <span class='ocr_line' id='line_1_100' title="bbox 1930 4082 3571 4157; baseline 0.001 -20"><span class='ocrx_word' id='word_1_741' title='bbox 1930 4083 2291 4150; x_wconf 88' lang='lat' dir='ltr'>servitutem,</span> <span class='ocrx_word' id='word_1_742' title='bbox 2325 4082 2432 4137; x_wconf 89' lang='lat' dir='ltr'>nisi</span> <span class='ocrx_word' id='word_1_743' title='bbox 2495 4082 2797 4138; x_wconf 89' lang='lat' dir='ltr'>canineam</span> <span class='ocrx_word' id='word_1_744' title='bbox 2833 4082 3055 4154; x_wconf 89' lang='lat' dir='ltr'>fugeret</span> <span class='ocrx_word' id='word_1_745' title='bbox 3085 4084 3319 4138; x_wconf 90' lang='lat' dir='ltr'>famem.</span> <span class='ocrx_word' id='word_1_746' title='bbox 3351 4083 3571 4157; x_wconf 87' lang='lat' dir='ltr'>Joseph</span> 
     </span>
    </p>
   </div>
   <div class='ocr_carea' id='block_1_101' title="bbox 1930 4170 3572 4244">
    <p class='ocr_par' dir='ltr' id='par_1_101' title="bbox 1930 4170 3572 4244">
     <span class='ocr_line' id='line_1_101' title="bbox 1930 4170 3572 4244; baseline 0.002 -19"><span class='ocrx_word' id='word_1_747' title='bbox 1930 4189 2161 4244; x_wconf 82' lang='lat' dir='ltr'>quoque</span> <span class='ocrx_word' id='word_1_748' title='bbox 2182 4172 2273 4226; x_wconf 90' lang='lat' dir='ltr'>bis</span> <span class='ocrx_word' id='word_1_749' title='bbox 2287 4171 2553 4227; x_wconf 87' lang='lat' dir='ltr'>venditus</span> <span class='ocrx_word' id='word_1_750' title='bbox 2572 4172 2643 4226; x_wconf 87' lang='lat' dir='ltr'>ab</span> <span class='ocrx_word' id='word_1_751' title='bbox 2663 4170 2874 4227; x_wconf 88' lang='lat' dir='ltr'>invidis</span> <span class='ocrx_word' id='word_1_752' title='bbox 2898 4171 3174 4227; x_wconf 87' lang='lat' dir='ltr'>fratribus</span> <span class='ocrx_word' id='word_1_753' title='bbox 3202 4173 3347 4227; x_wconf 87' lang='lat' dir='ltr'>bene</span> <span class='ocrx_word' id='word_1_754' title='bbox 3378 4172 3572 4229; x_wconf 92' lang='lat' dir='ltr'>locum</span> 
     </span>
    </p>
   </div>
   <div class='ocr_carea' id='block_1_102' title="bbox 1931 4260 3573 4333">
    <p class='ocr_par' dir='ltr' id='par_1_102' title="bbox 1931 4260 3573 4333">
     <span class='ocr_line' id='line_1_102' title="bbox 1931 4260 3573 4333; baseline 0.002 -18"><span class='ocrx_word' id='word_1_755' title='bbox 1931 4260 2196 4327; x_wconf 90' lang='lat' dir='ltr'>mutavit,</span> <span class='ocrx_word' id='word_1_756' title='bbox 2231 4260 2328 4332; x_wconf 91' lang='lat' dir='ltr'>qui</span> <span class='ocrx_word' id='word_1_757' title='bbox 2365 4260 2419 4314; x_wconf 94' lang='lat' dir='ltr'>in</span> <span class='ocrx_word' id='word_1_758' title='bbox 2454 4264 2711 4332; x_wconf 88' lang='lat' dir='ltr'>tempore</span> <span class='ocrx_word' id='word_1_759' title='bbox 2743 4260 3023 4333; x_wconf 63' lang='lat' dir='ltr'>angustia:</span> <span class='ocrx_word' id='word_1_760' title='bbox 3058 4260 3262 4317; x_wconf 85' lang='lat' dir='ltr'>multis</span> <span class='ocrx_word' id='word_1_761' title='bbox 3293 4262 3364 4316; x_wconf 91' lang='lat' dir='ltr'>ad</span> <span class='ocrx_word' id='word_1_762' title='bbox 3397 4261 3573 4318; x_wconf 88' lang='lat' dir='ltr'>vitam</span> 
     </span>
    </p>
   </div>
   <div class='ocr_carea' id='block_1_103' title="bbox 1930 4347 3572 4421">
    <p class='ocr_par' dir='ltr' id='par_1_103' title="bbox 1930 4347 3572 4421">
     <span class='ocr_line' id='line_1_103' title="bbox 1930 4347 3572 4421; baseline 0.002 -19"><span class='ocrx_word' id='word_1_763' title='bbox 1930 4348 2167 4420; x_wconf 89' lang='lat' dir='ltr'>profuit.</span> <span class='ocrx_word' id='word_1_764' title='bbox 2199 4347 2303 4414; x_wconf 88' lang='lat' dir='ltr'>Qui</span> <span class='ocrx_word' id='word_1_765' title='bbox 2339 4347 2608 4403; x_wconf 87' lang='lat' dir='ltr'>videlicet</span> <span class='ocrx_word' id='word_1_766' title='bbox 2652 4347 2738 4403; x_wconf 90' lang='lat' dir='ltr'>vir</span> <span class='ocrx_word' id='word_1_767' title='bbox 2767 4348 2958 4420; x_wconf 90' lang='lat' dir='ltr'>primo</span> <span class='ocrx_word' id='word_1_768' title='bbox 3012 4348 3176 4421; x_wconf 88' lang='lat' dir='ltr'>virga</span> <span class='ocrx_word' id='word_1_769' title='bbox 3236 4349 3572 4406; x_wconf 83' lang='lat' dir='ltr'>tentationis</span> 
     </span>
    </p>
   </div>
   <div class='ocr_carea' id='block_1_104' title="bbox 1929 4436 3567 4508">
    <p class='ocr_par' dir='ltr' id='par_1_104' title="bbox 1929 4436 3567 4508">
     <span class='ocr_line' id='line_1_104' title="bbox 1929 4436 3567 4508; baseline 0 -15"><span class='ocrx_word' id='word_1_770' title='bbox 1929 4437 2213 4504; x_wconf 91' lang='lat' dir='ltr'>eruditus,</span> <span class='ocrx_word' id='word_1_771' title='bbox 2246 4441 2302 4491; x_wconf 89' lang='lat' dir='ltr'>et</span> <span class='ocrx_word' id='word_1_772' title='bbox 2358 4437 2588 4493; x_wconf 90' lang='lat' dir='ltr'>camino</span> <span class='ocrx_word' id='word_1_773' title='bbox 2644 4436 3093 4493; x_wconf 89' lang='lat' dir='ltr'>tribulationum</span> <span class='ocrx_word' id='word_1_774' title='bbox 3124 4438 3194 4491; x_wconf 89' lang='lat' dir='ltr'>ad</span> <span class='ocrx_word' id='word_1_775' title='bbox 3226 4453 3437 4508; x_wconf 89' lang='lat' dir='ltr'>purum</span> <span class='ocrx_word' id='word_1_776' title='bbox 3471 4454 3567 4493; x_wconf 85' lang='lat' dir='ltr'>ex-</span> 
     </span>
    </p>
   </div>
   <div class='ocr_carea' id='block_1_105' title="bbox 1930 4525 3574 4598">
    <p class='ocr_par' dir='ltr' id='par_1_105' title="bbox 1930 4525 3574 4598">
     <span class='ocr_line' id='line_1_105' title="bbox 1930 4525 3574 4598; baseline -0.001 -16"><span class='ocrx_word' id='word_1_777' title='bbox 1930 4531 2149 4594; x_wconf 90' lang='lat' dir='ltr'>coctus,</span> <span class='ocrx_word' id='word_1_778' title='bbox 2192 4526 2326 4582; x_wconf 90' lang='lat' dir='ltr'>inde</span> <span class='ocrx_word' id='word_1_779' title='bbox 2357 4526 2417 4580; x_wconf 89' lang='lat' dir='ltr'>in</span> <span class='ocrx_word' id='word_1_780' title='bbox 2448 4525 2753 4581; x_wconf 90' lang='lat' dir='ltr'>dominum</span> <span class='ocrx_word' id='word_1_781' title='bbox 2808 4525 3032 4598; x_wconf 67' lang='lat' dir='ltr'>lEgypti</span> <span class='ocrx_word' id='word_1_782' title='bbox 3089 4526 3354 4593; x_wconf 71' lang='lat' dir='ltr'>excrevit,</span> <span class='ocrx_word' id='word_1_783' title='bbox 3417 4526 3574 4581; x_wconf 90' lang='lat' dir='ltr'>unde</span> 
     </span>
    </p>
   </div>
   <div class='ocr_carea' id='block_1_106' title="bbox 1851 4614 3571 4701">
    <p class='ocr_par' dir='ltr' id='par_1_106' title="bbox 1851 4614 3571 4701">
     <span class='ocr_line' id='line_1_106' title="bbox 1851 4614 3571 4701; baseline -0.001 -30"><span class='ocrx_word' id='word_1_784' title='bbox 1851 4636 1899 4701; x_wconf 70' lang='grc' dir='ltr'>Β</span> <span class='ocrx_word' id='word_1_785' title='bbox 1930 4616 2169 4671; x_wconf 91' lang='lat' dir='ltr'>dorsum</span> <span class='ocrx_word' id='word_1_786' title='bbox 2202 4614 2494 4687; x_wconf 69' lang='lat' dir='ltr'>patientiae</span> <span class='ocrx_word' id='word_1_787' title='bbox 2519 4615 2627 4670; x_wconf 93' lang='lat' dir='ltr'>sub</span> <span class='ocrx_word' id='word_1_788' title='bbox 2643 4614 2920 4670; x_wconf 89' lang='lat' dir='ltr'>oneribus</span> <span class='ocrx_word' id='word_1_789' title='bbox 2943 4618 3213 4671; x_wconf 86' lang='lat' dir='ltr'>etmaaus</span> <span class='ocrx_word' id='word_1_790' title='bbox 3229 4614 3571 4670; x_wconf 69' lang='lat' dir='ltr'>obedientiaa</span> 
     </span>
    </p>
   </div>
   <div class='ocr_carea' id='block_1_107' title="bbox 1931 4702 2839 4776">
    <p class='ocr_par' dir='ltr' id='par_1_107' title="bbox 1931 4702 2839 4776">
     <span class='ocr_line' id='line_1_107' title="bbox 1931 4702 2839 4776; baseline -0.002 -17"><span class='ocrx_word' id='word_1_791' title='bbox 1931 4704 1989 4759; x_wconf 90' lang='lat' dir='ltr'>in</span> <span class='ocrx_word' id='word_1_792' title='bbox 2022 4704 2271 4776; x_wconf 90' lang='lat' dir='ltr'>cophino</span> <span class='ocrx_word' id='word_1_793' title='bbox 2300 4702 2559 4759; x_wconf 89' lang='lat' dir='ltr'>servituti</span> <span class='ocrx_word' id='word_1_794' title='bbox 2591 4702 2839 4776; x_wconf 88' lang='lat' dir='ltr'>subegit.</span> 
     </span>
    </p>
   </div>
   <div class='ocr_carea' id='block_1_108' title="bbox 2002 4790 3575 4863">
    <p class='ocr_par' dir='ltr' id='par_1_108' title="bbox 2002 4790 3575 4863">
     <span class='ocr_line' id='line_1_108' title="bbox 2002 4790 3575 4863; baseline 0.001 -16"><span class='ocrx_word' id='word_1_795' title='bbox 2002 4793 2169 4849; x_wconf 87' lang='lat' dir='ltr'>XVII.</span> <span class='ocrx_word' id='word_1_796' title='bbox 2204 4792 2441 4848; x_wconf 89' lang='lat' dir='ltr'>Possem</span> <span class='ocrx_word' id='word_1_797' title='bbox 2493 4791 2801 4846; x_wconf 88' lang='lat' dir='ltr'>innumera</span> <span class='ocrx_word' id='word_1_798' title='bbox 2857 4790 3145 4863; x_wconf 86' lang='lat' dir='ltr'>ejusmodi</span> <span class='ocrx_word' id='word_1_799' title='bbox 3204 4791 3275 4847; x_wconf 90' lang='lat' dir='ltr'>ad</span> <span class='ocrx_word' id='word_1_800' title='bbox 3311 4791 3575 4849; x_wconf 90' lang='lat' dir='ltr'>medium</span> 
     </span>
    </p>
   </div>
   <div class='ocr_carea' id='block_1_109' title="bbox 1929 4880 3576 4953">
    <p class='ocr_par' dir='ltr' id='par_1_109' title="bbox 1929 4880 3576 4953">
     <span class='ocr_line' id='line_1_109' title="bbox 1929 4880 3576 4953; baseline 0.001 -16"><span class='ocrx_word' id='word_1_801' title='bbox 1929 4883 2233 4949; x_wconf 88' lang='lat' dir='ltr'>deducere,</span> <span class='ocrx_word' id='word_1_802' title='bbox 2255 4880 2369 4936; x_wconf 92' lang='lat' dir='ltr'>nisi</span> <span class='ocrx_word' id='word_1_803' title='bbox 2388 4880 2670 4953; x_wconf 86' lang='lat' dir='ltr'>castigato</span> <span class='ocrx_word' id='word_1_804' title='bbox 2691 4880 2796 4936; x_wconf 91' lang='lat' dir='ltr'>tibi</span> <span class='ocrx_word' id='word_1_805' title='bbox 2819 4881 3110 4937; x_wconf 89' lang='lat' dir='ltr'>crederem</span> <span class='ocrx_word' id='word_1_806' title='bbox 3135 4880 3253 4937; x_wconf 92' lang='lat' dir='ltr'>ista</span> <span class='ocrx_word' id='word_1_807' title='bbox 3283 4880 3576 4939; x_wconf 83' lang='lat' dir='ltr'>sufﬁcere.</span> 
     </span>
    </p>
   </div>
   <div class='ocr_carea' id='block_1_110' title="bbox 1926 4968 3582 5044">
    <p class='ocr_par' dir='ltr' id='par_1_110' title="bbox 1926 4968 3582 5044">
     <span class='ocr_line' id='line_1_110' title="bbox 1926 4968 3582 5044; baseline -0.001 -16"><span class='ocrx_word' id='word_1_808' title='bbox 1926 4972 2028 5029; x_wconf 91' lang='lat' dir='ltr'>His</span> <span class='ocrx_word' id='word_1_809' title='bbox 2059 4987 2195 5044; x_wconf 91' lang='lat' dir='ltr'>ergo</span> <span class='ocrx_word' id='word_1_810' title='bbox 2227 4970 2425 5025; x_wconf 86' lang='lat' dir='ltr'>Flacco</span> <span class='ocrx_word' id='word_1_811' title='bbox 2458 4974 2522 5024; x_wconf 91' lang='lat' dir='ltr'>tu</span> <span class='ocrx_word' id='word_1_812' title='bbox 2552 4986 2685 5025; x_wconf 90' lang='lat' dir='ltr'>cum</span> <span class='ocrx_word' id='word_1_813' title='bbox 2735 4968 2878 5026; x_wconf 84' lang='lat' dir='ltr'>ccelo</span> <span class='ocrx_word' id='word_1_814' title='bbox 2904 4974 2961 5025; x_wconf 89' lang='lat' dir='ltr'>et</span> <span class='ocrx_word' id='word_1_815' title='bbox 2998 4970 3196 5026; x_wconf 91' lang='lat' dir='ltr'>animo</span> <span class='ocrx_word' id='word_1_816' title='bbox 3267 4986 3374 5026; x_wconf 89' lang='lat' dir='ltr'>suo</span> <span class='ocrx_word' id='word_1_817' title='bbox 3406 4972 3582 5027; x_wconf 90' lang='lat' dir='ltr'>casti-</span> 
     </span>
    </p>
   </div>
   <div class='ocr_carea' id='block_1_111' title="bbox 1926 5057 3583 5134">
    <p class='ocr_par' dir='ltr' id='par_1_111' title="bbox 1926 5057 3583 5134">
     <span class='ocr_line' id='line_1_111' title="bbox 1926 5057 3583 5134; baseline 0.001 -19"><span class='ocrx_word' id='word_1_818' title='bbox 1926 5060 2118 5134; x_wconf 90' lang='lat' dir='ltr'>gatius</span> <span class='ocrx_word' id='word_1_819' title='bbox 2151 5059 2228 5114; x_wconf 90' lang='lat' dir='ltr'>sit</span> <span class='ocrx_word' id='word_1_820' title='bbox 2259 5074 2627 5131; x_wconf 89' lang='lat' dir='ltr'>responsum,</span> <span class='ocrx_word' id='word_1_821' title='bbox 2656 5075 2831 5130; x_wconf 92' lang='lat' dir='ltr'>quam</span> <span class='ocrx_word' id='word_1_822' title='bbox 2877 5075 2938 5113; x_wconf 85' lang='lat' dir='ltr'>se</span> <span class='ocrx_word' id='word_1_823' title='bbox 2978 5058 3147 5131; x_wconf 92' lang='lat' dir='ltr'>copia</span> <span class='ocrx_word' id='word_1_824' title='bbox 3193 5057 3478 5132; x_wconf 87' lang='lat' dir='ltr'>suggerit,</span> <span class='ocrx_word' id='word_1_825' title='bbox 3514 5076 3583 5116; x_wconf 88' lang='lat' dir='ltr'>ne</span> 
     </span>
    </p>
   </div>
   <div class='ocr_carea' id='block_1_112' title="bbox 1926 5146 3585 5221">
    <p class='ocr_par' dir='ltr' id='par_1_112' title="bbox 1926 5146 3585 5221">
     <span class='ocr_line' id='line_1_112' title="bbox 1926 5146 3585 5221; baseline -0.001 -15"><span class='ocrx_word' id='word_1_826' title='bbox 1926 5152 1997 5206; x_wconf 89' lang='lat' dir='ltr'>de</span> <span class='ocrx_word' id='word_1_827' title='bbox 2011 5154 2213 5205; x_wconf 70' lang='lat' dir='ltr'>czetero</span> <span class='ocrx_word' id='word_1_828' title='bbox 2231 5147 2481 5217; x_wconf 88' lang='lat' dir='ltr'>alicujus</span> <span class='ocrx_word' id='word_1_829' title='bbox 2502 5146 2863 5220; x_wconf 90' lang='lat' dir='ltr'>propositum</span> <span class='ocrx_word' id='word_1_830' title='bbox 2880 5151 2999 5202; x_wconf 90' lang='lat' dir='ltr'>tam</span> <span class='ocrx_word' id='word_1_831' title='bbox 3014 5148 3338 5220; x_wconf 82' lang='lat' dir='ltr'>improvide</span> <span class='ocrx_word' id='word_1_832' title='bbox 3359 5164 3585 5221; x_wconf 90' lang='lat' dir='ltr'>carpse-</span> 
     </span>
    </p>
   </div>
   <div class='ocr_carea' id='block_1_113' title="bbox 1929 5236 3579 5308">
    <p class='ocr_par' dir='ltr' id='par_1_113' title="bbox 1929 5236 3579 5308">
     <span class='ocr_line' id='line_1_113' title="bbox 1929 5236 3579 5308; baseline -0.002 -13"><span class='ocrx_word' id='word_1_833' title='bbox 1929 5241 2021 5295; x_wconf 88' lang='lat' dir='ltr'>rit.</span> <span class='ocrx_word' id='word_1_834' title='bbox 2056 5240 2269 5293; x_wconf 84' lang='lat' dir='ltr'>Excute</span> <span class='ocrx_word' id='word_1_835' title='bbox 2291 5254 2426 5308; x_wconf 88' lang='lat' dir='ltr'>ergo</span> <span class='ocrx_word' id='word_1_836' title='bbox 2441 5238 2511 5292; x_wconf 88' lang='lat' dir='ltr'>de</span> <span class='ocrx_word' id='word_1_837' title='bbox 2540 5236 2812 5293; x_wconf 90' lang='lat' dir='ltr'>manibus</span> <span class='ocrx_word' id='word_1_838' title='bbox 2842 5254 2977 5292; x_wconf 91' lang='lat' dir='ltr'>cum</span> <span class='ocrx_word' id='word_1_839' title='bbox 3009 5237 3153 5293; x_wconf 79' lang='lat' dir='ltr'>ccelo</span> <span class='ocrx_word' id='word_1_840' title='bbox 3184 5255 3289 5293; x_wconf 93' lang='lat' dir='ltr'>suo</span> <span class='ocrx_word' id='word_1_841' title='bbox 3311 5236 3579 5292; x_wconf 86' lang='lat' dir='ltr'>Flaccum</span> 
     </span>
    </p>
   </div>
   <div class='ocr_carea' id='block_1_114' title="bbox 1927 5324 3578 5399">
    <p class='ocr_par' dir='ltr' id='par_1_114' title="bbox 1927 5324 3578 5399">
     <span class='ocr_line' id='line_1_114' title="bbox 1927 5324 3578 5399; baseline -0.004 -15"><span class='ocrx_word' id='word_1_842' title='bbox 1927 5334 2121 5394; x_wconf 89' lang='lat' dir='ltr'>tuum,</span> <span class='ocrx_word' id='word_1_843' title='bbox 2154 5330 2211 5382; x_wconf 89' lang='lat' dir='ltr'>et</span> <span class='ocrx_word' id='word_1_844' title='bbox 2268 5325 2612 5397; x_wconf 89' lang='lat' dir='ltr'>psalterium</span> <span class='ocrx_word' id='word_1_845' title='bbox 2668 5326 2859 5399; x_wconf 87' lang='lat' dir='ltr'>arripe</span> <span class='ocrx_word' id='word_1_846' title='bbox 2892 5344 3110 5382; x_wconf 89' lang='lat' dir='ltr'>meum.</span> <span class='ocrx_word' id='word_1_847' title='bbox 3163 5325 3318 5392; x_wconf 88' lang='lat' dir='ltr'>Quod</span> <span class='ocrx_word' id='word_1_848' title='bbox 3352 5324 3399 5378; x_wconf 89' lang='lat' dir='ltr'>si</span> <span class='ocrx_word' id='word_1_849' title='bbox 3462 5341 3578 5379; x_wconf 92' lang='lat' dir='ltr'>non</span> 
     </span>
    </p>
   </div>
   <div class='ocr_carea' id='block_1_115' title="bbox 1926 5411 3577 5483">
    <p class='ocr_par' dir='ltr' id='par_1_115' title="bbox 1926 5411 3577 5483">
     <span class='ocr_line' id='line_1_115' title="bbox 1926 5411 3577 5483; baseline -0.002 -11"><span class='ocrx_word' id='word_1_850' title='bbox 1926 5416 2033 5483; x_wconf 91' lang='lat' dir='ltr'>vis,</span> <span class='ocrx_word' id='word_1_851' title='bbox 2067 5417 2192 5471; x_wconf 91' lang='lat' dir='ltr'>sine</span> <span class='ocrx_word' id='word_1_852' title='bbox 2251 5413 2417 5470; x_wconf 90' lang='lat' dir='ltr'>rivali</span> <span class='ocrx_word' id='word_1_853' title='bbox 2468 5413 2631 5469; x_wconf 78' lang='lat' dir='ltr'>Solus</span> <span class='ocrx_word' id='word_1_854' title='bbox 2691 5432 2825 5470; x_wconf 85' lang='lat' dir='ltr'>ama</span> <span class='ocrx_word' id='word_1_855' title='bbox 2855 5420 2907 5471; x_wconf 91' lang='lat' dir='ltr'>et</span> <span class='ocrx_word' id='word_1_856' title='bbox 2966 5415 3115 5470; x_wconf 88' lang='lat' dir='ltr'>habe</span> <span class='ocrx_word' id='word_1_857' title='bbox 3174 5412 3383 5467; x_wconf 90' lang='lat' dir='ltr'>illum:</span> <span class='ocrx_word' id='word_1_858' title='bbox 3431 5411 3577 5469; x_wconf 89' lang='lat' dir='ltr'>satis</span> 
     </span>
    </p>
   </div>
   <div class='ocr_carea' id='block_1_116' title="bbox 1929 5499 3575 5578">
    <p class='ocr_par' dir='ltr' id='par_1_116' title="bbox 1929 5499 3575 5578">
     <span class='ocr_line' id='line_1_116' title="bbox 1929 5499 3575 5578; baseline -0.004 -17"><span class='ocrx_word' id='word_1_859' title='bbox 1929 5510 2123 5561; x_wconf 88' lang='lat' dir='ltr'>autem</span> <span class='ocrx_word' id='word_1_860' title='bbox 2138 5505 2351 5576; x_wconf 78' lang='lat' dir='ltr'>inexpu</span> <span class='ocrx_word' id='word_1_861' title='bbox 2362 5521 2433 5578; x_wconf 89' lang='lat' dir='ltr'>gn</span> <span class='ocrx_word' id='word_1_862' title='bbox 2444 5504 2532 5558; x_wconf 92' lang='lat' dir='ltr'>abi</span> <span class='ocrx_word' id='word_1_863' title='bbox 2546 5504 2621 5558; x_wconf 83' lang='lat' dir='ltr'>liu</span> <span class='ocrx_word' id='word_1_864' title='bbox 2634 5521 2687 5558; x_wconf 90' lang='lat' dir='ltr'>m</span> <span class='ocrx_word' id='word_1_865' title='bbox 2708 5504 2836 5559; x_wconf 84' lang='lat' dir='ltr'>luce</span> <span class='ocrx_word' id='word_1_866' title='bbox 2853 5504 3139 5559; x_wconf 88' lang='lat' dir='ltr'>rationum</span> <span class='ocrx_word' id='word_1_867' title='bbox 3158 5499 3428 5572; x_wconf 90' lang='lat' dir='ltr'>superius</span> <span class='ocrx_word' id='word_1_868' title='bbox 3443 5517 3575 5573; x_wconf 90' lang='lat' dir='ltr'>pro-</span> 
     </span>
    </p>
   </div>
   <div class='ocr_carea' id='block_1_117' title="bbox 1928 5590 3573 5663">
    <p class='ocr_par' dir='ltr' id='par_1_117' title="bbox 1928 5590 3573 5663">
     <span class='ocr_line' id='line_1_117' title="bbox 1928 5590 3573 5663; baseline -0.004 -12"><span class='ocrx_word' id='word_1_869' title='bbox 1928 5597 2131 5651; x_wconf 87' lang='lat' dir='ltr'>batum</span> <span class='ocrx_word' id='word_1_870' title='bbox 2163 5595 2409 5650; x_wconf 88' lang='lat' dir='ltr'>videtur.</span> <span class='ocrx_word' id='word_1_871' title='bbox 2437 5596 2657 5649; x_wconf 77' lang='lat' dir='ltr'>&#39;l‘azucn</span> <span class='ocrx_word' id='word_1_872' title='bbox 2692 5594 2984 5649; x_wconf 66' lang='lat' dir='ltr'>s‘Placcus</span> <span class='ocrx_word' id='word_1_873' title='bbox 3027 5595 3163 5645; x_wconf 91' lang='lat' dir='ltr'>tuus</span> <span class='ocrx_word' id='word_1_874' title='bbox 3194 5593 3397 5659; x_wconf 85' lang='lat' dir='ltr'>taceat,</span> <span class='ocrx_word' id='word_1_875' title='bbox 3433 5590 3573 5663; x_wconf 92' lang='lat' dir='ltr'>quin</span> 
     </span>
    </p>
   </div>
   <div class='ocr_carea' id='block_1_118' title="bbox 1930 5677 3576 5753">
    <p class='ocr_par' dir='ltr' id='par_1_118' title="bbox 1930 5677 3576 5753">
     <span class='ocr_line' id='line_1_118' title="bbox 1930 5677 3576 5753; baseline -0.004 -13"><span class='ocrx_word' id='word_1_876' title='bbox 1930 5685 2078 5740; x_wconf 90' lang='lat' dir='ltr'>bene</span> <span class='ocrx_word' id='word_1_877' title='bbox 2134 5683 2363 5741; x_wconf 89' lang='lat' dir='ltr'>vivendi</span> <span class='ocrx_word' id='word_1_878' title='bbox 2424 5681 2585 5740; x_wconf 89' lang='lat' dir='ltr'>locus</span> <span class='ocrx_word' id='word_1_879' title='bbox 2639 5687 2743 5748; x_wconf 87' lang='lat' dir='ltr'>est,</span> <span class='ocrx_word' id='word_1_880' title='bbox 2804 5682 3131 5753; x_wconf 89' lang='lat' dir='ltr'>ubicunque</span> <span class='ocrx_word' id='word_1_881' title='bbox 3186 5677 3292 5747; x_wconf 79' lang='lat' dir='ltr'>sis,</span> <span class='ocrx_word' id='word_1_882' title='bbox 3325 5683 3377 5734; x_wconf 89' lang='lat' dir='ltr'>et</span> <span class='ocrx_word' id='word_1_883' title='bbox 3413 5679 3461 5734; x_wconf 89' lang='lat' dir='ltr'>si</span> <span class='ocrx_word' id='word_1_884' title='bbox 3521 5684 3576 5733; x_wconf 89' lang='lat' dir='ltr'>te</span> 
     </span>
    </p>
   </div>
  </div>
