3916 6378
324 437 442 503 895
1521 424 1936 493 GOZECHINI
1981 423 2507 495 SCHOLASTICI.
3443 493 3446 495 λ
3623 422 3759 492 896

325 579 558 636 animus
615 594 731 634 non
781 574 1006 642 deficit,
1057 587 1244 644 equus
1301 571 1390 624 est
1441 565 1616 623 etiam
1673 561 1944 620 salubris.
1978 560 2363 630 Asudavisse
2390 569 2447 624 et
2473 559 3758 641 Augustinum,Ambrosium,Athanasiuni

395 670 586 727 XVIII,
620 669 691 724 At
720 670 977 722 attamen
1007 663 1141 718 licet
1169 657 1430 731 vagando
1461 659 1517 712 et
1535 654 1788 710 vacando
1807 653 1956 708 bene
2065 655 2523 730 innumerosque
2549 659 2696 712 notaa
2711 653 3505 723 frontisPatres,etexterius
3523 656 3758 709 contra

322 758 548 816 vivendi
580 772 838 830 quaerere
867 754 1078 820 locum,
1111 767 1141 805 e
1195 745 1441 804 sacrario
1497 743 1828 816 sapientum
1867 741 1953 795 νὶ·
2065 745 2424 818 apostoloset
2453 744 2776 819 discipulos
2805 745 3057 813 Satanas,
3105 747 3164 799 et
3221 742 3484 800 interius
3516 745 3755 798 contra

307 846 494 922 'peras
525 845 963 917 eccephalorum
997 839 1256 896 eliminet
1294 833 1494 907 regula
1541 831 1822 899 rationis;
1868 833 1955 886 ta-
2065 833 2393 907 spiritualia
2421 833 2692 907 nequitiae
2724 850 2914 906 usque
2939 833 3014 889 ad
3030 831 3286 888 victoriae
3301 848 3606 888 coronam
3627 831 3755 887 for-

325 918 459 994 men
491 934 790 1010 permagni
825 929 1220 992 relcrtvidere.
1245 925 1598 998 quibuscum
1617 918 1952 976 diverSBriS-
2063 923 2198 980 titer
2223 923 2553 980 dimicasse.
2595 923 2896 980 Assentior
2935 921 3202 995 quidem,
3234 921 3436 988 frater,
3462 919 3571 977 his
3608 937 3752 992 qua:

326 1027 446 1083 Non
479 1008 801 1081 recordaris
841 1019 978 1092 quid
1027 1015 1316 1072 laboranti
1374 1011 1665 1085 prephetze
1691 1008 1952 1064 divinum
2063 1017 2188 1068 tum
2218 1029 2368 1080 vere,
2399 1017 2526 1068 tum
2559 1011 2788 1068 curiose
2835 1009 3291 1084 argumentaris.
3334 1009 3489 1065 Mihi
3521 1013 3750 1065 tamen

327 1116 481 1172 dicat
534 1109 870 1170 oraculum!
923 1109 1054 1175 Fili,
1113 1103 1326 1176 inquit,
1390 1101 1642 1170 hominis,
1685 1095 1956 1153 increduli
2063 1119 2179 1158 non
2211 1103 2352 1158 satis
2385 1105 2536 1159 recte
2563 1117 2798 1158 omnem
2829 1099 3147 1156 electorum
3171 1097 3593 1154 Ecclesiamin
3620 1098 3748 1155 hoc

323 1214 374 1260 et
399 1218 729 1276 pervorsoros
757 1207 884 1255 sunt
940 1203 1116 1252 locum
1161 1199 1212 1250 cl.
1263 1209 1385 1249 cum
1443 1188 1814 1261 scorpionibus
1854 1185 1956 1240 Ιιει-
2063 1207 2270 1270 pugnae
2300 1190 2495 1248 studio
2524 1189 2868 1247 concludere
2897 1187 3136 1245 videris,
3169 1187 3322 1243 Nam
3349 1191 3412 1243 ct,
3444 1186 3524 1243 dc
3558 1185 3753 1244 fastis

326 1275 476 1349 bitas.
511 1293 660 1347 Num
693 1295 747 1346 te
763 1288 1018 1362 praeterit
1037 1283 1292 1358 genuina
1315 1279 1689 1352 scorpionum
1709 1275 1872 1332 malit

2203 1279 2572 1348 .ronicis,imo
2594 1278 2643 1336 si
2663 1279 2732 1334 de
2751 1275 3106 1335 authenticis
3126 1275 3578 1348 scripturarum
3606 1292 3749 1332 mo-

324 1385 422 1455 qui
453 1399 568 1437 non
601 1381 772 1436 dente
804 1377 1092 1441 mordent.
1127 1391 1240 1429 Ποῐι
1273 1371 1472 1442 lingua
1501 1365 1788 1432 ίηῧοίιιίῐ,
1840 1379 1952 1418 non
2064 1369 2342 1426 nimentis
2373 1369 2488 1426 Deo
2519 1367 2904 1424 militantium
2937 1364 3182 1438 colligas
3241 1363 3518 1434 annales,
3569 1368 3750 1421 certe

323 1453 419 1529 ore
447 1474 826 1535 venenantur,
879 1467 976 1521 sed
1037 1468 1262 1520 tantum
1322 1464 1533 1515 nocent
1591 1454 1802 1510 cauda!
1837 1457 1955 1506 Hos
2061 1461 2181 1514 tam
2211 1458 2567 1524 theorcticis,
2598 1473 2776 1529 quam
2805 1454 3098 1528 practicis,
3121 1453 3233 1510 hoc
3253 1458 3344 1510 est
3365 1458 3492 1508 tam
3516 1453 3749 1510 οιίοείε

323 1566 536 1636 quippe
567 1561 900 1632 scorpiones
930 1555 1167 1612 notabat
1195 1550 1503 1608 Psalmisla
1533 1563 1666 1602 cum
1697 1545 1950 1636 dicebat:
2064 1565 2239 1620 quam
2274 1547 2588 1620 negotiosis
2618 1545 2956 1612 virtutibus,
2985 1560 3086 1600 eos
3105 1543 3222 1599 Deo
3245 1541 3548 1614 placuisse
3575 1542 3758 1598 inve-

323 1630 716 1711 llolrahenteiu
737 1652 936 1706 secrato
967 1647 1214 1718 proximo
1260 1658 1376 1707 suo,
1410 1640 1552 1694 hunc
1577 1633 1950 1709 persequebar.
2063 1637 2210 1694 nies.
2243 1638 2311 1694 Et
2336 1640 2400 1692 ut
2427 1652 2614 1709 pauca
2641 1635 2713 1691 de
2741 1632 2835 1690 his
2867 1633 2926 1688 in
2949 1635 3376 1705 argumentum
3401 1630 3548 1687 ﬁdei
3572 1647 3752 1687 com-

330 1746 504 1800 item:
541 1743 646 1810 Qui
677 1743 969 1811 loquuntur
991 1752 1179 1808 pacem
1207 1749 1327 1788 cum
1352 1730 1624 1802 proximo,
1648 1731 1780 1792 etc.,
1806 1738 1952 1795 quos
2061 1726 2271 1798 pendio
2326 1724 2738 1797 perstringam,
2796 1721 3107 1778 considera
3165 1718 3276 1776 sub
3331 1719 3555 1776 umbra
3581 1719 3752 1794 legis

325 1807 608 1906 quantum
641 1807 765 1902 ipse
793 1807 1107 1896 omnesque
1151 1820 1331 1878 sancti
1377 1817 1483 1873 viri
1532 1830 1761 1886 semper
1791 1828 1950 1868 exse-
2057 1815 2256 1882 Josue,
2289 1814 2540 1882 Gedeon,
2574 1812 2777 1880 David,
2810 1815 2868 1867 et
2897 1825 3187 1866 coronam
3207 1807 3753 1878 Machabieorum;

323 1897 466 1978 crati
497 1921 615 1976 sint
645 1897 946 1975 subdendo
977 1913 1195 1986 aperit:
1223 1912 1298 1965 Da
1327 1909 1444 1964 illis
1471 1904 1762 1962 secundum
1791 1917 1953 1974 opera
1981 1928 2030 1993 B
2060 1903 2196 1959 dein
2229 1904 2484 1993 Moysen,
2519 1906 2576 1958 et
2599 1903 2812 1969 Aaron,
2846 1898 3057 1967 Eliam,
3093 1901 3153 1954 et
3179 1897 3488 1967 Eliszeum,
3519 1902 3579 1954 et
3603 1915 3755 1971 pro-

323 2014 583 2083 ipsorum,
617 2012 673 2064 et
701 2011 905 2062 caetera
934 1985 1060 2076 quis
1091 2001 1432 2072 sequuntur.
1899 2079 1913 2083 _
1981 1985 2026 1993 ”
2065 1991 2664 2065 phetarum'chorum.
2695 1989 2780 2044 Ad
2801 2003 3101 2046 summam
3133 1990 3274 2044 nota
3297 1987 3456 2059 quod
3499 1985 3750 2043 Paulus

391 2099 533 2154 XIX.
569 2099 709 2152 Ecce
738 2075 965 2150 iterum
983 2108 1076 2147 me
1123 2085 1498 2162 pervivaciter
1546 2097 1816 2156 premens
1846 2079 1954 2134 ad-
2062 2082 2134 2137 de
2163 2081 2370 2136 iisdem
2402 2077 2660 2152 antiquis
2686 2076 2955 2134 Patribus
2984 2076 3144 2132 dicat
3177 2093 3192 2132 :
3250 2075 3459 2143 Sancti,
3494 2075 3749 2148 inquit,

313 2188 484 2260 jicis:
517 2183 933 2256 Nunquidnam
965 2179 1152 2235 eidem
1197 2174 1496 2246 Prophetze
1530 2170 1770 2226 mandat
1798 2168 1952 2223 idem
2057 2185 2160 2242 per
2185 2169 2346 2240 ﬁdem
2375 2171 2622 2224 vicerunt
2649 2182 2838 2239 regna,
2865 2170 2924 2221 et
2954 2169 3166 2221 caetera
3194 2180 3318 2235 quin
3365 2167 3748 2235 sequuntur

319 2251 640 2340 oraculum,
670 2251 864 2327 locum
893 2268 981 2325 vel
1011 2267 1273 2322 animum
1317 2261 1590 2334 fugiendo
1623 2262 1849 2314 mutare
1896 2258 1956 2311 at
2063 2275 2250 2330 usque
2277 2259 2610 2314 circuierunt
2638 2257 2700 2310 in
2724 2253 2981 2324 meliotis,
3013 2258 3066 2309 et
3097 2255 3158 2308 in
3184 2251 3583 2308 solitudinibus
3627 2267 3744 2308 er—

317 2381 434 2420 non
466 2363 661 2436 potius
692 2361 761 2415 ad
782 2355 1154 2429 corrigendos
1173 2365 1534 2424 perversores
1555 2352 1612 2403 et
1632 2361 1952 2402 evenenan-
2063 2353 2251 2404 rantes
2269 2364 2291 2409 ;
2317 2351 2375 2402 et
2396 2345 2634 2401 tandem
2664 2343 2940 2400 omnibus
2999 2339 3362 2398 enumeratis
3405 2339 3748 2396 concludit

320 2453 424 2508 dos
438 2428 790 2522 scorpiones,
809 2428 982 2502 etiam
999 2459 1182 2514 usque
1197 2441 1266 2496 ad
1281 2437 1625 2510 sanguinem
1646 2432 1954 2490 resistere?
2062 2436 2260 2493 dicens
2285 2451 2296 2490 :
2331 2436 2394 2490 Et
2417 2435 2478 2489 hi
2504 2449 2686 2490 omnes
2717 2432 3023 2488 testinwnio
3080 2429 3213 2499 ﬁdei
3251 2428 3476 2502 probati
3507 2429 3749 2486 inventi

319 2543 520 2598 Nonne
559 2515 711 2593 idem
744 2515 1027 2606 Propheta
1053 2527 1302 2595 vincula,
1336 2527 1574 2591 famem,
1607 2522 1800 2578 lacum
1841 2538 1952 2576 cw-
2061 2528 2208 2579 sunt.
2241 2523 2342 2579 His
2363 2527 2421 2578 et
2435 2519 2799 2593 hujusmodi,
2825 2517 3280 2592 sidilligentiam
3293 2515 3746 2573 consideratio-

320 2646 528 2686 nosum
577 2624 835 2699 pertulit,
856 2604 1188 2690 iceeteraque
1220 2618 1276 2672 id
1309 2631 1492 2689 genus
1535 2612 1722 2685 plura,
1753 2625 1884 2699 quae
1922 2626 1956 2662 a
2063 2613 2156 2668 nis
2177 2611 2476 2679 adhibeas,
2497 2609 2722 2665 videbis
2739 2611 2893 2664 certe
2908 2604 3542 2679 patriarchasquidem
3557 2621 3747 2677 prac-

319 2692 601 2792 principio
642 2729 872 2785 semper
901 2710 1014 2782 piis
1035 2704 1482 2779 malignantium
1509 2699 1852 2774 perversitas
1874 2697 1955 2752 in-
2061 2702 2173 2757 tice
2189 2699 2438 2774 negotiis
2459 2695 2890 2754 instantissime
2908 2697 3260 2767 occupatos;
3279 2692 3617 2766 prophetas
3633 2708 3751 2749 ve-

317 2781 981 2875 tulit?-Utique,—frater,
1016 2797 1098 2852 ita
1129 2799 1252 2850 est:
1287 2797 1344 2848 et
1373 2796 1568 2848 tamen
1625 2805 1740 2845 non
1781 2787 1954 2844 modo
2064 2807 2126 2846 ro
2151 2786 2604 2861 contemplativa
2636 2785 2818 2858 quieti
2836 2799 3045 2842 serena
3065 2787 3264 2839 mente
3282 2781 3552 2839 feriatos.
3574 2784 3750 2849 Quo-

317 2871 676 2960 hominibus,
709 2891 806 2948 sed
840 2888 1016 2944 etiam
1049 2883 1186 2941 viris
1216 2898 1398 2954 supra
1425 2880 1576 2937 vires
1606 2881 1695 2934 est
1725 2891 1958 2950 semper
2064 2879 2236 2936 modo
2268 2877 2426 2934 enim
2453 2875 2641 2942 aliter,
2671 2873 2760 2930 vel
2791 2873 2890 2930 isti
2919 2871 3173 2928 salutem
3203 2871 3400 2945 gentis
3431 2888 3562 2926 sua
3591 2871 3748 2928 forti

318 2985 376 3040 in
407 2958 704 3056 procinctu
722 2995 869 3043 esse,
891 2989 1194 3046 nunquam
1231 2971 1495 3027 animum
1513 2969 1582 3024 ad
1599 2967 1804 3022 divine:
1824 2980 1958 3020 con-
2063 2984 2243 3024 manu
2275 2966 2726 3039 propugnarent,
2764 2961 2852 3018 vel
2897 2959 2982 3016 illi
3031 2976 3240 3018 sereno
3291 2959 3518 3016 mentis
3553 2958 3747 3016 oculo

318 3051 713 3144 templationis
735 3063 1101 3122 dulcedinem
1134 3059 1463 3116 remittere:
1489 3055 1712 3129 jugiter
1739 3051 1958 3144 tumul-
2063 3066 2263 3122 beatas
2311 3062 2564 3120 γίείοηοε
2607 3061 2918 3118 viderent?
2954 3061 3078 3121 Nec
3125 3057 3248 3114 hac
3293 3058 3451 3126 dico,
3483 3057 3642 3130 quin
3676 3057 3744 3113 in

317 3141 504 3218 tUOSViS
533 3155 854 3214 assumbus
885 3148 1144 3224 ΡθΓθθιῙίν
1177 3162 1480 3218 nunquam
1503 3144 1740 3200 internae
1767 3141 1958 3197 ἀυῙοθ·
2065 3158 2310 3224 utroque
2347 3151 2564 3208 ordone
2580 3149 2796 3206 fuerint
2814 3146 3012 3220 plures
3037 3147 3352 3218 utriusque
3374 3145 3692 3218 propositi
3730 3164 3746 3202 :

319 3249 472 3305 dinis
503 3246 696 3320 quiete
727 3241 922 3300 foveri.
956 3241 1122 3294 Nunc
1151 3237 1360 3292 iterum
1391 3232 1614 3305 antiqui
1648 3229 1806 3286 illius
1827 3231 1952 3320 Mu-
1979 3288 2021 3320 η
2064 3243 2165 3299 sed
2194 3241 2317 3297 hac
2348 3244 2544 3296 tamen
2566 3235 2918 3294 adscribitur
2935 3233 3228 3309 generalia
3254 3233 3550 3290 distincto
3574 3233 3750 3289 utri-

320 3288 472 3305 ωιηυ
503 3288 696 3320 ινα-,νυν
727 3288 922 3300 ψη...
957 3288 1118 3294 -.ψ-ν
1531 3288 1549 3305 ,
2064 3288 2165 3299 η..
2195 3288 2315 3297 ...η
2354 3288 2544 3296 -.η-η-
2567 3288 2908 3294 ___-____-__
2984 3288 3223 3291 -____-,_
3265 3288 3274 3289 ,
3693 3288 3712 3289 ί

320 3337 469 3394 sonii
503 3335 674 3401 dicto,
708 3331 863 3388 velut
891 3326 1088 3384 hostili
1121 3323 1366 3380 armaris
1393 3321 1508 3378 telo
1549 3321 1785 3376 dicens:
1817 3318 1950 3376 Ani-
1979 3288 2022 3356 C
2061 3288 3574 3404 qucordini,Transcctacutcmcifctcricchmmcnti
3589 3339 3748 3380 noc-

319 3443 482 3484 mum
514 3423 831 3487 remittere,
861 3417 1126 3473 amittere
1157 3419 1280 3480 est;
1326 3415 1382 3468 et
1433 3408 1760 3466 Christiano
1789 3407 1949 3465 theo-
2059 3419 2209 3488 ωλι)
2223 3409 3486 3489 cujusﬁrmcmcntomcmorctiPatrcsvclut
3510 3410 3746 3468 claris-

319 3517 433 3590 logi
458 3513 641 3570 nostri
673 3507 922 3566 muniris
951 3505 1146 3578 οῙΥΡθο
1172 3519 1184 3558 ί
2060 3500 3043 3570 simaelucebantstellaa,ubiilluxit
3061 3500 3188 3556 dies
3216 3515 3401 3572 quam
3435 3499 3585 3556 fecit
3616 3501 3748 3557 Do-

379 3588 662 3712 I—qunquam
683 3643 824 3694 bella
849 3639 1020 3700 bouis,
1044 3649 1318 3700 umquam
1339 3633 1654 3684 descrimina
1676 3631 1888 3682 desum.
2062 3595 2626 3698 min.us,etortusest
2645 3590 2743 3648 Sol
2766 3589 3012 3689 justitiis
3041 3588 3317 3688 Christus
3345 3588 3558 3658 Jesus,
3593 3589 3753 3647 vide

1353 3746 1362 3754 ,
2060 3687 2369 3758 BarJonam
2383 3685 2640 3749 Petrum,
2655 3683 2824 3737 etvas
2835 3677 3136 3736 electionis
3148 3675 3402 3734 Paulum
3425 3693 3636 3750 usque
3663 3679 3754 3734 ad

1353 3746 1362 3754 ,
2061 3722 2369 3754 υαιδυμαιυ
2383 3722 2409 3738 ι
2429 3722 2507 3738 vv;
2523 3722 2640 3749 “tu,

321 3787 408 3842 Ad
431 3785 552 3840 haec
571 3797 676 3852 ego
705 3797 716 3834 :
741 3775 1044 3839 Animum,
1067 3771 1332 3842 inquam,
1351 3769 1411 3824 in
1434 3767 1670 3825 delicias
1689 3769 1950 3842 volupta-
2061 3772 2322 3846 martyrii
2336 3785 2607 3829 coronam
2626 3768 2686 3826 in
2708 3767 2831 3825 acie
2855 3766 3182 3840 perstitisse
3206 3782 3220 3822 :
3253 3769 3557 3822 Joannem
3586 3782 3753 3824 vero

320 3881 524 3946 tesque
554 3868 856 3932 resolvere,
890 3868 946 3920 et
976 3857 1324 3934 posthabitis
1352 3857 1424 3914 iis
1455 3875 1580 3930 quae
1603 3860 1673 3914 ad
1699 3859 1950 3917 salutem
2061 3861 2334 3936 angelicas
2354 3855 3072 3932 virginitatistheologum,
3095 3859 3154 3910 et
3171 3855 3394 3911 Lucam
3411 3854 3754 3928 Evangelii

321 3942 528 4022 animae
554 3959 868 4032 operantur
895 3957 952 4008 et
974 3953 1309 4024 protegunt,
1331 3947 1390 4002 in
1414 3950 1642 4004 terrena
1663 3949 1954 4006 desideria
2061 3965 2428 4018 conservum,
2461 3943 2912 4020 quorumlaliter
2966 3943 3156 4016 primo
3215 3946 3424 3999 contra
3455 3942 3750 4000 bestiam

320 4029 637 4118 remittere,
664 4061 794 4101 vere
823 4041 1091 4097 amittere
1121 4041 1226 4094 est.
1258 4035 1472 4092 Verum
1501 4036 1735 4094 animus
1782 4055 1817 4094 a
1845 4055 1951 4096 saa-
2060 4029 3750 4108 Domitianumaliosqueantichristosfortiterdecertavit:

322 4139 609 4198 cularium
636 4131 916 4196 tumultu,
937 4131 1222 4199 quantum
1241 4124 1664 4194 hominivacat,
1688 4127 1951 4196 feriatus,
2061 4130 2195 4187 dein
2221 4143 2356 4185 vero
2385 4124 2590 4198 sopitis
2634 4121 2970 4180 earumdem
3023 4119 3350 4177 bestiarum
3382 4119 3748 4190 furoribus,

323 4214 1508 4286 sinubescurarum,siventosimbresque
1522 4215 1952 4274 detrahentium
2063 4217 2366 4290 tbeologiae
2401 4214 2518 4270 otio
2545 4227 2778 4277 vacans,
2809 4213 2869 4266 et
2897 4209 2956 4265 in
2987 4207 3116 4280 ipso
3137 4206 3469 4264 divinitatis
3498 4224 3750 4266 arcano

323 4319 684 4390 linguarum.
706 4311 754 4366 si
776 4307 1150 4379 tempestates
1171 4307 1228 4360 et
1247 4303 1510 4360 turbines
1531 4303 1810 4361 falsorum
1838 4307 1953 4364 fra-
2062 4303 2354 4379 Evangelii
2371 4302 2662 4360 calamum
2675 4299 2926 4372 tingens.
2946 4298 3007 4353 in
3022 4313 3163 4370 pace
3174 4295 3514 4353 consenuit.
3533 4297 3754 4355 Lucas

263 4412 274 4426 ’
323 4384 479 4462 truin
513 4404 570 4460 in
603 4401 786 4458 altum
819 4413 880 4452 se
911 4392 1178 4451 attollens
1207 4393 1599 4459 transcendat,
1633 4399 1686 4450 et
1709 4394 1953 4452 adistri-
2065 4401 2261 4454 autem
2317 4408 2450 4450 cum
2509 4388 2884 4464 peripatetica
2915 4385 3093 4442 Paulo
3124 4385 3380 4456 aliisque
3410 4384 3756 4459 Evangelii

324 4500 414 4553 cto
441 4493 628 4566 rigore
659 4485 951 4544 millitaris
980 4480 1300 4553 disciplinae
1353 4479 1654 4549 remissus,
1705 4483 1764 4538 in
1793 4481 1955 4541 illam
2065 4481 2396 4548 veredariis,
2418 4479 2607 4553 primo
2633 4477 3092 4548 circumquaque
3114 4472 3470 4530 desudavit:
3497 4473 3657 4530 dein
3685 4475 3756 4532 in

323 4561 780 4658 placidissimam
809 4580 863 4632 et
893 4569 1318 4630 lucidissimam
1346 4568 1552 4624 divinae
1599 4572 1956 4644 contempla-
2067 4570 2369 4644 theologia
2399 4568 2584 4625 otium
2616 4583 2678 4624 se
2700 4565 3027 4632 conferens,
3051 4567 3112 4619 et
3155 4577 3388 4618 sacram
3425 4561 3758 4620 incarnati

325 4650 502 4729 tionis
531 4669 784 4742 quietem
843 4681 905 4720 se
959 4665 1146 4718 totum
1204 4657 1482 4714 resolvat:
1543 4657 1625 4714 ita
1677 4677 1809 4717 vere
1839 4677 1954 4718 non
1985 4657 2035 4722 Ι)
2062 4660 2233 4719 Verbi
2264 4655 2570 4716 historiam
2597 4659 2818 4720 texens,
2850 4653 3019 4708 beato
3045 4651 3161 4707 fine
3207 4650 3270 4706 in
3311 4665 3462 4722 pace
3504 4650 3757 4708 obdor-

327 4739 634 4824 amittitur,
653 4756 749 4812 sed
775 4753 966 4826 potius
979 4747 1568 4819 retinetur,vel(quod
1585 4748 1956 4820 potissimum
2067 4748 2249 4806 mivit.
2281 4747 2428 4802 Vide
2455 4743 2666 4801 dehinc
2694 4758 2843 4815 quos
2887 4756 3203 4810 memoras,
3258 4739 3664 4811 Augustinus
3695 4746 3760 4798 et

329 4850 436 4916 est)
459 4854 598 4903 tunc
621 4847 860 4901 domum
883 4841 1070 4897 vivere
1091 4838 1338 4894 videtur.
1361 4836 1523 4900 Quod
1547 4840 1741 4894 autem
1762 4842 1960 4896 noster
2065 4835 2427 4904 Ambrosios,
2457 4837 2524 4889 ut
2551 4847 2684 4888 vere
2700 4827 2916 4887 asseris
2935 4834 3189 4900 utroque
3211 4827 3531 4900 pugnandi
3555 4831 3761 4887 modo

329 4937 410 4992 ait
437 4933 785 5002 Theologus,
806 4945 1036 5000 semper
1051 4925 1380 4982 Christiano
1397 4941 1526 4981 esse
1551 4927 1956 4998 pugnandum,
2067 4927 2128 4982 in
2159 4923 2280 4981 acie
2300 4921 2542 4980 feliciter
2561 4918 2908 4992 perstitisse.
2929 4917 2974 4974 E
3002 4917 3230 4973 diverso
3253 4919 3459 4971 autem
3483 4919 3764 4975 attende

329 5020 476 5078 nihil
499 5019 653 5074 unde
668 5018 754 5073 vel
771 5018 960 5072 ausim
981 5015 1290 5087 velqueam
1309 5013 1740 5086 diffingere,sed
1763 5019 1960 5073 tamen
2068 5011 2278 5072 Paulos
2297 5015 2356 5068 et
2381 5008 2669 5066 Antonios
2697 5005 2961 5078 aliosque
2980 5005 3324 5061 innumeros
3342 5003 3584 5063 Christi
3608 5022 3764 5064 cru-

331 5109 490 5168 salva
518 5105 746 5162 virtutis
769 5100 1962 5172 constantialiceatdicere,satissuperque
2069 5101 2269 5160 cifixos
2297 5115 2441 5173 pene
2467 5097 2543 5154 ab
2570 5094 2840 5152 exteriori
2896 5093 3128 5151 turbine
3183 5091 3401 5148 vixisse
3430 5091 3709 5153 feriatos
3745 5115 3761 5165 ;

329 5213 456 5258 esse
483 5193 724 5258 laboris,
756 5193 803 5246 si
835 5210 869 5246 a
901 5191 1039 5246 foris
1068 5190 1126 5245 in
1153 5189 1317 5246 falsis
1387 5187 1670 5242 fratribus
1725 5187 1880 5244 bella
1905 5193 1964 5245 et
2070 5195 2244 5264 atque
2273 5187 2449 5246 etiam
2479 5187 2610 5259 ipsa
2637 5181 2931 5240 interioris
2951 5199 3160 5256 pugnae
3181 5181 3548 5252 certamina,
3573 5184 3775 5257 adju-

331 5286 646 5346 seditiones
676 5283 924 5346 cessent,
944 5277 1188 5334 interius
1205 5293 1336 5332 vero
1353 5275 1538 5332 nostri
1556 5279 1799 5332 conatus
1814 5275 1962 5334 vires
2067 5283 2238 5336 vante
2267 5275 2456 5351 gratia
2481 5271 2718 5344 Christi,
2750 5275 2882 5344 post
2923 5275 3156 5343 tergum
3204 5266 3474 5338 misisse,
3529 5274 3598 5327 et
3618 5273 3769 5344 jam

331 5380 534 5433 contra
561 5369 786 5442 antiqui
817 5366 1004 5423 hostis
1033 5369 1393 5422 tentamenta
1419 5363 1734 5432 decertent,
1781 5363 1963 5422 donec
2071 5367 2240 5440 quasi
2287 5367 2349 5422 in
2403 5361 2736 5421 ccelestibus
2783 5360 2838 5417 ei
2893 5373 3252 5432 conregnare
3309 5357 3416 5429 qui
3449 5358 3769 5419 dicebat:

333 5463 425 5518 his
455 5466 748 5515 armatura
776 5457 872 5514 Dei
905 5453 1194 5528 superatis
1219 5458 1276 5509 et
1304 5451 1670 5524 expugnatis,
1712 5453 1964 5512 donante
2069 5456 2264 5512 Nostra
2291 5451 2626 5511 conversatio
2644 5451 2708 5506 in
2735 5449 2882 5506 cali:
2911 5451 3009 5504 est.

335 5549 562 5603 Christo
593 5548 947 5618 accipiamus
978 5543 1232 5614 quietem
1263 5541 1424 5612 pacis
1455 5544 1760 5611 perpetuis.
2141 5542 2414 5600 XXI.Nec
2433 5539 2625 5598 solum
2641 5534 3256 5610 theologievangelicze
3276 5533 3436 5591 lucis
3463 5535 3779 5598 irradiati

410 5632 522 5686 ΧΧ.
553 5633 752 5688 Adhuc
782 5630 1134 5704 pervicacius
1188 5645 1366 5701 agens
1422 5626 1589 5696 dicis,
1648 5643 1878 5704 semper
1902 5630 1964 5687 in
2072 5629 2354 5700 claritate,
2385 5641 2588 5686 verum
2645 5629 2706 5684 et
2758 5625 2984 5700 priores
3040 5621 3380 5698 phi1030phi
3439 5629 3509 5682 et
3535 5625 3776 5688 heroes

341 5718 677 5778 Christianae
691 5719 907 5780 militiae
921 5718 1124 5780 castris
1137 5721 1453 5788 utrumque
1469 5715 1764 5788 pugnandi
1781 5731 1965 5788 genus
2075 5715 2496 5792 quamplurimi
2525 5712 2841 5789 gentilibus
2871 5711 3128 5772 obvoluti
3147 5710 3442 5780 tenebris,
3467 5718 3776 5782 nondum
