3916 6350
169 408 295 469 897

1352 410 1736 474 EPISTOLA
1776 411 1885 473 AD
1930 412 2442 481 VALCHERUM.

3451 425 3568 489 898

172 548 371 597 exorto
404 542 533 598 Sole
556 544 827 613 justitias,
861 548 917 600 et
938 544 1257 618 negotiosis
1278 549 1331 599 et
1362 546 1566 599 otiosis
1589 545 1814 600 virtuti-
1846 546 1901 612 Α
1933 545 2028 599 bet
2052 556 2498 619 argumentum;
2534 554 2619 607 vel
2651 570 2718 609 ea
2767 571 2891 625 quae
2944 556 3013 609 de
3066 554 3258 610 divino
3299 557 3566 625 producis

169 630 307 697 bus,
341 648 489 703 quas
519 632 733 703 partim
764 636 985 689 naturae
1023 634 1326 697 beneﬁcio,
1358 633 1571 706 partim
1618 633 1819 689 libera-

167 718 314 775 liun:
331 719 774 792 disciplinarum
791 723 985 779 studio
1007 723 1261 779 assecuti
1281 722 1625 790 sunt,vitam
1647 740 1815 778 suam

166 806 229 862 in
261 807 358 864 illo
382 826 487 865 suo
514 809 757 867 honesto
782 816 837 866 et
860 810 985 866 utili
1005 810 1388 867 solertissime
1402 816 1811 867 exercuerunt:

167 899 399 968 quando
431 898 531 954 alii
557 916 759 954 eorum
792 900 879 955 vel
911 900 1054 956 artis
1084 899 1304 955 militis:
1357 899 1665 971 stipendiis
1714 900 1814 955 de-

163 984 366 1055 vincti,
402 987 490 1042 vel
524 987 777 1060 publicis
837 988 1450 1045 administrationibus
1503 988 1813 1060 perfuncti,

167 1074 331 1128 domi
344 1076 602 1147 forisque
623 1076 873 1148 graviter
886 1077 1133 1149 agendo,
1146 1081 1301 1134 terra
1318 1077 1579 1148 marique
1593 1076 1819 1133 fortiter

167 1164 510 1235 pugnando,
533 1164 756 1221 celebre
787 1182 997 1221 nomen
1024 1166 1136 1222 sibi
1159 1170 1458 1239 perpetuo,
1483 1169 1549 1221 ut
1577 1166 1818 1238 putaba-

168 1255 289 1318 tur,
323 1257 737 1323 propagarunt.
770 1253 1034 1309 Aliivero
1063 1253 1151 1310 vel
1205 1254 1465 1311 emeritis
1517 1253 1816 1310 laboribus

166 1340 351 1395 nobili
374 1340 491 1396 otio
522 1341 743 1411 donati,
785 1341 873 1397 vel
924 1342 1100 1399 etiam
1153 1344 1213 1398 in
1276 1344 1459 1400 otium
1506 1344 1662 1415 quod
1706 1343 1818 1399 ele-

164 1434 375 1500 gerant
403 1430 536 1485 odio
567 1430 958 1498 saecularium,
992 1449 1053 1489 se
1113 1433 1494 1499 conferentes,
1551 1432 1639 1489 vel
1679 1432 1818 1488 scri-

167 1517 383 1589 bendo,
414 1518 503 1575 vel
536 1520 890 1592 disputando
914 1522 1084 1593 juxta
1108 1521 1219 1578 sibi
1252 1538 1317 1577 ac
1337 1520 1667 1595 reipublicaa
1685 1538 1816 1577 con-

169 1606 501 1662 suluerunt.

241 1695 405 1751 XXII.
430 1698 591 1762 Quod
616 1698 688 1765 si,
721 1703 784 1753 ut
813 1702 1266 1771 argumentosus
1292 1716 1376 1766 es,
1423 1698 1599 1754 etiam
1660 1715 1815 1759 nunc

164 1785 488 1855 prmmissis
512 1788 839 1859 pugnacius
858 1788 1164 1844 contendis
1187 1787 1493 1859 refragari,
1515 1792 1817 1843 succentu-

166 1872 338 1927 riatis
367 1874 557 1930 cincta
586 1877 896 1932 sententiis
928 1877 1112 1931 aderit
1142 1876 1271 1948 ipsa
1299 1876 1663 1942 Veritas,nec
1695 1876 1817 1932 suis
1850 1916 1896 1980 Β

166 1962 399 2016 desinet
422 1963 686 2034 partibus
707 1982 773 2020 su
784 1966 826 2019 ff
827 1966 1036 2036 ragari,
1069 1969 1125 2020 et
1143 1970 1207 2019 ut
1219 1965 1411 2020 verius
1433 1966 1819 2036 testatiusque

167 2050 250 2105 sit
279 2051 432 2122 quod
465 2068 891 2118 asseveramus,
916 2054 1167 2109 adducet
1191 2054 1361 2109 nobis
1383 2053 1441 2108 in
1482 2053 1817 2125 praesidium

168 2138 303 2194 fidei
337 2139 408 2195 de
439 2139 681 2195 consilio
712 2141 1020 2212 utriusque
1051 2142 1407 2198 Testamenti
1442 2143 1818 2214 personas,de

165 2228 352 2284 altero
384 2228 625 2298 quidem
677 2230 988 2286 Rachelem
1025 2235 1082 2286 et
1139 2230 1323 2297 Liam,
1359 2231 1431 2287 de
1488 2231 1668 2287 altero
1718 2248 1815 2287 au-

165 2321 288 2372 tem
323 2316 612 2373 Martham
642 2323 699 2374 et
729 2319 993 2375 Mariam.
1026 2320 1137 2375 Sed
1160 2336 1442 2392 quorsum
1459 2320 1566 2376 hac
1582 2320 1819 2376 omnia?

164 2406 446 2476 profecto,
498 2411 563 2462 ut
594 2412 857 2479 patenter
912 2409 1200 2475 advertas,
1243 2407 1396 2464 sicut
1442 2409 1816 2482 praemissum

164 2500 275 2564 est,
308 2496 612 2567 semper‘et
632 2497 834 2551 otiosis
852 2500 907 2551 et
920 2497 1237 2569 negotiosis
1258 2497 1573 2554 virtutibus
1603 2498 1818 2555 electos

168 2600 312 2639 suos
344 2588 455 2638 Deo
487 2584 933 2657 complacuisse,
968 2602 1073 2642 nec
1094 2585 1438 2641 alterutram
1479 2591 1701 2658 partem
1717 2604 1819 2641 un-

167 2688 347 2744 quam
386 2671 552 2727 alteri
579 2674 1009 2745 praajudicasse.
1038 2674 1186 2739 Quia
1205 2676 1356 2732 sicut
1379 2678 1643 2744 acceptat
1663 2675 1820 2731 Deus

169 2761 328 2833 quod
362 2761 622 2833 practice
652 2762 968 2830 laboratur,
992 2763 1072 2818 ita
1103 2781 1219 2820 non
1240 2763 1568 2820 excluditur
1595 2764 1668 2819 ab
1689 2764 1819 2835 ejus

179 2849 563 2923 beneplacito,
598 2852 752 2923 quod
785 2868 889 2907 suo
921 2854 1184 2925 tempore
1208 2852 1463 2909 theorice
1503 2852 1820 2909 sabbatiza-

182 2944 300 2996 tur.

1928 636 2182 701 oraculo,
2219 638 2315 692 ubi
2341 640 2466 696 sine
2498 643 2654 697 nube
2679 642 2966 715 ﬁgmenti,
2994 643 3151 698 clara
3176 646 3333 714 patet
3359 645 3570 702 veritas

1928 728 2281 797 argumenti.
2315 728 2484 797 Vera,
2518 730 2740 802 inqam,
2775 738 2934 799 sunt,
2967 736 3025 788 et
3055 732 3295 788 omnino
3341 733 3570 802 idonea,

1926 829 2042 867 non
2074 818 2268 870 tamen
2327 818 2566 874 omnino
2624 820 2888 875 efﬁcacia
2942 821 3015 875 ad
3070 822 3572 893 persuadendum,

1925 903 2158 972 quando
2187 905 2420 962 animus
2440 905 2804 963 irrevocabili
2826 914 3025 965 tenore
3046 911 3119 964 ab
3150 910 3245 965 his
3275 910 3575 966 diversum

1925 990 2087 1063 eligit
2116 994 2500 1065 propositum.
2566 996 2821 1051 Didicisti
2880 1014 3017 1052 cum
3077 997 3273 1052 Tullio
3333 999 3575 1056 docente

1925 1080 2172 1136 oratoris
2203 1082 2458 1139 ofﬁcium
2489 1088 2546 1140 et
2576 1086 2783 1140 finem:
2815 1086 3070 1140 ofﬁcium
3115 1088 3378 1157 quidem,
3440 1093 3574 1159 apte

1926 1169 1998 1224 ad
2029 1172 2496 1240 persuadendum
2524 1174 2743 1239 dicere;
2784 1175 2957 1228 ﬁnem
2997 1191 3151 1237 vero,
3215 1177 3573 1245 persuadere

1926 1257 2199 1315 dictione.
2235 1260 2454 1315 Horum
2485 1278 2621 1332 ergo
2653 1262 2897 1317 alterum
2933 1263 3148 1334 optime
3179 1264 3373 1330 affers,
3424 1264 3569 1319 dum

1926 1351 2059 1419 apte
2093 1348 2160 1401 ad
2201 1349 2671 1419 persuadendum
2687 1350 2867 1404 dicis:
2894 1350 3139 1404 alterum
3153 1368 3287 1406 vero
3301 1350 3565 1420 minime,

1925 1434 2067 1506 quia
2096 1435 2236 1490 dum
2273 1438 2624 1508 persuadere
2654 1437 2903 1493 dictione
2933 1438 3172 1492 minime
3218 1438 3393 1505 vales,
3452 1440 3567 1494 ﬁne

1925 1523 2165 1579 excidia.
2198 1525 2362 1580 Nosti
2395 1530 2588 1581 autem
2620 1527 2774 1597 quod
2796 1526 3566 1596 tantizestimaturofﬁcium,

1925 1611 2040 1668 nisi
2088 1613 2202 1667 ﬁne
2233 1630 2363 1677 suo,
2424 1614 2481 1669 id
2514 1618 2604 1669 est
2658 1615 2864 1670 effectu
2924 1615 3200 1685 potiatur,
3249 1615 3453 1686 quanti
3483 1621 3574 1672 est

1925 1702 2098 1766 satio,
2131 1702 2179 1757 si
2209 1719 2515 1774 nunquam
2576 1708 2846 1759 metatur.
2910 1703 3153 1759 Proinde
3209 1708 3341 1775 apte
3370 1704 3442 1760 de
3485 1703 3574 1760 la-

1924 1789 2063 1844 bore
2095 1790 2315 1858 dicens,
2348 1791 2539 1846 ofﬁcio
2574 1795 2726 1846 recte
2758 1792 3053 1863 iungeris;
3089 1792 3191 1847 sed
3223 1792 3365 1848 dum
3412 1792 3574 1865 quie-

1924 1881 2042 1933 tem
2073 1882 2129 1933 et
2159 1880 2337 1934 otium
2393 1879 2624 1951 eligenti
2683 1881 3031 1951 persuadere
3088 1898 3202 1936 non
3261 1886 3448 1953 potes,
3508 1886 3576 1937 ut

1929 1983 2109 2037 supra
2137 1967 2357 2021 dictum
2393 1973 2502 2036 est,
2537 1969 2650 2023 ﬁne
2707 1970 2947 2023 excidia.
2984 1970 3124 2033 Quis
3181 1970 3336 2025 enim
3396 1969 3572 2026 hodie

1929 2056 2111 2110 otium
2146 2057 2373 2127 negotio
2406 2074 2521 2111 non
2547 2058 2832 2128 praeferat,
2869 2060 3127 2127 quando,
3157 2058 3208 2113 si
3239 2057 3468 2114 labores
3508 2058 3569 2113 in

1927 2160 2176 2199 vacuum
2226 2146 2428 2214 cadat;
2462 2145 2510 2201 si
2544 2162 2761 2214 cesses,
2813 2146 3095 2201 tantidem
3150 2146 3377 2203 valeat?
3428 2147 3571 2213 Quis

1927 2233 2083 2288 enim
2116 2250 2230 2289 non
2263 2237 2548 2306 temperet
2577 2252 2611 2289 a
2640 2233 2854 2300 labore,
2884 2236 2983 2290 ubi
3008 2240 3214 2307 negato
3270 2236 3446 2292 etiam
3503 2253 3571 2293 eo

1927 2322 2139 2393 dequo
2190 2323 2509 2377 convenisti
2564 2324 2825 2389 denario,
2882 2324 3195 2379 minimum
3254 2324 3570 2392 laboranti,

1927 2410 2248 2482 plurimum
2280 2412 2540 2467 conferat
2569 2412 2795 2475 otianti,
2821 2412 3111 2482 siquidem
3145 2413 3420 2468 otiobene
3442 2417 3572 2470 uta-

1927 2501 2064 2554 tur?
2095 2500 2236 2564 Quis
2261 2499 2599 2567 autem,nisi
2635 2505 2826 2555 mente
2840 2500 3172 2572 captus,tali
3202 2506 3404 2575 pergat
3426 2507 3574 2558 tem-

1929 2593 2153 2660 pestate
2183 2605 2363 2660 supra
2392 2588 2595 2660 spinas
2616 2605 2828 2655 serere,
2865 2590 2960 2643 ubi
2996 2590 3149 2644 mala
3172 2595 3323 2646 terra
3340 2590 3576 2646 tribulis

1929 2677 2195 2749 genuinae
2229 2677 2626 2749 perversitatis
2686 2677 2929 2733 horrens
2982 2678 3275 2733 salubrem
3330 2678 3575 2735 cultoris

1930 2783 2195 2830 manum,
2231 2770 2288 2821 et
2316 2766 2535 2821 bonum
2557 2766 2714 2822 verbi
2740 2783 2939 2822 semen
2970 2767 3192 2838 spernit
3222 2766 3570 2823 admittere?

1928 2854 2087 2910 Felix
2119 2855 2321 2926 utique
2359 2860 2532 2921 terra,
2566 2854 2625 2908 in
2684 2871 2800 2926 qua
2853 2871 2954 2926 per
3008 2856 3252 2909 verbum
3309 2853 3568 2911 hominis

1931 2944 2251 3000 seminatur
2276 2944 2516 2998 verbum
2559 2943 2677 3012 Dei,
2712 2960 2839 3015 quis
2887 2943 3221 2998 cmlestibus
3274 2943 3462 3016 rigata
3515 2949 3574 2999 et

246 3028 443 3084 XXIII.
473 3029 639 3102 Papae
669 3033 863 3085 autem
924 3034 989 3085 ut
1044 3031 1304 3087 nodosus
1360 3047 1443 3099 es,
1504 3030 1701 3097 frater,
1760 3037 1825 3086 ut
1932 3031 2229 3104 compluta
2268 3031 2604 3087 docentium
2659 3032 2939 3097 nubibus,
2999 3031 3338 3104 centuplum
3386 3032 3575 3088 reddit

176 3117 426 3189 fungino
458 3117 647 3190 capite
690 3135 770 3183 cs,
806 3123 862 3173 et
910 3123 1098 3175 totum
1141 3124 1197 3174 te
1252 3118 1427 3191 tegis!
1490 3118 1621 3173 Jam
1670 3118 1827 3173 enim
1934 3122 2184 3176 fructum
2232 3121 2304 3175 ad
2333 3120 2541 3176 horrea
2596 3120 2826 3176 Domini
2876 3120 2974 3175 Dei
3036 3121 3129 3175 sui
3188 3122 3358 3177 Extra
3414 3126 3570 3177 terra

158 3207 460 3279 putabam
490 3210 546 3262 te
576 3206 842 3272 desiisse,
876 3211 932 3261 et
961 3207 1048 3262 vel
1080 3208 1328 3264 dicentis
1350 3206 1713 3275 auctoritate,
1736 3207 1821 3262 vel

1936 3209 2035 3264 illa
2066 3210 2219 3265 ferea
2252 3209 2456 3264 merito
2514 3208 2726 3265 ccelum
2784 3209 2959 3265 habet
3009 3226 3256 3279 aeneum,
3317 3227 3443 3280 quae
3484 3226 3573 3264 ac-

170 3276 370 3367 potius
401 3295 692 3351 dictorum
724 3295 1004 3368 gravitate
1036 3313 1304 3368 pressum
1336 3313 1547 3351 manus
1593 3296 1820 3351 veritati
1853 3276 1895 3341 ί]
1934 3303 2099 3371 cepto
2158 3299 2381 3354 semine
2423 3315 2537 3353 non
2597 3298 2904 3353 fecundata
2958 3276 3248 3368 germine,
3281 3276 3564 3368 quidquid

163 3383 419 3441 dedisse.
453 3389 521 3440 Et
548 3401 677 3440 ecce
710 3386 919 3441 iterum
951 3384 1175 3457 clangis
1206 3386 1364 3452 tuba,
1417 3385 1629 3441 iterum
1686 3401 1818 3456 per-

162 3473 381 3546 strepis
416 3474 488 3529 ad
521 3490 704 3539 arma,
742 3474 951 3528 iterum
984 3474 1316 3529 excusando
1344 3474 1659 3546 impugnas
1690 3473 1815 3529 ani-

159 3578 351 3630 mum,
376 3562 478 3634 qui
510 3565 815 3635 tantopere
853 3562 1036 3617 otium
1095 3561 1474 3635 amplectitur
1529 3566 1587 3617 et
1642 3562 1806 3633 quie-

158 3656 305 3718 tem,
367 3651 648 3707 minitans
698 3650 1005 3722 segnitiem
1065 3655 1122 3707 et
1167 3650 1516 3714 socordiam,
1570 3667 1698 3722 quas
1748 3667 1810 3706 se

156 3739 399 3796 theoriaa
425 3738 600 3811 pallio
632 3739 855 3805 amicit,
885 3744 962 3805 te,
1004 3740 1263 3795 detracta
1317 3738 1467 3811 pelle
1496 3756 1527 3794 e
1582 3738 1810 3794 latebra

159 3844 344 3901 quam
376 3828 544 3897 fovet,
578 3833 1014 3902 protracturum
1057 3829 1114 3883 in
1155 3827 1377 3884 lucem:
1439 3828 1806 3900 recurrisque

168 3918 246 3974 ad
281 3918 619 3990 praedictum
652 3918 995 3990 prophetam
1029 3917 1247 3985 dicens,
1276 3918 1432 3988 quod
1455 3916 1813 3989 corrigendis

168 4006 611 4080 perversoribus
622 4012 679 4061 et
703 4006 1091 4062 nveuenandis
1107 4006 1513 4078 scorpionibus
1526 4011 1687 4063 tanto
1701 4007 1810 4061 im-

158 4095 409 4169 pensius
438 4095 750 4167 acriusque
781 4095 1113 4163 institisset,
1146 4098 1365 4168 quanto
1395 4094 1675 4151 furiosius
1712 4112 1812 4152 eos

154 4184 232 4241 ad
265 4184 741 4257 repugnandum,
766 4189 823 4240 et
842 4184 1103 4257 seipsum
1122 4183 1569 4256 discerpendum
1588 4186 1811 4241 anima-

150 4279 251 4330 tos
308 4273 566 4330 vidisset.
621 4273 808 4329 Addis
860 4289 1093 4345 quoque
1149 4273 1452 4346 pigritanti
1503 4273 1812 4330 stimulum

150 4361 368 4431 Flacci,
420 4379 536 4434 quo
609 4361 708 4418 ille
780 4361 1015 4419 satirico
1071 4361 1410 4435 Damasippi
1466 4363 1558 4418 sui
1615 4379 1811 4434 peror-

150 4454 333 4507 natus
372 4454 731 4518 commento,
765 4450 824 4505 in
860 4449 1148 4507 desidiam
1179 4450 1475 4507 invehitur
1503 4452 1730 4507 dicens:

309 4539 573 4590 Invidiam
608 4539 820 4604 placare
850 4553 1006 4604 paras
1035 4539 1232 4590 virtute
1263 4539 1461 4589 relicta.

1926 3387 2229 3459 spinarum
2251 3391 2309 3441 et
2337 3386 2691 3443 zizaniorum
2719 3390 2973 3456 generat,
2997 3385 3327 3456 intempore
3353 3386 3565 3440 messis

1923 3475 2176 3547 alligatis
2208 3472 2501 3530 fasciculis
2531 3474 2786 3528 mittitur
2813 3472 2871 3526 in
2904 3473 3096 3543 ignem
3118 3479 3421 3528 aeternum.
3458 3474 3563 3529 De-

1922 3564 2096 3635 nique
2125 3561 2228 3617 tali
2253 3566 2416 3617 terrae
2447 3565 2505 3616 et
2533 3561 2667 3617 talis
2698 3561 2877 3616 vineae
2906 3560 3232 3616 cultoribus
3291 3579 3407 3617 non
3468 3579 3557 3619 re-

1923 3650 2230 3725 spondenti
2286 3649 2710 3706 Paterfamilias
2765 3649 2971 3704 merito
3028 3650 3213 3705 iratus
3273 3668 3375 3722 per
3433 3668 3559 3724 pro-

1921 3741 2157 3814 phetam
2212 3739 2470 3795 minatur
2524 3738 2756 3794 dicens:
2814 3738 2932 3793 Non
2988 3739 3293 3810 putabatur,
3324 3756 3424 3795 nec
3477 3743 3561 3812 fo-

1920 3831 2121 3900 dietur,
2169 3838 2218 3885 et
2263 3828 2498 3883 nubibus
2545 3827 2816 3883 mandabo
2844 3844 2915 3881 ne
2967 3828 3167 3898 pluunt
3221 3844 3384 3900 super
3441 3846 3561 3884 eam

1923 3920 2178 3986 imbrem;
2213 3917 2436 3973 scilicet
2463 3933 2562 3972 eos
2612 3934 2759 3988 quos
2806 3916 3132 3971 secundum
3193 3917 3560 3988 propositum

1922 4007 2449 4082 praedestinationis
2477 4007 2743 4079 praevidit
2772 4006 3118 4061 damnatum
3143 4005 3237 4071 iri,
3261 4005 3368 4061 hoc
3387 4006 3560 4062 verbo

1921 4114 2227 4155 secernens
2258 4097 2329 4152 ab
2358 4096 2471 4163 his,
2503 4112 2651 4167 quos
2682 4094 2967 4166 praescivit
3013 4099 3069 4150 et
3129 4094 3564 4165 praedestinavit

1920 4188 2245 4244 conformes
2276 4185 2395 4240 ﬁeri
2431 4184 2708 4257 imaginis
2743 4182 2865 4238 Filii
2896 4182 3007 4239 sui.
3044 4184 3181 4239 Inde
3238 4185 3439 4250 etiam,
3498 4190 3564 4240 ut

1923 4277 2192 4345 arbitror,
2228 4273 2525 4347 legislator
2578 4277 2635 4329 et
2691 4272 3107 4345 prophetarum
3168 4274 3452 4328 Dominus
3499 4273 3560 4328 in

1924 4384 2053 4433 suo,
2082 4367 2153 4421 de
2182 4381 2295 4436 quo
2326 4368 2449 4419 tota
2478 4362 2567 4417 lex
2600 4363 2813 4434 pendet
2832 4366 2889 4418 et
2906 4361 3219 4434 prophetae,
3252 4362 3559 4433 Evangelio

1922 4455 2180 4528 loquitur
2210 4454 2437 4508 dicens:
2472 4452 2648 4507 Nolite
2674 4453 2925 4506 sanctum
2953 4450 3085 4506 dare
3105 4449 3352 4515 canibus,
3385 4465 3559 4521 neque

1918 4546 2252 4614 margaritas
2280 4543 2511 4596 mittatis
2540 4548 2665 4596 ante
2689 4555 2895 4611 porcos.
2946 4538 3068 4603 Quo
3124 4538 3325 4611 utique
3377 4537 3553 4595 verbo

219 4627 418 4683 XXIV.
441 4628 845 4697 Contemnere,
882 4628 1084 4698 miser,
1115 4628 1204 4684 vel
1238 4628 1469 4684 medius
1516 4630 1796 4702 proponis
1824 4640 1870 4705 1)
1902 4632 2268 4692 damnandos
2300 4628 2543 4684 secrevit
2579 4645 2612 4682 a
2652 4626 2969 4691 salvandis,
3030 4642 3101 4681 ne
3152 4626 3349 4681 surdis
3405 4642 3552 4698 prie-

139 4716 544 4773 fortissimum
576 4716 722 4773 illud
754 4717 1095 4774 constantia:
1151 4717 1436 4787 solamen,
1496 4719 1651 4789 quod
1694 4736 1796 4775 vas
1906 4722 2153 4781 dicando
2185 4719 2243 4774 in
2266 4734 2517 4774 vacuum
2541 4716 2703 4772 cedat
2728 4715 2824 4788 pia
2856 4714 3185 4772 sollicitudo
3206 4714 3552 4770 laborantis.

136 4806 447 4863 electionis
467 4810 524 4861 et
552 4805 910 4863 solidissima
939 4824 1106 4863 mens
1136 4806 1444 4879 primitivee
1491 4807 1553 4863 in
1583 4806 1796 4864 electos

1977 4808 2302 4868 XXVI.Jam
2329 4803 3259 4871 tandem,charissime,fateris,ut
3280 4804 3552 4873 arbitror,

134 4895 571 4968 persecutionis
637 4912 817 4951 manu
878 4896 1096 4970 detegit
1141 4896 1373 4953 dicens:
1437 4897 1632 4953 Omnes
1695 4899 1792 4970 qui
1899 4919 1994 4959 me
2025 4899 2127 4955 tali
2160 4894 2701 4968 temporisarticulo
2736 4892 3559 4964 mihitibique,etpiisomni-

131 4985 336 5041 volunt
364 4987 426 5040 in
456 4984 667 5041 Christo
691 4987 782 5057 pie
803 4988 999 5052 vivere,
1030 4988 1459 5057 persecutionem
1480 4987 1788 5057 patientur.

128 5076 246 5131 Et:
293 5075 410 5130 Non
462 5076 831 5144 coronabitur,
891 5076 1007 5130 nisi
1061 5076 1157 5145 qui
1186 5075 1427 5145 legitime
1475 5077 1785 5130 certaverit.

1896 4995 2028 5058 bus,
2088 5005 2194 5044 nec
2252 4986 2490 5053 frustra,
2553 5000 2655 5040 nec
2716 4984 2903 5040 otiose
2959 4988 3273 5055 exoptasse
3328 4983 3556 5040 otium:

1896 5081 2116 5155 quippe
2146 5075 2380 5149 quando
2415 5090 2521 5130 nec
2555 5073 2824 5142 honesto,
2887 5089 2992 5128 nec
3052 5073 3209 5140 utili,
3270 5072 3360 5128 vel
3406 5076 3559 5130 certe

124 5161 401 5219 Adhibes
431 5180 663 5236 quoque
695 5168 973 5236 praeterea
1001 5163 1243 5219 certanti
1286 5168 1519 5219 scutum
1580 5163 1787 5218 divinze
1896 5170 2073 5241 (quod
2109 5167 2201 5221 his
2234 5163 2535 5235 antiquius
2558 5163 2669 5234 est)
2706 5162 2880 5218 saluti
2908 5180 3020 5217 non
3046 5163 3359 5235 respondet
3380 5179 3554 5235 nego-

124 5252 541 5326 protectionis,
573 5269 689 5325 quo
723 5252 1007 5308 Dominus
1030 5253 1087 5307 in
1120 5251 1405 5324 propheta
1459 5251 1787 5324 perduelles
1891 5260 2060 5314 tium.
2094 5255 2278 5321 Unde,
2313 5258 2379 5308 ut
2431 5252 2699 5322 arbitror,
2761 5253 2913 5308 veris
2967 5252 3175 5316 victus,
3231 5256 3288 5306 et
3338 5251 3553 5321 quietis

126 5357 283 5397 suos
343 5341 679 5398 confortans
733 5340 905 5397 dicit:
961 5342 1037 5397 Ne
1078 5342 1333 5397 timeasa
1386 5342 1530 5412 facie
1575 5357 1784 5411 eorum,

122 5431 274 5503 quia
293 5446 391 5499 ego
419 5437 597 5486 tecum
627 5446 745 5485 sum
777 5434 838 5485 ut
866 5446 1059 5486 eruam
1089 5438 1159 5497 te,
1191 5429 1325 5485 dicit
1344 5430 1626 5487 Dominus.

1894 5346 2170 5404 illecebra
2200 5343 2412 5398 ductus
2459 5341 2520 5395 in
2574 5344 2838 5397 nostram
2870 5340 3030 5397 cedis
3085 5339 3387 5402 coloniam,
3443 5353 3547 5392 nec

1898 5436 2071 5502 ultra,
2105 5433 2153 5490 si
2189 5431 2373 5503 sapis,
2404 5429 2671 5485 infensor
2686 5428 2790 5486 otii
2812 5424 3544 5485 contradefensoreminsi-

210 5517 378 5574 XXV.
409 5519 614 5576 Fateor
642 5519 903 5592 quidem,
933 5519 1299 5586 charissima,
1359 5534 1495 5575 vera
1541 5524 1684 5576 sunt
1728 5525 1785 5577 et
1894 5541 2040 5581 nues
2062 5518 2398 5595 quasrelam.
2433 5517 2505 5573 Ut
2562 5522 2763 5574 autem
2819 5514 3150 5589 pernoveris
3194 5513 3347 5584 quod
3385 5530 3544 5570 nunc

116 5624 206 5664 ea
234 5623 366 5679 quae
396 5608 467 5663 de
499 5623 697 5664 crassa
725 5607 946 5664 satirici
998 5607 1339 5681 Damasippi
1394 5607 1617 5680 profers
1678 5608 1783 5664 Mi-

109 5712 334 5770 nerva,
367 5696 467 5757 ubi
498 5697 790 5772 poeticum
813 5697 1160 5773 figmentum
1182 5695 1655 5775 philosophicum
1677 5697 1782 5757 ha-

1891 5614 2032 5670 huic
2062 5616 2221 5668 tomo
2242 5608 2496 5664 maxime
2527 5606 2585 5662 in
2617 5623 2795 5663 causa
2822 5611 2931 5671 est,
2953 5604 3093 5659 mihi
3118 5602 3354 5674 quidem
3378 5608 3541 5675 opta-

1891 5702 2010 5765 bile
2038 5699 2271 5780 requiro
2303 5697 2511 5769 otium,
2545 5700 2745 5773 utpote
2774 5695 2873 5769 qui
2899 5693 3068 5767 longe
3082 5690 3370 5765 longeque
3386 5693 3540 5753 ultra
