3916 6372
335 465 452 526 899

1546 445 1963 511 GOZECHINI
2009 437 2539 506 SCHOLASTICI.

3653 425 3778 485 900

341 598 610 665 legitima
643 589 940 648 missionis
962 591 1174 643 metam
1205 583 1460 640 emeritis
1512 581 1694 634 milito
1752 579 1960 648 slipen-
1997 579 2052 644 Α
2083 576 2235 628 deria
2271 575 2676 627 conservantes
2699 568 2808 622 sibi
2840 566 3176 639 magistros,
3208 561 3571 636 prurientes
3605 559 3775 614 auri-

339 687 481 741 diis:
503 684 604 739 tibi
630 698 783 745 vero,
816 679 948 733 licet
967 675 1156 732 adhuc
1187 669 1520 728 succulento
1551 671 1608 723 et
1653 665 1854 728 veridi,
1915 670 1970 718 et

336 775 450 846 piis
479 771 775 835 omnibus,
807 765 1110 828 tantidem,
1139 759 1276 831 quia
1297 759 1496 823 timeo,
1527 753 1613 809 vel
1631 758 1782 808 certe
1801 752 1968 806 video

340 839 494 934 quod
517 859 577 915 in
599 855 914 914 laborando
946 853 1157 906 frustra
1177 847 1400 902 volvitis
1424 848 1606 898 rotam
1623 839 1966 896 nativitatis.

341 930 526 1018 Quare
550 951 740 1004 autem
777 945 1009 1005 frustra,
1071 937 1208 1008 quia
1265 933 1534 1006 superius
1595 930 1824 986 abunde
1881 931 1970 984 est

339 1051 697 1112 expressum,
729 1031 1017 1100 castigata.
1069 1022 1445 1096 disputationi
1502 1020 1654 1076 idem
1715 1019 1970 1088 repetere

341 1105 701 1200 superfluum
760 1124 866 1174 est.
925 1114 1084 1170 Nosti
1140 1115 1416 1184 praterea
1467 1108 1620 1180 quod
1672 1105 1855 1162 levita
1903 1121 1970 1159 ex

342 1192 612 1270 mandato
642 1207 786 1280 legis
815 1223 848 1261 a
878 1221 986 1260 xxv
1016 1200 1186 1256 annis
1213 1203 1272 1254 et
1321 1213 1499 1269 supra
1521 1195 1806 1266 jubentur
1861 1192 1972 1246 mi-

341 1305 622 1366 nistrare;
655 1314 688 1352 a
714 1291 1200 1368 quinquagesimo
1220 1303 1374 1354 vero,
1398 1284 1569 1356 quiet
1588 1281 1868 1338 Jubilaus
1885 1285 1972 1336 est

338 1399 396 1449 et
451 1367 1183 1462 mysticiseeleberrimus
1239 1371 1642 1439 sacramentis,
1698 1367 1970 1424 custodes

339 1457 609 1537 vasorum
669 1475 806 1528 fore.
869 1466 1153 1524 Maturius
1209 1468 1403 1518 autem
1452 1459 1578 1531 lege
1626 1457 1967 1513 militarium

343 1568 710 1626 sanetionum
725 1559 940 1615 tirones
957 1555 1294 1610 scribuntur
1307 1550 1376 1604 ad
1401 1548 1666 1604 militiam
1685 1545 1966 1612 ;eamdem

341 1663 562 1721 tamen,
594 1665 768 1724 quam
801 1651 856 1702 et
880 1645 982 1711 illi,
1011 1641 1282 1714 legitimae
1305 1636 1600 1692 missionis
1621 1635 1836 1689 habent
1861 1649 1972 1686 me-

343 1723 779 1802 tam.Cathedra
809 1749 1038 1804 minque
1069 1727 1350 1784 scholaris
1373 1723 1696 1796 magisterii
1726 1726 1782 1778 et
1805 1723 1972 1791 juxta

346 1837 560 1891 metam
579 1824 845 1885 militaris
886 1818 1204 1890 disciplina
1239 1817 1294 1869 in
1326 1813 1658 1869 auditorum
1704 1809 1970 1866 cateche-

345 1939 473 1980 seos
495 1918 668 1973 habet
679 1915 922 1985 januam
946 1904 1354 1971 institutionis,
1379 1901 1478 1957 sed
1493 1899 1660 1970 longe
1684 1896 1970 1954 maturius

343 2006 662 2064 absolvitur
682 1983 832 2057 exitu
859 1993 1196 2052 necessaria
1221 1988 1726 2058 missionis.Cujus
1755 1983 1974 2040 laboris

343 2103 594 2168 tempus,
629 2090 765 2162 quia
798 2084 941 2142 nihil
971 2079 1270 2138 difﬁcilius
1301 2079 1410 2132 sub
1441 2075 1562 2132 sole
1593 2073 1833 2147 geritur,
1884 2071 1972 2127 vel

345 2162 499 2258 quod
521 2179 707 2252 magis
735 2173 980 2247 operarii
1017 2169 1106 2226 sui
1136 2169 1286 2222 vires
1316 2163 1638 2231 exhauriat,
1672 2180 1706 2218 a
1745 2162 1974 2234 sapien-

343 2249 501 2328 tibus
531 2249 880 2342 praﬁnitum
911 2264 999 2316 est
1021 2253 1436 2328 septenne,nisi
1470 2253 1540 2306 de
1570 2254 1769 2306 catero
1805 2249 1854 2304 is
1875 2249 1974 2320 qui

346 2337 572 2435 praest.
607 2351 946 2411 auctoritate
979 2345 1306 2418 praesideat,
1337 2357 1453 2397 non
1487 2339 1702 2394 labore.
1763 2337 1976 2392 Omnes

348 2428 542 2519 itaque
570 2444 679 2498 has
705 2443 908 2502 metas,
946 2434 1154 2506 partim
1187 2436 1270 2497 tu,
1317 2429 1680 2494 charissime,
1713 2443 1775 2482 ex
1835 2428 1976 2490 toto,

349 2513 836 2609 ego-jamdudum,
851 2522 1266 2593 transegimus,
1287 2517 1543 2573 etadhue
1557 2513 1824 2587 geminus
1838 2513 1974 2568 sub-

351 2600 528 2690 t'a’sc'e,
559 2619 749 2674 adhuc
778 2615 834 2668 in
867 2612 1069 2668 eodem
1093 2608 1449 2664 desudamus
1481 2604 1704 2670 labore;
1731 2608 1786 2657 et
1816 2600 1976 2656 nulla

351 2713 519 2770 nobis
557 2707 745 2764 adhuc
777 2702 971 2758 arrisit
995 2698 1181 2771 gratia
1211 2694 1432 2751 emeriti
1465 2691 1723 2758 honoris,
1759 2708 1884 2762 qua
1915 2706 1983 2744 ex

351 2817 514 2874 aquo
571 2795 906 2866 compensat
960 2789 1141 2842 vicem
1201 2785 1346 2840 tanti
1404 2781 1640 2836 laboris.
1699 2780 1820 2834 Non
1871 2782 1976 2846 est,

353 2869 558 2965 praeter
584 2882 896 2941 admodum
927 2892 1162 2950 paucos,
1195 2873 1294 2945 qui
1325 2887 1470 2942 opus
1503 2869 1642 2965 ill-nd
1692 2870 1980 2965 retractet,

355 2955 468 3034 non
492 2979 579 3032 est
610 2972 707 3044 qui
740 2960 1334 3038 recogitet.Liberales
1351 2959 1505 3014 enim
1539 2956 1857 3028 disciplina
1881 2955 1985 3009 mi-

356 3066 468 3122 mis
498 3067 554 3118 et
583 3055 965 3115 histrionibus
997 3050 1435 3123 posthabentur,
1469 3051 1526 3101 et
1553 3061 1698 3116 pene
1756 3061 1856 3114 per
1897 3049 1982 3097 ta-

358 3157 570 3210 bernas
620 3143 948 3203 mendicare
991 3139 1279 3202 videntur,
1338 3134 1583 3206 pecunia
1610 3133 1710 3187 illa
1741 3147 1980 3202 super...

357 3237 864 3316 philosophantur,
887 3243 1223 3285 mammona
1235 3240 1410 3296 super
1421 3239 1584 3294 reges
1601 3221 1984 3276 ettetrarehas

2079 663 2210 724 bus,
2245 661 2408 716 vanis
2439 664 2494 714 et
2524 657 2814 730 pestiferis
2843 653 3172 710 inserviunt
3192 667 3408 708 vocum
3441 649 3544 705 vel
3615 663 3776 720 qua-

2078 751 2336 806 stionum
2369 747 2751 803 novitatibus:
2776 748 2832 800 et
2863 743 2960 816 qui
2995 741 3192 798 adhuc
3215 742 3454 796 nudum
3487 741 3557 795 et
3585 735 3778 793 molle

2083 837 2274 894 lutum
2308 838 2366 892 in
2385 840 2510 892 rota
2538 833 2858 907 disciplina
2882 831 3089 888 artifici
3111 830 3322 904 pollice
3335 827 3775 884 etvebementi

2078 931 2246 983 torno
2277 924 2510 980 formari
2547 924 2821 978 deberent
2849 921 2910 980 in
2940 936 3081 976 vasa
3129 917 3356 992 gloria,
3389 918 3472 973 ab
3513 916 3674 972 inde
3714 916 3772 972 in

2079 1019 2316 1070 externa
2339 1013 2642 1086 fugitando
2676 1009 3026 1076 resilientes,
3055 1009 3481 1064 deformantur
3503 1005 3576 1060 in
3640 1005 3776 1060 visa

2080 1100 2580 1166 contumelia.Qui
2604 1097 2833 1156 etiamsi
2854 1096 3075 1168 aliquid
3095 1100 3371 1152 extrema
3383 1093 3480 1150 vel
3497 1093 3775 1166 garrula

2079 1192 2388 1262 cujusdam
2423 1187 2676 1245 scientia
2707 1185 3007 1258 colliganti
3041 1202 3144 1257 per
3173 1183 3536 1252 eruditoria,
3585 1182 3772 1256 quasi

2077 1279 2204 1352 vagi
2233 1277 2611 1351 palantesque
2641 1275 2804 1331 nullo
2851 1273 3107 1330 contenti
3165 1273 3542 1328 discursant.
3614 1271 3774 1338 Quia

2080 1369 2151 1423 de
2183 1367 2445 1422 moribus
2475 1372 2754 1429 extrema,
2787 1362 2874 1418 vel
2898 1361 3057 1418 nulla
3089 1360 3336 1434 quastio
3366 1365 3482 1430 est,
3531 1360 3772 1417 reversi

2079 1455 2149 1510 ad
2181 1471 2340 1522 suos,
2374 1470 2622 1510 excusso
2653 1453 2726 1508 ab
2757 1450 3288 1507 indomitacervice
3317 1449 3771 1522 timorisjugo,

2079 1548 2137 1598 et
2165 1543 2429 1614 disrupto
2459 1539 2778 1613 disciplina:
2839 1540 3029 1605 freno,
3088 1537 3320 1610 seipsos
3375 1535 3626 1608 perdite
3679 1535 3771 1590 vi-

2078 1631 2288 1698 vendo,
2321 1629 2465 1685 alios
2497 1629 2780 1687 fermento
2812 1626 3049 1682 malitia
3079 1625 3549 1698 corrumpendo,
3601 1628 3772 1680 totos

2091 1719 2328 1790 rapiunt
2357 1719 2414 1772 in
2447 1733 2721 1790 praceps.

2151 1806 2401 1862 XXVIII.
2435 1805 2681 1870 Quidam
2711 1820 2844 1859 vero
2877 1802 3015 1858 facti
3045 1819 3166 1859 sua
3199 1803 3519 1874 cujusdam
3577 1799 3774 1858 insti-

2082 1893 2334 1950 tutionis
2407 1891 2921 1966 pseudomagistri,
2980 1891 3127 1946 dum
3185 1895 3411 1947 certum
3465 1889 3777 1964 ignorant

2085 1999 2362 2055 prasepe,
2393 1997 2496 2036 nec
2519 1981 2576 2035 in
2609 1997 2719 2036 sua
2765 1996 2892 2052 qua
2923 1995 3042 2035 non
3091 1979 3333 2046 habent,
3368 1995 3432 2036 se
3489 1981 3776 2051 possunt

2093 2071 2364 2142 recipere,
2389 2069 2498 2125 hac
2523 2068 2658 2125 illae
2709 2085 2813 2141 per
2857 2067 3027 2124 villas
3087 2084 3382 2141 pagosque
3437 2068 3775 2139 urbesque

2087 2160 2571 2224 circumcursant,
2595 2173 2773 2212 novas
2803 2155 3094 2226 Psalterii,
3118 2153 3299 2221 Pauli,
3346 2154 3778 2228 Apocalypsis

2083 2247 2357 2302 lectiones
2385 2246 2644 2312 tradunt,
2704 2247 3072 2316 juventutem
3125 2260 3400 2300 novorum
3449 2243 3772 2315 cupidam

2086 2335 2336 2392 levitatis
2351 2333 2931 2406 pedissequam,disei
2940 2333 3114 2406 plina
3129 2333 3568 2406 refugam,post
3580 2347 3776 2405 seper

2087 2423 2448 2496 voluptatum
2479 2421 2720 2478 declivia
2742 2421 3010 2477 trahunt:
3042 2422 3429 2478 reverentiam
3474 2420 3769 2494 discipli-

2090 2529 2196 2577 na,
2219 2510 2636 2582 subjectionem
2663 2509 3024 2571 obedienlim,
3049 2510 3490 2566 observantiam
3517 2509 3770 2582 religio-

2089 2601 2202 2668 nis,
2235 2604 2530 2672 postremo
2553 2597 2747 2654 omnia
2765 2598 3048 2670 regularis
3064 2599 3190 2652 vita
3225 2599 3433 2654 munia
3475 2598 3772 2672 perditis-

2090 2689 2240 2744 sima
2263 2705 2490 2743 morum
2523 2688 2892 2758 corruptione
2922 2687 3314 2742 confundunt.

2159 2777 2344 2832 XXIX.
2370 2777 2436 2830 Et
2464 2791 2536 2830 ne
2567 2776 2711 2830 forte
2739 2791 2832 2829 me
2853 2779 3024 2847 putes
3058 2776 3116 2830 in
3178 2776 3530 2848 hujusmodi
3587 2777 3772 2833 dero-

2089 2866 2280 2938 gantis
2309 2865 2520 2936 lingua
2550 2863 2666 2918 tela
2687 2863 2952 2934 dirigere,
2985 2869 3042 2919 et
3059 2880 3366 2932 novorum,
3401 2865 3529 2921 imo
3557 2865 3776 2922 melio-

2093 2972 2221 3009 rum
2254 2952 2720 3025 suggillationem
2753 2951 3040 3008 invidiose
3062 2958 3292 3020 texere;
3327 2969 3449 3008 non
3507 2954 3773 3011 omnino

2091 3045 2296 3099 credas
2324 3043 2514 3097 verbis
2548 3043 2710 3108 meis,
2744 3043 2910 3096 crede
2934 3039 3130 3113 potius
3165 3039 3354 3098 oculis
3385 3045 3446 3097 et
3506 3043 3775 3100 auribus

2090 3133 2228 3188 tuis.
2261 3132 2428 3198 Vide,
2463 3131 2508 3184 si
2545 3129 2750 3202 placet,
2796 3146 2974 3200 quam
3007 3146 3167 3185 sana
3224 3131 3541 3199 doctrinas,
3579 3145 3776 3204 quam

2095 3220 2349 3276 salubris
2379 3217 2694 3290 disciplima
2717 3216 2968 3290 theologi
2993 3217 3065 3272 de
3085 3219 3416 3274 Turonensi
3439 3225 3778 3292 emergant

358 3286 631 3388 gmnibu‘s
652 3322 1002 3379 dominatur.
1029 3317 1110 3371 Ad
1141 3329 1456 3377 summam,
1513 3310 1712 3365 omnia
1757 3309 1986 3364 virtutis
2013 3286 2056 3352 θ
2096 3307 2514 3372 academia,cui
2541 3306 2806 3376 prasidet
2826 3286 3126 3376 apostolus
3153 3305 3254 3361 ille
3275 3307 3511 3362 Salana
3535 3286 3776 3364 Beren-

359 3417 596 3494 praemia
621 3411 814 3468 feralis
835 3407 1094 3480 possidet
1120 3401 1376 3469 avaritia,
1401 3404 1456 3456 et
1484 3399 1541 3454 in
1573 3415 1751 3470 regno
1809 3414 1987 3468 pecu-

361 3485 466 3565 nia
499 3502 738 3562 ambitio
765 3515 870 3555 sua
897 3498 1052 3551 taxat
1082 3489 1477 3547 mercimonia.
1504 3487 1646 3552 Quid
1683 3485 1988 3540 detanlilis

363 3595 530 3651 nobis
551 3591 858 3647 credamus
907 3585 1190 3643 futurum,
1248 3579 1347 3632 ubi
1398 3577 1619 3649 lapides
1676 3574 1986 3630 sanctuarii

363 3681 608 3756 dispersi
633 3681 771 3733 sunt
798 3675 856 3729 in
889 3671 1074 3743 capite
1115 3667 1380 3723 omnium
1438 3663 1802 3736 platearum?
1857 3664 1990 3727 Qua

363 3752 496 3828 vero
525 3763 745 3840 sperari
769 3762 855 3818 vel
879 3756 1207 3829 coneupisei
1243 3759 1450 3826 potest,
1483 3756 1584 3808 aut
1637 3752 1988 3823 dignitatum

365 3839 736 3920 ministratio,
761 3855 863 3906 aut
892 3845 1242 3920 spiritalium
1276 3857 1544 3897 vasorum
1570 3839 1856 3902 custodia,
1891 3839 1987 3892 ubi

365 3966 476 4004 non
509 3961 645 4000 vasa
675 3935 1081 3996 misericordia
1111 3934 1428 4004 praparata
1459 3929 1517 3983 in
1577 3928 1842 4000 gloriam,
1892 3927 1989 3979 sed

362 4037 582 4106 ubique
613 4031 878 4086 videntur
906 4041 1044 4079 vasa
1073 4022 1170 4076 ira
1203 4019 1411 4090 aptain
1433 4017 1758 4084 interitum,
1787 4033 1815 4069 τι
1841 4017 1995 4070 vasis

365 4104 719 4180 craterarum
751 4131 936 4186 usque
959 4113 1028 4166 ad
1061 4125 1232 4166 omne
1251 4124 1351 4162 vas
1383 4105 1738 4160 musicorum
1757 4104 1784 4157 ‘?

435 4209 650 4268 XXVII.
683 4207 765 4262 Ex
793 4203 994 4258 eadem
1017 4199 1212 4269 itaque
1238 4195 1489 4250 toxicata
1511 4193 1759 4249 avaritia
1784 4191 1993 4258 radice,

366 4305 424 4358 et
449 4316 518 4356 ex
543 4297 654 4352 hoc
684 4291 957 4366 pestifero
987 4285 1337 4341 zizaniorum
1370 4282 1610 4349 semine,
1659 4281 1814 4335 mala
1872 4284 1999 4335 orta

365 4393 451 4445 est
470 4391 526 4444 et
553 4381 810 4457 quotidie
832 4379 892 4434 in
916 4377 1081 4449 pejus
1112 4372 1356 4445 pullalat
1381 4369 1632 4426 exitialis
1667 4385 1896 4424 morum
1941 4373 1998 4422 et

368 4456 686 4548 disciplina
709 4471 958 4542 jactura,
990 4465 1134 4520 adeo
1166 4467 1232 4516 ut
1258 4461 1318 4515 in
1337 4459 1498 4515 nullo
1521 4457 1802 4529 regularis
1823 4456 1998 4510 officii

369 4545 648 4638 regimine
674 4561 846 4616 liceat
875 4555 960 4611 uti
993 4550 1238 4608 solemni
1270 4550 1559 4620 majorum
1610 4563 1853 4602 censura
1911 4545 1998 4600 vel

2093 3398 2310 3470 garius.
2330 3394 2948 3466 Vide,inquam,quam
2973 3393 3469 3466 pestilentes,imo
3493 3396 3777 3454 lethiferi

2094 3487 2428 3557 scorpiones
2459 3488 2514 3537 et
2546 3481 2727 3554 reguli
2759 3482 2830 3536 de
2860 3481 3122 3538 cavernis
3184 3488 3514 3556 erumpant
3575 3485 3779 3542 totius

2097 3574 2278 3630 nostri
2309 3571 2589 3642 temporis
2619 3568 2976 3642 Babylonia;
3027 3571 3127 3642 qui
3186 3571 3614 3630 haeresiarchas
3677 3574 3778 3631 sui

2099 3667 2288 3719 musto
2305 3660 2532 3723 ebrii,et
2551 3675 2770 3714 veneno
2805 3658 3069 3724 delibuti,
3102 3660 3174 3714 de
3197 3660 3385 3716 sacris
3429 3661 3784 3735 sacrilegas

2099 3751 2478 3808 introducunt
2495 3747 2776 3803 novitates
2789 3747 3280 3818 quastionum,ad
3298 3748 3452 3804 nihil
3467 3750 3790 3819 utiles,ni-

2101 3842 2146 3898 si
2174 3841 2245 3893 ad
2280 3837 2716 3892 subversionem
2749 3835 3142 3892 audientium:
3177 3853 3433 3908 quorum
3465 3854 3684 3896 sermo
3717 3845 3790 3895 ut

2105 3945 2306 3983 rnnvpr
2325 3925 2540 3997 serpit;
2575 3924 2712 3996 quia
2736 3924 3000 3992 scientia,
3029 3941 3159 3996 qua
3186 3925 3376 3994 inﬂat,
3411 3943 3540 3982 non
3587 3929 3792 3984 aediﬁ-

2104 4025 2215 4080 cat,
2244 4016 2342 4071 sed
2369 4012 2672 4070 subvertit.

2173 4104 2338 4162 XXX.
2372 4101 2472 4158 Isti
2503 4102 2572 4156 de
2603 4101 2776 4156 rebus
2807 4101 3220 4171 sacrosanctis,
3279 4103 3350 4159 de
3417 4105 3797 4164 coelestibus

2104 4193 2322 4251 scilicet
2352 4189 2755 4257 sacramentis,
2790 4205 2918 4262 qua
2951 4189 3138 4246 sancti
3169 4191 3396 4260 Patres,
3429 4195 3694 4266 quoties
3715 4195 3798 4252 ad

2105 4301 2174 4340 ea
2201 4299 2263 4338 se
2308 4279 2560 4338 audebat
2599 4282 2881 4334 tractatus
2928 4294 3132 4334 eorum
3167 4279 3463 4352 attollere,
3498 4283 3802 4342 videntes

2107 4389 2175 4429 ea
2205 4386 2317 4426 non
2349 4367 2540 4424 solum
2562 4383 2912 4433 sermonem,
2929 4367 3032 4423 sed
3049 4367 3226 4424 etiam
3239 4368 3586 4428 humanam
3607 4390 3803 4447 supe-

2107 4476 2234 4518 rare
2254 4457 2558 4520 rationem,
2588 4459 2646 4510 et
2671 4458 3014 4523 reverenter,
3047 4459 3112 4510 ut
3136 4457 3469 4528 oportebat,
3529 4461 3809 4535 attinge-

2107 4550 2288 4614 bant;
2319 4549 2394 4612 ct,
2425 4543 2524 4599 ubi
2555 4561 2702 4616 opus
2749 4547 2893 4612 erat,
2941 4542 3227 4600 habentes
3290 4547 3514 4604 clavim
3578 4551 3808 4618 David,

371 4630 556 4712 ferula
575 4667 588 4708 :
607 4650 706 4706 sed
733 4648 780 4704 si
805 4640 1364 4702 tortuosisvitiorum
1387 4637 1742 4693 anfractibus
1767 4653 2005 4690 manum
2038 4645 2082 4709 Ι)
2116 4634 2314 4694 subtili
2345 4630 2996 4703 discretioneaperiendi
3029 4636 3088 4687 et
3113 4633 3454 4702 claudendi,
3474 4644 3809 4708 quantum

373 4744 432 4799 in
449 4746 612 4812 virga
650 4733 985 4794 directionis
1027 4729 1265 4786 stimulo
1311 4729 1678 4798 represSeris.
1728 4725 2002 4779 continuo

374 4847 474 4904 pro
505 4811 828 4898 majoribus
851 4822 1085 4894 quidem
1101 4822 1201 4874 aut
1231 4811 1546 4871 multitudo
1560 4813 1843 4868 similium
1875 4829 2005 4884 pro-

377 4901 686 4992 pugnatrix
717 4917 817 4968 aut
864 4909 1109 4982 pecunia
1151 4903 1504 4960 defensatrix
1568 4901 1844 4957 accedat:
1906 4917 2006 4973 pro

380 4989 708 5060 minoribus
728 5016 860 5056 vero
885 5001 986 5053 aut
1009 4997 1328 5050 immatura
1355 4992 1614 5056 libertas,
1665 4989 1762 5044 aul
1813 4989 2009 5046 allatis

379 5091 626 5168 pedibus
641 5091 776 5161 fuga
800 5087 1094 5142 liberatrix
1111 5079 1564 5168 intercedat.Sed
1598 5079 1668 5132 de
1691 5078 2012 5168 majoribus

381 5164 551 5240 silere
574 5175 928 5251 praestiterit:
959 5173 1166 5226 veritas
1187 5169 1341 5223 enim
1365 5166 1561 5220 odium
1590 5164 1758 5232 parit.
1785 5169 1857 5216 At
1879 5181 2011 5219 vero

380 5270 439 5327 hi
473 5267 571 5342 qui
603 5265 793 5320 adhuc
823 5262 932 5318 sub
967 5257 1215 5314 scholari
1244 5254 1426 5309 ferula
1454 5251 1753 5306 erudiendi
1797 5256 2011 5320 essent,

382 5337 523 5432 quia
548 5353 812 5428 ignavia,
845 5345 1119 5405 socordia
1149 5349 1206 5400 et
1249 5343 1354 5397 deo
1411 5356 1518 5394 suo
1574 5337 1758 5392 ventri
1806 5355 2016 5396 manus

383 5425 688 5510 dederunt,
733 5441 874 5495 dum
931 5433 1144 5490 instrui
1194 5430 1490 5500 refugiunt
1545 5427 1615 5481 ad
1675 5425 2014 5496 gravitatem

389 5531 626 5588 moralis
655 5525 993 5597 disciplina,
1026 5527 1090 5577 ut
1120 5521 1260 5576 levis
1308 5515 1474 5590 palea
1528 5514 2019 5570 circumferuntur

390 5616 548 5674 omni
577 5620 744 5669 vento
758 5611 1055 5677 doctrina,
1079 5615 1154 5675 et,
1175 5609 1344 5679 juxta
1361 5602 1633 5660 eumdem
1653 5601 2016 5672 Apostolum,

395 5717 598 5764 sanam
627 5700 950 5759 doctrinam
980 5713 1096 5757 non
1126 5694 1506 5762 sustinentes,
1529 5689 1631 5748 sed
1648 5689 1720 5748 ad
1742 5705 1850 5748 sua
1866 5689 2017 5750 desi-

2114 4726 2190 4800 ad_
2219 4723 2591 4780 sobrietatem
2617 4719 2982 4792 sapientibus
3003 4719 3149 4775 satis
3177 4727 3356 4788 esset,
3377 4739 3452 4779 ea
3485 4727 3814 4784 catholica

2115 4811 2511 4885 exponebant:
2545 4810 2614 4864 de
2642 4808 2758 4876 his,
2789 4808 3054 4879 inquam,
3078 4809 3257 4865 rebus
3285 4815 3343 4865 et
3373 4819 3814 4874 sacramentis

2115 4906 2172 4957 et
2193 4915 2369 4956 novas
2397 4902 2454 4953 et
2483 4894 2819 4969 peregrinas
2839 4895 3064 4950 cudunt
3093 4913 3127 4952 a
3160 4897 3273 4952 ﬁde
3305 4897 3816 4975 intelligentiae;

2116 4995 2172 5048 et
2196 4990 2326 5062 ipsa
2337 4988 2702 5042 sacramenta
2720 4983 3136 5056 calestia,qua
3153 4985 3213 5040 in
3229 4983 3405 5042 altari
3417 5004 3536 5044 con
3545 5008 3818 5050 sacran-

2116 5077 2502 5144 tur,dicentes
2515 5073 2784 5129 umbram
2801 5089 2928 5128 esse
2940 5074 3387 5146 nonveritatem(
3395 5079 3568 5148 quod
3587 5079 3828 5155 lingua

2120 5165 2416 5237 ret‘ugit,et
2437 5162 2672 5218 auditus
2695 5160 3106 5232 perhorrescit)
3125 5161 3381 5218 obnoxia
3403 5169 3825 5226 contendunt

2119 5253 2303 5310 ventri
2333 5257 2389 5308 et
2419 5248 2672 5307 secessui
2697 5251 2866 5320 juxta
2886 5249 3106 5305 naiura
3156 5252 3619 5326 necessitatem,
3679 5275 3828 5332 qua

2121 5339 2344 5396 scilicet
2370 5341 2595 5394 natura
2625 5335 2901 5391 dominus
2933 5335 2990 5391 in
3023 5337 3234 5392 fadere
3259 5337 3552 5396 humana
3591 5361 3830 5402 recon»

2123 5425 2433 5486 ciliationis
2464 5423 2885 5494 omnipotentis
2917 5439 3027 5480 sua
3058 5433 3510 5484 sacramentum
3549 5431 3733 5502 fecit,
3773 5439 3835 5492 et

2125 5516 2464 5572 Christiana
2481 5512 2690 5569 anima
2711 5527 2906 5566 escam
2935 5513 3330 5585 spiritualem,
3353 5517 3528 5574 unde
3548 5519 3623 5576 in
3649 5527 3836 5580 ater-

2126 5621 2267 5660 num
2297 5603 2472 5671 vivat,
2506 5599 2682 5655 dedit.
2715 5599 2816 5656 Isti
2838 5601 3114 5659 eumdem
3137 5618 3361 5676 agnum
3413 5607 3840 5682 paschalem,

2127 5693 2226 5769 qui
2294 5691 2499 5752 eadem
2547 5692 2920 5748 sacramenta
2974 5688 3036 5749 in
3087 5691 3354 5770 seipsum
3405 5693 3848 5766 ineﬁ‘abiliter
