3922 6454
275 489 395 556 223

277 628 318 684 0
388 623 667 684 Foderunt
691 632 818 684 ante
844 623 1046 698 faciem
1072 642 1250 684 meam
1277 627 1490 700 foveam
1524 646 1538 686 :

397 721 462 774 Et
491 715 808 773 inciderunt
836 717 898 772 in
923 732 1067 773 eam.
1100 717 1439 790 Diapsalma.

359 806 401 862 C
429 811 582 863 Bene
612 805 776 863 fovea
804 805 1023 863 dicitur
1049 807 1340 864 sententia
1369 809 1730 882 mortis,quae
1763 809 1943 866 mittit

1231 491 1296 554 s.
1344 490 1736 557 BRUNONIS
1783 465 2832 560 HERBIPOLENSISEPISCOPI.

1972 631 2028 699 Α

3585 491 3710 556 224

2202 632 2316 689 TT.
2349 632 2413 690 In
2438 632 2606 704 linem
2633 645 2702 688 ne
2728 626 2983 704 diperdas
3009 626 3184 687 David
3212 628 3273 686 in
3301 627 3454 685 tituli
3483 629 3566 685 in-

2717 721 3032 794 scriptione.

2123 809 2165 867 G
2193 810 2611 868 Commonetur
2637 810 2838 884 itaque
2867 809 3108 866 Pontius
3135 807 3455 878 Pilatus,ne
3483 805 3710 880 disper-

289 895 362 952 ad
395 895 924 953 foveam.Dixerunt
948 895 1104 952 enim
1141 915 1154 952 :
1189 897 1344 953 Reus
1372 902 1462 954 est
1493 898 1784 968 mortis,et
1813 900 1942 957 ideo
2052 899 2155 957 dat
2185 901 2472 973 scriptum
2497 898 2756 966 titulum,
2785 897 2887 973 qui
2917 914 3114 972 regem
3151 895 3466 956 Dominum
3515 895 3713 952 decla-

289 984 431 1042 dicti
461 988 602 1042 sunt
626 984 849 1042 foveam
882 985 1094 1054 fodere,
1128 985 1269 1058 quia
1295 987 1406 1043 visi
1445 992 1586 1044 sunt
1629 1006 1765 1045 eum
1815 989 1941 1046 neci

288 1074 623 1132 tradidisse.
654 1075 724 1131 Et
753 1073 863 1148 ipsi
894 1074 1247 1132 inciderunt.
1282 1075 1486 1133 Omnis
1535 1078 1692 1134 enim
1721 1077 1946 1150 injuste

287 1181 399 1222 vox
431 1181 445 1220 :
475 1181 617 1222 suos
647 1165 888 1221 damnat
917 1169 1208 1232 auctores,
1234 1169 1291 1222 et
1321 1169 1636 1239 antequam
1659 1167 1824 1224 alteri
1847 1184 1946 1224 no-

293 1258 419 1310 ceat
446 1272 460 1310 :
495 1270 558 1310 se
585 1254 748 1328 prius
777 1254 907 1327 ipsa
935 1255 1306 1311 condemnat.
1341 1255 1387 1311 Η
1420 1255 1778 1323 Inciderunt,
1809 1273 1945 1313 cum

292 1347 426 1416 post
457 1343 944 1401 resurrectionem
971 1343 1200 1400 Domini
1230 1343 1484 1401 inimicis
1513 1345 1735 1418 traditi,
1769 1347 1944 1420 capti,

291 1432 578 1490 interfecti
609 1439 665 1489 et
697 1433 949 1508 dispersi
973 1436 1133 1490 sunt.

297 1524 364 1578 10
435 1527 702 1580 Paratum
731 1540 826 1580 cor
853 1541 1036 1580 meum
1061 1531 1200 1582 Deus
1225 1533 1483 1598 paratum
1511 1543 1605 1583 cor
1633 1541 1817 1582 meum
1849 1543 1862 1582 :

437 1614 675 1670 Cantabo
705 1622 758 1670 et
783 1615 1059 1686 psalmum
1085 1614 1286 1670 dicam.

365 1707 406 1759 G
427 1703 562 1776 Agit
590 1701 773 1760 Filius
801 1702 1020 1776 gratias
1054 1703 1341 1778 Patri,per
1366 1704 1425 1761 id
1457 1722 1560 1778 per
1589 1705 1745 1778 quod
1776 1709 1833 1761 et
1863 1722 1949 1761 re-

297 1791 552 1848 surrexit
566 1808 600 1848 a
616 1792 1165 1850 mortuis.Paratum
1195 1811 1257 1850 se
1273 1794 1417 1850 dicit
1446 1795 1518 1852 ad
1548 1795 1808 1868 agendas
1827 1811 1955 1868 gra-

298 1881 433 1948 tias,
462 1879 602 1954 quia
630 1880 745 1938 sibi
775 1880 994 1939 sciebat
1021 1885 1327 1941 venturam
1375 1882 1622 1956 gloriam
1662 1900 1952 1941 resurrec-

299 1972 498 2028 tionis.
531 1973 776 2028 Cautare
824 1971 1105 2044 diximus,
1149 1971 1370 2046 gratias
1427 1972 1667 2030 vocibus
1719 1972 1952 2030 referre.

299 2060 606 2118 Psalmum
654 2060 868 2129 dicere,
915 2061 1270 2135 praedicabili
1322 2062 1550 2120 actione
1599 2061 1764 2118 illum
1825 2061 1952 2118 lau-

301 2151 460 2206 dare.

303 2239 364 2298 ll
444 2243 691 2314 Exsurge
735 2241 918 2311 gloria
962 2258 1103 2311 mea,
1154 2259 1390 2314 exsurge
1430 2245 1765 2317 psalterium
1800 2250 1852 2299 et
1878 2243 1956 2299 ci-

513 2332 693 2389 thara.

447 2425 755 2492 Exsurgam
783 2421 1046 2480 diluculo.

372 2509 414 2567 C
441 2511 699 2584 Exsurge
724 2510 938 2568 dicitur
965 2512 1134 2586 quasi
1165 2531 1362 2588 surge,
1393 2514 1466 2569 ad
1501 2511 1856 2570 miraculum
1882 2511 1962 2567 fa-

301 2599 576 2656 ciendum
603 2616 885 2674 :exsurge
905 2599 1251 2673 psalterium
1279 2607 1334 2658 et
1363 2600 1961 2658 cithara.Psalterium

303 2687 417 2744 fuit
447 2705 460 2744 :
494 2690 732 2762 quando
762 2690 1117 2763 operabatur
1159 2690 1359 2747 divina
1401 2692 1697 2748 mandata.
1729 2689 1966 2747 Cithara

304 2795 439 2836 vero
474 2795 488 2834 :
521 2777 838 2852 gloriosam
869 2779 1202 2852 passionem
1253 2779 1564 2853 signiﬁcat,
1598 2797 1726 2853 quae
1777 2779 1964 2836 tensis

307 2867 503 2926 nervis
542 2871 599 2925 et
627 2867 863 2925 ossibus
908 2868 1297 2926 dinumeratis
1347 2869 1620 2926 virtutem
1669 2869 1962 2943 patientia

308 2957 683 3032 personabat.
718 2957 983 3015 Surrexit
1012 2957 1293 3028 diluculo,
1319 2960 1474 3032 quod
1505 2963 1597 3016 est
1635 2958 1787 3015 inter
1815 2963 1968 3015 tene-

307 3047 445 3104 bras
477 3047 666 3104 noctis
695 3051 752 3103 et
781 3046 1106 3106 claritatem
1139 3048 1258 3106 Dei.

311 3138 382 3194 12
455 3137 757 3210 Conﬁtebor
784 3137 887 3195 tibi
913 3140 970 3195 in
993 3139 1235 3212 populis,
1269 3141 1508 3197 Domine
1541 3157 1554 3195 :

449 3231 520 3284 Et
535 3228 812 3301 psalmum
841 3227 1022 3285 dicam
1046 3229 1154 3285 tibi
1173 3230 1230 3284 in
1261 3229 1532 3302 gentibus.

379 3315 426 3374 Η
457 3315 790 3374 Conﬁtebor
841 3316 969 3389 tibi,
1027 3317 1138 3374 hoc
1190 3323 1302 3388 est,
1332 3321 1647 3392 postquam
1711 3333 1968 3375 resurre-

306 3411 541 3464 xerozte
562 3405 622 3463 in
642 3406 879 3480 populis
899 3405 1248 3465 Christianis
1283 3391 1557 3464 laudabo.
1590 3408 1632 3464 C
1661 3406 1962 3464 Psalmum
1993 3391 2036 3460 C

307 3495 522 3566 dicam,
555 3495 694 3570 quia
722 3513 826 3569 per
856 3513 1062 3553 omnes
1081 3500 1286 3571 gentes
1319 3513 1332 3552 :
1365 3495 1586 3570 linguis
1609 3496 1786 3554 variis
1815 3495 1970 3570 psal-

311 3584 510 3642 modia
538 3583 785 3642 Domino
815 3585 1022 3642 devota
1048 3590 1242 3642 mente
1273 3585 1643 3659 persolvitur.

315 3674 380 3729 13
455 3674 728 3743 Quoniam
754 3672 1118 3748 magniﬁcam
1145 3682 1222 3732 est
1249 3691 1420 3749 usque
1455 3675 1526 3732 ad
1570 3675 1729 3733 cales
1756 3678 1970 3733 miseri-

525 3762 715 3821 cordia
746 3771 840 3820 tua
873 3782 888 3821 :

459 3857 526 3911 Et
553 3868 725 3925 usque
752 3852 822 3909 ad
851 3853 1020 3910 nubes
1053 3855 1258 3910 vvritas
1287 3862 1406 3922 tua,

297 3987 322 4008 ,
387 3944 429 3996 ll
462 3939 835 4014 Magnificata
865 3945 956 3997 est
985 3940 1403 4012 misericordia,
1427 3943 1566 4018 quia
1613 3943 1846 4001 Domini
1878 3961 1968 4001 re-

315 4028 674 4086 surrectione
703 4029 1008 4103 paciﬁcate
1024 4035 1164 4087 sunt
1181 4031 1382 4090 omnia
1412 4032 1722 4108 Patri,quae
1744 4035 1804 4091 in
1825 4033 1969 4092 cmlo

314 4125 371 4176 et
401 4136 530 4193 que
560 4118 620 4175 in
651 4123 805 4176 terra
833 4123 1038 4177 sunt.C
1058 4121 1254 4177 Nubes
1275 4121 1611 4196 significant
1630 4123 1967 4198 prophetas,

299 4227 463 4283 .quos
493 4209 717 4284 irrigua
743 4209 956 4266 veritas
988 4210 1246 4284 Spiritus
1275 4212 1484 4282 sancti,
1507 4212 1666 4270 velut
1693 4213 1969 4287 cepiosus

315 4299 504 4356 imber
532 4298 794 4374 implevit
827 4317 841 4355 :
876 4304 932 4357 et
961 4300 1180 4358 caelesti
1212 4301 1369 4360 fonte
1395 4302 1612 4375 satiati,
1645 4319 1822 4378 super
1857 4307 1972 4360 ste-

315 4387 453 4445 riles
481 4393 810 4463 peccatores
840 4389 1165 4466 spiritualis
1193 4392 1368 4466 copia:
1399 4393 1556 4450 dona
1585 4393 1884 4450 fuderunt.

315 4479 384 4537 lli
460 4479 720 4537 Exaltare
747 4496 912 4554 super
938 4483 1112 4549 delos,
1145 4485 1302 4540 Deus.

463 4573 527 4628 Et
551 4587 716 4643 super
741 4588 956 4629 omnem
983 4581 1189 4630 terram
1215 4574 1395 4646 gloria
1423 4582 1542 4630 tua.

389 4660 432 4716 Il
465 4659 749 4730 Exaltare,
785 4661 1073 4736 PrOphcta
1101 4662 1223 4719 ιιωο
1256 4661 1494 4730 dicit,de
1525 4659 1780 4735 gloriosa
1815 4660 1976 4717 Chri-

2056 990 2242 1046 rabat.
2278 990 2493 1061 Regem
2536 991 2694 1046 enim
2745 988 2914 1046 illum
2972 987 3106 1060 quis
3145 986 3357 1060 poterit
3411 983 3645 1042 abolere
3695 1001 3711 1041 :

2055 1095 2229 1152 quem
2262 1082 2493 1135 constat
2522 1095 2650 1135 esse
2681 1077 2808 1134 αα)ιί
2840 1081 3122 1149 terraique
3151 1075 3503 1132 Creatorem.

2063 1171 2082 1224 ί
2163 1169 2226 1225 Si
2254 1184 2376 1224 vere
2405 1168 2596 1241 utique
2612 1168 2894 1240 justitiam
2924 1166 3157 1238 loquimi
3187 1183 3206 1222 :

2164 1263 2323 1316 Recte
2341 1257 2592 1330 judicate
2617 1258 2727 1328 ﬁlii
2755 1257 3062 1312 hominum.

2129 1349 2170 1405 C
2200 1349 2548 1421 Loquuntur
2566 1346 2722 1402 enim
2745 1345 2930 1402 Judaei
2954 1343 3101 1400 falso
3115 1341 3410 1416 justitiam
3439 1340 3716 1415 legis,qui

2058 1455 2175 1496 non
2208 1442 2348 1496 sunt
2378 1435 2903 1510 rectajudicaturi;
2935 1451 3066 1491 vere
3097 1433 3256 1491 enim
3278 1433 3444 1506 justa
3471 1431 3723 1505 loquun-

2057 1527 2282 1601 tur,qui
2307 1529 2476 1600 justa
2505 1526 2713 1584 facturi
2745 1525 3115 1581 suut.Sermo
3144 1521 3301 1580 enim
3333 1526 3563 1578 rectus:
3588 1521 3720 1576 vitae

2060 1618 2232 1674 debet
2260 1635 2388 1673 esse
2419 1614 2888 1672 consimilis.Hic
2916 1613 3111 1688 arguit
3142 1611 3422 1686 propheta
3448 1626 3619 1668 voces
3649 1609 3721 1666 il-

2060 1706 2277 1774 lorum,
2311 1707 2546 1779 quando
2577 1704 2777 1762 dolose
2815 1703 3091 1761 dicebant
3123 1719 3136 1758 :
3169 1701 3466 1775 Magister,
3497 1699 3725 1757 scimus

2064 1797 2204 1871 quia
2233 1815 2266 1854 a
2295 1797 2410 1854 Deo
2441 1795 2671 1853 venisti.
2704 1796 2831 1852 Non
2881 1797 3034 1850 recte
3075 1791 3440 1866 judicabant,
3484 1789 3722 1863 quando

2065 1887 2249 1943 Pilato
2277 1886 2549 1942 dicebant
2581 1902 2594 1941 :
2629 1885 2936 1957 Cruciﬁge,
2960 1882 3255 1956 crucifige.

2065 1979 2101 2032 2
2171 1977 2386 2032 Etenim
2416 1977 2475 2031 in
2503 1975 2662 2032 corde
2692 1975 3008 2047 iniquitates
3037 1972 3346 2046 operamini
3372 1973 3433 2028 in
3463 1975 3609 2028 terra
3629 1989 3648 2027 :

2179 2067 2490 2137 Injustitias
2521 2081 2715 2121 manus
2740 2072 2937 2121 vestrae
2962 2064 3311 2120 concinnant.

2139 2156 2180 2212 C
2210 2155 2439 2212 Etenim
2478 2153 2537 2212 in
2570 2154 2763 2223 corde,
2798 2171 2865 2210 ac
2893 2152 2944 2211 si
2974 2151 3193 2208 diceret
3224 2169 3237 2208 :
3271 2150 3570 2216 Quomodo
3617 2166 3724 2222 po-

2069 2244 2271 2302 tuistis
2302 2243 2374 2302 de
2401 2261 2495 2300 me
2517 2242 2913 2316 judicare,qui
2945 2241 3004 2298 in
3037 2241 3208 2298 corde
3237 2243 3428 2296 vestro
3448 2237 3727 2311 iniquita-

2070 2340 2158 2392 tes
2188 2333 2554 2408 operamini?
2584 2331 2684 2389 ubi
2715 2331 3038 2405 perfectum
3060 2333 3148 2387 est
3163 2329 3382 2386 crimen
3404 2331 3725 2400 antequam

2070 2425 2174 2480 fiat
2209 2421 2701 2498 perpetratum.ln
2735 2426 2890 2478 terra
2919 2420 3080 2489 dicit,
3109 2419 3168 2476 in
3199 2435 3414 2476 arcano
3439 2415 3723 2493 pectoris;

2071 2531 2285 2571 manus
2315 2513 2610 2587 significat
2637 2529 2729 2568 res
2761 2509 3022 2568 actuales
3070 2508 3278 2579 malas,
3311 2525 3438 2582 qua:
3487 2506 3728 2564 concin-

2071 2609 2289 2660 nautur
2319 2607 2511 2659 mente
2537 2618 2550 2658 :
2577 2601 2812 2676 quando
2840 2617 2911 2658 ex
2940 2598 3145 2656 multis
3166 2597 3430 2672 partibus
3450 2596 3563 2654 sibi
3593 2613 3729 2652 con-

2070 2694 2229 2751 venit
2258 2691 2609 2766 perversitas
2631 2691 2907 2748 adunata.

2071 2784 2106 2838 3
2177 2781 2424 2840 Alienati
2449 2788 2578 2837 sunt
2615 2787 2920 2854 peccatores
2971 2797 3006 2836 a
3052 2779 3259 2836 vulva:
3293 2781 3615 2835 erraverunt
3659 2775 3729 2831 ab

2251 2881 2404 2929 utero
2435 2889 2454 2926 :

2181 2964 2372 3021 Locuti
2391 2970 2522 3019 sunt
2549 2963 2714 3035 falsa.

2144 3054 2187 3111 C
2214 3051 2421 3111 Merito
2451 3065 2590 3126 ergo
2621 3051 2911 3125 projectos
2933 3048 3074 3106 dicit
3093 3051 3428 3121 peccatores
3447 3048 3727 3119 tanquam

2074 3141 2368 3200 abortivos
2395 3158 2433 3198 a
2460 3139 2632 3198 vulva
2662 3137 3058 3212 Ecclesia,qui
3091 3135 3256 3194 nulla
3285 3134 3559 3194 doctrinae
3589 3150 3733 3191 con-

2075 3231 2408 3290 firmatione
2437 3230 2688 3304 perfecte
2718 3228 2930 3286 imbuti
2962 3225 3232 3294 sunt,sed
3262 3229 3542 3298 tanquam
3574 3227 3732 3280 tene-

2076 3322 2193 3379 bris
2214 3320 2457 3395 pecudis
2476 3321 2700 3377 tatuata
2717 3317 3017 3386 mollities,
3041 3333 3159 3373 non
3177 3316 3249 3372 ad
3269 3314 3461 3372 lucem
3471 3312 3727 3378 vitalem,

2074 3411 2177 3468 sed
2207 3409 2268 3468 in
2299 3409 2555 3484 perfidia
2585 3407 2857 3466 tenebras
2887 3406 3214 3481 probantur
3232 3403 3466 3476 adjecti.
3494 3403 3562 3459 Et
3581 3405 3732 3459 recte

2076 3499 2336 3557 Ecclesia
2394 3503 2630 3556 uterum
2679 3497 2897 3554 habere
2940 3494 3178 3563 dicitur,
3227 3510 3355 3568 quis
3398 3507 3508 3549 nos
3563 3507 3728 3549 sacro

2075 3590 2430 3665 baptismate
2459 3587 2662 3664 genuit
2691 3587 2752 3644 in
2783 3589 3125 3660 perpetuam
3155 3582 3734 3641 lucem.Erraverunt

2077 3680 2150 3736 ab
2180 3683 2345 3736 utero
2375 3677 2478 3752 qui
2509 3676 2803 3735 contraria
2832 3674 3004 3732 matri
3035 3674 3312 3747 dogmata
3350 3671 3534 3730 secuti
3573 3677 3732 3726 sunt.

2077 3769 2195 3844 Ipsi
2226 3773 2284 3826 et
2313 3768 2462 3826 falsa
2486 3765 2663 3824 locuti
2695 3769 2834 3823 sunt
2866 3781 2879 3820 :
2913 3764 3014 3838 qui
3065 3763 3138 3820 ab
3187 3762 3316 3834 ejus
3344 3761 3566 3819 sanctis
3594 3759 3731 3817 doc-

2078 3858 2251 3916 trinis
2282 3862 2642 3916 erraverunt.

2079 3950 2112 4004 4
2185 3951 2360 4006 Furor
2388 3947 2506 4004 illis
2534 3946 2835 4003 secundum
2861 3945 3287 4002 similitudinem
3313 3943 3580 4016 serpentis
3610 3961 3629 3996 :

2185 4037 2337 4094 Sicut
2365 4035 2575 4110 aspidis
2600 4035 2790 4094 surdae
2807 4041 2860 4092 et
2884 4035 3191 4093 obturantis
3218 4047 3378 4089 aures
3406 4047 3555 4088 suas.

2150 4127 2192 4184 C
2219 4125 2663 4184 Obstinatorum
2692 4123 3032 4181 Judzeorum
3055 4123 3218 4180 furor
3235 4118 3631 4178 irrevocabilis
3651 4123 3740 4176 est

2079 4218 2234 4274 sicut
2263 4215 2806 4289 serpentis,0uibus
2823 4213 3000 4271 etiam
3024 4211 3180 4270 mala
3196 4209 3558 4268 consuetudo
3583 4208 3739 4282 aspi-

2079 4306 2173 4363 dis
2203 4308 2600 4379 comparatur,
2633 4321 2762 4377 quaa
2791 4319 2864 4360 ne
2895 4300 3168 4362 exaudiat
3195 4300 3370 4358 verba
3389 4295 3738 4356 incantantis

2081 4399 2308 4468 et_suas
2336 4392 2593 4451 latebras
2621 4383 2992 4466 derelinquat
3023 4410 3036 4449 :
3067 4406 3248 4448 unam
3290 4405 3482 4446 aurem
3529 4387 3740 4444 dicitur

2082 4501 2201 4541 suis
2233 4483 2433 4540 cauda
2462 4484 2737 4540 obturare
2765 4481 3098 4548 inﬂexione,
3131 4479 3376 4537 alteram
3424 4477 3486 4534 in
3523 4481 3738 4534 terram

2083 4573 2528 4648 deprimere.Sic
2547 4571 2839 4629 obturatis
2869 4569 3113 4628 auribus
3126 4569 3320 4626 cordis
3337 4566 3522 4625 Judaei
3543 4563 3742 4622 nolue-

2085 4667 2225 4720 runt
2253 4661 2455 4720 audire
2487 4660 2936 4718 saluberrimam
2971 4658 3304 4732 jussionem
3353 4655 3592 4724 Christi,
3619 4654 3739 4712 sive

318 4751 392 4807 sli
425 4750 784 4808 ascensione.
819 4751 940 4809 Erit
965 4752 1151 4827 gloria
1185 4767 1364 4824 super
1391 4755 1630 4818 terram,
1662 4766 1798 4806 cum
1829 4750 1972 4806 etl'u-
2006 4769 2053 4835 ι)
2086 4757 2301 4811 sanctae
2332 4750 2643 4824 Scriptum
2670 4749 3100 4824 intelligibilem
3127 4747 3453 4805 veritatem.

318 4839 470 4896 derit
497 4840 737 4897 domum
771 4841 1029 4914 Spiritus
1059 4837 1248 4897 sancti
1280 4854 1460 4912 super
1483 4855 1718 4895 omnem
1739 4855 1974 4897 carnem
2085 4844 2122 4900 5
2195 4843 2330 4912 Qua
2357 4856 2470 4898 non
2496 4839 2756 4898 exaudiet
2783 4856 2964 4899 vocem
2994 4838 3404 4896 incantantium
3433 4853 3451 4892 :

318 4931 452 5000 (Act.
484 4930 567 5003 ιι).

820 5035 1022 5077 ORATIO
1059 5034 1130 5074 EX
1168 5033 1326 5073 PSAL.
1369 5033 1475 5073 LVI.

390 5109 654 5179 Tranfer,
687 5108 954 5176 Domine,
1005 5105 1379 5180 iniquitatem
1426 5104 1662 5164 familiae
1710 5106 1974 5177 humilis,

319 5201 432 5257 sub
463 5203 702 5256 tuarum
734 5197 964 5254 alarum
993 5194 1208 5252 umbra
1238 5195 1551 5269 sperantis,
1583 5200 1649 5253 ut
1693 5197 1877 5255 missa
1905 5199 1978 5256 de

320 5290 467 5347 coelo
499 5285 905 5344 misericordia
948 5290 1070 5354 tua,
1103 5285 1488 5358 nequissimis
1525 5285 1878 5344 insidiarum
1901 5287 1981 5345 fo-

318 5379 443 5436 veis
473 5392 772 5434 eruamur.
804 5376 913 5432 Per
939 5373 1255 5431 Dominum
1285 5379 1557 5434 nostrum
1584 5375 1926 5446 Jesum,etc.

887 5481 1218 5538 PSALMUS
1256 5482 1418 5540 LVII.

767 5566 1170 5610 ARGUMENTUM
1209 5571 1363 5611 PSAL.
1405 5572 1535 5612 LVII.
1709 5618 1718 5628 ,

395 5641 436 5698 C
467 5638 734 5696 Christus
762 5643 1073 5714 exprobrat
1100 5643 1422 5717 nequitiam
1441 5645 1866 5713 Judazorum,et
1892 5661 1983 5700 eo-

324 5748 456 5788 rum
490 5727 906 5789 retributiones
932 5733 1210 5801 declarat,
1243 5749 1310 5789 ac
1341 5734 1413 5790 de
1437 5733 1636 5790 laetitia
1655 5734 1978 5806 justorum,

326 5837 461 5878 cum
493 5817 778 5878 ultionem
807 5822 1056 5883 viderint
1085 5826 1477 5898 peccatorum.

2193 4931 2262 4987 Et
2287 4928 2516 5000 veneﬁci
2541 4930 2876 4987 incantantis
2901 4930 3201 5003 sapienter.

2159 5021 2202 5078 C
2231 5019 2384 5077 Dicit
2409 5019 2569 5076 enim
2601 5019 2673 5077 de
2710 5019 2914 5092 aspide
2955 5035 3086 5092 qua
3139 5033 3256 5074 non
3304 5013 3504 5072 audiet
3545 5027 3743 5068 vocem

2087 5107 2542 5179 incantantium,
2575 5125 2681 5167 nec
2723 5125 2900 5182 passa
2947 5110 3038 5166 est
3087 5105 3292 5164 audire
3338 5118 3538 5162 vocem
3571 5119 3585 5158 :
3617 5115 3742 5175 qua

2088 5199 2252 5258 illam
2281 5197 2512 5256 trahere
2542 5198 2832 5272 potuisset
2852 5198 2927 5255 ad
2951 5195 3264 5255 lucem.8ic
3283 5193 3463 5252 etiam
3481 5191 3740 5258 Judnus,

2085 5289 2174 5348 vel
2204 5275 2398 5362 quivis
2427 5288 2765 5346 obstinatus
2795 5285 3119 5345 malevolus
3147 5303 3161 5344 :
3185 5301 3304 5342 non
3330 5279 3692 5342 contrahitur
3709 5295 3744 5336 a

2091 5379 2336 5435 docente
2363 5377 2437 5434 ad
2468 5376 2670 5434 lumen
2697 5376 2980 5435 veritatis.

2087 5468 2123 5522 6
2195 5469 2340 5523 Deus
2366 5473 2609 5523 conteret
2633 5466 2816 5525 dentes
2843 5481 3034 5524 eorum
3061 5467 3124 5523 in
3153 5482 3248 5524 ore
3275 5466 3522 5538 ipsorum
3551 5478 3566 5516 :

2196 5556 2364 5613 Melas
2392 5555 2611 5612 leonum
2633 5558 2948 5628 confringet
2964 5556 3246 5613 Dominus.

2159 5647 2202 5703 C
2229 5643 2511 5702 Contrivit
2540 5649 2694 5702 Deus
2722 5646 2928 5702 dentes
2967 5645 3329 5712 Judaorum,
3361 5641 3598 5716 quando
3645 5639 3743 5694 do-

2091 5733 2217 5792 losa
2244 5734 2422 5790 verba
2449 5749 2652 5792 eorum
2684 5735 3127 5794 deducebantur
3150 5733 3224 5792 ad
3247 5729 3744 5789 nihilum.Leoues

2089 5823 2352 5894 fuerunt,
2385 5823 2622 5896 quando
2647 5829 2890 5886 cruento
2920 5841 3020 5883 ore
3047 5823 3420 5882 clamabant:
3444 5818 3742 5893 Cruciilge.
