3916 6346
92 432 205 496 901

1245 435 1631 499 EPISTOLA
1672 438 1774 499 AD
1818 436 2331 501 VALCHERUM.

3363 444 3478 502 902

96 570 513 624 transI‘ormans
536 566 705 625 nobis
726 566 987 624 condidit
1011 570 1067 623 et
1086 569 1463 636 consecravit,
1488 570 1732 625 crudum
1764 574 1819 637 Α
1918 570 2159 625 XXXIII.
2190 571 2317 626 llaec
2349 571 2543 626 omnia
2574 570 2869 643 sapienter
2897 572 3156 642 despexit
3181 572 3484 627 Heriman-

94 658 182 713 vel
206 662 427 712 coctum
455 674 627 729 aqua,
655 674 770 713 non
791 674 994 713 assum
1016 656 1135 729 igni
1153 658 1486 712 comedunt.
1512 659 1732 729 etquod

97 747 225 818 ejus
252 747 550 802 residuum
581 750 688 814 est,
722 752 780 802 et
808 762 1040 818 semper
1066 746 1176 800 erit
1205 745 1368 818 (quia
1399 745 1597 801 nullus
1630 764 1736 801 un-

95 852 269 907 quam
301 835 586 901 mortalis,
619 834 1055 907 quantumlibet
1086 834 1297 900 sciens,
1347 835 1419 890 ad
1451 834 1736 891 incarnati

92 924 263 980 Verbi
289 940 568 980 arcanum
592 922 764 996 plena
786 922 1171 996 intelligentia
1198 923 1257 978 in
1290 923 1400 979 hac
1418 924 1539 979 vita
1560 941 1737 997 pene-

96 1018 247 1069 trare
269 1013 474 1085 potuit,
502 1016 605 1068 aut
640 1012 891 1085 poterit),
924 1012 1046 1085 igni
1077 1028 1192 1067 non
1223 1013 1597 1069 comburunt.
1637 1012 1735 1069 Isti

93 1102 476 1173 improvidam
518 1101 941 1172 simpliciorum
994 1102 1240 1157 fratrum
1290 1101 1651 1168 facilitatem,
1684 1106 1741 1157 et

98 1190 343 1246 maxime
364 1191 655 1246 curiosam
679 1190 1132 1245 discurrentium
1149 1190 1526 1263 perfugarum
1546 1190 1740 1246 levita-

98 1285 216 1336 tem
246 1296 389 1335 novo
437 1280 693 1351 quodam
740 1278 980 1334 deeendi
1027 1278 1314 1335 lenocinio
1360 1284 1735 1351 occupantes,

98 1368 286 1439 primo
314 1368 504 1440 ipsam
536 1366 970 1439 Scripturarum
1002 1367 1392 1439 superficiem,
1423 1369 1593 1439 quasi
1614 1368 1736 1440 pla-

100 1474 235 1512 nam
253 1457 322 1514 ad
339 1456 817 1529 septicolomnem
840 1457 1137 1529 sapientia
1156 1458 1394 1512 domum
1422 1458 1740 1512 ostendunt

97 1547 270 1613 \iam,
304 1551 360 1602 et
390 1551 627 1615 rectam,
666 1545 825 1601 velut
856 1546 929 1601 ad
959 1550 1193 1617 portum
1241 1545 1450 1602 salutis
1497 1546 1739 1601 demon-

98 1639 287 1690 strant
330 1635 639 1691 semitam:
691 1634 900 1690 deinde
947 1634 1276 1707 sophistica
1322 1633 1738 1707 disputationis

101 1724 319 1780 retibus
350 1728 572 1796 captos,
604 1727 662 1779 et
691 1722 941 1778 carnalis
970 1722 1222 1778 scientia
1242 1722 1543 1779 accumine
1565 1722 1737 1777 hebe-

101 1817 269 1877 tatos,
329 1828 431 1883 per
476 1812 769 1884 captiosos
825 1811 1163 1867 necessaria
1216 1810 1738 1883 argumentationis

98 1901 321 1955 ducunt
350 1900 648 1954 anfractus
676 1917 688 1955 :
722 1900 904 1954 donec
933 1903 1204 1954 extranea
1235 1904 1292 1954 et
1343 1916 1377 1953 a
1419 1898 1606 1954 salute
1638 1914 1734 1970 pe-

100 1988 327 2059 regrina
354 1988 726 2060 questionum
753 1989 1002 2043 novitate
1024 1986 1265 2059 pulchre
1301 1988 1372 2042 ad
1428 1986 1741 2059 perniciem

102 2078 438 2147 instructos,
481 2094 596 2132 una
642 2094 840 2132 secum
885 2078 1227 2148 demergant
1275 2076 1331 2130 in
1383 2081 1624 2147 puteum
1657 2075 1743 2129 in-

100 2166 331 2222 teritus.

170 2254 352 2310 XXXI.
387 2254 557 2310 Tales
587 2270 723 2325 ergo
755 2254 892 2325 quia
924 2270 1038 2308 non
1072 2254 1406 2318 advertunt,
1442 2252 1595 2324 quod
1630 2268 1743 2306 non

99 2346 354 2399 humano
385 2348 487 2399 aut
513 2344 705 2398 saculi
740 2360 915 2397 sensu
960 2343 1016 2396 in
1050 2342 1149 2397 Dei
1184 2342 1359 2396 rebus
1395 2342 1472 2395 sit
1504 2340 1745 2412 loquen-

103 2435 267 2501 dum,
300 2433 575 2505 quodque
605 2432 902 2486 inventum
936 2429 1050 2485 mel
1073 2430 1146 2484 ad
1168 2429 1607 2495 sufficientiam,
1631 2446 1744 2484 non

102 2539 288 2594 usque
309 2522 380 2576 ad
405 2536 684 2577 nauseam
707 2520 781 2575 sit
803 2520 1249 2586 comedendum,
1293 2520 1435 2573 dum
1477 2535 1584 2573 sua
1614 2518 1744 2573 freti

101 2609 389 2683 sapientia
418 2609 665 2664 nimium
698 2608 1021 2679 majestatis
1051 2608 1343 2679 profunda
1388 2610 1745 2676 scrutantur,

100 2699 360 2772 oppressi
378 2715 412 2753 a
425 2697 677 2769 gloriain
692 2714 950 2753 errorum
968 2696 1259 2768 profunda
1276 2695 1743 2768 pracipitantur:

102 2795 159 2844 et
188 2789 328 2843 dum
360 2787 716 2859 imprudenti
748 2785 999 2841 carnalis
1031 2785 1335 2857 sapientia
1365 2785 1610 2840 audacia
1639 2784 1746 2857 lip-

105 2877 329 2950 pientes
360 2875 559 2932 oculos
576 2874 1140 2942 animalishominis,
1161 2874 1261 2945 qui
1282 2890 1397 2929 non
1421 2874 1667 2947 percipit
1683 2890 1751 2929 ea

100 2984 228 3037 qua
261 2965 356 3021 Dei
390 2968 550 3033 sunt,
580 2964 639 3018 in
684 2980 883 3018 verum
934 2962 1127 3018 Solem
1180 2962 1432 3035 defigere
1462 2962 1748 3031 nituntur,

106 3055 296 3127 ipsius
329 3054 635 3109 inaccessa
658 3051 808 3107 lucis
831 3052 1013 3107 radiis
1045 3052 1395 3122 repercussi,
1415 3050 1475 3105 in
1505 3050 1752 3106 exterio-

106 3162 200 3200 res
228 3159 489 3199 errorum
537 3142 802 3197 tenebras
850 3139 1257 3212 projiciuntur.
1310 3140 1408 3195 Isti
1438 3140 1509 3195 de
1541 3139 1753 3195 divinis

102 3236 607 3289 sacramentorum
640 3229 953 3301 mysteriis,
977 3245 1208 3300 semper
1231 3228 1466 3301 quidem
1492 3244 1752 3284 reveren-

1847 677 1959 713 nus
1995 659 2317 726 Itcineusis,
2366 665 2549 733 Drogo
2581 660 2895 727 Pariensis,
2941 660 3231 732 Spirensis
3267 660 3488 716 Huore-

1846 765 2122 813 mannus,
2160 749 2653 822 Bavenbergensis
2698 749 3096 814 Meinbardus,
3129 756 3188 804 et
3216 755 3492 821 praterea

1846 836 2038 902 multi,
2072 843 2127 892 et
2156 842 2516 909 prastantes,
2540 844 2597 893 et
2626 840 2928 911 pracipua
2964 838 3331 895 auctoritatis
3360 839 3487 908 viri,

1846 924 1967 996 qui,
2019 926 2651 997 pracisis‘speciebus,
2721 933 2779 981 et
2836 926 3123 983 abdicatis
3166 926 3490 995 laboribus,

1846 1013 2057 1070 studiis
2106 1014 2529 1082 valelecerunt;
2582 1020 2639 1069 et
2684 1014 2931 1086 sapienti
2987 1016 3227 1070 consilio
3278 1016 3389 1085 usi,
3431 1017 3490 1072 in

1845 1102 2147 1174 theologia
2178 1103 2360 1158 otium
2391 1110 2822 1159 concesserunt.
2861 1105 2974 1176 Ego
3008 1122 3139 1160 vero
3173 1104 3312 1177 quid
3348 1106 3492 1162 face-

1846 1208 1970 1246 rem
1990 1191 2129 1246 ?cur
2154 1208 2269 1247 non
2290 1192 2444 1247 idem
2468 1192 2593 1246 vita
2608 1193 2969 1264 propositum
2995 1194 3065 1248 de
3085 1201 3289 1249 caetero
3313 1194 3490 1267 elige-

1847 1296 1971 1335 rem
1992 1280 2020 1334 ?
2041 1280 2157 1351 Ego
2179 1296 2312 1336 vero
2338 1297 2403 1335 ac
2426 1280 2653 1335 lubens.
2679 1282 2759 1335 Ad
2786 1282 2891 1335 l'oc
2915 1282 3067 1336 enim
3109 1284 3215 1337 etsi
3239 1299 3487 1356 genera-

1847 1366 1921 1423 lis
1952 1368 2182 1440 piorum
2216 1370 2480 1423 omnium
2512 1369 2747 1440 querela
2785 1370 2866 1423 vel
2920 1387 3095 1424 causa
3122 1387 3213 1425 me
3244 1388 3355 1426 non
3388 1390 3484 1427 ur-

1847 1461 2024 1529 geret,
2076 1456 2394 1528 singularis
2457 1462 2653 1512 tamen
2718 1458 2842 1511 vita
2910 1475 3043 1512 mea
3083 1460 3383 1528 decursus,
3433 1466 3491 1517 et

1847 1561 2042 1599 rerum
2068 1562 2330 1599 mearum
2354 1552 2669 1617 proventus
2692 1563 2783 1600 me
2810 1548 2955 1599 itlem
2977 1546 3189 1619 eligere
3211 1549 3354 1603 satis
3374 1566 3497 1605 mo-

1846 1633 2175 1688 neret.Vita
2199 1635 2751 1706 namquedecursus
2771 1637 2921 1690 conti
2936 1636 3276 1692 nuolaboris
3296 1638 3497 1693 attritu

1846 1723 2044 1777 eﬂ‘etas
2083 1722 2369 1790 exhaurit,
2405 1723 2452 1777 si
2487 1740 2613 1794 qua
2647 1730 2985 1795 supersunt,
3035 1726 3295 1797 corporis
3324 1728 3499 1797 vires,

1846 1815 1902 1866 et
1921 1815 2301 1882 praematuras
2336 1810 2619 1883 inspergit
2656 1812 2828 1883 capiti
2872 1814 3030 1868 nives
3058 1829 3070 1867 :
3098 1814 3251 1869 unde
3281 1819 3338 1870 et
3369 1832 3502 1871 ma-

1847 1903 2049 1954 turum
2069 1899 2212 1953 mihi
2238 1899 2494 1954 minatur
2513 1899 2774 1961 exitium,
2804 1900 2912 1954 nisi
2943 1907 3167 1956 mature
3195 1918 3287 1957 me
3308 1904 3499 1960 confe-

1857 2005 1978 2041 ram
2013 1988 2070 2041 in
2102 1987 2356 2058 quietem
2388 1992 2441 2042 et
2471 1989 2675 2042 otium.
2713 1993 3028 2043 l’roventus
3070 1994 3265 2045 autem
3296 2007 3493 2047 rerum

1853 2092 2138 2144 mearum,
2156 2075 2290 2131 licet
2311 2076 2541 2131 abunde
2563 2078 3057 2148 expoctandarum
3080 2078 3283 2134 afﬂuat
3303 2080 3491 2152 copia,

1852 2168 2045 2218 tamen
2095 2164 2351 2218 maxime
2397 2162 2871 2218 desiderabilium
2929 2163 3229 2234 aperiatur
3272 2164 3492 2238 inopia,

1853 2268 2053 2307 eorum
2085 2252 2286 2322 utique
2320 2253 2391 2306 de
2422 2268 2595 2305 aureo
2630 2252 2917 2321 majorum
2959 2251 3169 2307 saculo
3198 2253 3360 2324 prius
3393 2270 3497 2309 au-

1855 2342 1993 2407 dita,
2028 2358 2158 2411 qum
2191 2340 2547 2395 I'elicioribus
2579 2347 2787 2393 nostra
2812 2342 3103 2395 memoria
3136 2340 3340 2397 diebus
3375 2342 3500 2414 ipse

1853 2428 2041 2483 oculis
2057 2430 2200 2484 meis
2214 2428 2581 2494 vidi,scilicet
2594 2430 2764 2483 Iidem
2782 2446 2891 2481 non
2910 2430 3187 2494 lictam,et
3198 2430 3503 2485 veritatem

1854 2518 2182 2588 integram;
2217 2524 2569 2590 praceptum
2607 2518 2834 2572 Domini
2882 2518 2942 2571 in
2992 2517 3238 2573 invicem
3270 2534 3504 2575 conser-

1853 2606 2278 2677 vare,justitia
2320 2611 2377 2661 et
2425 2606 2685 2678 aquitati
2736 2606 2877 2661 nihil
2932 2611 3323 2678 anteponere:
3359 2608 3504 2663 nihil

1856 2694 2152 2750 remittere
2174 2696 2243 2749 de
2264 2694 2544 2768 gravitate
2579 2694 2899 2766 disciplina
2922 2700 2978 2749 et
3016 2694 3333 2766 religionis,
3354 2696 3501 2751 nihil

1856 2784 2161 2839 admittere
2188 2784 2340 2855 quod
2377 2801 2489 2839 non
2521 2787 2674 2838 esset
2713 2782 2957 2854 publica
3008 2783 3278 2839 utilitatis
3310 2789 3367 2840 et
3396 2785 3499 2840 ho-

1857 2873 2137 2937 nestatis;
2172 2878 2489 2943 cateraque
2519 2871 2576 2925 id
2608 2887 2793 2941 genus
2824 2871 3040 2937 omnia,
3074 2888 3199 2943 qua
3232 2872 3293 2927 in
3324 2872 3501 2929 luteis

1856 2961 2127 3015 humana
2162 2965 2377 3015 natura
2411 2959 2669 3014 cratibus
2707 2959 2929 3014 auratis
2980 2967 3227 3032 possunt
3273 2967 3503 3018 mentes

1860 3048 2225 3114 adiﬁcare,et
2247 3047 2303 3101 in
2336 3048 2492 3121 vasis
2524 3047 2798 3103 fictilibus
2829 3048 3246 3104 desiderabiles
3267 3049 3507 3107 thesau-

1859 3155 1955 3194 ros
1984 3137 2416 3210 reponere.Hac
2445 3144 2585 3192 sunt
2614 3153 2742 3208 qua
2778 3135 3124 3193 melioribus
3148 3144 3354 3194 nostra
3386 3156 3511 3196 me-

1865 3226 2061 3282 moria
2093 3227 2300 3281 diebus
2333 3242 2426 3280 me
2459 3225 2672 3292 videre,
2705 3230 2762 3281 et
2782 3225 2875 3281 his
2896 3225 3173 3281 interesse
3194 3226 3343 3282 serio
3362 3244 3508 3300 gau-

100 3322 217 3389 dis,
252 3337 356 3376 nec
387 3335 648 3391 unquam
690 3300 949 3373 humano
989 3334 1162 3372 sensu
1196 3300 1297 3372 aut
1329 3317 1549 3372 ratione
1579 3318 1752 3373 attin-
1784 3300 1827 3366 C
1865 3316 2098 3370 debam.
2132 3315 2294 3369 Nunc
2325 3330 2459 3369 vero
2492 3314 2631 3385 quia
2660 3331 2803 3386 pene
2850 3329 2915 3368 ex
2966 3318 3083 3369 toto
3130 3316 3502 3384 defecerunt;

98 3409 335 3481 gendis,
358 3408 499 3463 dum
516 3407 713 3479 impiis
732 3424 842 3460 non
860 3405 1554 3461 timentconlentionibus
1570 3406 1753 3462 inser-

95 3499 243 3566 vire,
269 3496 413 3553 nihil
436 3512 579 3552 sano
615 3496 816 3551 auditu
852 3493 1096 3566 dignum
1124 3498 1423 3549 merentur
1443 3495 1707 3550 difﬁnere
1737 3513 1750 3562 ;

98 3593 162 3644 et
186 3588 331 3642 dum
350 3590 569 3641 natura
590 3585 869 3640 terminos
893 3581 1425 3649 voluntincludere,
1447 3588 1504 3638 et
1519 3582 1574 3639 id
1596 3584 1750 3655 quod

96 3675 291 3732 totius
311 3673 615 3731 rationalis
635 3677 907 3729 creatura
933 3672 1215 3726 rationem
1229 3689 1294 3726 su
1305 3671 1753 3743 perat,humana

93 3765 330 3821 ratione
360 3767 615 3836 pergunt
646 3760 1007 3825 concludere,
1030 3775 1161 3815 vere
1192 3759 1248 3814 in
1290 3758 1540 3831 lapidem
1574 3762 1750 3816 oﬂ‘en-

90 3853 289 3911 sionis
314 3857 371 3909 et
394 3856 615 3927 petram
662 3849 921 3906 scandali
965 3849 1335 3921 impingunt:
1368 3850 1506 3921 quia
1535 3850 1606 3905 de
1638 3850 1751 3921 piis

89 3941 533 3999 sanedoctrina
560 3939 836 3994 uberibus
870 3954 970 4009 pro
998 3936 1163 4005 lacte,
1197 3936 1470 4010 butyrum
1503 3944 1748 3993 autsan-

88 4032 339 4104 guinem
407 4029 732 4101 exprimere
797 4027 1176 4082 contendunt.
1247 4026 1404 4081 Hanc
1467 4027 1750 4082 mortiferi

87 4119 394 4192 dogmatis
424 4123 647 4190 pestem
687 4116 761 4171 ab
810 4114 1067 4170 Ecclesia
1115 4131 1225 4170 sua
1273 4113 1538 4171 Christus
1579 4115 1751 4172 Jesus

84 4208 380 4265 radicitus
406 4206 633 4273 evellat,
664 4204 1012 4277 priusquam
1054 4202 1353 4258 modicum
1396 4203 1747 4260 fermentum

90 4304 283 4354 totam
315 4310 574 4352 massam
604 4297 963 4364 corrumpat.

170 4384 396 4441 XXXII.
429 4384 575 4439 Cum
605 4398 741 4455 ergo
772 4380 882 4435 hoc
923 4380 1132 4448 toxico,
1177 4379 1418 4453 insuper
1463 4384 1521 4436 et
1550 4380 1748 4436 multi-

84 4475 272 4532 formi
304 4472 541 4529 malitia
581 4476 641 4527 et
683 4470 956 4541 nequitia
1005 4470 1287 4525 fermento
1328 4474 1449 4525 tota
1490 4470 1749 4542 undique

76 4564 481 4620 fermentetur
499 4558 773 4624 Ecclesia,
799 4574 903 4612 nec
935 4572 1184 4628 usquam
1220 4572 1365 4627 pene
1395 4556 1749 4612 sinceritatis

1862 3422 1978 3460 non
2020 3408 2136 3458 tam
2189 3418 2402 3469 meam,
2454 3419 2629 3473 quam
2678 3418 3047 3457 communem
3095 3402 3277 3457 deﬂeo
3328 3404 3503 3459 mise-

1862 3493 2031 3548 riam.

1930 3580 2169 3636 XXXIV.
2202 3581 2270 3635 Et
2300 3586 2364 3635 ut
2408 3579 2757 3652 antiquiora,
2808 3585 2864 3635 et
2909 3582 2982 3635 ob
3030 3580 3138 3636 hoc
3173 3582 3412 3638 meliora
3442 3600 3504 3640 se

1860 3676 2084 3726 taceam
2117 3673 2399 3741 tempora,
2427 3674 2485 3725 et
2513 3670 2583 3723 de
2616 3668 2707 3724 his
2738 3667 2946 3740 loquar
2984 3687 3111 3743 q-ua
3149 3673 3357 3742 partim
3394 3672 3507 3745 ipsi

1857 3759 2362 3831 vidimus,partim
2390 3764 2648 3813 recenter
2664 3764 2829 3830 gesta
2852 3758 3003 3814 lideli
3042 3760 3317 3816 relatione
3352 3762 3505 3816 didi-

1860 3849 2087 3903 cimus:
2121 3866 2155 3903 a
2182 3848 2391 3903 diebus
2421 3847 2641 3902 domini
2673 3847 2903 3919 Notgeri
2950 3854 3158 3904 nostra
3189 3850 3349 3905 urbis
3380 3850 3501 3922 epi-

1860 3937 2041 4009 scopi,
2072 3953 2273 3992 eorum
2307 3937 2650 4009 pontificum
2698 3936 2799 4007 qui
2853 3937 2903 3991 ei
2952 3938 3411 4009 contemporales
3442 3938 3501 3994 in

1858 4026 2113 4081 Ecclesia
2142 4025 2423 4080 ﬂorebant
2444 4023 2738 4097 pracipui,
2764 4041 2948 4096 usque
2970 4026 3039 4081 ad
3062 4025 3183 4080 hac
3224 4043 3352 4098 qua
3381 4027 3502 4097 jam

1860 4114 1919 4170 in
1953 4114 2187 4169 miseria
2216 4114 2583 4169 deﬂuxerunt
2610 4114 2725 4169 duo
2765 4112 2969 4182 lustra,
3022 4115 3421 4171 misericordia
3450 4121 3509 4172 et

1855 4203 2069 4259 veritas
2100 4202 2479 4257 obviaverunt
2518 4202 2652 4270 sibi,
2696 4202 2933 4273 justitia
2978 4207 3034 4257 et
3081 4222 3193 4276 pax
3235 4205 3506 4261 osculata

1858 4296 2016 4347 sunt.
2044 4292 2207 4346 Nunc
2236 4295 2430 4346 autem
2456 4291 2526 4347 de
2556 4295 2713 4347 terra
2743 4290 2973 4347 sublata
2991 4296 3097 4359 est,
3126 4294 3422 4362 etjustitia
3446 4294 3504 4349 in

1857 4380 2069 4436 ccelum
2102 4380 2361 4451 recessit,
2395 4385 2451 4436 et
2479 4380 2783 4451 repentino
2826 4380 3074 4452 quodam
3118 4383 3359 4437 fortuna
3393 4383 3504 4437 im-

1857 4475 2017 4540 petu,
2048 4474 2105 4525 et
2147 4474 2517 4524 monstruosa
2548 4485 2740 4523 rerum
2773 4469 3205 4540 perturbatione
3235 4470 3505 4526 universa

1856 4563 1913 4613 et
1938 4575 2206 4630 perversa
2236 4560 2375 4612 sunt
2404 4556 2637 4623 omnia;
2671 4561 2746 4625 et,
2781 4560 2846 4611 ut
2874 4555 3120 4612 breviter
3140 4558 3354 4627 dicam,
3375 4574 3499 4614 om-

75 4658 141 4708 et
165 4647 435 4706 veritatis
456 4647 748 4718 integrum
773 4648 1033 4701 servetur
1052 4661 1554 4717 azyma:cumque
1578 4662 1747 4701 nemo
1778 4667 1825 4731 D
1859 4646 1956 4702 nia
1987 4646 2277 4719 pradictis
2305 4645 2613 4701 contraria.
2657 4646 2814 4700 Adeo
2862 4648 2926 4699 ut
2955 4644 3003 4699 si
3049 4646 3183 4716 quis
3216 4646 3365 4701 inter
3394 4646 3501 4703 has

71 4756 241 4814 pene
272 4738 351 4795 sit
385 4736 487 4809 qui
519 4740 720 4791 contra
748 4733 867 4788 hac
896 4732 985 4789 vel
1008 4734 1081 4789 ad
1104 4750 1237 4789 vera
1258 4734 1419 4789 bona
1436 4732 1560 4788 vita
1583 4733 1749 4790 insti-

70 4834 239 4899 tuta,
262 4826 353 4882 vel
373 4824 752 4895 laboretipse,
774 4821 863 4878 vel
881 4822 1244 4877 laborantem
1263 4822 1333 4877 de
1347 4821 1467 4877 vita
1482 4823 1746 4879 mercede

71 4919 467 4982 remuneret;
500 4918 557 4970 et
585 4912 657 4969 ob
688 4912 797 4967 hoc
822 4912 949 4984 ipsa
978 4928 1105 4983 qua
1135 4911 1229 4966 vix
1257 4910 1492 4967 residua
1521 4916 1628 4978 est,
1660 4912 1743 4967 la-

70 5004 435 5064 borantium
458 5001 721 5076 paucitas
741 5000 910 5056 tadio
935 5000 1105 5068 victa,
1128 5017 1161 5056 a
1192 4998 1390 5056 labore
1417 5003 1704 5073 temperet
1727 5018 1739 5057 :

68 5096 226 5170 quis
254 5093 489 5166 negotio
518 5107 634 5147 non
662 5093 977 5161 anteponat
1006 5088 1191 5144 otium
1213 5090 1241 5147 ‘2
1270 5089 1403 5159 quis
1434 5089 1626 5144 inutili
1658 5088 1741 5146 la-

70 5184 219 5242 bori
252 5188 316 5240 et
343 5178 585 5239 clamori
615 5180 684 5234 ad
718 5178 930 5235 surdos
960 5194 1076 5234 non
1116 5178 1381 5250 praferat
1400 5177 1655 5249 quietem
1686 5182 1743 5234 et

61 5272 397 5331 silentium
420 5269 448 5325 ?
476 5270 665 5335 Posui,
716 5267 931 5339 inquit,
979 5269 1095 5323 ario
1123 5283 1245 5323 meo
1290 5267 1591 5323 custodiam
1618 5285 1741 5324 cum

59 5363 413 5420 consisteret
435 5361 687 5431 peccator
715 5357 1006 5412 adversum
1032 5372 1153 5412 me:
1189 5356 1453 5425 obmutui,
1485 5361 1536 5413 et
1555 5358 1737 5413 humi-

62 5456 259 5509 liatus
288 5465 432 5514 sum,
465 5451 517 5502 et
544 5447 683 5502 silui
709 5463 743 5501 a
773 5445 943 5502 bonis.
976 5446 1047 5501 Et
1089 5446 1229 5517 quid
1258 5445 1595 5517 hujusmodi
1624 5446 1737 5502 hu-

58 5537 337 5598 miliatis
367 5541 424 5592 et
448 5552 482 5592 a
505 5536 657 5591 bono
688 5533 997 5590 silentibus
1027 5535 1319 5607 agendum
1340 5534 1418 5591 sit
1452 5533 1736 5593 Jeremias

57 5631 257 5687 docet
287 5626 493 5683 dicens
517 5641 529 5680 :
573 5623 785 5681 Sedebit
809 5623 1092 5682 solitarius
1120 5628 1170 5682 et
1198 5624 1432 5687 tacebit:
1480 5626 1610 5700 quia
1657 5626 1734 5684 te-

51 5721 228 5786 vavit
258 5732 321 5777 se
349 5728 512 5793 super
545 5729 621 5773 se.

1858 4734 2055 4791 saculi
2085 4740 2463 4806 tempestates
2494 4735 2696 4789 eodem
2740 4733 2983 4789 rationis
3014 4732 3168 4789 claro
3216 4741 3273 4790 et
3294 4736 3500 4791 eadem

1852 4825 1945 4880 via
1977 4824 2409 4890 mandatorum,
2443 4822 2611 4895 quasi
2641 4822 2964 4878 caelestium
2996 4823 3174 4878 ductu
3207 4825 3501 4893 siderum;

1850 4913 1987 4969 velit
2015 4915 2273 4985 seipsum
2304 4917 2361 4967 et
2388 4912 2501 4968 sibi
2548 4912 2765 4967 credita
2808 4928 3023 4983 regere,
3072 4912 3201 4984 ipsa
3228 4914 3505 4971 turbidus

1848 5000 2121 5058 violentia
2150 5017 2465 5072 percussus
2508 5005 2748 5073 cogatur
2796 5001 2867 5057 ab
2911 5001 3167 5073 incoepta
3198 5003 3504 5061 desistere.

1850 5091 2014 5156 Quod
2065 5107 2242 5162 quam
2290 5090 2590 5156 horribile,
2644 5106 2821 5161 quam
2871 5091 3120 5146 monstri
3170 5091 3363 5148 simile
3408 5094 3503 5162 sit,

1850 5179 1995 5234 nulli
2026 5179 2192 5234 facile
2207 5178 2543 5251 explicabile
2558 5183 2663 5233 est.
2682 5178 2957 5250 Legimus
2972 5198 3037 5235 en
3050 5181 3127 5235 im
3148 5181 3338 5237 nobile
3361 5181 3502 5237 illud

1848 5268 2058 5341 prioris
2081 5268 2275 5325 saculi
2293 5286 2505 5324 aurum
2520 5273 2760 5340 argento
2776 5269 2999 5325 cateris
3032 5270 3321 5325 inferioris
3330 5269 3499 5341 pretii

1849 5356 2105 5414 metallis
2136 5357 2358 5413 sensim
2380 5361 2434 5413 et
2461 5373 2565 5429 per
2583 5361 2920 5428 temporum
2942 5357 3242 5413 intervalla
3260 5358 3498 5428 degene-

1846 5464 2030 5516 rasse,
2065 5464 2171 5503 nec
2195 5451 2313 5503 tam
2337 5447 2534 5503 subito
2568 5446 2660 5502 sui
2682 5446 2891 5502 coloris
2927 5447 3172 5518 speciem
3205 5446 3490 5503 amisisse.

1845 5537 2011 5592 Nunc
2028 5541 2245 5604 autem,
2269 5539 2335 5591 ut
2352 5536 2723 5608 pramissum
2745 5541 2852 5603 est,
2871 5540 3235 5589 monstruosa
3255 5538 3313 5589 et
3335 5534 3498 5593 inau'

1843 5624 1965 5681 dita
1994 5624 2249 5698 quadam
2300 5640 2499 5681 rerum
2545 5622 2999 5697 perturbatione,
3050 5622 3217 5693 quasi
3264 5623 3322 5677 in
3367 5641 3491 5681 mo-

1844 5719 2064 5790 mento,
2097 5732 2133 5776 a
2162 5731 2267 5778 suo
2298 5718 2456 5777 statu
2486 5715 2767 5775 subversa
2794 5716 2933 5775 sunt
2960 5710 3157 5773 omnia
3181 5728 3195 5783 ;
3219 5728 3325 5771 nec
3345 5729 3492 5793 pene
