3916 6424
401 452 518 510 903

1593 447 2012 510 GOZECHINI
2057 445 2556 509 SCHOLASTICI
2571 491 2585 508 .

3675 442 3688 452 ’
3723 447 3830 507 904

402 584 714 655 quisquam
745 585 852 648 est,
887 581 986 653 qui
1019 580 1234 654 preprii
1276 580 1497 637 ordinis
1529 580 1614 635 vel
1644 579 1817 635 ofﬁcii
1851 583 2037 634 servet
2064 583 2118 646 Α
2149 580 2318 634 modo
2371 580 2522 651 quod
2575 578 2868 651 quaerebat
2915 577 3153 634 dantem
3204 579 3500 633 excusat:
3553 584 3828 649 perorata

400 671 660 744 legitima
685 688 696 725 :
721 671 819 724 sed
843 667 1228 724 desiderabile
1246 667 1390 724 illud
1427 669 1607 724 nostri
1631 668 1907 740 temporis
1931 685 2031 723 au-

400 776 534 816 rum
556 759 854 830 repentino
877 759 1127 828 quodam
1150 773 1310 824 casu,
1348 774 1457 812 non
1491 762 1556 812 ut
1575 756 1738 829 prius
1767 773 1868 828 per
1887 761 2032 812 tem-

399 864 606 921 porum
657 845 974 911 intervalla,
1049 862 1162 900 non
1205 844 1263 900 in
1331 849 1637 918 argentum
1692 844 1778 900 vel
1830 849 2034 900 caetera

399 935 692 1008 quantivis
721 932 892 1006 pretii
919 931 1169 998 metalla,
1203 933 1302 988 sed
1337 933 1393 987 in
1426 933 1702 1004 stipulam
1725 937 1782 988 et
1811 933 2031 1000 fenum,

397 1029 497 1080 aut
526 1027 679 1080 certe
704 1023 763 1078 in
795 1019 1047 1077 favillam
1079 1024 1135 1076 et
1165 1020 1418 1077 cinerem
1461 1021 1698 1076 omnino
1732 1021 2030 1076 redactum

397 1119 504 1170 est.
537 1112 608 1167 Ut
633 1109 783 1167 enim
814 1114 1027 1165 cunctu
1055 1126 1184 1180 qua:
1207 1109 1476 1181 superius
1515 1109 1760 1179 objectis
1792 1108 1912 1164 tuis
1943 1123 2030 1162 re-

395 1201 732 1273 spondendo
750 1199 1066 1268 dequestus
1085 1215 1236 1266 sum,
1263 1198 1677 1269 compendioso
1695 1196 2030 1268 recolligam

391 1289 636 1362 epilogo,
661 1292 968 1360 postquam
996 1285 1323 1341 clarissima
1344 1287 1458 1341 duo
1489 1285 1754 1340 Ecclesiae
1779 1284 2028 1338 lumina-

392 1378 498 1445 ria,
531 1395 658 1450 qua:
685 1376 862 1431 nimis
885 1391 1012 1430 sero
1032 1375 1184 1430 Deus
1208 1374 1491 1443 accendit,
1515 1377 1571 1429 et
1610 1373 1786 1428 nimis
1806 1376 2031 1428 mature

392 1467 451 1522 in
483 1465 824 1522 abscondito
865 1463 1031 1518 faciei
1069 1479 1186 1518 suae
1209 1480 1241 1518 a
1263 1461 1704 1518 conturbatione
1724 1461 2029 1516 hominum

393 1553 720 1620 abscondit,
751 1553 1064 1608 Henricum
1095 1551 1222 1607 dico
1255 1551 1576 1606 secundum
1597 1549 2025 1622 imperatorem,

393 1649 448 1698 et
477 1641 852 1698 Liutboldum
884 1639 1236 1712 Moguntina:
1261 1639 1415 1694 sedis
1437 1637 1933 1710 protopraesulem,
1967 1637 2027 1692 in

393 1749 540 1804 quos
570 1729 727 1786 aurei
759 1728 953 1784 saeculi
1001 1728 1145 1782 fines
1193 1744 1326 1782 cum
1375 1727 1630 1781 maxima
1671 1726 1760 1781 sui
1803 1725 2028 1780 decoris

392 1820 586 1895 specie
615 1819 1004 1874 devenerunt:
1051 1816 1192 1881 hreo,
1243 1817 1508 1887 inquam,
1557 1815 1882 1870 clarissima
1911 1813 2025 1868 duo

2143 685 2274 723 vero
2301 685 2476 724 causa
2495 666 2779 723 violentiae
2801 669 2858 722 et
2877 665 3182 738 rapacitati
3214 665 3592 738 caeterisque
3615 681 3827 722 concu-

2141 756 2385 812 rialibus
2415 757 2540 811 suis
2565 755 2756 812 media
2775 755 3058 821 residens,
3083 754 3156 810 de
3175 752 3328 809 libro
3355 752 3656 828 suolegit
3681 755 3830 826 quod

2143 844 2220 900 sit
2229 845 2482 916 justum,
2509 848 2566 899 et
2581 844 2801 900 eisdem
2815 843 3034 914 juratis
3062 841 3296 915 legibus
3322 841 3445 898 sibi
3474 842 3827 898 assentien-

2139 931 2320 1000 tibus,
2350 932 2474 1005 lege
2503 931 2901 988 nummulario.
2929 929 2990 986 in
3021 946 3187 986 reum
3211 931 3446 1003 profert
3469 930 3826 1001 judicium;

2141 1025 2198 1077 et
2222 1021 2427 1076 tandiu
2456 1020 2785 1077 vinculatus
2815 1024 3046 1076 tenetur
3077 1035 3233 1086 reus,
3265 1019 3464 1075 donec
3503 1018 3702 1076 illum
3732 1021 3827 1076 ab.

2139 1109 2328 1166 solvat
2359 1126 2694 1166 mammona
2723 1109 2866 1165 deus
2891 1125 2904 1164 :
2939 1123 3234 1181 quemque
3260 1109 3446 1164 modo
3478 1109 3825 1166 Labeonem

2136 1199 2262 1271 lege
2292 1198 2524 1255 Cmcilia
2553 1197 2771 1254 sufficit
2798 1197 2978 1266 cruci,
3003 1197 3178 1253 modo
3201 1197 3496 1253 Catonem
3524 1197 3672 1272 lege
3703 1213 3826 1254 mo-

2137 1288 2357 1343 netaria
2377 1286 2768 1343 donatcuruli.
2801 1287 2860 1342 In
2890 1285 3051 1342 omni
3069 1290 3266 1342 autem
3288 1285 3596 1343 concione
3641 1287 3824 1358 hujus

2137 1376 2440 1448 potestatis
2468 1375 2575 1432 hoc
2625 1373 2897 1447 proponit
2941 1373 3270 1430 auctoritas
3317 1372 3562 1447 legum,
3614 1375 3680 1430 in
3713 1371 3822 1430 hoc

2136 1464 2424 1520 consentit
2453 1479 2687 1520 summa
2697 1462 3078 1535 judiciorum,
3105 1465 3172 1517 ut
3195 1461 3298 1534 qui
3319 1478 3444 1518 non
3471 1467 3687 1536 potest
3705 1461 3820 1518 sol-

2135 1569 2266 1610 vere
2290 1553 2362 1609 de
2386 1553 2676 1608 immenso
2716 1567 2844 1620 suo,
2892 1549 3080 1606 solvat
3130 1550 3290 1622 quod
3343 1565 3607 1624 compar
3637 1551 3724 1608 sit
3750 1551 3818 1606 de

2135 1641 2398 1698 dimenso
2430 1657 2536 1697 suo
2563 1657 2575 1695 :
2605 1643 2662 1696 et
2690 1639 2739 1695 si
2771 1655 2887 1695 non
2920 1637 3100 1694 habet
3145 1639 3306 1695 unde
3350 1638 3660 1710 solvatur,
3691 1641 3820 1696 sine

2135 1729 2508 1786 miseratione
2538 1727 2933 1800 cruciﬁgatur.

2204 1819 2438 1874 XXXVI.
2477 1818 2614 1874 Inde
2644 1820 2732 1872 est
2761 1817 2916 1888 quod
2947 1831 3081 1871 cum
3117 1815 3179 1870 in
3203 1815 3501 1872 nundinis
3525 1819 3819 1873 sanctum

391 1908 722 1974 luminaria,
777 1909 1086 1977 postquam
1147 1904 1218 1959 ab
1277 1903 1370 1958 his
1418 1903 1670 1958 tenebris
1715 1903 1784 1956 ad
1829 1918 2019 1956 veram
2055 1945 2100 2010 Β
2133 1909 2396 1964 videmus
2419 1905 2822 1979 Evangelium,
2841 1902 3077 1960 venales
3105 1903 3168 1959 in
3206 1903 3821 1962 Ecclesia'columbas

390 1997 600 2064 lucem,
633 2013 666 2052 a
692 2012 806 2066 qua
835 1994 1008 2049 etiam
1041 1993 1153 2048 huc
1192 1991 1523 2047 alluxerunt
1572 1990 1698 2046 orbi
1745 1994 1927 2058 terra),
1960 1994 2025 2044 ut

389 2102 624 2142 oramus
655 2087 711 2140 et
741 2088 1032 2154 optamus,
1065 2087 1370 2152 assumpta
1391 2083 1558 2148 sunt;
1587 2079 1869 2152 quidquid
1887 2079 2024 2133 divi-

388 2193 472 2230 me
495 2172 814 2245 religionis,
839 2170 1122 2242 quidquid
1147 2168 1433 2241 aequitatis
1472 2173 1528 2224 et
1549 2168 1812 2239 justitia,
1847 2167 2016 2238 quid-

387 2263 526 2336 quid
549 2260 879 2318 liberalium
903 2259 1250 2325 studiorum,
1275 2255 1555 2328 quidquid
1579 2255 1835 2312 liberalis
1856 2253 2022 2310 disci-

387 2350 556 2422 plinae
588 2350 802 2420 ubique
831 2347 1079 2419 vigebat,
1113 2348 1263 2402 sicut
1288 2350 1429 2400 tunc
1458 2345 1737 2416 temporis
1768 2342 2022 2399 Ecclesia

387 2442 443 2494 et
471 2438 626 2494 vario
655 2437 932 2492 virtutum
985 2437 1186 2490 decore
1230 2438 1285 2489 et
1334 2433 1640 2504 multiplici
1689 2431 2017 2487 liberalium

386 2528 709 2584 litterarum
743 2523 1055 2598 propagine
1087 2523 1345 2589 ﬂorebat,
1388 2539 1521 2577 cum
1571 2523 1655 2577 eis
1685 2521 1900 2594 pariter
1929 2537 2018 2575 se-

385 2615 570 2688 pulta,
603 2615 719 2669 imo
769 2613 826 2667 in
877 2611 1082 2667 coelum
1136 2616 1364 2682 recepta
1411 2614 1582 2666 sunt:
1635 2609 1715 2664 ita
1761 2615 1824 2664 ut
1872 2609 2018 2664 nihil

383 2720 583 2759 eorum
615 2719 760 2775 pene
791 2699 1131 2756 remanserit
1160 2699 1217 2754 in
1259 2703 1410 2754 terra
1457 2703 1661 2771 praeter
1701 2699 2015 2754 admodum

383 2809 589 2866 pauca,
621 2796 676 2848 et
706 2791 826 2845 haec
857 2794 922 2844 ut
953 2789 1170 2844 umbrae
1202 2787 1394 2844 inanis
1433 2787 1694 2859 vestigia.

455 2881 670 2936 XXXV.
701 2883 966 2950 Namque
997 2878 1054 2932 in
1085 2876 1310 2949 primis,
1348 2877 1404 2932 hi
1437 2877 1537 2948 qui
1567 2877 1626 2931 in
1667 2876 1884 2948 populo
1916 2876 2015 2932 Dei

383 2969 758 3042 magistratus
791 2971 848 3022 ct
893 2968 1068 3022 duces
1116 2964 1310 3020 locum
1357 2964 1658 3037 regiminis
1711 2969 2014 3036 occupant,

379 3057 506 3112 sine
535 3059 795 3128 respectu
823 3055 923 3110 Dei
949 3053 1215 3120 videntis,
1240 3053 1364 3110 sine
1385 3057 1543 3108 metu
1565 3051 1818 3108 hominis
1839 3053 2014 3108 corri-

379 3145 590 3216 gentis,
615 3160 815 3200 omnes
837 3159 983 3216 pene
1004 3159 1128 3214 qua:
1161 3159 1268 3197 sua
1284 3145 1422 3196 sunt
1443 3145 1714 3212 querunt,
1750 3157 1863 3196 non
1888 3158 2014 3212 quae

379 3233 766 3290 communiter
795 3237 850 3286 ct
889 3231 1174 3286 aliorum:
1228 3230 1364 3301 quia
1413 3247 1526 3284 non
1575 3233 1664 3284 est
1710 3229 1887 3284 timor
1915 3229 2014 3286 Dei

379 3326 510 3377 ante
540 3321 738 3377 oculos
767 3337 968 3375 eorum
995 3337 1007 3386 ;
1044 3323 1098 3374 et
1127 3319 1254 3374 ideo
1304 3317 1569 3374 contritio
1601 3321 1656 3372 ct
1702 3317 2012 3374 infelicitas
2045 3303 2084 3368 C

375 3409 433 3464 in
465 3411 573 3466 viis
603 3425 822 3466 eorum.
857 3409 922 3462 Et
944 3407 1234 3478 quomodo
1265 3411 1614 3478 cognoscent
1653 3406 1802 3460 viam
1829 3407 2005 3478 pacis,

377 3499 474 3570 qui
504 3499 798 3564 devorant,
831 3496 1041 3568 inquit,
1075 3495 1298 3567 plebem
1348 3511 1535 3550 meam
1582 3499 1645 3549 ut
1675 3495 1868 3550 cibum
1901 3512 2006 3568 pa-

379 3587 515 3642 nis?
545 3587 690 3650 Quia
717 3602 850 3640 vero
881 3601 994 3639 non
1027 3589 1115 3640 est
1159 3584 1254 3656 qui
1305 3583 1414 3638 hoc
1459 3583 1734 3654 requirat,
1778 3600 1889 3638 non
1922 3587 2011 3638 est

377 3674 474 3746 qui
509 3677 735 3746 arguat,
769 3687 872 3744 pro
931 3670 1144 3726 studiis
1193 3670 1524 3733 divinarum
1573 3669 2006 3740 Scripturarum

376 3761 744 3817 invaluerunt
773 3760 966 3816 studia
1011 3759 1286 3832 partium,
1340 3774 1443 3829 pro
1489 3757 1769 3830 gravitate
1797 3763 1855 3813 et
1883 3775 2006 3814 mo-

373 3850 560 3907 destia
591 3849 907 3922 religionis,
939 3848 1123 3920 gloria
1153 3851 1209 3902 et
1228 3845 1492 3919 gloriatio
1512 3863 1671 3902 vanae
1699 3845 1964 3901 elationis
1992 3862 2004 3900 :

374 3945 430 3994 et
459 3940 600 3994 dum
631 3939 846 3994 divitiis
877 3942 933 3992 et
966 3937 1270 3992 bororibus
1299 3935 1558 4007 gestiunt
1586 3933 1732 3998 alter
1760 3934 2004 3990 alterum

374 4027 705 4100 praevenire,
736 4043 839 4082 nec
868 4025 1077 4080 timent
1122 4025 1381 4096 profanis
1432 4023 1728 4078 mentibus
1775 4024 1923 4078 odiis
1955 4029 2010 4078 et

375 4115 843 4170 contentionibus
869 4113 1156 4168 deservire
1183 4131 1195 4180 ;
1230 4129 1332 4168 nec
1363 4113 1682 4184 quidquam
1719 4111 1879 4183 pensi
1913 4111 2009 4166 ha-

376 4204 532 4270 bent,
565 4219 696 4258 cum
727 4201 1092 4274 tyrannidem
1123 4201 1316 4272 potius
1345 4216 1520 4271 quam
1558 4200 1815 4271 regimen
1849 4215 2006 4254 excr-

375 4295 543 4346 ceant
569 4309 582 4346 :
612 4291 683 4346 ad
717 4306 890 4362 quem
923 4291 1164 4355 exitum,
1196 4289 1312 4344 imo
1351 4288 1591 4344 exitium
1639 4287 1778 4342 talia
1809 4304 2006 4359 prove-

381 4380 508 4436 nire
525 4379 772 4434 debeant
796 4378 807 4432 !
833 4383 963 4432 Haec
984 4383 1176 4433 autem
1201 4378 1476 4449 majestas
1499 4383 1554 4432 et
1577 4376 1708 4431 talis
1730 4381 2003 4448 potestas,

371 4470 421 4524 si
455 4469 690 4540 quando
732 4469 930 4524 sedeat
979 4483 1078 4539 pro
1137 4465 1438 4535 tribunali,
1495 4470 1560 4520 ut
1611 4465 2008 4534 subjectorum

375 4558 527 4613 facta
555 4557 761 4613 debeat
789 4555 1140 4617 examinare.
1190 4560 1246 4610 et
1293 4553 1555 4625 neglecta
1603 4553 1660 4606 in
1706 4552 1870 4608 oculo
1901 4569 2007 4608 suo

2131 2001 2188 2052 et
2217 1996 2522 2052 cathedras
2550 1993 2950 2059 vendentium,
2986 2009 3092 2048 nec
3123 1992 3296 2066 longe
3327 1993 3400 2049 ab
3431 1993 3534 2050 his
3557 2009 3820 2050 mensas

2130 2084 2680 2148 nummulariorum,
2715 2098 2832 2154 qua
2861 2082 3037 2138 hodie
3067 2097 3175 2138 nec
3216 2082 3401 2154 gratis
3452 2081 3817 2154 quidquam

2129 2173 2432 2244 accipitur,
2466 2189 2566 2228 nec
2599 2170 2778 2244 gratis
2808 2171 3020 2226 datur:
3056 2186 3189 2226 cum
3219 2169 3360 2236 haec,
3392 2169 3694 2241 inquam,
3730 2170 3817 2226 vi-

2129 2261 2346 2331 dimus,
2377 2284 2399 2315 t
2413 2260 2676 2326 ttentius,
2697 2274 2974 2314 vacamus
3000 2273 3204 2314 omnes
3224 2259 3348 2314 foro
3373 2274 3565 2330 quam
3584 2257 3817 2326 choro,

2127 2349 2355 2406 cautius
2386 2349 2580 2404 usuris
2611 2363 2788 2420 quam
2817 2346 3148 2420 scripturis,
3191 2347 3526 2418 impensius
3559 2362 3817 2405 merca-

2127 2438 2270 2496 tioni
2301 2454 2478 2510 quam
2512 2435 2814 2508 religioni:
2857 2435 3048 2508 magis
3097 2434 3413 2508 implendis
3461 2435 3812 2508 capacibus

2129 2527 2494 2598 marsurpiis,
2528 2541 2704 2596 quam
2737 2523 3121 2596 assequendis
3149 2522 3498 2580 liberalibus
3532 2525 3808 2581 studiis:

2125 2621 2182 2672 et
2211 2615 2448 2672 omnino
2479 2613 2676 2671 missis
2705 2613 2798 2668 his
2828 2631 2955 2685 quae
2987 2610 3323 2684 evangelica
3358 2611 3610 2679 veritas,
3660 2629 3807 2686 apo-

2125 2705 2328 2762 stolica
2393 2702 2701 2769 institutio,
2765 2708 3104 2758 sanctorum
3161 2701 3404 2756 Patrum
3462 2701 3808 2758 auctoritas

2125 2791 2532 2851 ecclesiasticis
2563 2791 2754 2846 sanxit
2773 2788 3124 2862 disciplinis,
3147 2789 3527 2846 saecularium
3551 2789 3802 2846 deside-

2125 2884 2210 2940 rio
2241 2883 2381 2937 adeo
2427 2879 2746 2944 inhiamus,
2796 2877 3172 2934 cumulandis
3221 2877 3444 2934 divitiis
3494 2879 3806 2952 tantisper

2125 2986 2494 3042 occupamur,
2529 2985 2594 3023 ac
2621 2967 2669 3023 si
2701 2966 2802 3022 tali
2833 2967 3018 3038 pretio
3057 2965 3238 3022 vitam
3288 2971 3582 3022 aeternam
3641 2983 3805 3024 mer-

2123 3059 2242 3116 cari
2285 3075 2630 3114 mereamur.
2676 3058 2870 3121 'Quare
2915 3054 3059 3111 hocl
3097 3053 3238 3126 quia
3283 3055 3438 3110 tanti
3487 3059 3803 3126 quantum

2125 3149 2340 3204 habeas
2370 3147 2470 3202 sis.
2500 3143 2701 3201 Omnis
2733 3143 2888 3198 enim
2920 3159 3032 3212 res,
3067 3147 3132 3197 ut
3159 3142 3242 3198 ait
3271 3158 3454 3214 quem
3477 3145 3689 3200 nosti:

2277 3278 2472 3335 Virtus,
2519 3276 2676 3333 fama,
2711 3275 2890 3334 decus,
2923 3274 3105 3338 divina
3132 3273 3488 3338 humanaque
3545 3275 3803 3338 pulchris

2276 3339 2480 3390 Divitiis
2508 3342 2718 3400 parent,
2741 3351 2874 3400 quas
2902 3336 3022 3400 quis
3051 3335 3408 3400 contraxerit,
3430 3335 3528 3385 ille

2272 3403 2453 3452 Clarus
2487 3399 2613 3462 erit,
2635 3398 2805 3462 fortis,
2830 3398 3027 3462 justus,
3059 3398 3295 3462 sapiens,
3337 3398 3509 3448 etiam
3540 3412 3671 3460 rex,

2267 3466 2330 3514 Et
2362 3461 2620 3528 quidquid
2651 3461 2810 3510 volet.

2116 3589 2260 3644 Cum
2289 3603 2424 3659 ergo
2456 3601 2523 3640 ex
2551 3602 2618 3642 ea
2665 3603 2791 3658 quae
2841 3582 3131 3640 malorum
3180 3583 3456 3640 omnium
3491 3585 3678 3641 radix
3709 3591 3798 3642 est

2117 3676 2378 3743 avaritia,
2421 3675 2541 3730 haec
2587 3673 2882 3730 horribilis
2927 3673 3234 3746 spinarum
3286 3671 3439 3729 silva
3487 3679 3793 3748 emergat,

2117 3765 2301 3832 facile,
2333 3765 2450 3820 imo
2476 3761 2772 3831 horribile,
2805 3767 2894 3819 est
2911 3761 3111 3819 videre
3133 3761 3246 3819 hoc
3266 3762 3581 3834 spinetum
3607 3781 3795 3837 quem

2119 3855 2370 3910 fructum
2403 3855 2565 3908 ferat.
2601 3851 2740 3908 Inde
2767 3855 2856 3908 est
2885 3851 3042 3923 quod
3075 3851 3219 3907 dum
3245 3850 3647 3924 acquirendis
3679 3853 3795 3909 im-

2120 3941 2655 4008 moramurstudiis,
2672 3939 2731 3995 in
2748 3939 3160 4011 comparandis
3179 3939 3516 3997 honoribus
3528 3941 3796 3998 invicem

2117 4034 2554 4104 praecurrentes,
2589 4045 2705 4084 non
2751 4027 2973 4084 honore
3021 4027 3272 4084 invicem
3320 4029 3797 4101 praevenientes,

2117 4121 2358 4192 antiqua
2387 4118 2590 4174 divinae
2621 4116 2920 4190 religionis
2951 4116 3264 4172 immutata
3307 4117 3484 4186 facie,
3537 4124 3802 4191 paterna

2119 4205 2356 4262 moralis
2377 4203 2697 4276 disciplina:
2719 4219 2866 4276 pene
2884 4203 2944 4258 in
2967 4202 3231 4259 fabulam
3253 4203 3503 4260 redacta
3541 4205 3803 4263 institu-

2115 4295 2290 4362 tione,
2313 4295 2491 4349 frater
2515 4291 2677 4348 fratri
2698 4291 3050 4358 invidemus,
3073 4291 3223 4347 alter
3246 4291 3420 4348 alteri
3448 4295 3804 4353 mordenda

2117 4384 2506 4456 derogamus:
2557 4381 2804 4436 invicem
2863 4385 3207 4436 accusantes
3274 4380 3570 4438 intestina
3635 4383 3803 4440 bella

2118 4487 2436 4538 movemus,
2467 4470 2652 4526 acutis
2681 4469 2990 4524 verborum
3020 4467 3266 4540 spiculis
3305 4468 3572 4526 fratrum
3607 4472 3803 4528 corda

2117 4559 2506 4626 confodimus;
2525 4557 2689 4614 dolos
2710 4557 2769 4612 in
2793 4559 2965 4614 corde
2985 4562 3288 4614 versantes
3318 4557 3798 4618 simulationem

369 4646 532 4702 trabe
562 4645 632 4700 de
668 4645 834 4700 oculo
881 4644 1120 4700 alterius
1168 4645 1446 4697 festucam
1497 4658 1716 4703 eruere,
1769 4641 2010 4697 avaritia
2041 4663 2084 4726 ι)
2115 4648 2174 4703 in
2201 4647 2390 4712 vultu,
2425 4645 2714 4701 fallaciam
2745 4645 2801 4700 in
2825 4645 3018 4700 verbis
3049 4645 3514 4716 proferimus,et
3531 4649 3802 4704 omnino

369 4749 562 4789 comes
591 4733 649 4788 in
682 4733 876 4788 medio
903 4741 1102 4787 astans
1126 4731 1412 4786 declamat
1432 4733 1697 4802 querulus
1730 4730 2008 4795 ;exsudat

369 4837 598 4891 causas,
651 4821 737 4876 fas
784 4825 838 4883 ct
890 4821 1072 4888 nefas,
1123 4836 1286 4876 sacra
1328 4823 1384 4875 et
1433 4819 1674 4891 profana
1722 4818 1775 4872 in
1819 4818 2008 4873 medio

372 4908 570 4962 haberi
598 4909 893 4978 deplorat:
921 4909 1348 4964 miserationem
1378 4907 1667 4979 judicum,
1693 4906 2004 4962 auctorita-

377 4999 492 5050 tem
524 4993 740 5066 legum,
756 4996 894 5066 jura
915 4996 1104 5050 divina
1125 5002 1181 5052 et
1201 4997 1459 5051 humana
1479 4995 1754 5067 implorat
1776 5013 1788 5062 ;
1813 5005 1868 5049 et
1891 4995 2004 5050 nisi

373 5081 432 5136 id
473 5082 624 5153 quod
679 5083 961 5154 arguitur,
1012 5083 1070 5138 in
1117 5083 1338 5140 loculos
1390 5082 1677 5138 nummati
1716 5082 1874 5138 illius
1903 5083 2004 5154 qui

372 5171 700 5239 incesserit,
727 5171 894 5227 fuerit
919 5171 1210 5243 punitum,
1236 5171 1726 5244 perturbationem
1755 5187 2005 5242 conque-

373 5259 522 5314 ritur
553 5260 671 5316 l'ore
699 5260 960 5316 omnium
982 5261 1356 5331 judiciorum.
1385 5260 1500 5314 lloc
1531 5267 1724 5312 autem
1750 5259 2003 5316 tonitruo

371 5349 597 5404 cunctis
641 5353 858 5404 terrore
919 5348 1222 5420 perculsis,
1270 5348 1400 5419 ipsa
1457 5345 1754 5417 utrimque
1801 5363 2004 5402 susur-

369 5437 522 5492 ranti
554 5436 788 5492 inclinat
823 5453 1044 5502 aurem,
1076 5437 1306 5508 utrique
1355 5435 1504 5506 parti
1550 5434 1811 5506 linguam
1844 5441 2006 5508 aptat

374 5523 655 5591 venalem,
726 5530 1042 5596 utrumque
1108 5529 1336 5580 torvum
1400 5527 1692 5594 retorquet
1746 5523 2000 5595 oculum,

378 5609 606 5679 utrique
635 5611 993 5682 promittenti
1033 5628 1298 5682 rapacem
1351 5611 1594 5684 porrigit
1641 5627 1918 5668 manum:
1951 5619 2008 5670 et

377 5709 552 5770 quem
597 5701 769 5756 modo
818 5699 972 5775 quod
1019 5699 1346 5775 concupivit
1392 5699 1702 5758 habentem
1749 5707 2002 5774 accusat,

2114 4737 2186 4792 ad
2219 4735 2492 4806 injuriam
2525 4733 2818 4789 mandatis
2845 4732 2942 4788 Dei
2974 4733 3175 4788 omnia
3194 4733 3486 4790 mandata
3506 4735 3658 4806 ejus
3677 4752 3803 4809 pro

2117 4823 2364 4898 pecunia
2393 4822 2552 4896 parvi
2573 4822 2878 4878 habemus.
2898 4820 3197 4878 Postremo
3217 4837 3428 4876 omnes
3455 4821 3723 4881 levitate
3747 4830 3804 4881 et

2117 4929 2348 4969 morum
2376 4909 2967 4982 inconstantia,quasi
3000 4910 3228 4966 arundo
3247 4910 3442 4966 ventis
3476 4911 3646 4968 adeo
3669 4914 3800 4986 agi-

2114 5007 2330 5069 tamur,
2370 5004 2435 5055 ut
2480 5000 2538 5054 in
2589 5015 2704 5070 quo
2750 4998 2934 5070 pridie
2975 4999 3282 5054 studiosus
3327 4997 3682 5059 vehemens
3712 5002 3804 5058 vel

2115 5094 2266 5146 certe
2291 5089 2510 5145 nimius
2524 5088 2722 5155 fueris,
2739 5087 3016 5159 postridie
3037 5103 3108 5142 ne
3133 5087 3374 5158 quidem
3397 5090 3800 5148 memineris.

2114 5179 2184 5233 Et
2204 5178 2342 5250 quid
2365 5193 2538 5248 super
2559 5175 2650 5230 his
2673 5191 2979 5247 speramus
3011 5174 3274 5230 futurum
3294 5175 3324 5228 ‘I
3356 5179 3524 5232 certe
3559 5177 3718 5248 hoc,
3743 5185 3804 5234 ut

2115 5265 2264 5322 facto
2293 5265 2366 5322 de
2395 5262 2683 5320 resticulis
2715 5262 2942 5334 flagello
2968 5279 3172 5319 omnes
3203 5262 3570 5334 hujusmodi
3597 5265 3804 5324 Domi-

2115 5371 2227 5410 nus
2258 5354 2451 5425 ejiciat
2480 5353 2552 5408 de
2583 5351 2821 5424 templo.
2871 5349 3054 5407 Valde
3097 5351 3274 5407 etiam
3318 5351 3686 5412 timeodum
3716 5361 3801 5412 est

2113 5442 2326 5515 triplex
2355 5441 2496 5496 illud
2529 5439 3052 5496 animadversionis
3099 5438 3425 5513 ﬂagellum,
3483 5445 3668 5514 quod
3703 5462 3804 5519 per

2114 5531 2456 5604 prophetam
2487 5527 2700 5602 populo
2729 5526 3017 5600 peccatori
3047 5527 3335 5585 Dominus
3363 5527 3677 5602 intentat,
3711 5534 3800 5590 dio

2113 5635 2288 5677 cens:
2320 5621 2448 5675 Ecce
2469 5633 2562 5690 ego
2605 5616 2864 5674 diducant
2907 5633 3072 5690 super
3111 5633 3202 5674 eo:
3245 5617 3537 5691 gladium,
3597 5625 3800 5695 fama:

2111 5712 2162 5769 et
2183 5712 2412 5784 pestem,
2443 5711 2495 5770 et
2514 5705 2828 5780 disperdam
2839 5721 2928 5765 eos
2955 5707 3018 5764 in
3045 5721 3267 5766 omnem
3296 5715 3564 5767 ventum.
3599 5713 3800 5788 Hujus
