3968 6334
184 411 292 469 905

1325 406 1709 468 EPISTOLA
1754 407 1860 468 AD
1906 408 2443 472 WALCHERUM.

3470 419 3586 480 906

183 542 362 594 autem
397 537 614 608 ﬂagelli
649 538 932 609 quosdam
971 539 1138 608 quasi
1173 554 1361 592 ramos
1396 543 1449 591 et
1474 538 1829 608 prmnuntios
1859 541 1911 605 Α
1943 539 2227 594 cautelam
2260 540 2557 594 custodiae.
2609 542 2726 595 Hoc
2758 544 2950 596 autem
2984 543 3208 609 feceris,
3259 546 3307 599 si
3351 554 3590 607 cunctas

179 628 428 682 videmus
474 626 700 681 sensim
753 626 824 681 de
876 629 1030 681 terra
1061 627 1218 691 oriri,
1265 627 1500 696 quando
1549 626 1832 698 paulatim

179 714 409 770 conterit
439 713 725 769 Dominus
755 713 1036 769 baculum
1088 714 1258 785 panis
1288 720 1347 769 et
1378 714 1638 769 laetitiam
1688 715 1828 780 vini,

179 805 308 858 dum
339 803 488 858 inter
535 802 906 858 Christianos
937 803 1214 858 audimus
1244 802 1366 874 geri
1393 803 1548 858 bella
1595 808 1652 859 et
1681 804 1832 858 sedi-

175 891 372 960 tiones,
403 907 582 961 super
612 891 974 948 Christianos
997 907 1360 964 paganorum
1387 892 1619 948 crebras
1641 893 1830 947 incur-

176 980 373 1035 siones.
427 979 589 1035 Unde
641 980 818 1034 datur
867 980 1078 1051 conjici
1131 979 1188 1034 id
1247 980 1404 1050 quod
1459 985 1659 1047 restat,
1714 980 1828 1036 nisi

173 1067 513 1124 correctione
550 1073 752 1124 nostra
783 1068 1135 1140 propitiatur
1188 1073 1359 1134 Deus,
1397 1085 1508 1122 non
1540 1069 1641 1122 diu
1681 1067 1826 1123 dila-

173 1161 287 1211 tum
317 1156 405 1211 iri.

235 1245 493 1300 XXXVII.
533 1245 556 1300 Ι
587 1262 766 1314 nunc,
802 1246 980 1301 frater
1011 1261 1117 1318 age
1149 1251 1349 1300 contra
1376 1245 1558 1300 otium
1591 1249 1648 1300 et
1670 1246 1826 1317 quie-

171 1338 297 1402 tem,
325 1338 381 1389 et
422 1333 526 1406 qui
558 1350 626 1389 ea
669 1334 779 1390 hoc
830 1338 1093 1406 tempore
1138 1334 1516 1404 concupiscit,
1563 1350 1706 1388 voca
1735 1335 1820 1405 pi-

168 1440 326 1495 grum
349 1428 404 1478 et
435 1423 766 1478 socordem.
787 1427 856 1479 Et
877 1440 909 1478 e
932 1424 1184 1492 utinam,
1207 1423 1531 1495 desperatis
1553 1423 1822 1477 laborum

167 1510 426 1583 praemiis,
461 1527 534 1566 ea
562 1511 858 1582 potiamur
903 1516 1105 1583 optata
1151 1516 1206 1567 et
1239 1511 1460 1567 salubri
1504 1511 1695 1582 quiete
1727 1511 1820 1566 cui

165 1616 270 1654 non
299 1599 462 1655 labor
513 1600 810 1666 succedat,
864 1601 964 1654 sed
1016 1600 1204 1672 gloria
1252 1601 1492 1655 accedat
1522 1600 1580 1654 in
1611 1603 1819 1655 senatu
1867 1674 1873 1680 .

165 1687 401 1744 ccelestis
431 1687 640 1742 curiae!
674 1689 732 1744 Si
766 1688 930 1759 quid,
965 1691 1160 1754 frater,
1195 1689 1378 1744 nostri
1411 1689 1647 1753 rectius,
1681 1706 1816 1743 can-

164 1777 343 1846 didus,
377 1777 656 1849 imperti:
694 1779 742 1832 si
777 1795 914 1844 non,
951 1782 1111 1832 utere
1157 1794 1410 1832 mecum.
1445 1779 1604 1842 Quod
1638 1777 1686 1831 si
1718 1795 1816 1848 ge-

1942 631 2053 682 tuze
2085 627 2331 682 civitatis
2358 633 2574 700 portas,
2607 645 2811 684 omnes
2833 630 3012 700 hUJuS
3052 630 3220 686 lutea
3266 633 3476 692 domus
3508 638 3588 693 fe-

1943 721 2189 782 nestras,
2221 717 2486 771 custodia
2516 717 2867 773 humilitatis
2899 720 3007 773 sub
3039 737 3168 776 sera
3197 726 3254 776 et
3274 723 3466 794 sigillo
3486 725 3588 781 ha-

1939 805 2078 860 beas
2105 821 2117 858 :
2154 805 2201 859 si
2234 811 2474 859 cunctos
2506 805 2685 876 hujus
2715 806 2912 862 fictilis
2943 808 3064 863 vasi
3094 809 3283 865 exitus
3312 816 3369 867 et
3396 814 3592 871 aditus

1935 893 2219 947 virtutum
2247 893 2542 966 repagulis
2588 895 2843 964 munias,
2879 913 2950 950 ne
2984 896 3075 952 vel
3129 899 3314 954 exitus
3345 900 3437 956 his
3486 903 3589 974 qui

1937 981 2097 1037 intus
2128 987 2449 1050 servantur,
2481 982 2566 1037 vel
2600 983 2796 1038 aditus
2826 985 3133 1055 pateathis
3157 989 3257 1058 qui
3288 989 3428 1045 foris
3451 990 3592 1047 insi-

1936 1070 2204 1126 diantur:
2241 1070 2378 1141 quia
2409 1070 2460 1124 si
2491 1070 2757 1127 elationis
2785 1071 3015 1129 levitate
3064 1075 3204 1131 foris
3233 1077 3476 1134 efﬂuant
3520 1096 3590 1136 ea

1935 1175 2061 1228 qua:
2095 1159 2252 1212 intus
2284 1160 2428 1214 bene
2457 1165 2830 1231 congesserat
2858 1178 3101 1232 operosa
3122 1180 3333 1220 manus
3353 1165 3589 1223 solliciti

1934 1244 2172 1311 laboris,
2234 1247 2508 1302 continuo
2553 1265 2639 1317 ea,
2692 1254 2794 1303 aut
2831 1250 3089 1316 difficile,
3130 1258 3233 1307 aut
3279 1271 3584 1326 nunquam

1933 1334 2321 1406 recolligenda
2350 1336 2646 1406 disperdat
2668 1341 2724 1392 et
2744 1337 3052 1410 dissipabit
3068 1345 3274 1397 ventus
3295 1344 3583 1414 superbire

1932 1421 1992 1476 in
2027 1423 2411 1494 perditionem
2436 1441 2553 1478 sues
2573 1424 2868 1480 vanitatis.
2902 1427 2961 1480 Si
2979 1445 3111 1483 vero
3135 1447 3168 1483 a
3189 1430 3326 1484 foris
3349 1436 3582 1502 patente

1931 1511 2092 1566 aditu
2113 1512 2352 1585 maligni
2375 1512 2690 1585 irruperint
2711 1513 3014 1582 hostes,ea
3033 1533 3159 1588 quae
3182 1518 3434 1589 plurimo
3448 1538 3583 1578 cum

1930 1599 2126 1656 labore
2150 1600 2309 1656 intus
2333 1601 2564 1674 gessisti
2590 1601 2873 1658 violenter
2892 1603 3188 1676 diripient,
3208 1606 3354 1661 nihil
3375 1608 3584 1680 reliqui

1927 1688 2075 1744 victo
2109 1695 2315 1760 praeter
2344 1690 2672 1761 gehennam
2707 1690 3002 1747 facientes.
3027 1693 3274 1749 Proinde
3296 1695 3582 1767 quidquid

1927 1778 2248 1848 gratiarum
2281 1779 2337 1832 in
2376 1784 2431 1833 te
2478 1779 2759 1834 divinitus
2812 1780 3090 1836 collatum
3146 1788 3254 1849 est,
3296 1783 3582 1856 quidquid

165 1883 355 1921 nerosa
386 1865 897 1944 magnanimitatis
918 1870 1029 1920 tua:
1054 1866 1333 1921 fortitudo
1361 1865 1552 1920 adhuc
1574 1866 1666 1921 his
1701 1884 1813 1921 non
1845 1902 1890 1966 Β
1926 1865 2101 1920 divini
2121 1867 2453 1922 munerisin
2474 1867 2747 1924 thesauro
2761 1871 3129 1925 conscientiae
3150 1875 3260 1926 tute
3274 1871 3582 1928 collectum

164 1954 503 2026 acquiescat,
553 1960 612 2009 et
642 1972 771 2009 eam
822 1953 966 2008 nihil
1000 1954 1250 2009 arduum
1301 1955 1534 2025 aggredi
1577 1954 1808 2026 pigeat:

161 2043 326 2098 alium
358 2061 540 2115 quam
573 2059 665 2097 me
698 2043 799 2097 tibi
851 2059 1044 2113 quaere
1077 2043 1498 2107 Ferentarium,
1551 2043 1687 2114 quia
1719 2058 1809 2098 me

160 2131 257 2187 hoc
300 2137 565 2204 tempore
615 2133 674 2198 in
725 2149 921 2202 pugna
971 2149 1084 2186 non
1132 2131 1374 2187 habebis
1405 2132 1667 2187 socium:
1721 2131 1808 2186 vel

158 2237 332 2291 quaere
358 2221 621 2277 alterum
672 2220 968 2288 Martium,
1020 2219 1113 2275 cui
1145 2237 1294 2290 opus
1320 2219 1426 2275 hoc
1449 2220 1805 2288 committas,

159 2309 240 2363 cui
268 2315 460 2365 tamen
494 2309 670 2364 bonis
697 2308 880 2364 initiis
910 2309 1181 2364 meliores
1210 2313 1470 2374 eventus,
1515 2325 1690 2380 quam
1725 2307 1804 2363 illi

160 2398 400 2454 Romano
431 2399 687 2453 tribuas.
723 2399 839 2468 Ego
871 2415 1002 2453 vero
1025 2397 1160 2452 licet
1187 2397 1244 2451 in
1277 2397 1376 2452 illo
1407 2415 1584 2469 quam
1619 2397 1803 2464 ferali,

156 2490 261 2542 tam
291 2487 521 2542 diutino
551 2485 882 2542 vinculatus
928 2502 1179 2556 carcere,
1212 2486 1576 2557 quantalibet
1606 2491 1805 2557 potero

155 2575 335 2632 eﬂ‘etas
356 2577 516 2632 vires
543 2574 779 2630 solabor
801 2574 1024 2646 quiete:
1050 2580 1288 2645 etspero
1313 2575 1466 2646 quod
1487 2573 1804 2645 aliquando

157 2665 372 2719 tandem
405 2663 714 2730 exaudiar,
739 2666 794 2718 et
825 2661 1002 2734 longa
1023 2667 1230 2733 optata:
1256 2662 1557 2716 missionis
1584 2663 1804 2718 ducens

154 2753 409 2825 suspiria,
442 2753 498 2808 si
532 2769 647 2808 non
694 2752 993 2818 emeritus,
1047 2751 1253 2806 saltem
1305 2751 1579 2818 emissus,
1632 2751 1802 2805 alicui

152 2842 526 2897 transcribam
560 2857 690 2896 mea
733 2839 924 2895 tristia
975 2855 1172 2912 regna.
1205 2839 1360 2894 Nihil
1414 2856 1547 2894 vero
1581 2840 1642 2895 in
1672 2843 1802 2894 voto

152 2945 266 2985 meo
293 2946 547 3003 ponens,
579 2933 681 2984 aut
727 2928 1009 2984 voluntati
1062 2928 1423 3000 relinquens,
1475 2944 1567 2982 me
1610 2927 1802 2982 lutum

151 3034 307 3073 suum
338 3036 404 3074 ex
437 3023 560 3074 toto
593 3018 893 3073 committo
925 3015 1102 3090 figulo
1137 3033 1263 3072 meo
1293 3033 1304 3070 :
1341 3016 1464 3088 ipse
1497 3034 1588 3071 me
1619 3017 1804 3087 ﬁngat

152 3105 202 3160 in
230 3113 348 3163 rota
380 3105 684 3162 saecularis
715 3105 958 3171 ordinis,
992 3117 1164 3178 prout
1195 3107 1410 3160 sederit
1441 3104 1800 3176 beneplacito

152 3212 279 3251 suo:
312 3199 621 3267 utcunque
653 3213 744 3251 me
795 3196 924 3266 ejus
975 3199 1166 3250 tornet
1196 3193 1472 3265 potentia,
1518 3193 1664 3248 nihil
1699 3194 1799 3248 ad-

1922 1959 2028 2023 est,
2055 1971 2159 2009 nec
2184 1955 2325 2009 mihi
2354 1956 2675 2026 imputetur
2699 1957 2979 2029 plantanti
3004 1965 3059 2014 et
3081 1960 3315 2032 riganti,
3339 1977 3444 2016 nec
3477 1961 3582 2017 tibi

1921 2043 2084 2096 terrae
2119 2043 2369 2099 ubertim
2404 2045 2778 2100 fructificanti
2805 2063 2814 2101 :
2850 2047 2949 2101 sed
2981 2051 3170 2104 totum
3195 2050 3480 2105 referatur
3509 2051 3580 2105 ad

1920 2134 2148 2186 Patrem
2183 2131 2497 2202 luminum,
2532 2150 2564 2187 a
2593 2150 2707 2204 quo
2738 2140 2827 2190 est
2857 2152 3027 2192 omne
3049 2138 3251 2193 datum
3292 2139 3581 2211 optimum

1919 2224 1976 2275 et
2003 2236 2175 2275 omne
2207 2222 2427 2276 donum
2461 2223 2806 2293 perfectum.

1991 2308 2228 2364 XXXIX.
2265 2311 2502 2366 Possem
2534 2311 2771 2382 quidem
2823 2313 3062 2369 uberius
3094 2319 3150 2370 et
3191 2315 3422 2387 plenius
3449 2332 3581 2389 per-

1919 2397 2184 2452 fectionis
2221 2403 2332 2454 tua:
2365 2417 2584 2455 munus
2636 2401 3026 2472 applaudere:
3075 2404 3173 2459 sed
3207 2410 3445 2477 propter
3475 2422 3577 2461 no-

1916 2488 2036 2539 tam
2071 2487 2487 2543 assentationis
2532 2506 2647 2544 non
2697 2491 2918 2560 patitur
2965 2493 3224 2563 gravitas
3256 2495 3576 2550 modestiae.

1918 2573 2157 2628 Librum
2189 2581 2383 2631 autem
2409 2594 2582 2648 quem
2607 2577 2749 2632 mihi
2776 2581 3088 2651 scripsisti,
3111 2598 3403 2654 quemque
3429 2583 3577 2639 mihi

1917 2663 2223 2717 scribendo
2257 2664 2620 2719 occasionem
2653 2667 2861 2733 fecisti,
2888 2667 2945 2722 in
2979 2684 3095 2738 quo
3123 2669 3266 2723 mihi
3297 2671 3577 2726 articulos

1917 2749 2255 2821 digitorum,
2307 2752 2506 2807 oculos
2538 2759 2593 2807 et
2641 2754 2929 2825 animum,
2974 2754 3280 2812 inclinium
3311 2758 3572 2827 cervicis,

1915 2837 2173 2894 laborem
2205 2840 2434 2911 capitis,
2468 2841 2586 2895 imo
2617 2846 2673 2896 te
2696 2845 2883 2896 totum
2917 2843 3112 2899 animo
3145 2861 3273 2900 meo
3303 2845 3573 2902 insinua-

1915 2927 1989 2981 sti
2017 2945 2030 2994 ;
2065 2927 2122 2980 in
2175 2929 2557 2984 exterioribus
2580 2931 2725 2986 meis
2749 2948 2864 2986 non
2901 2931 3132 2989 invenio
3163 2935 3319 2990 unde
3350 2935 3574 3008 possim

1914 3033 1982 3070 ex
2039 3034 2204 3089 aequo
2267 3035 2729 3090 recompensare,
2779 3019 2864 3076 vel
2911 3021 3180 3094 plurimae
3231 3024 3575 3097 benignitati

1916 3108 2024 3159 tua:
2058 3105 2333 3162 talionem
2368 3108 2625 3162 reddere.
2681 3108 2791 3164 Sed
2845 3109 3101 3181 primum
3154 3114 3346 3184 rogari
3396 3115 3468 3170 ab
3507 3131 3572 3171 eo

1913 3193 2018 3247 tibi
2054 3194 2301 3266 restitui,
2335 3212 2368 3250 a
2398 3212 2512 3266 quo
2547 3195 2665 3252 haec
2689 3203 2745 3253 et
2784 3199 2981 3254 omnia
3021 3217 3147 3270 quas
3196 3201 3378 3259 habes
3417 3202 3574 3260 bona

150 3301 292 3354 dam,
323 3286 434 3341 nisi
465 3266 733 3341 solemne
784 3283 927 3339 illud
960 3283 1302 3338 obedientice
1353 3283 1592 3338 verbum
1619 3299 1632 3337 :
1686 3281 1800 3337 Fiat
1833 3266 1874 3332 C
1915 3282 2210 3354 accepisti,
2250 3288 2314 3338 ut
2344 3284 2412 3338 ad
2439 3284 2685 3340 invicem
2719 3285 2899 3356 hujus
2931 3266 3347 3346 benevolentiae
3379 3289 3571 3346 aureis

158 3375 388 3430 voluntas
419 3378 570 3430 tuas.

217 3463 511 3520 XXXVIII.
546 3462 808 3531 Constat,
862 3461 1058 3528 frater,
1092 3478 1384 3534 quorsum
1419 3460 1819 3516 aberravimus

157 3567 424 3621 quorsum
458 3570 498 3608 a
530 3550 671 3606 recti
705 3549 936 3606 itineris
968 3549 1124 3606 linea
1153 3567 1394 3606 cursum
1426 3553 1694 3604 nostrum
1727 3549 1818 3605 de-

151 3640 446 3697 tersimus:
507 3638 787 3711 quoniam
824 3656 915 3693 me
944 3638 1240 3694 abduxisti
1292 3638 1584 3710 ignarum,
1618 3637 1808 3708 adque

153 3729 444 3786 verborum
469 3726 823 3784 diverticula
846 3745 938 3783 me
961 3727 1186 3783 traxisti
1210 3726 1514 3782 dulcedine
1537 3731 1645 3780 tua:
1670 3725 1806 3780 cha-

156 3816 332 3873 ritatis
364 3819 622 3874 ebrium.
659 3816 802 3870 Vide
858 3817 1056 3883 frater,
1103 3819 1167 3870 ut
1210 3815 1520 3886 diligenter
1550 3814 1701 3885 vide,
1737 3831 1814 3870 ne

154 3905 279 3962 dum
298 3908 571 3979 quaedam
589 3905 1016 3977 scripturarum
1033 3904 1224 3959 sidera
1237 3904 1464 3958 incaute
1479 3903 1808 3983 sequimur,

154 3993 202 4048 in
224 4002 418 4052 cautes
449 3999 509 4052 et
541 3999 728 4067 syrtes
760 3994 950 4049 adacti
985 3991 1393 4065 Charybdeum
1439 3992 1812 4047 incurramus

153 4085 539 4157 naufragium.
575 4084 736 4150 Vide,
787 4083 1054 4154 inquam,
1105 4083 1335 4137 etiamsi
1388 4081 1588 4136 minus
1621 4080 1807 4150 libito,

154 4188 216 4227 ne
244 4174 465 4230 dictum
499 4173 578 4228 sit
607 4171 866 4244 amplius
896 4170 1078 4236 licito,
1104 4171 1243 4243 quia
1275 4170 1487 4242 ﬂagelli
1519 4169 1693 4243 plaga
1736 4169 1807 4224 li-

152 4276 334 4318 vorem
392 4262 552 4329 facit,
606 4258 902 4332 ﬂagellum
961 4259 1173 4332 linguae
1241 4258 1587 4314 comminuit
1651 4276 1805 4314 ossa.

153 4348 386 4408 Proinde
407 4353 538 4423 jam
573 4367 728 4406 nunc
768 4348 909 4403 illuc
944 4349 1142 4404 redeat
1190 4348 1394 4414 oratio,
1448 4349 1601 4403 unde
1645 4348 1807 4414 abiit,

152 4443 201 4493 et
228 4442 296 4495 ad
326 4445 383 4496 te
415 4443 758 4507 revertatur,
795 4439 949 4493 unde
979 4437 1170 4508 prima
1190 4438 1319 4508 ejus
1350 4437 1642 4509 scaturigo
1676 4453 1809 4509 pro-

154 4525 307 4582 ﬂuit:
342 4534 400 4584 et
429 4528 573 4600 quia
603 4546 635 4582 a
663 4527 947 4582 charitate
971 4525 1228 4598 cmpit,in
1250 4524 1533 4580 charitate
1557 4525 1805 4580 desinat.

1927 3370 2211 3427 bonorum
2245 3389 2486 3443 operum
2527 3373 2735 3430 litteris
2766 3391 2977 3430 nomen
3008 3380 3176 3430 tuum
3207 3378 3580 3434 scribaturin

1926 3458 2072 3514 libro
2103 3459 2250 3515 vitze.
2286 3460 2428 3514 Dein
2470 3478 2583 3516 non
2636 3462 2976 3517 dormitabit
3005 3468 3205 3519 nostra
3235 3482 3373 3538 erga
3397 3470 3451 3523 te
3480 3467 3579 3523 de-

1923 3549 2076 3603 votio
2110 3553 2403 3620 perpetua,
2441 3549 2488 3603 si
2521 3551 2888 3620 permodeste
2917 3551 3234 3609 succinctis
3274 3555 3449 3610 rebus
3477 3572 3581 3611 no-

1923 3636 2083 3703 stris,
2117 3642 2404 3709 quantum
2456 3637 2688 3710 utrique
2723 3644 2990 3696 nostrum
3024 3642 3095 3696 ad
3138 3642 3414 3700 honorem
3447 3662 3582 3700 con-

1921 3727 2115 3791 ducat,
2150 3727 2566 3782 remunerandi
2601 3728 2906 3784 subluceat
2940 3731 3187 3786 occasio.

1992 3815 2104 3871 XL.
2135 3819 2265 3871 Jam
2317 3817 2553 3872 tandem
2587 3817 2679 3873 his
2711 3834 2837 3888 quae
2887 3818 3132 3875 dicenda
3177 3826 3363 3888 erant,
3411 3826 3584 3894 prout

1921 3905 2154 3976 negotia
2199 3904 2590 3976 patiebantur,
2624 3906 2933 3978 explicitis,
2980 3907 3241 3965 calamus
3289 3925 3350 3965 se
3391 3914 3581 3966 totum

1921 4010 2065 4048 novo
2097 3993 2302 4048 scriba:
2335 3992 2631 4065 scalpello,
2663 4011 2776 4048 non
2808 3995 3073 4063 Judaico,
3109 3998 3208 4052 sed
3234 3997 3581 4054 scholastice

1919 4099 2078 4138 more
2109 4083 2524 4152 circumcidat;
2559 4089 2616 4139 et
2648 4085 2718 4138 ad
2759 4088 2813 4140 te
2846 4085 3268 4156 recipiendum,
3312 4087 3578 4144 salutan-

1920 4171 2082 4239 dum,
2116 4171 2314 4226 festive
2344 4171 2706 4240 habendum,
2759 4190 2876 4228 non
2924 4177 3212 4245 quantum
3245 4173 3443 4238 latius.
3478 4165 3584 4232 sed.

1919 4268 2138 4331 quanto
2170 4259 2388 4315 lautius
2420 4259 2589 4324 valet,
2629 4261 2923 4334 accingat;
2959 4262 3095 4333 quia
3126 4266 3202 4332 te,
3236 4281 3410 4336 quem
3441 4263 3584 4320 inte-

1920 4348 2043 4404 rius
2073 4349 2133 4402 in
2183 4349 2505 4404 visceribus
2552 4350 2692 4405 Jcsu
2726 4349 2938 4406 Christi
2988 4355 3156 4406 teneo
3189 4351 3576 4424 complexum,

1919 4454 1953 4492 a
1986 4437 2122 4492 foris
2156 4456 2269 4493 non
2307 4437 2752 4505 dimittam,nisi
2781 4438 3284 4511 lauteacceptum:
3310 4441 3580 4512 sciasque

1919 4527 2046 4596 ejus
2077 4527 2243 4599 dapis
2274 4531 2329 4580 te
2360 4544 2487 4582 esse
2536 4527 2878 4597 debitorem,
2912 4528 3081 4597 cujus
3131 4532 3185 4584 te
3218 4528 3386 4583 nobis
3416 4529 3577 4585 festi-

156 4616 414 4673 Charitas
465 4634 599 4672 vero
649 4631 954 4687 nunquam
1002 4615 1245 4680 excidat,
1302 4614 1402 4669 sed
1445 4613 1538 4667 hic
1588 4622 1717 4669 sata
1753 4617 1811 4669 et
1846 4635 1890 4698 D
1921 4632 2058 4670 vum
2090 4615 2404 4671 exhibuisti
2436 4615 2734 4670 convivam
2767 4620 2824 4669 et
2873 4633 3248 4671 assessorem.
3293 4615 3494 4672 Saluto
3525 4611 3580 4673 te

153 4711 525 4772 crementata,
564 4721 759 4760 veram
813 4704 904 4759 sui
953 4703 1378 4776 plenitudinem
1430 4703 1724 4775 praeripiat
1755 4703 1813 4759 in

153 4792 258 4847 vita
288 4800 526 4849 aeterna.
565 4793 641 4848 De
671 4793 959 4864 probitate
975 4797 1171 4847 autem
1207 4795 1327 4856 tua,
1353 4792 1655 4864 gravitate,
1691 4808 1817 4846 mo-

154 4881 331 4937 destia
362 4886 422 4937 et
452 4879 801 4950 constantia,
837 4879 1022 4952 deque
1049 4879 1272 4934 caeteris
1304 4879 1464 4932 bonae
1517 4879 1641 4933 vitae
1692 4880 1818 4932 fun-

155 4970 445 5026 ctionibus
479 4970 624 5025 satis
657 4969 714 5022 in
739 4968 1140 5040 superioribus
1172 4969 1393 5022 dictum
1429 4967 1539 5022 sit:
1576 4968 1644 5021 de
1675 4968 1808 5022 affe-

153 5059 330 5114 ctione
361 5076 498 5114 vero
533 5063 652 5124 tua,
681 5057 1104 5118 benevolentia.
1126 5056 1462 5126 cmterisque
1487 5056 1816 5111 humanita-

154 5145 222 5200 tis
242 5148 482 5214 officiis,
518 5163 704 5217 neque
736 5147 848 5214 hic,
886 5162 1076 5216 neque
1108 5145 1186 5199 ibi
1229 5146 1374 5200 satis
1410 5161 1667 5215 unquam
1700 5144 1815 5200 dici

156 5236 375 5303 poterit.
412 5235 532 5290 Hoc
580 5240 806 5290 tantum
846 5235 952 5289 tibi
999 5235 1302 5306 imprecer,
1356 5237 1420 5286 ut
1479 5249 1712 5304 semper
1758 5233 1817 5288 in

157 5323 358 5380 melius
406 5328 468 5379 et
510 5325 706 5395 majus
747 5322 1041 5395 proficias,
1095 5324 1275 5378 donec
1308 5322 1378 5376 ad
1412 5337 1541 5376 eam
1591 5321 1817 5391 aspires

156 5413 432 5469 crementi
459 5411 906 5484 plenitudinem,
931 5411 989 5466 in
1009 5429 1127 5483 qua
1143 5410 1369 5466 nullum
1395 5409 1813 5464 detrimentum

158 5496 553 5568 pertimescas.
578 5502 752 5556 Porro
774 5500 929 5555 hunc
947 5502 1083 5571 quia
1101 5498 1549 5556 desiderabilem
1573 5496 1810 5554 thesau-

158 5601 282 5645 rum
312 5591 374 5646 in
408 5589 572 5645 ﬁctili
602 5604 738 5644 vase
773 5604 989 5657 servas,
1032 5607 1147 5646 non
1196 5588 1449 5644 otiosum
1495 5586 1642 5641 duco
1673 5585 1722 5641 si
1753 5592 1810 5643 te

160 5677 698 5748 commonefaciam,
731 5681 796 5732 ut
842 5676 1150 5751 diligenter
1188 5676 1466 5735 adhibeas
1513 5673 1809 5748 pervigilis

485 5806 755 5873 Parnon.
798 5801 1057 5888 βχωιι.

1925 4721 2058 4759 cum
2091 4705 2316 4776 paucis,
2360 4704 2495 4759 licet
2526 4705 2637 4760 sim
2670 4721 2802 4759 cum
2849 4703 3088 4759 multis:
3125 4705 3261 4775 quia
3293 4705 3380 4760 vel
3408 4707 3582 4778 pauci

1928 4797 2066 4848 sunt
2094 4794 2378 4866 indigena:
2412 4794 2539 4863 eius
2571 4810 2744 4864 quam
2775 4810 2939 4849 servo
2971 4791 3231 4862 coloniae,
3257 4794 3355 4865 qui
3387 4795 3583 4851 norint

1927 4887 2149 4952 quanta
2179 4881 2458 4937 virtutum
2490 4882 2622 4936 dote
2654 4881 3012 4936 industrium
3035 4882 3263 4937 ornaris
3295 4883 3580 4954 animum,

1925 4969 2010 5024 vel
2044 4971 2211 5041 pauci
2245 4975 2384 5026 sunt
2415 4971 2550 5024 boni
2576 4987 2768 5025 rerum
2802 4971 3211 5042 aestimatores,
3240 4971 3338 5044 qui
3371 4965 3584 5028 sanum

1927 5060 1997 5114 de
2029 5060 2202 5115 rebus
2235 5060 2422 5115 ferant
2457 5059 2773 5136 judicium.
2807 5059 2865 5114 Si
2896 5059 3052 5115 enim
3086 5065 3142 5115 te
3174 5065 3497 5130 noscerent,
3529 5067 3586 5118 et

1927 5149 1996 5202 de
2029 5153 2080 5202 te
2123 5166 2226 5219 pro
2261 5149 2483 5203 meritis
2523 5148 2880 5203 aestimarent
2929 5147 2990 5201 hi
3047 5148 3148 5219 qui
3193 5149 3378 5206 multa
3429 5151 3583 5204 bona

1929 5243 2213 5292 noverunt
2241 5243 2298 5292 et
2318 5241 2585 5305 oderunt,
2628 5237 2884 5308 profecto
2914 5240 2969 5291 te
2991 5243 3278 5292 amarent.
3310 5237 3507 5292 Saluto
3528 5241 3585 5291 te

1926 5342 2061 5380 cum
2077 5325 2169 5380 his
2186 5327 2657 5397 cooperatoribus
2676 5324 2913 5393 nostris,
2931 5325 3028 5396 qui
3045 5325 3113 5379 ad
3130 5327 3341 5380 bonam
3353 5325 3582 5394 frugem

1924 5414 2177 5476 instituti
2211 5416 2281 5470 de
2305 5415 2606 5469 academia
2636 5418 2836 5469 nostra
2865 5413 3273 5476 ascenderunt,
3307 5415 3362 5466 et
3392 5409 3447 5462 in
3471 5408 3584 5466 loci

1921 5508 2074 5557 eerte
2114 5503 2428 5576 praecipuis
2461 5501 2783 5576 magisterii
2811 5500 3147 5556 cathedram
3181 5499 3294 5553 sibi
3327 5496 3583 5552 vindica-

1919 5597 2142 5646 verunt.
2170 5591 2370 5648 Salu‘to
2402 5596 2458 5647 te
2490 5608 2625 5647 cum
2655 5587 2964 5647 tirunculis
2987 5585 3224 5652 nostris,
3259 5587 3358 5658 qui
3390 5584 3586 5651 adhuc

1920 5678 1982 5738 in
2003 5678 2255 5738 scholari
2283 5681 2573 5739 desudant
2595 5681 2889 5756 palaestra;
2920 5671 3359 5732 nobilissimum
3383 5672 3585 5750 utique

3180 5799 3262 5882 92
