3916 6376
332 353 452 416 907
1404 349 1730 413 JOANNIS
1776 345 2230 408 SABINENSIS
2276 341 2651 407 EPISCOPI.
3633 340 3776 404 908

331 487 492 542 bona
536 483 748 540 indolis
795 483 1018 551 florem,
1068 483 1168 556 qui
1222 485 1294 539 ad
1353 486 1558 539 nutum
1615 481 1730 535 oris
1779 480 1958 534 nostri
1991 482 2045 547 Α
2077 479 2309 533 nomine
2340 477 2547 533 humili
2579 477 2784 532 fratres
2814 491 2994 545 meos,
3023 492 3140 532 non
3163 491 3315 549 quos
3344 491 3487 532 caro
3521 481 3589 532 et
3623 492 3775 532 san-

332 574 590 629 fructum
615 589 790 630 suum
812 573 1130 628 meditatur
1149 571 1320 627 etiam
1345 571 1454 626 sub
1481 570 1662 625 ferula
1685 587 1696 622 :
1716 585 1962 641 quorum
2073 567 2205 640 guis
2235 565 2292 621 in
2324 584 2497 622 unam
2521 565 2664 622 mihi
2711 564 3115 639 congeneravit
3157 565 3613 640 cognationem,
3653 566 3771 622 sed

331 661 440 718 etsi
486 661 724 718 nomina
782 661 886 717 tibi
937 661 1156 734 scripta
1208 659 1447 732 legeres,
1506 663 1702 713 tamen
1762 657 1965 712 notitia
2072 673 2220 727 quos
2249 672 2400 726 aqua
2441 661 2497 711 et
2527 654 2744 728 Spiritu
2773 655 2830 709 in
2883 671 3061 711 unam
3095 671 3330 711 mecum
3361 655 3773 728 regeneravit

332 766 578 818 careres,
605 766 740 806 cum
790 749 992 806 faciem
1034 750 1328 822 ignorares
1381 749 1500 814 Quo
1551 751 1744 801 tamen
1792 747 1964 800 verbo
2072 743 3771 818 adoptionem:utcohzercdesChristiinregnoDeiPatris

334 855 427 894 me
455 839 580 912 ipse
609 855 886 912 coarguo:
911 838 1048 910 quia
1079 837 1128 892 si
1149 837 1431 907 cujusque
1453 835 1714 889 notitiam
1739 852 1806 889 cx
1826 835 1966 889 facie
2074 837 2419 888 testamento
2434 833 3105 904 sanguinisejussortem
3125 832 3497 906 accipiamus
3512 837 3766 888 aeternae

335 927 581 998 metiris,
609 943 714 982 nec
749 931 803 981 te
827 927 972 980 nosti
1001 926 1214 996 ipsum,
1246 941 1376 979 cum
1403 924 1603 978 faciem
1628 927 1786 977 tuam
1819 941 1966 978 nun-

335 1031 512 1087 quam
535 1014 898 1086 ipsevideris.
918 1012 1116 1067 Saluto
1138 1017 1191 1066 te
1222 1029 1396 1082 super
1417 1012 1612 1065 omnia
1632 1027 1699 1065 ea
1719 1012 1971 1081 genuina

335 1103 758 1174 charitate,qua
777 1107 828 1156 te
850 1102 902 1156 in
923 1099 1578 1171 cunabulisdisciplinm,
1598 1100 1969 1154 clementer-io

335 1191 675 1247 eruditionis
696 1190 842 1246 lacte
873 1191 1107 1258 nutrivi,
1139 1194 1198 1244 et
1226 1190 1292 1244 ad
1328 1189 1580 1243 solidum
1617 1187 1968 1260 perfectioris

333 1278 602 1336 doctrinae
627 1279 822 1334 cibum
852 1295 1039 1351 usque
1068 1276 1332 1350 perduxi,
1365 1281 1429 1332 ut
1457 1277 1527 1332 de
1573 1280 1776 1330 caetero
1807 1292 1968 1330 com-

333 1365 515 1424 milito
545 1383 712 1423 meus
739 1366 800 1422 in
832 1367 974 1436 acie,
1007 1371 1064 1422 et
1092 1364 1442 1420 concolonus
1471 1365 1528 1417 in
1559 1363 1773 1429 labore,
1809 1379 1968 1418 com-

331 1455 635 1528 municeps
685 1454 830 1510 mihi
879 1453 961 1510 sis
1005 1469 1267 1525 supernae
1317 1451 1584 1518 civitatis,
1630 1456 1688 1506 et
1717 1450 1968 1506 cobaares

331 1549 557 1600 aeternae
587 1542 960 1599 hereditatis.
997 1541 1295 1597 Salutatus
1317 1557 1450 1611 ergo
1494 1539 1686 1595 saluta
1734 1555 1799 1593 ex
1841 1555 1968 1594 meo

333 1677 2550 1706 ψ

2078 921 2474 976 beatitudinis.
2526 920 2726 975 Saluto
2756 937 2891 992 ergo
2915 925 3107 993 patres
3138 926 3195 976 et
3215 921 3500 977 dominos
3535 923 3766 978 fratres

2078 1014 2132 1063 ct
2162 1009 2378 1063 amicos
2403 1027 2414 1075 ;
2444 1013 2635 1080 patres
2655 1025 2794 1064 cura
2811 1009 3133 1081 regiminis,
3153 1009 3430 1066 dominos
3451 1011 3769 1083 dignitate

2079 1097 2466 1166 praelationis;
2501 1096 2706 1152 fratres
2738 1097 2794 1151 in
2825 1097 2939 1152 Deo
2983 1101 3198 1170 patres,
3241 1099 3473 1154 amicos
3505 1099 3568 1154 in
3609 1099 3766 1156 cha-

2075 1183 2774 1256 ritate.Saluta,inquam,
2800 1203 3284 1259 unumquemque
3305 1204 3548 1258 eorum,
3572 1193 3766 1262 prout

2077 1275 2229 1330 nosti
2265 1290 2485 1328 mecum
2517 1290 2642 1328 esse
2673 1273 2758 1328 vel
2790 1277 3005 1329 tecum.
3037 1274 3326 1332 Salutatio
3359 1294 3500 1332 mea
3545 1278 3632 1334 sit
3682 1277 3764 1333 ad

2078 1380 2176 1417 vos
2221 1379 2448 1431 omnes,
2499 1366 2563 1415 ut
2607 1378 2674 1417 eo
2712 1362 3022 1433 adjuvante
3071 1363 3131 1418 in
3180 1380 3359 1436 quem
3417 1366 3765 1433 credimus,

2080 1451 2296 1522 pariter
2323 1450 2509 1504 simus
2540 1455 2761 1504 aeternae
2792 1449 2918 1505 vita:
2949 1455 3271 1508 consortes.
3305 1458 3528 1510 Amen.

2555 1707 3764 1723 ἀ’-’Μ

1735 1811 1879 1849 ANNO
1919 1809 2117 1852 DOIINI
2159 1812 2198 1848 M
2210 1812 2315 1849 LIX.

1522 1992 2543 2152 JOANNES

1271 2263 2006 2358 SABINENSIS
2071 2263 2786 2358 EPISCOPUS.

1387 2533 1888 2626 NOTITIA
1957 2531 2658 2625 HISTOBICA.

1534 2736 1830 2807 (Uonsnm,
1868 2736 2031 2792 Italia
2059 2752 2241 2801 sacra,
2285 2735 2329 2798 Ι,
2371 2735 2498 2790 459.

403 2967 880 3024 JoannesJoanni
897 2966 1178 3022 suffectus
1195 2969 1301 3030 est,
1316 2966 1652 3038 electusque
1673 2966 1982 3038 episcopus
2012 2969 2059 3033 B
2091 2964 2341 3019 maxima
2367 2968 2698 3036 tempestas.
2723 2965 2844 3029 Quo
2865 2966 2986 3023 viso
3007 2971 3323 3042 episcopus
3339 2975 3595 3031 secessit
3615 2992 3654 3032 a
3670 2977 3773 3034 via

339 3052 654 3111 cardinalis
680 3053 1018 3110 Sabinensis
1041 3071 1074 3109 a
1096 3055 1285 3109 Leone
1328 3055 1416 3109 1X.
1447 3055 1704 3110 Romano
1737 3055 1980 3110 concilio

343 3141 606 3198 interfuit
627 3142 735 3198 sub
764 3141 996 3198 Nicolao
1017 3141 1254 3210 II,anno
1279 3143 1432 3197 1059.
1455 3143 1572 3197 Sub
1595 3142 1914 3198 Alexandro
1934 3143 1981 3198 II

341 3248 371 3286 e
402 3231 545 3286 vivis
574 3230 865 3286 eximitur.
886 3232 1072 3302 Hujus
1099 3230 1341 3286 Joannis
1370 3231 1702 3286 Sabinensis
1725 3231 1980 3302 episcOpi

339 3319 398 3374 in
431 3317 765 3374 monasterii
789 3317 1076 3374 Farfensis
1109 3318 1414 3390 indignum
1447 3319 1693 3384 facinus,
1725 3325 1898 3390 atque
1921 3319 1977 3372 in

340 3423 472 3464 eum
503 3406 760 3462 divinam
791 3405 1069 3462 ultionem
1102 3407 1303 3462 recitat
1348 3423 1672 3480 anonymus
1718 3407 1976 3464 Vaticani

337 3493 552 3552 codicis
580 3494 651 3550 de
680 3493 1070 3550 destructione
1102 3495 1390 3551 Fart'ensis
1411 3497 1744 3552 monasterii
1774 3513 1924 3552 anno
1945 3497 1980 3550 3

341 3584 547 3640 Leonis
587 3581 674 3638 IX.
727 3606 755 3633 ‹‹
799 3583 1183 3654 Temporibus
1231 3583 1433 3639 Leonis
1487 3602 1669 3656 papae,
1725 3588 1978 3640 Joannes

342 3670 683 3729 Sabinensis
710 3670 1038 3742 episcopus,
1070 3670 1169 3742 qui
1207 3670 1595 3726 insidiabatur
1627 3673 1977 3728 monasterio

345 3758 602 3816 Farfensi
631 3775 734 3831 pro
782 3757 1025 3814 decimis
1057 3762 1112 3814 et
1149 3758 1541 3815 oblationibus
1590 3765 1978 3830 mortuorum,

341 3848 592 3906 maxime
615 3864 719 3920 pro
765 3845 1025 3902 ecclesia.
1059 3847 1117 3902 ὃ.
1163 3847 1366 3920 Angeli
1404 3849 1462 3903 in
1493 3849 1728 3917 Toncia,
1761 3851 1832 3905 de
1862 3867 1980 3922 qua

338 3936 477 3992 olim
508 3937 720 3992 fecerat
759 3933 1022 4007 iniquam
1071 3935 1530 3991 convenientiam
1577 3954 1711 3992 cum
1744 3938 1978 3994 domino

333 4025 533 4098 Ugone
564 4024 793 4092 abbate,
843 4024 942 4096 qui
983 4025 1247 4079 eamdem
1295 4023 1622 4082 ecclesiam.
1671 4029 1726 4080 S.
1782 4026 1982 4099 Angeli

333 4111 525 4170 tenuit
551 4116 608 4168 et
643 4113 904 4184 possedit
933 4111 992 4167 in
1040 4112 1365 4168 dominium
1397 4112 1574 4182 hujus
1620 4116 1978 4184 monasterii,

335 4217 514 4272 quam
532 4199 992 4256 convenientiam
1014 4198 1142 4254 ideo
1164 4199 1440 4265 diximus,
1464 4200 1602 4272 quia
1621 4205 1980 4274 temporibus

335 4288 403 4348 D.
435 4288 672 4344 Adriani
706 4288 726 4343 Ι
756 4287 1052 4360 pontificis
1088 4287 1464 4344 Ildcbrandus
1513 4290 1628 4345 dux
1675 4307 1776 4362 per
1804 4309 1978 4349 suum

335 4381 686 4452 praceptum
715 4375 852 4432 huic
878 4376 1226 4432 monasterio
1266 4378 1571 4432 concessit.
1613 4379 1743 4434 Haec
1782 4381 1980 4437 omnia

334 4467 641 4541 ignorabat
682 4464 955 4538 praefatus
985 4465 1148 4539 Hugo
1179 4465 1379 4533 abbas,
1413 4470 1610 4536 utpote
1657 4467 1980 4540 alienigena

255 4595 259 4599 -
333 4556 442 4625 vir,
471 4559 528 4612 et
557 4555 892 4628 praedictam
915 4553 1282 4610 concordiam
1308 4555 1380 4610 ab
1398 4554 1666 4627 episcopo
1697 4558 1975 4628 suscepit,

333 4643 617 4702 nesciens.
633 4647 834 4716 Itaque
856 4641 1168 4715 praedictus
1188 4641 1493 4714 episcopus
1516 4643 1827 4700 insurrexit
1850 4649 1980 4717 post

333 4731 464 4800 hoc,
512 4736 570 4788 et
621 4731 693 4788 ad
738 4731 1004 4787 eamdem
1048 4730 1350 4786 ecclesiam
1383 4733 1440 4787 S.
1500 4732 1703 4804 Angeli
1756 4740 1978 4790 armata

333 4835 510 4876 manu
548 4819 817 4892 perrexit,
861 4820 989 4888 ejus
1042 4819 1218 4874 altare
1264 4837 1538 4876 amovens
1587 4821 1888 4890 destruxit,
1921 4829 1978 4879 et

333 4904 612 4977 reliquias
639 4922 709 4962 ex
729 4904 828 4960 illo
877 4906 1222 4962 abstrahens
1271 4924 1466 4964 secum
1515 4909 1874 4980 asportavit;
1921 4916 1978 4968 et

337 5007 472 5047 cum
505 4993 640 5047 inde
665 4992 742 5046 nd
772 4991 1128 5062 episcopium
1176 4999 1573 5062 reverteretur,
1617 4999 1806 5054 subito
1837 5000 1975 5056 coelo

338 5079 557 5151 optime
585 5081 846 5136 serenato
875 5082 1000 5134 orta
1026 5083 1115 5137 est
1129 5096 1311 5152 aque,
1335 5084 1636 5154 grandinis
1655 5092 1710 5140 et
1729 5086 1974 5158 fulguris

2093 3053 2150 3106 in
2182 3053 2493 3123 quemdam
2539 3053 2725 3109 locum
2775 3056 2876 3126 qui
2925 3056 3142 3112 dicitur
3191 3065 3357 3127 Area,
3415 3068 3475 3118 et
3519 3080 3770 3124 moram

2091 3141 2518 3211 aliquantulum
2554 3142 2630 3196 ibi
2665 3159 2799 3198 cum
2830 3143 2975 3215 ipsis
3007 3145 3274 3218 reliquiis
3307 3148 3470 3206 fecit.
3523 3155 3776 3211 Accidit

2091 3233 2228 3283 tunc
2253 3229 2471 3299 grande
2503 3230 2851 3287 miraculum
2901 3232 2959 3288 in
2990 3233 3119 3306 ipso
3168 3233 3293 3292 loco
3327 3238 3426 3292 ubi
3478 3239 3769 3314 reliquias

2091 3320 2424 3385 manebant,
2459 3319 2538 3372 nil
2573 3319 2776 3390 pluvia:
2820 3321 2904 3376 vel
2953 3323 3261 3393 grandinis
3309 3327 3391 3382 ibi
3434 3329 3766 3389 cecidisse.

2089 3406 2361 3462 Cessante
2407 3424 2536 3462 vero
2591 3413 2952 3480 tempestate,
2999 3411 3173 3467 rediit
3215 3415 3290 3470 ad
3330 3417 3771 3490 episcopatum

2087 3510 2220 3549 cum
2251 3511 2460 3566 magno
2490 3512 2716 3566 pavore.
2748 3497 2943 3554 Altera
2963 3504 3160 3556 autem
3191 3501 3305 3572 die,
3332 3503 3442 3559 hoc
3473 3523 3614 3564 cum
3653 3527 3777 3566 au-

2084 3581 2234 3637 diret
2261 3582 2328 3638 D.
2362 3584 2691 3640 Bernardus
2711 3585 2894 3642 abbas
2915 3586 3188 3659 Ortanus,
3213 3590 3392 3664 elegit
3419 3599 3774 3666 quemdam

2087 3673 2444 3744 episcopum,
2480 3673 2578 3744 qui
2607 3679 2746 3730 tunc
2777 3675 2919 3731 forte
2950 3675 3359 3750 hospitabatur
3388 3667 3448 3738 in
3485 3685 3600 3741 hoc
3623 3705 3736 3746 mo
3757 3720 3776 3731 -

2089 3761 2361 3831 nasterio,
2405 3761 2476 3816 de
2533 3760 2988 3820 Ultramontanis
3037 3768 3328 3838 partibus,
3379 3775 3438 3826 et
3478 3773 3778 3835 collectis

2089 3849 2333 3904 abbatize
2379 3848 2517 3904 viris
2563 3855 2620 3904 et
2661 3849 2930 3907 fidelibus
2976 3854 3268 3913 militibus
3301 3875 3437 3915 sum
3483 3864 3776 3924 maxime

2089 3935 2304 3992 honore
2334 3937 2677 3994 retedilicarc
2693 3939 2920 3995 studuit
2948 3941 3145 4014 ipsum
3176 3944 3377 4016 altare,
3412 3953 3667 4024 magnis
3705 3961 3773 4012 et

2089 4025 2393 4096 praecipuis
2423 4025 2502 4080 ibi
2535 4027 2845 4085 reconditis
2861 4028 3149 4102 reliquiis.
3183 4033 3374 4108 Super
3401 4055 3593 4109 quam
3632 4060 3775 4101 rem

2089 4115 2398 4186 praedictus
2428 4115 2736 4188 episcopus
2764 4117 2931 4174 valde
2956 4120 3256 4178 condoluit
3295 4126 3621 4187 Sabinensi
3657 4131 3776 4190 Ec-

2089 4203 2298 4270 clesiae,
2331 4208 2385 4258 et
2406 4203 2542 4274 quia
2569 4203 2749 4260 altare
2772 4204 2968 4278 ipsum
2989 4208 3358 4269 destruxerat
3385 4221 3444 4271 et
3463 4216 3778 4290 reliquias

2091 4296 2500 4364 asportaverat,
2532 4292 2660 4365 ipsa
2692 4299 2855 4351 nocte
2878 4312 3192 4368 percussus
3223 4307 3333 4370 est,
3365 4309 3424 4360 et
3457 4322 3661 4365 unum
3683 4315 3780 4367 to-

2091 4381 2206 4436 tius
2254 4379 2409 4436 latus
2457 4381 2714 4454 corporis
2751 4383 3194 4460 obstupescens,
3252 4390 3439 4448 donec
3500 4395 3772 4468 advixit,

2087 4469 2276 4542 periit.
2309 4469 2444 4524 Post
2473 4469 2579 4525 hoc
2610 4471 2825 4528 veritus
2855 4478 2913 4530 et
2941 4492 3159 4547 pavens
3188 4495 3369 4552 super
3399 4482 3537 4556 hoc,
3571 4491 3638 4543 et
3671 4489 3775 4544 ni-

2089 4559 2200 4614 mis
2229 4557 2448 4625 dolens,
2483 4576 2586 4630 pro
2613 4560 2990 4619 mdificatione
3011 4581 3190 4637 quam
3225 4572 3286 4624 Ι).
3321 4570 3510 4629 abbas
3543 4581 3778 4634 noster

2088 4646 2208 4736 fieri
2237 4647 2558 4736 studuerat,
2591 4649 2662 4736 ad
2715 4649 2987 4706 eumdem
3033 4651 3227 4710 locum
3268 4657 3598 4732 episcopus
3631 4681 3777 4736 per-

2087 4734 2248 4824 rexit,
2281 4740 2335 4790 et
2365 4735 2822 4824 abstractisinde
2835 4739 2998 4796 novis
3018 4757 3167 4812 quas
3198 4742 3423 4802 invenit
3445 4734 3773 4824 reliquiis,

2086 4823 2304 4894 priores
2361 4821 2482 4878 illic
2520 4822 2832 4882 honorifice
2876 4829 3235 4901 recondidit;
3281 4832 3354 4890 de
3410 4821 3776 4908 ipsis‘vero

2086 4911 2247 4967 novis
2262 4909 2594 4982 reliquiisin
2615 4929 2720 4969 suo
2732 4913 3022 4988 episcopio
3035 4915 3374 4979 altariolum
3387 4931 3778 4992 construens

2083 5001 2458 5069 consecravit,
2489 5005 2546 5055 et
2569 5001 2805 5058 demum
2832 5002 2892 5059 in
2941 5003 3008 5060 D.
3057 5007 3331 5066 abbatem
3383 5020 3678 5078 nostrum
3708 5022 3778 5081 in

2083 5089 2300 5162 synodo
2333 5087 2847 5162 proclamationem
2877 5092 2961 5149 sic
2990 5094 3145 5154 fecit.
3184 5119 3214 5146 »
