3916 6354
163 378 276 438 909

1016 379 1511 451 QUEIlIMONIA
1554 378 1865 441 CONTRA
1911 382 2372 444 FAHFENSES
2418 382 2709 445 MONAC.

3437 384 3557 469 9w

941 684 1998 846 QUEItIMONIA
2085 686 2773 821 JOANNIS

1469 928 1882 984 SABINENSIS
1918 927 2231 984 EPISCOPI
2299 945 2304 949 ·

890 1080 1118 1142 Contra
1147 1080 1463 1159 Far/enses
1489 1079 1798 1140 monachos
1828 1080 1888 1139 in
1918 1080 2138 1160 synodo
2170 1081 2435 1143 Romana
2462 1083 2613 1143 anni
2638 1086 2813 1146 1051.

592 1260 795 1331 (ΜΑΝει
839 1258 1043 1315 Conczl.
1081 1257 1227 1323 XIX,
1258 1260 1384 1325 797,
1420 1274 1489 1313 ex
1519 1256 1801 1313 Chronico
1829 1256 2111 1323 Farfensi,

1547 1256 1801 1313 lbronico
1829 1256 2111 1323 Farfensi,
2142 1260 2268 1315 Rer.
2301 1260 2424 1314 Ital.
2459 1260 2686 1332 Script,
2720 1261 2817 1326 III,
2851 1276 2913 1331 ιι,
2945 1260 3093 1332 581.)

214 1554 427 1609 Audiat
460 1554 738 1609 Dominus
778 1558 835 1609 et
882 1554 1064 1608 totius
1108 1553 1432 1625 regni.......
1466 1554 1798 1608 moderator
1824 1554 1877 1620 Α
1911 1552 2307 1608 ministerium
2340 1570 2537 1609 meum
2568 1553 2650 1609 ita
2680 1554 2949 1609 tractavit
2997 1558 3061 1609 ut
3114 1554 3330 1621 decuit,
3362 1570 3552 1627 neque

136 1644 534 1715 aequissimus,
567 1643 655 1697 vel
687 1643 887 1715 prima:
917 1643 1075 1698 sedis
1106 1642 1437 1714 episcopus,
1472 1643 1791 1708 audiatque

136 1732 481 1788 cunctahrec
500 1738 702 1785 sancta
725 1732 1005 1802 synodus,
1022 1730 1649 1802 percipiatquejustam
1666 1747 1792 1802 pro-

135 1820 547 1875 clamationem
583 1837 758 1890 quam
794 1820 940 1873 facio
973 1836 1149 1889 super
1169 1820 1437 1873 abbatem
1454 1818 1788 1889 Pharphcn-

136 1924 289 1973 sem,
324 1925 356 1962 a
389 1924 504 1978 quo
534 1908 749 1961 multas
779 1912 835 1962 et
857 1924 1067 1979 passus
1099 1923 1230 1961 sum
1250 1912 1305 1961 et
1322 1906 1785 1977 patiorinjurias.

138 1998 521 2067 Estquazdam
540 1996 782 2049 ecclesia
807 1996 861 2049 in
885 1996 1102 2049 honore
1132 1996 1189 2049 S.
1224 1994 1519 2049 Michaelis
1545 1995 1786 2048 archan-

135 2085 275 2157 geli,
311 2085 425 2139 sita
454 2084 512 2138 in
547 2090 741 2139 monte
774 2083 873 2154 qui
905 2084 1115 2138 dicitur
1143 2084 1378 2147 Tancia,
1413 2083 1679 2137 videlicet
1727 2084 1783 2137 in

134 2175 479 2246 episcopatu
541 2190 686 2237 meo,
748 2189 874 2243 qua:
925 2173 1079 2242 juris
1130 2174 1238 2226 mei
1272 2174 1644 2243 episcopatus
1674 2176 1782 2235 est,

133 2265 309 2334 cujus
341 2263 541 2317 altaris
573 2266 773 2317 auctor
802 2266 857 2316 et
879 2262 1175 2316 dedicator
1195 2262 1447 2316 creditur
1468 2261 1646 2314 fuisse
1674 2260 1785 2315 Sil-

130 2358 328 2407 vester
383 2350 759 2406 beatissimus
818 2350 995 2420 hujus
1051 2350 1215 2405 almae
1247 2350 1401 2404 sedis
1433 2349 1778 2420 episcopus;

129 2459 317 2513 super
346 2440 497 2511 quod
531 2439 709 2494 altare
743 2456 855 2494 non
888 2444 975 2492 est
1020 2439 1235 2493 veritus
1292 2438 1474 2492 abbas
1506 2436 1603 2491 ille
1635 2454 1782 2492 ausu

127 2529 448 2585 temerario
479 2528 788 2583 maceriam
812 2528 1046 2591 addere,
1080 2534 1137 2581 et
1183 2544 1361 2598 supra
1404 2526 1545 2580 tanti
1579 2543 1782 2580 conse-

125 2618 380 2673 cratoris
411 2616 686 2671 violatam
732 2616 1226 2671 consecrationem
1282 2615 1494 2668 missas
1531 2631 1631 2685 per
1660 2631 1781 2668 mo-

127 2708 357 2763 nachos
391 2724 529 2761 suos
555 2711 807 2769 cantare,
839 2705 999 2760 nullo
1031 2704 1115 2759 vel
1147 2705 1390 2759 faciente
1420 2702 1505 2758 vel
1540 2704 1783 2773 jubente

128 2797 433 2868 episcopo.
472 2800 545 2849 De
577 2793 818 2849 ecclesia
849 2799 1043 2848 autem
1083 2794 1184 2847 illa
1232 2794 1425 2846 nescio
1482 2808 1582 2862 per
1606 2807 1780 2862 quem

125 2887 425 2945 datorem,
458 2884 825 2938 medietatem
856 2883 1079 2937 obtinet
1118 2880 1360 2936 ecclesia
1407 2882 1629 2935 Sancta:
1662 2880 1781 2933 Ma-

125 2976 251 3040 rias,
288 2975 461 3043 cujus
487 2973 610 3044 ipse
648 2972 831 3026 abbas
879 2976 1005 3037 est;
1058 2970 1427 3025 medietatem
1479 2985 1610 3023 vero
1641 2968 1783 3023 alte-

126 3081 257 3118 ram
286 3062 662 3133 episcopatus
685 3060 943 3131 possidet
966 3076 1151 3114 meus.
1176 3060 1280 3113 Sed
1308 3076 1373 3112 ex
1394 3058 1486 3112 hic
1511 3057 1785 3111 medieta-

122 3154 295 3207 tibus
328 3151 479 3205 inter
510 3166 600 3203 me
631 3158 688 3203 et
720 3149 988 3203 abbatem
1027 3148 1326 3217 Hugonem
1354 3146 1489 3200 talis
1514 3145 1788 3216 obligatio

120 3243 288 3297 facta
321 3244 427 3306 est,
462 3243 525 3293 ut
553 3255 784 3309 semper
812 3237 870 3291 in
903 3242 1162 3307 tempore
1192 3233 1682 3306 quadragesimali
1732 3238 1790 3289 et

121 3331 181 3384 in
220 3344 431 3384 mense
465 3326 616 3381 Maio
652 3342 817 3379 meus
848 3326 926 3379 ibi
960 3341 1092 3379 cum
1141 3341 1248 3378 suo
1307 3323 1576 3377 minister
1606 3323 1786 3385 sedet,

116 3416 359 3473 caeteris
391 3432 521 3469 vero
557 3415 917 3486 temporibus
950 3413 1112 3467 solus
1150 3430 1293 3467 suus
1324 3411 1399 3465 ibi
1434 3411 1597 3465 sedet
1619 3409 1788 3464 mini-

118 3514 269 3575 ster,
308 3522 341 3560 a
373 3521 489 3576 quo
524 3504 635 3558 tria
665 3503 832 3558 xenia
863 3502 919 3555 in
956 3518 1107 3556 anno
1142 3501 1437 3555 haberem.
1471 3501 1538 3553 Et
1586 3499 1637 3553 si
1670 3515 1785 3553 un-

122 3611 313 3667 quam
348 3593 531 3647 abbas
564 3592 658 3648 iIle
688 3596 788 3645 aut
817 3589 1028 3661 aliquis
1060 3606 1363 3643 successor
1383 3589 1511 3656 ejus
1529 3592 1630 3641 aut
1649 3603 1786 3642 vcn-

122 3687 299 3739 deret
329 3682 527 3749 alicui,
561 3686 663 3736 aut
688 3682 949 3743 donaret,
996 3683 1096 3733 aut
1151 3683 1382 3749 propter
1414 3675 1784 3742 beneficium,

122 3777 233 3829 aut
268 3788 509 3844 quoquo
546 3770 715 3825 modo
738 3767 1577 3841 ipsiusecclesiaamedietatem
1595 3781 1786 3829 suam,

124 3869 276 3918 tunc
314 3860 385 3916 ad
417 3875 609 3915 meam
642 3874 1025 3929 meorumque
1057 3872 1464 3911 successorum
1495 3853 1791 3909 deveniret

124 3950 577 4023 proprietatem.
613 3949 681 4002 Et
711 3947 759 4002 si
793 3963 898 4018 ego
931 3945 1014 4001 vel
1047 3944 1259 4016 aliquis
1290 3960 1593 3999 successor
1624 3958 1790 3997 meus

123 4042 200 4096 de
234 4038 557 4095 medietate
587 4036 778 4108 ipsius
810 4034 1063 4091 ecclesiae
1096 4051 1223 4106 quae
1277 4038 1365 4088 est
1412 4032 1523 4087 mei
1563 4031 1793 4103 episco-

124 4134 338 4202 patus,
388 4125 608 4197 aliquid
658 4125 771 4179 tale
817 4124 1108 4189 fecissem,
1159 4127 1297 4176 tunc
1344 4121 1474 4192 ipsa
1510 4119 1794 4175 medietas

122 4220 200 4274 ad
234 4215 477 4274 abbatis
509 4214 803 4271 deveniret
832 4212 1266 4285 proprietatem.
1300 4211 1368 4265 Et
1389 4226 1519 4265 ecce
1540 4210 1793 4264 domnus

120 4310 259 4380 ipse
325 4305 511 4362 abbas
565 4305 625 4358 in
682 4303 776 4358 his
832 4302 1108 4357 omnibus
1168 4299 1394 4366 cecidit,
1429 4299 1568 4370 quia
1600 4314 1788 4370 neque

1900 1643 2192 1712 promissa
2221 1642 2391 1698 xenia
2424 1643 2605 1707 misit,
2638 1644 2741 1698 sed
2793 1642 3163 1698 medietatem
3207 1659 3376 1699 suam
3407 1644 3550 1700 dua-

1900 1730 2010 1785 bus
2043 1731 2139 1784 Dei
2174 1730 2402 1785 ancillis
2434 1731 2613 1785 dedit.
2646 1731 2805 1786 Arsit
2835 1731 3111 1803 praedicta
3159 1730 3406 1787 ecclesia
3437 1749 3555 1787 una

1899 1818 2147 1886 dierum,
2181 1824 2236 1874 et
2258 1824 2388 1891 post
2410 1836 2532 1873 com
2546 1819 2878 1874 bustionem
2907 1819 3073 1874 duxit
3094 1818 3190 1875 ille
3209 1820 3549 1894 episcopum

1899 1907 2364 1978 Siphonienscm,
2398 1913 2473 1971 et,
2508 1925 2597 1963 me
2630 1908 2863 1964 nolente
2895 1913 2951 1964 et
2981 1908 3295 1979 nesciente,
3345 1926 3547 1967 conse-

1898 1996 2076 2049 cravit
2106 2013 2251 2051 eam.
2286 1996 2427 2051 Cum
2458 2014 2590 2052 vero
2621 2014 2741 2052 una
2762 1998 2989 2052 dierum
3015 1999 3189 2053 sciret
3209 2013 3303 2053 me
3324 1998 3544 2054 iturum

1899 2083 2016 2138 fore
2050 2085 2117 2138 ad
2153 2085 2465 2155 quemdam
2498 2084 2713 2152 locum,
2740 2085 2854 2139 mei
2877 2085 3405 2156 seniorisjussione
3436 2087 3547 2142 im-

1900 2172 2131 2243 plenda,
2166 2173 2388 2243 paravit
2418 2176 2697 2228 adversus
2731 2191 2824 2229 me
2854 2174 3121 2242 insidias,
3173 2180 3233 2230 et
3279 2174 3448 2243 tales,
3482 2180 3548 2232 ut

1895 2262 1943 2315 si
1976 2278 2066 2315 me
2101 2266 2316 2331 posset,
2349 2263 2657 2329 occideret,
2693 2267 2795 2318 aut
2822 2262 2871 2317 si
2895 2279 3008 2318 non
3059 2268 3276 2333 posset,
3301 2264 3543 2320 domum

1893 2342 1949 2404 in
1994 2367 2109 2421 qua
2139 2351 2262 2421 ipse
2297 2355 2469 2404 noctu
2497 2353 2772 2421 jacerem,
2805 2350 3075 2406 incendio
3123 2356 3546 2410 concremaret.

1892 2440 2074 2509 Cujus
2106 2439 2342 2494 nefariae
2372 2439 2803 2494 adinventionis
2846 2439 3067 2494 exstitit
3113 2444 3316 2496 auctor
3343 2441 3551 2498 Petrus

1897 2528 2244 2593 monachus,
2307 2530 2407 2598 qui
2468 2528 2684 2583 dicitur
2739 2529 2810 2583 de
2867 2528 3202 2599 Laurentio,
3233 2533 3451 2586 etcum
3483 2547 3550 2587 eo

1902 2618 2085 2672 Datus
2146 2618 2215 2670 de
2272 2617 2502 2682 Uberto,
2565 2618 2755 2672 Teuzo
2811 2618 2882 2672 de
2942 2618 3153 2684 Berizo,
3210 2616 3549 2676 Albertinus

1894 2704 2300 2771 adulterinus,
2339 2706 2608 2770 Barocco,
2664 2709 2870 2761 Petrus
2928 2704 3314 2774 Castellanus,
3362 2707 3544 2764 Raino

1893 2795 1962 2847 de
1994 2793 2346 2862 Crescentio,
2379 2793 2562 2847 Follia
2590 2793 2842 2849 Joannes
2871 2793 3191 2861 Ferrarius,
3222 2794 3542 2851 Rainaldus

1893 2884 1962 2938 de
1993 2882 2256 2937 Guidone
2287 2882 2643 2952 presbytero,
2676 2888 2731 2936 et
2760 2880 3056 2937 Azolinus.
3081 2882 3266 2938 Unius
3286 2883 3541 2956 denique

1896 2971 2005 3025 mei
2059 2969 2540 3041 archipresbyteri
2600 2969 2808 3024 silvam
2861 2970 3068 3025 incidit
3119 2970 3192 3025 ob
3243 2970 3354 3027 hoc
3384 2974 3540 3043 quod

1897 3076 2092 3113 meum
2126 3058 2357 3112 fidelem
2391 3058 2557 3112 illum
2589 3059 2877 3130 cognovit,
2908 3075 3035 3129 quae
3065 3076 3183 3115 non
3213 3060 3410 3117 minus
3438 3077 3545 3118 va-

1899 3148 2005 3202 luit
2036 3164 2211 3219 quam
2228 3152 2459 3201 centum
2476 3146 2674 3201 libras.
2691 3148 2854 3218 Cepit
2867 3149 3178 3219 quemdam
3194 3149 3539 3206 servientem

1901 3241 2197 3303 meum,et
2245 3236 2382 3306 quia
2439 3236 2583 3290 dixit
2635 3239 2696 3290 se
2753 3253 2971 3305 meum,
3032 3254 3178 3303 esse,
3211 3238 3454 3293 abstulit
3483 3238 3537 3294 ei

1897 3343 2113 3396 equum
2138 3330 2194 3378 et
2214 3326 2411 3379 omnia
2432 3325 2781 3380 vestimenta
2807 3327 2953 3395 ejus.
2983 3326 3261 3380 Przeterea
3283 3325 3541 3382 decimas

1896 3431 2099 3468 omnes
2126 3428 2252 3483 qua:
2287 3413 2427 3467 mihi
2455 3413 2762 3484 pertinent,
2784 3429 2888 3467 nec
2908 3429 3018 3467 non
3038 3417 3093 3467 et
3109 3417 3331 3484 partem
3348 3430 3539 3470 meam

1895 3503 1968 3556 de
2000 3502 2167 3556 bonis
2199 3506 2584 3567 mortuorum,
2617 3500 2955 3572 ubicunque
3009 3500 3177 3567 valet,
3220 3502 3539 3569 contendit,

1898 3590 2149 3645 maxime
2178 3594 2374 3644 tamen
2407 3588 2465 3643 in
2500 3588 2853 3643 Bucciniano
2882 3594 2939 3644 et
2992 3588 3303 3661 Vulpanio.
3352 3591 3455 3647 His
3485 3595 3546 3647 et

1896 3678 2026 3733 aliis
2055 3679 2125 3733 ab
2150 3695 2216 3733 eo
2250 3679 2455 3733 abbate
2487 3694 2725 3750 pressus
2748 3679 3224 3747 adversitatibus,
3251 3679 3546 3751 proclamo

1899 3784 1990 3822 me
2023 3766 2438 3839 super,iillum,
2477 3784 2742 3838 quaerens
2772 3767 3235 3823 misericordiam
3266 3773 3543 3838 vestram,

1898 3861 1964 3911 ut
1994 3873 2108 3911 non
2143 3855 2351 3910 sinatis
2384 3856 2697 3911 Ecclesiam
2731 3872 2944 3923 meam,
2978 3856 3094 3911 imo
3141 3860 3262 3912 tam
3292 3864 3545 3913 vestram

1898 3962 2076 4017 quam
2109 3961 2319 4013 meam,
2336 3944 2515 3999 tantis
2527 3945 2597 3999 ad
2607 3944 2753 3999 versi
2765 3945 2981 4000 tatibus
2998 3945 3225 4017 gravari
3244 3945 3546 4018 tantisque

1901 4032 2185 4089 molestiis
2217 4032 2537 4103 molestari,
2572 4035 2672 4089 sed
2704 4033 3165 4104 potiusliberata
3185 4035 3547 4106 aperturba-

1901 4122 2160 4179 tionibus
2190 4123 2335 4178 tanti
2369 4122 2813 4195 perturbatoris,
2845 4125 3038 4196 grates
3067 4122 3205 4179 inde
3260 4123 3547 4181 maximas

1905 4211 2021 4266 Deo
2053 4210 2367 4267 reddamus
2398 4216 2454 4265 et
2478 4210 2644 4267 vobis
2673 4212 2773 4282 (1).

198 4450 284 4521 (Ι)
324 4447 537 4521 Hisita
581 4445 857 4521 recitatis,
890 4443 1222 4516 quaesitum,
1255 4447 1365 4521 est
1398 4442 1469 4496 ab
1517 4442 1795 4521 advocato
1826 4429 1868 4494 C
1908 4443 2027 4521 tica
2048 4443 2406 4521 professione
2437 4443 2732 4521 antiquior
2762 4449 2819 4499 et
2846 4443 3102 4521 anterior
3125 4442 3443 4521 peremnia
3464 4442 3547 4498 in-

119 4513 367 4577 domini
399 4518 625 4573 abbatis
658 4522 720 4572 ut
745 4513 996 4571 domnus
1026 4519 1410 4586 papa,sancta
1426 4513 1642 4586 synodo
1659 4529 1792 4586 con-

119 4593 406 4658 cedente,
437 4588 703 4643 inducias
735 4583 1198 4659 permitterct'ad
1252 4583 1485 4659 singula
1534 4600 1662 4654 qua:
1691 4585 1791 4659 ῥᾳ-

120 4655 408 4719 binensis
429 4655 753 4743 episcopus
789 4658 1267 4743 conclama‘verat,
1290 4655 1482 4743 verpis
1529 4664 1587 4743 et
1616 4655 1796 4735 subti-

121 4738 247 4791 lius
267 4728 747 4803 investigandum
772 4736 828 4785 et
850 4730 1343 4803 respondendum.
1367 4729 1529 4781 Tunc
1546 4728 1799 4803 benigna

119 4805 459 4889 largitione
491 4798 868 4889 permissum.
893 4798 1000 4856 est.
1051 4801 1304 4889 Aderant
1352 4803 1547 4889 autem
1578 4798 1795 4889 ibidem

123 4870 458 4955 utriusque
489 4870 669 4956 partis
700 4873 870 4928 amici
896 4872 1217 4956 veraciores
1243 4877 1297 4924 et
1324 4870 1548 4956 paciﬁci.
1568 4874 1796 4956 scruta:

123 4957 320 5014 tores,
363 4939 461 5017 qui
486 4939 644 5017 ipsas
664 4962 751 4999 res
778 4945 1053 4998 canonice
1073 4939 1446 5017 indagantes,
1474 4939 1798 4994 retulerunt

119 5024 367 5077 domno
402 5035 561 5089 pasz
594 5017 747 5088 quod
781 5032 903 5089 per
931 5017 1111 5085 legem
1172 5017 1259 5067 vel
1285 5085 1293 5089 _
1319 5028 1523 5089 sacros
1542 5027 1795 5089 canones

112 5083 418 5166 judicare
443 5083 632 5166 vellet'3
667 5104 736 5140 ne
783 5083 1230 5166 iambaripartes‘
1284 5085 1336 5136 in
1380 5083 1796 5166 detrimentum

119 5154 567 5237 gravissimum
601 5160 955 5237 devenirent,
979 5154 1239 5237 videlicet
1281 5160 1512 5237 propter
1535 5154 1792 5236 violatio-

122 5225 271 5293 nem
311 5237 376 5286 et
405 5229 859 5285 destructionem
891 5229 1091 5283 altaris
1120 5232 1176 5281 et
1230 5225 1609 5295 reliquiarum
1643 5228 1793 5294 ejus,

119 5323 290 5380 quas
323 5303 554 5358 auferre
573 5301 739 5380 idem
774 5298 1115 5380 Sabinensis
1163 5298 1470 5378 episcopos
1514 5312 1797 5380 pra‘sum-

120 5368 277 5452 psit,
315 5380 377 5429 et
408 5377 655 5452 propter
695 5370 1319 5452 deprfedatione'shsive
1370 5368 1796 5452 incendia-qua:

162 5438 542 5505 ost'mod'um'
561 5438 1023 5499 domui-abbatis
1050 5440 1305 5495 militum
1339 5439 1625 5493 exercitus
1645 5438 1794 5493 fecit.

162 5470 531 5505 osuuuuulu
561 5470 762 5499 uumul
795 5470 1023 5497 uuuuua
1053 5470 1305 5495 ωιιιιιυιιι
1339 5470 1461 5493 ωισι
1475 5470 1625 5493 unua
1645 5470 1794 5493 ισυιυ.

115 5470 283 5581 ﬁam
322 5515 655 5591 proprietas
684 5513 936 5573 ecclesiae
959 5530 1061 5588 pro
1075 5510 1458 5585 acquisitione
1478 5514 1535 5567 et
1557 5510 1802 5568 authen-

1903 4517 2072 4569 venta
2102 4518 2189 4569 est
2220 4514 2396 4584 hujus
2427 4514 2606 4569 nostri
2642 4515 2976 4569 monasterii
3014 4514 3209 4570 fuisse.
3236 4518 3351 4570 Hoc
3381 4530 3546 4571 sum-

1905 4602 2037 4639 mus
2071 4585 2279 4656 prresul
2306 4587 2519 4639 certius
2551 4587 2908 4651 discernens,
2958 4585 3117 4639 litem
3169 4587 3379 4657 ipsam,
3413 4601 3545 4657 pro-

1903 4665 2201 4728 utcunque
2232 4658 2446 4728 potuit,
2468 4660 2670 4711 sedare
2724 4658 2876 4721 fecit,
2900 4662 2957 4711 et
2982 4656 3167 4711 edidit
3192 4656 3545 4712 monasterio

1904 4728 2039 4782 huic
2073 4729 2338 4782 mirabile
2359 4729 2721 4799 privilegium
2741 4746 2857 4784 sua:
2876 4728 2981 4799 pia}
3005 4728 3548 4799 confirmationisde

1903 4799 2166 4854 omnium
2190 4799 2370 4869 hujus
2391 4798 2727 4870 monasterii
2750 4798 3037 4854 bonorum
3061 4798 3551 4870 acquisitionibus

1904 4870 2199 4952 liberrime
2241 4871 2627 4952 possidendis:
2663 4869 2919 4952 genique
2951 4874 3081 4952 post
3127 4869 3371 4952 longum
3403 4875 3551 4952 tem-

1907 4958 2038 5013 pus,
2071 4942 2286 4996 nostris
2318 4943 2538 4996 scilicet
2569 4944 2793 5004 diebus.
2826 4940 2912 4996 ita
2941 4940 3199 4997 vidimus
3225 4940 3283 4997 et
3329 4940 3553 4998 audivi-

1907 5030 2037 5066 mus
2071 5014 2409 5066 referentem
2443 5018 2498 5065 ct
2527 5014 2851 5068 certissime
2880 5018 3194 5069 testantem
3238 5014 3555 5085 quemdam

1906 5085 2069 5138 Rom.
2105 5086 2280 5153 episc.
2316 5086 2552 5139 nomine
2587 5086 2839 5150 Petrum,
2864 5086 2991 5155 jam
3051 5086 3231 5140 nimis
3270 5085 3552 5151 vetulum,

1907 5156 2005 5225 qui
2039 5157 2232 5228 Itomze
2265 5157 2603 5210 morabatur
2633 5158 2787 5228 apud
2827 5162 3103 5211 Sanctum
3164 5156 3554 5228 Vincentium,

1897 5228 2068 5297 juxta
2100 5227 2399 5282 ecclesiam
2434 5227 2697 5282 sanctam
2730 5228 2882 5283 beati
2918 5228 3069 5282 Petri
3119 5227 3384 5299 apostoli,
3426 5242 3550 5299 om:

1908 5299 2023 5359 nia,
2060 5303 2123 5353 ut
2180 5316 2361 5369 supra
2416 5299 2695 5364 diximus,
2752 5316 2945 5355 coram
3005 5316 3067 5354 se
3122 5297 3551 5369 eiaminata,et

1907 5369 2157 5423 dit‘tinita
2190 5367 2367 5424 fuisse
2398 5376 2455 5424 et
2486 5370 2851 5443 privilegium
2885 5372 2967 5426 sic
2998 5370 3236 5425 editum.
3271 5367 3550 5440 (Sequitur

1907 5441 2278 5496 priuileuium.

1901 5457 2278 5513 prwuegzum.
