  <div class='ocr_page' id='page_1' title='image "/cluster/home/n/w/nwhite01/storage/ocr_20150623/142-143/uc1.31175018423130/1195.png"; bbox 0 0 3916 6364; ppageno 0'>
   <div class='ocr_carea' id='block_1_1' title="bbox 369 407 3816 479">
    <p class='ocr_par' dir='ltr' id='par_1_1' title="bbox 369 407 3816 479">
     <span class='ocr_line' id='line_1_1' title="bbox 369 407 3816 479; baseline -0.002 -3"><span class='ocrx_word' id='word_1_1' title='bbox 369 408 482 476; x_wconf 73' lang='grc' dir='ltr'>οη</span> <span class='ocrx_word' id='word_1_2' title='bbox 1381 412 1864 479; x_wconf 79' lang='lat' dir='ltr'>HUMBERTUS</span> <span class='ocrx_word' id='word_1_3' title='bbox 1911 413 1976 473; x_wconf 95' lang='lat' dir='ltr'>S.</span> <span class='ocrx_word' id='word_1_4' title='bbox 2023 411 2096 472; x_wconf 78' lang='grc' dir='ltr'>Β.</span> <span class='ocrx_word' id='word_1_5' title='bbox 2143 412 2212 472; x_wconf 88' lang='grc' dir='ltr'>Ε.</span> <span class='ocrx_word' id='word_1_6' title='bbox 2260 410 2750 475; x_wconf 82' lang='lat' dir='ltr'>CARDlNALIS.</span> <span class='ocrx_word' id='word_1_7' title='bbox 3697 407 3816 472; x_wconf 68' lang='lat'>912</span> 
     </span>
    </p>
   </div>
   <div class='ocr_carea' id='block_1_2' title="bbox 1760 675 2362 716">
    <p class='ocr_par' dir='ltr' id='par_1_2' title="bbox 1760 675 2362 716">
     <span class='ocr_line' id='line_1_2' title="bbox 1760 675 2362 716; baseline -0.005 -1"><span class='ocrx_word' id='word_1_8' title='bbox 1760 676 1912 715; x_wconf 80' lang='lat' dir='ltr'>ANNO</span> <span class='ocrx_word' id='word_1_9' title='bbox 1949 675 2153 716; x_wconf 79' lang='lat' dir='ltr'>DOMINI</span> <span class='ocrx_word' id='word_1_10' title='bbox 2193 675 2308 715; x_wconf 82' lang='lat' dir='ltr'>MLX</span> <span class='ocrx_word' id='word_1_11' title='bbox 2349 700 2362 712; x_wconf 91' lang='lat'>.</span> 
     </span>
    </p>
   </div>
   <div class='ocr_carea' id='block_1_3' title="bbox 1223 827 2894 1028">
    <p class='ocr_par' dir='ltr' id='par_1_3' title="bbox 1223 827 2894 1028">
     <span class='ocr_line' id='line_1_3' title="bbox 1223 827 2894 1028; baseline 0.002 -2"><span class='ocrx_word' id='word_1_12' title='bbox 1223 827 2894 1028; x_wconf 80' lang='lat' dir='ltr'>HUMBERTUS</span> 
     </span>
    </p>
   </div>
   <div class='ocr_carea' id='block_1_4' title="bbox 1147 1103 2984 1172">
    <p class='ocr_par' dir='ltr' id='par_1_4' title="bbox 1147 1103 2984 1172">
     <span class='ocr_line' id='line_1_4' title="bbox 1147 1103 2984 1172; baseline 0.001 -12"><span class='ocrx_word' id='word_1_13' title='bbox 1147 1105 1206 1160; x_wconf 92' lang='lat' dir='ltr'>S.</span> <span class='ocrx_word' id='word_1_14' title='bbox 1248 1105 1311 1160; x_wconf 89' lang='lat' dir='ltr'>E.</span> <span class='ocrx_word' id='word_1_15' title='bbox 1354 1105 1420 1160; x_wconf 75' lang='grc' dir='ltr'><strong>Β.</strong></span> <span class='ocrx_word' id='word_1_16' title='bbox 1453 1103 1905 1172; x_wconf 81' lang='lat' dir='ltr'>CARDINALIS,</span> <span class='ocrx_word' id='word_1_17' title='bbox 1947 1103 2324 1160; x_wconf 87' lang='lat' dir='ltr'>EPISCOPUS</span> <span class='ocrx_word' id='word_1_18' title='bbox 2365 1104 2590 1160; x_wconf 78' lang='lat' dir='ltr'>SILV/E</span> <span class='ocrx_word' id='word_1_19' title='bbox 2628 1104 2984 1162; x_wconf 65' lang='lat' dir='ltr'>CANDIDIE.</span> 
     </span>
    </p>
   </div>
   <div class='ocr_carea' id='block_1_5' title="bbox 1429 1305 2708 1403">
    <p class='ocr_par' dir='ltr' id='par_1_5' title="bbox 1429 1305 2708 1403">
     <span class='ocr_line' id='line_1_5' title="bbox 1429 1305 2708 1403; baseline -0.002 0"><span class='ocrx_word' id='word_1_20' title='bbox 1429 1307 1934 1403; x_wconf 86' lang='lat' dir='ltr'>NOTITIA</span> <span class='ocrx_word' id='word_1_21' title='bbox 2007 1305 2708 1403; x_wconf 84' lang='lat' dir='ltr'>HISTORICA.</span> 
     </span>
    </p>
   </div>
   <div class='ocr_carea' id='block_1_6' title="bbox 371 1484 3815 1562">
    <p class='ocr_par' dir='ltr' id='par_1_6' title="bbox 371 1484 3815 1562">
     <span class='ocr_line' id='line_1_6' title="bbox 371 1484 3815 1562; baseline 0.001 -20"><span class='ocrx_word' id='word_1_22' title='bbox 371 1487 564 1562; x_wconf 77' lang='lat' dir='ltr'>(Apud</span> <span class='ocrx_word' id='word_1_23' title='bbox 594 1485 750 1543; x_wconf 87' lang='lat' dir='ltr'>J.-G.</span> <span class='ocrx_word' id='word_1_24' title='bbox 781 1485 954 1552; x_wconf 81' lang='lat' dir='ltr'>Eoos,</span> <span class='ocrx_word' id='word_1_25' title='bbox 994 1485 1248 1562; x_wconf 74' lang='lat' dir='ltr'>Purrura</span> <span class='ocrx_word' id='word_1_26' title='bbox 1272 1484 1574 1562; x_wconf 75' lang='lat' dir='ltr'>docta,_s_eu</span> <span class='ocrx_word' id='word_1_27' title='bbox 1605 1486 1701 1562; x_wconf 61' lang='lat' dir='ltr'>Res</span> <span class='ocrx_word' id='word_1_28' title='bbox 1729 1492 1917 1562; x_wconf 58' lang='lat' dir='ltr'>gestas,</span> <span class='ocrx_word' id='word_1_29' title='bbox 1951 1485 2272 1562; x_wconf 70' lang='lat' dir='ltr'>legationes,</span> <span class='ocrx_word' id='word_1_30' title='bbox 2297 1490 2432 1551; x_wconf 87' lang='lat' dir='ltr'>etc.,</span> <span class='ocrx_word' id='word_1_31' title='bbox 2465 1487 2519 1540; x_wconf 90' lang='lat' dir='ltr'>S.</span> <span class='ocrx_word' id='word_1_32' title='bbox 2556 1489 2616 1542; x_wconf 74' lang='lat' dir='ltr'>It.</span> <span class='ocrx_word' id='word_1_33' title='bbox 2651 1489 2710 1540; x_wconf 86' lang='lat' dir='ltr'>E.</span> <span class='ocrx_word' id='word_1_34' title='bbox 2745 1485 3142 1562; x_wconf 76' lang='lat' dir='ltr'>c_ardinali_u_m,</span> <span class='ocrx_word' id='word_1_35' title='bbox 3183 1486 3489 1560; x_wconf 76' lang='lat' dir='ltr'>desumpta</span> <span class='ocrx_word' id='word_1_36' title='bbox 3545 1503 3624 1544; x_wconf 69' lang='lat' dir='ltr'>ea:</span> <span class='ocrx_word' id='word_1_37' title='bbox 3679 1490 3815 1546; x_wconf 78' lang='lat' dir='ltr'>Cia-</span> 
     </span>
    </p>
   </div>
   <div class='ocr_carea' id='block_1_7' title="bbox 1007 1555 3131 1630">
    <p class='ocr_par' dir='ltr' id='par_1_7' title="bbox 1007 1555 3131 1630">
     <span class='ocr_line' id='line_1_7' title="bbox 1007 1555 3131 1630; baseline 0 -18"><span class='ocrx_word' id='word_1_38' title='bbox 1007 1558 1184 1623; x_wconf 82' lang='lat' dir='ltr'>conio,</span> <span class='ocrx_word' id='word_1_39' title='bbox 1208 1555 1418 1612; x_wconf 80' lang='lat' dir='ltr'>Amtrea</span> <span class='ocrx_word' id='word_1_40' title='bbox 1442 1557 1555 1612; x_wconf 65' lang='lat' dir='ltr'>lict</span> <span class='ocrx_word' id='word_1_41' title='bbox 1577 1558 1750 1621; x_wconf 61' lang='lat' dir='ltr'>trello,</span> <span class='ocrx_word' id='word_1_42' title='bbox 1785 1559 2084 1627; x_wconf 77' lang='lat' dir='ltr'>Augustino</span> <span class='ocrx_word' id='word_1_43' title='bbox 2115 1558 2364 1624; x_wconf 82' lang='lat' dir='ltr'>Oldoino,</span> <span class='ocrx_word' id='word_1_44' title='bbox 2399 1562 2508 1612; x_wconf 90' lang='lat' dir='ltr'>etc.</span> <span class='ocrx_word' id='word_1_45' title='bbox 2538 1575 2550 1625; x_wconf 92' lang='lat'><strong>;</strong></span> <span class='ocrx_word' id='word_1_46' title='bbox 2587 1563 2730 1614; x_wconf 92' lang='lat' dir='ltr'>tom.</span> <span class='ocrx_word' id='word_1_47' title='bbox 2764 1557 2810 1628; x_wconf 85' lang='grc' dir='ltr'>Ι,</span> <span class='ocrx_word' id='word_1_48' title='bbox 2843 1573 2976 1630; x_wconf 86' lang='lat' dir='ltr'>pag.</span> <span class='ocrx_word' id='word_1_49' title='bbox 3011 1558 3131 1629; x_wconf 79' lang='grc'>45.)</span> 
     </span>
    </p>
   </div>
   <div class='ocr_carea' id='block_1_8' title="bbox 1869 1235 2283 1247">
    <p class='ocr_par' dir='ltr' id='par_1_8' title="bbox 1869 1235 2283 1247">
     <span class='ocr_line' id='line_1_8' title="bbox 1869 1235 2283 1247; baseline 0.007 -3"><span class='ocrx_word' id='word_1_50' title='bbox 1869 1235 2283 1247; x_wconf 51' lang='grc' dir='ltr'><strong>ψ</strong></span> 
     </span>
    </p>
   </div>
   <div class='ocr_carea' id='block_1_9' title="bbox 1872 1691 2278 1704">
    <p class='ocr_par' dir='ltr' id='par_1_9' title="bbox 1872 1691 2278 1704">
     <span class='ocr_line' id='line_1_9' title="bbox 1872 1691 2278 1704; baseline 0.01 -4"><span class='ocrx_word' id='word_1_51' title='bbox 1872 1691 2278 1704; x_wconf 84' lang='lat'>-——-——_</span> 
     </span>
    </p>
   </div>
   <div class='ocr_carea' id='block_1_10' title="bbox 449 1785 3816 1860">
    <p class='ocr_par' dir='ltr' id='par_1_10' title="bbox 449 1785 3816 1860">
     <span class='ocr_line' id='line_1_10' title="bbox 449 1785 3816 1860; baseline 0.001 -16"><span class='ocrx_word' id='word_1_52' title='bbox 449 1787 822 1854; x_wconf 89' lang='lat' dir='ltr'>IIumbertus,</span> <span class='ocrx_word' id='word_1_53' title='bbox 851 1785 1010 1842; x_wconf 92' lang='lat' dir='ltr'>nullo</span> <span class='ocrx_word' id='word_1_54' title='bbox 1041 1786 1400 1859; x_wconf 82' lang='lat' dir='ltr'>cognominis</span> <span class='ocrx_word' id='word_1_55' title='bbox 1425 1787 1699 1843; x_wconf 87' lang='lat' dir='ltr'>vocabulo</span> <span class='ocrx_word' id='word_1_56' title='bbox 1723 1787 1792 1843; x_wconf 86' lang='lat' dir='ltr'>ab</span> <span class='ocrx_word' id='word_1_57' title='bbox 1815 1791 2011 1843; x_wconf 88' lang='lat' dir='ltr'>aucto-</span> <span class='ocrx_word' id='word_1_58' title='bbox 2042 1791 2098 1857; x_wconf 74' lang='grc' dir='ltr'><strong>Α</strong></span> <span class='ocrx_word' id='word_1_59' title='bbox 2129 1788 2312 1843; x_wconf 89' lang='lat' dir='ltr'>fectus</span> <span class='ocrx_word' id='word_1_60' title='bbox 2343 1793 2432 1843; x_wconf 89' lang='lat' dir='ltr'>est</span> <span class='ocrx_word' id='word_1_61' title='bbox 2459 1807 2471 1854; x_wconf 89' lang='lat'><strong>;</strong></span> <span class='ocrx_word' id='word_1_62' title='bbox 2505 1788 2900 1860; x_wconf 87' lang='lat' dir='ltr'>abrogatoque</span> <span class='ocrx_word' id='word_1_63' title='bbox 2955 1788 3185 1845; x_wconf 80' lang='lat' dir='ltr'>Othone</span> <span class='ocrx_word' id='word_1_64' title='bbox 3241 1788 3559 1847; x_wconf 67' lang='lat' dir='ltr'>dissolute</span> <span class='ocrx_word' id='word_1_65' title='bbox 3602 1791 3816 1848; x_wconf 83' lang='lat' dir='ltr'>obser-</span> 
     </span>
    </p>
   </div>
   <div class='ocr_carea' id='block_1_11' title="bbox 377 1875 3816 1953">
    <p class='ocr_par' dir='ltr' id='par_1_11' title="bbox 377 1875 3816 1953">
     <span class='ocr_line' id='line_1_11' title="bbox 377 1875 3816 1953; baseline 0.001 -20"><span class='ocrx_word' id='word_1_66' title='bbox 377 1878 540 1934; x_wconf 89' lang='lat' dir='ltr'>ribus</span> <span class='ocrx_word' id='word_1_67' title='bbox 565 1876 880 1948; x_wconf 88' lang='lat' dir='ltr'>insignitus</span> <span class='ocrx_word' id='word_1_68' title='bbox 911 1879 1102 1932; x_wconf 92' lang='lat' dir='ltr'>ortum</span> <span class='ocrx_word' id='word_1_69' title='bbox 1138 1876 1312 1932; x_wconf 88' lang='lat' dir='ltr'>traxit</span> <span class='ocrx_word' id='word_1_70' title='bbox 1341 1893 1371 1932; x_wconf 90' lang='lat' dir='ltr'>c</span> <span class='ocrx_word' id='word_1_71' title='bbox 1403 1877 1758 1948; x_wconf 77' lang='lat' dir='ltr'>Burgundio,</span> <span class='ocrx_word' id='word_1_72' title='bbox 1787 1875 2012 1932; x_wconf 79' lang='lat' dir='ltr'>ordinis</span> <span class='ocrx_word' id='word_1_73' title='bbox 2123 1877 2328 1931; x_wconf 78' lang='lat' dir='ltr'>vantioe</span> <span class='ocrx_word' id='word_1_74' title='bbox 2361 1893 2479 1947; x_wconf 84' lang='lat' dir='ltr'>reo,</span> <span class='ocrx_word' id='word_1_75' title='bbox 2513 1877 2896 1932; x_wconf 84' lang='lat' dir='ltr'>Humbertum</span> <span class='ocrx_word' id='word_1_76' title='bbox 2921 1875 3197 1949; x_wconf 85' lang='lat' dir='ltr'>regimini</span> <span class='ocrx_word' id='word_1_77' title='bbox 3220 1879 3506 1951; x_wconf 69' lang='lat' dir='ltr'>praefecit,</span> <span class='ocrx_word' id='word_1_78' title='bbox 3533 1880 3816 1953; x_wconf 75' lang='lat' dir='ltr'>quivig‘i-</span> 
     </span>
    </p>
   </div>
   <div class='ocr_carea' id='block_1_12' title="bbox 377 1964 3818 2040">
    <p class='ocr_par' dir='ltr' id='par_1_12' title="bbox 377 1964 3818 2040">
     <span class='ocr_line' id='line_1_12' title="bbox 377 1964 3818 2040; baseline 0.001 -18"><span class='ocrx_word' id='word_1_79' title='bbox 377 1966 435 2022; x_wconf 92' lang='lat' dir='ltr'>S.</span> <span class='ocrx_word' id='word_1_80' title='bbox 496 1964 806 2033; x_wconf 90' lang='lat' dir='ltr'>Benedicti,</span> <span class='ocrx_word' id='word_1_81' title='bbox 866 1965 1165 2036; x_wconf 89' lang='lat' dir='ltr'>professus</span> <span class='ocrx_word' id='word_1_82' title='bbox 1219 1965 1276 2020; x_wconf 91' lang='lat' dir='ltr'>in</span> <span class='ocrx_word' id='word_1_83' title='bbox 1335 1965 1448 2020; x_wconf 89' lang='lat' dir='ltr'>divi</span> <span class='ocrx_word' id='word_1_84' title='bbox 1510 1965 1794 2020; x_wconf 86' lang='lat' dir='ltr'>Mansueti</span> <span class='ocrx_word' id='word_1_85' title='bbox 1841 1965 2012 2037; x_wconf 81' lang='lat' dir='ltr'>primi</span> <span class='ocrx_word' id='word_1_86' title='bbox 2124 1964 2306 2020; x_wconf 82' lang='lat' dir='ltr'>lautia</span> <span class='ocrx_word' id='word_1_87' title='bbox 2337 1983 2462 2032; x_wconf 87' lang='lat' dir='ltr'>sua,</span> <span class='ocrx_word' id='word_1_88' title='bbox 2495 1965 2740 2036; x_wconf 66' lang='lat' dir='ltr'>vitaeque</span> <span class='ocrx_word' id='word_1_89' title='bbox 2770 1966 3203 2038; x_wconf 79' lang='lat' dir='ltr'>probatissimae</span> <span class='ocrx_word' id='word_1_90' title='bbox 3264 1968 3539 2040; x_wconf 81' lang='lat' dir='ltr'>exemplo</span> <span class='ocrx_word' id='word_1_91' title='bbox 3572 1971 3818 2026; x_wconf 80' lang='lat' dir='ltr'>exstin-</span> 
     </span>
    </p>
   </div>
   <div class='ocr_carea' id='block_1_13' title="bbox 380 2052 3816 2128">
    <p class='ocr_par' dir='ltr' id='par_1_13' title="bbox 380 2052 3816 2128">
     <span class='ocr_line' id='line_1_13' title="bbox 380 2052 3816 2128; baseline 0.001 -18"><span class='ocrx_word' id='word_1_92' title='bbox 380 2055 703 2110; x_wconf 90' lang='lat' dir='ltr'>Leucorum</span> <span class='ocrx_word' id='word_1_93' title='bbox 717 2052 997 2110; x_wconf 80' lang='lat' dir='ltr'>antistitis</span> <span class='ocrx_word' id='word_1_94' title='bbox 1019 2053 1278 2110; x_wconf 77' lang='lat' dir='ltr'>ctenobio</span> <span class='ocrx_word' id='word_1_95' title='bbox 1301 2053 1358 2108; x_wconf 81' lang='lat' dir='ltr'>in</span> <span class='ocrx_word' id='word_1_96' title='bbox 1385 2053 1538 2109; x_wconf 91' lang='lat' dir='ltr'>Tulli</span> <span class='ocrx_word' id='word_1_97' title='bbox 1561 2054 1860 2109; x_wconf 88' lang='lat' dir='ltr'>suburbiis</span> <span class='ocrx_word' id='word_1_98' title='bbox 1883 2053 2012 2121; x_wconf 89' lang='lat' dir='ltr'>sito,</span> <span class='ocrx_word' id='word_1_99' title='bbox 2127 2057 2277 2106; x_wconf 90' lang='lat' dir='ltr'>ctam</span> <span class='ocrx_word' id='word_1_100' title='bbox 2314 2069 2455 2124; x_wconf 85' lang='lat' dir='ltr'>pene</span> <span class='ocrx_word' id='word_1_101' title='bbox 2487 2052 2767 2124; x_wconf 86' lang='lat' dir='ltr'>humique</span> <span class='ocrx_word' id='word_1_102' title='bbox 2790 2054 3090 2124; x_wconf 87' lang='lat' dir='ltr'>jacentem</span> <span class='ocrx_word' id='word_1_103' title='bbox 3122 2056 3502 2128; x_wconf 86' lang='lat' dir='ltr'>disciplinam</span> <span class='ocrx_word' id='word_1_104' title='bbox 3553 2074 3816 2114; x_wconf 82' lang='lat' dir='ltr'>rursum</span> 
     </span>
    </p>
   </div>
   <div class='ocr_carea' id='block_1_14' title="bbox 379 2141 3818 2215">
    <p class='ocr_par' dir='ltr' id='par_1_14' title="bbox 379 2141 3818 2215">
     <span class='ocr_line' id='line_1_14' title="bbox 379 2141 3818 2215; baseline 0.001 -16"><span class='ocrx_word' id='word_1_105' title='bbox 379 2144 464 2199; x_wconf 92' lang='lat' dir='ltr'>vir</span> <span class='ocrx_word' id='word_1_106' title='bbox 492 2143 684 2199; x_wconf 67' lang='lat' dir='ltr'>Graece</span> <span class='ocrx_word' id='word_1_107' title='bbox 713 2145 770 2198; x_wconf 92' lang='lat' dir='ltr'>et</span> <span class='ocrx_word' id='word_1_108' title='bbox 798 2142 998 2198; x_wconf 82' lang='lat' dir='ltr'>Latine</span> <span class='ocrx_word' id='word_1_109' title='bbox 1029 2143 1423 2199; x_wconf 89' lang='lat' dir='ltr'>doctissimus.</span> <span class='ocrx_word' id='word_1_110' title='bbox 1459 2143 1621 2198; x_wconf 86' lang='lat' dir='ltr'>llunc</span> <span class='ocrx_word' id='word_1_111' title='bbox 1652 2145 1708 2198; x_wconf 88' lang='lat' dir='ltr'>S.</span> <span class='ocrx_word' id='word_1_112' title='bbox 1737 2144 1848 2198; x_wconf 84' lang='lat' dir='ltr'>Leo</span> <span class='ocrx_word' id='word_1_113' title='bbox 1871 2160 2019 2214; x_wconf 84' lang='lat' dir='ltr'>papa</span> <span class='ocrx_word' id='word_1_114' title='bbox 2128 2141 2197 2194; x_wconf 87' lang='lat' dir='ltr'>ad</span> <span class='ocrx_word' id='word_1_115' title='bbox 2233 2141 2544 2211; x_wconf 81' lang='lat' dir='ltr'>pristinum</span> <span class='ocrx_word' id='word_1_116' title='bbox 2579 2142 2840 2196; x_wconf 84' lang='lat' dir='ltr'>decorem</span> <span class='ocrx_word' id='word_1_117' title='bbox 2870 2143 3160 2199; x_wconf 82' lang='lat' dir='ltr'>revocavit</span> <span class='ocrx_word' id='word_1_118' title='bbox 3189 2147 3364 2215; x_wconf 83' lang='lat' dir='ltr'>atque</span> <span class='ocrx_word' id='word_1_119' title='bbox 3421 2145 3642 2202; x_wconf 83' lang='lat' dir='ltr'>erexit.</span> <span class='ocrx_word' id='word_1_120' title='bbox 3701 2147 3818 2202; x_wconf 88' lang='lat' dir='ltr'>Pro</span> 
     </span>
    </p>
   </div>
   <div class='ocr_carea' id='block_1_15' title="bbox 381 2230 3819 2304">
    <p class='ocr_par' dir='ltr' id='par_1_15' title="bbox 381 2230 3819 2304">
     <span class='ocr_line' id='line_1_15' title="bbox 381 2230 3819 2304; baseline 0 -14"><span class='ocrx_word' id='word_1_121' title='bbox 381 2250 592 2302; x_wconf 91' lang='lat' dir='ltr'>nonus,</span> <span class='ocrx_word' id='word_1_122' title='bbox 652 2231 916 2304; x_wconf 81' lang='lat' dir='ltr'>ejusdem</span> <span class='ocrx_word' id='word_1_123' title='bbox 990 2231 1238 2287; x_wconf 80' lang='lat' dir='ltr'>civitatis</span> <span class='ocrx_word' id='word_1_124' title='bbox 1305 2237 1624 2286; x_wconf 84' lang='lat' dir='ltr'>Leucorum</span> <span class='ocrx_word' id='word_1_125' title='bbox 1689 2232 2018 2303; x_wconf 87' lang='lat' dir='ltr'>episcopus,</span> <span class='ocrx_word' id='word_1_126' title='bbox 2129 2245 2244 2298; x_wconf 91' lang='lat' dir='ltr'>qua</span> <span class='ocrx_word' id='word_1_127' title='bbox 2273 2230 2486 2284; x_wconf 82' lang='lat' dir='ltr'>tuenda</span> <span class='ocrx_word' id='word_1_128' title='bbox 2520 2230 2732 2285; x_wconf 89' lang='lat' dir='ltr'>multos</span> <span class='ocrx_word' id='word_1_129' title='bbox 2777 2232 3518 2302; x_wconf 88' lang='lat' dir='ltr'>postmodumadisoessu</span> <span class='ocrx_word' id='word_1_130' title='bbox 3573 2235 3819 2292; x_wconf 80' lang='lat' dir='ltr'>Leonis</span> 
     </span>
    </p>
   </div>
   <div class='ocr_carea' id='block_1_16' title="bbox 383 2317 2716 2394">
    <p class='ocr_par' dir='ltr' id='par_1_16' title="bbox 383 2317 2716 2394">
     <span class='ocr_line' id='line_1_16' title="bbox 383 2317 2716 2394; baseline -0.002 -16"><span class='ocrx_word' id='word_1_131' title='bbox 383 2321 628 2379; x_wconf 82' lang='lat' dir='ltr'>Romam</span> <span class='ocrx_word' id='word_1_132' title='bbox 661 2321 1046 2394; x_wconf 87' lang='lat' dir='ltr'>profecturus,</span> <span class='ocrx_word' id='word_1_133' title='bbox 1077 2320 1346 2376; x_wconf 89' lang='lat' dir='ltr'>comitem</span> <span class='ocrx_word' id='word_1_134' title='bbox 1379 2320 1489 2375; x_wconf 86' lang='lat' dir='ltr'>sibi</span> <span class='ocrx_word' id='word_1_135' title='bbox 1549 2320 1776 2375; x_wconf 86' lang='lat' dir='ltr'>itineris</span> <span class='ocrx_word' id='word_1_136' title='bbox 1808 2319 2022 2390; x_wconf 90' lang='lat' dir='ltr'>delegit</span> <span class='ocrx_word' id='word_1_137' title='bbox 2130 2317 2440 2372; x_wconf 84' lang='lat' dir='ltr'>exantlavit</span> <span class='ocrx_word' id='word_1_138' title='bbox 2470 2317 2716 2374; x_wconf 81' lang='lat' dir='ltr'>labores.</span> 
     </span>
    </p>
   </div>
   <div class='ocr_carea' id='block_1_17' title="bbox 364 2399 2020 2480">
    <p class='ocr_par' dir='ltr' id='par_1_17' title="bbox 364 2399 2020 2480">
     <span class='ocr_line' id='line_1_17' title="bbox 364 2399 2020 2480; baseline -0.002 -14"><span class='ocrx_word' id='word_1_139' title='bbox 364 2399 538 2468; x_wconf 49' lang='lat' dir='ltr'>&#39;anno</span> <span class='ocrx_word' id='word_1_140' title='bbox 569 2408 775 2466; x_wconf 89' lang='lat' dir='ltr'>salutis</span> <span class='ocrx_word' id='word_1_141' title='bbox 801 2409 954 2464; x_wconf 80' lang='grc'>1049.</span> <span class='ocrx_word' id='word_1_142' title='bbox 980 2409 1184 2465; x_wconf 85' lang='lat' dir='ltr'>Paucis</span> <span class='ocrx_word' id='word_1_143' title='bbox 1209 2414 1340 2480; x_wconf 90' lang='lat' dir='ltr'>post</span> <span class='ocrx_word' id='word_1_144' title='bbox 1362 2409 1662 2464; x_wconf 89' lang='lat' dir='ltr'>mensibus</span> <span class='ocrx_word' id='word_1_145' title='bbox 1685 2409 1738 2462; x_wconf 90' lang='lat' dir='ltr'>in</span> <span class='ocrx_word' id='word_1_146' title='bbox 1763 2408 2020 2464; x_wconf 88' lang='lat' dir='ltr'>Siciliam</span> 
     </span>
    </p>
   </div>
   <div class='ocr_carea' id='block_1_18' title="bbox 387 2496 2020 2570">
    <p class='ocr_par' dir='ltr' id='par_1_18' title="bbox 387 2496 2020 2570">
     <span class='ocr_line' id='line_1_18' title="bbox 387 2496 2020 2570; baseline -0.002 -16"><span class='ocrx_word' id='word_1_147' title='bbox 387 2497 567 2554; x_wconf 90' lang='lat' dir='ltr'>divini</span> <span class='ocrx_word' id='word_1_148' title='bbox 598 2497 755 2554; x_wconf 84' lang='lat' dir='ltr'>verbi</span> <span class='ocrx_word' id='word_1_149' title='bbox 773 2497 1004 2570; x_wconf 90' lang='lat' dir='ltr'>populis</span> <span class='ocrx_word' id='word_1_150' title='bbox 1036 2496 1154 2552; x_wconf 86' lang='lat' dir='ltr'>illis</span> <span class='ocrx_word' id='word_1_151' title='bbox 1171 2497 1555 2552; x_wconf 86' lang='lat' dir='ltr'>annuntiandi</span> <span class='ocrx_word' id='word_1_152' title='bbox 1588 2515 1761 2551; x_wconf 85' lang='lat' dir='ltr'>causa</span> <span class='ocrx_word' id='word_1_153' title='bbox 1784 2497 2020 2562; x_wconf 88' lang='lat' dir='ltr'>missus,</span> 
     </span>
    </p>
   </div>
   <div class='ocr_carea' id='block_1_19' title="bbox 387 2587 2022 2658">
    <p class='ocr_par' dir='ltr' id='par_1_19' title="bbox 387 2587 2022 2658">
     <span class='ocr_line' id='line_1_19' title="bbox 387 2587 2022 2658; baseline -0.002 -14"><span class='ocrx_word' id='word_1_154' title='bbox 387 2603 520 2644; x_wconf 89' lang='lat' dir='ltr'>cum</span> <span class='ocrx_word' id='word_1_155' title='bbox 553 2593 787 2654; x_wconf 84' lang='lat' dir='ltr'>strenue</span> <span class='ocrx_word' id='word_1_156' title='bbox 818 2587 1019 2642; x_wconf 72' lang='lat' dir='ltr'>officio</span> <span class='ocrx_word' id='word_1_157' title='bbox 1039 2604 1144 2642; x_wconf 89' lang='lat' dir='ltr'>suo</span> <span class='ocrx_word' id='word_1_158' title='bbox 1176 2587 1514 2658; x_wconf 85' lang='lat' dir='ltr'>fungeretur</span> <span class='ocrx_word' id='word_1_159' title='bbox 1543 2588 1804 2656; x_wconf 88' lang='lat' dir='ltr'>ejusdem</span> <span class='ocrx_word' id='word_1_160' title='bbox 1841 2587 2022 2658; x_wconf 82' lang='lat' dir='ltr'>regio-</span> 
     </span>
    </p>
   </div>
   <div class='ocr_carea' id='block_1_20' title="bbox 385 2674 2023 2748">
    <p class='ocr_par' dir='ltr' id='par_1_20' title="bbox 385 2674 2023 2748">
     <span class='ocr_line' id='line_1_20' title="bbox 385 2674 2023 2748; baseline -0.002 -14"><span class='ocrx_word' id='word_1_161' title='bbox 385 2677 480 2734; x_wconf 89' lang='lat' dir='ltr'>nis</span> <span class='ocrx_word' id='word_1_162' title='bbox 509 2675 1004 2748; x_wconf 88' lang='lat' dir='ltr'>archicpiscopus,</span> <span class='ocrx_word' id='word_1_163' title='bbox 1037 2693 1169 2730; x_wconf 89' lang='lat' dir='ltr'>mox</span> <span class='ocrx_word' id='word_1_164' title='bbox 1200 2677 1258 2730; x_wconf 91' lang='lat' dir='ltr'>S.</span> <span class='ocrx_word' id='word_1_165' title='bbox 1286 2677 1351 2730; x_wconf 78' lang='lat' dir='ltr'>It.</span> <span class='ocrx_word' id='word_1_166' title='bbox 1378 2676 1436 2730; x_wconf 92' lang='lat' dir='ltr'>E.</span> <span class='ocrx_word' id='word_1_167' title='bbox 1463 2674 1796 2741; x_wconf 85' lang='lat' dir='ltr'>cardinalis,</span> <span class='ocrx_word' id='word_1_168' title='bbox 1820 2682 1876 2730; x_wconf 90' lang='lat' dir='ltr'>et</span> <span class='ocrx_word' id='word_1_169' title='bbox 1907 2676 2023 2746; x_wconf 88' lang='lat' dir='ltr'>cpi-</span> 
     </span>
    </p>
   </div>
   <div class='ocr_carea' id='block_1_21' title="bbox 387 2763 2026 2839">
    <p class='ocr_par' dir='ltr' id='par_1_21' title="bbox 387 2763 2026 2839">
     <span class='ocr_line' id='line_1_21' title="bbox 387 2763 2026 2839; baseline -0.002 -17"><span class='ocrx_word' id='word_1_170' title='bbox 387 2782 600 2838; x_wconf 88' lang='lat' dir='ltr'>scopus</span> <span class='ocrx_word' id='word_1_171' title='bbox 629 2763 810 2837; x_wconf 63' lang='lat' dir='ltr'>Sylva;</span> <span class='ocrx_word' id='word_1_172' title='bbox 841 2763 1105 2820; x_wconf 72' lang='lat' dir='ltr'>Candida:</span> <span class='ocrx_word' id='word_1_173' title='bbox 1138 2765 1208 2820; x_wconf 90' lang='lat' dir='ltr'>ab</span> <span class='ocrx_word' id='word_1_174' title='bbox 1242 2765 1441 2820; x_wconf 88' lang='lat' dir='ltr'>eodem</span> <span class='ocrx_word' id='word_1_175' title='bbox 1468 2765 1654 2820; x_wconf 89' lang='lat' dir='ltr'>Leone</span> <span class='ocrx_word' id='word_1_176' title='bbox 1677 2769 1763 2839; x_wconf 83' lang='lat' dir='ltr'>est</span> <span class='ocrx_word' id='word_1_177' title='bbox 1794 2764 2026 2819; x_wconf 85' lang='lat' dir='ltr'>institu-</span> 
     </span>
    </p>
   </div>
   <div class='ocr_carea' id='block_1_22' title="bbox 386 2857 502 2909">
    <p class='ocr_par' dir='ltr' id='par_1_22' title="bbox 386 2857 502 2909">
     <span class='ocr_line' id='line_1_22' title="bbox 386 2857 502 2909; baseline 0 -1"><span class='ocrx_word' id='word_1_178' title='bbox 386 2857 502 2909; x_wconf 90' lang='lat' dir='ltr'>tus.</span> 
     </span>
    </p>
   </div>
   <div class='ocr_carea' id='block_1_23' title="bbox 460 2939 2027 3012">
    <p class='ocr_par' dir='ltr' id='par_1_23' title="bbox 460 2939 2027 3012">
     <span class='ocr_line' id='line_1_23' title="bbox 460 2939 2027 3012; baseline -0.001 -16"><span class='ocrx_word' id='word_1_179' title='bbox 460 2940 772 3000; x_wconf 84' lang='lat' dir='ltr'>Humberti</span> <span class='ocrx_word' id='word_1_180' title='bbox 802 2939 1112 2996; x_wconf 87' lang='lat' dir='ltr'>cardinalis</span> <span class='ocrx_word' id='word_1_181' title='bbox 1139 2939 1384 2995; x_wconf 88' lang='lat' dir='ltr'>virtutes</span> <span class='ocrx_word' id='word_1_182' title='bbox 1416 2940 1631 3012; x_wconf 83' lang='lat' dir='ltr'>insigni</span> <span class='ocrx_word' id='word_1_183' title='bbox 1656 2941 1840 3012; x_wconf 86' lang='lat' dir='ltr'>elogio</span> <span class='ocrx_word' id='word_1_184' title='bbox 1871 2957 2027 2994; x_wconf 78' lang='lat' dir='ltr'>com-</span> 
     </span>
    </p>
   </div>
   <div class='ocr_carea' id='block_1_24' title="bbox 391 3027 2030 3106">
    <p class='ocr_par' dir='ltr' id='par_1_24' title="bbox 391 3027 2030 3106">
     <span class='ocr_line' id='line_1_24' title="bbox 391 3027 2030 3106; baseline 0.001 -24"><span class='ocrx_word' id='word_1_185' title='bbox 391 3027 598 3106; x_wconf 69' lang='lat' dir='ltr'>plexus</span> <span class='ocrx_word' id='word_1_186' title='bbox 653 3031 742 3082; x_wconf 88' lang='lat' dir='ltr'>est</span> <span class='ocrx_word' id='word_1_187' title='bbox 801 3028 1178 3096; x_wconf 79' lang='lat' dir='ltr'>Lantrancus,</span> <span class='ocrx_word' id='word_1_188' title='bbox 1239 3027 1396 3083; x_wconf 90' lang='lat' dir='ltr'>illius</span> <span class='ocrx_word' id='word_1_189' title='bbox 1445 3029 1544 3082; x_wconf 70' lang='lat' dir='ltr'>azvi</span> <span class='ocrx_word' id='word_1_190' title='bbox 1579 3029 1783 3084; x_wconf 88' lang='lat' dir='ltr'>doctus</span> <span class='ocrx_word' id='word_1_191' title='bbox 1815 3033 1870 3084; x_wconf 90' lang='lat' dir='ltr'>ct</span> <span class='ocrx_word' id='word_1_192' title='bbox 1900 3029 2030 3100; x_wconf 87' lang='lat' dir='ltr'>pius</span> 
     </span>
    </p>
   </div>
   <div class='ocr_carea' id='block_1_25' title="bbox 395 3115 2030 3190">
    <p class='ocr_par' dir='ltr' id='par_1_25' title="bbox 395 3115 2030 3190">
     <span class='ocr_line' id='line_1_25' title="bbox 395 3115 2030 3190; baseline -0.001 -17"><span class='ocrx_word' id='word_1_193' title='bbox 395 3119 600 3174; x_wconf 80' lang='lat' dir='ltr'>auctor</span> <span class='ocrx_word' id='word_1_194' title='bbox 655 3115 1127 3190; x_wconf 87' lang='lat' dir='ltr'>archiepiscopus</span> <span class='ocrx_word' id='word_1_195' title='bbox 1210 3117 1681 3184; x_wconf 87' lang='lat' dir='ltr'>Cantuaricnsis,</span> <span class='ocrx_word' id='word_1_196' title='bbox 1767 3135 1824 3171; x_wconf 76' lang='lat' dir='ltr'>in</span> <span class='ocrx_word' id='word_1_197' title='bbox 1883 3116 2030 3172; x_wconf 90' lang='lat' dir='ltr'>libro</span> 
     </span>
    </p>
   </div>
   <div class='ocr_carea' id='block_1_26' title="bbox 397 3205 2034 3284">
    <p class='ocr_par' dir='ltr' id='par_1_26' title="bbox 397 3205 2034 3284">
     <span class='ocr_line' id='line_1_26' title="bbox 397 3205 2034 3284; baseline 0.001 -24"><span class='ocrx_word' id='word_1_198' title='bbox 397 3206 676 3261; x_wconf 89' lang='lat' dir='ltr'>adversus</span> <span class='ocrx_word' id='word_1_199' title='bbox 707 3205 1121 3284; x_wconf 79' lang='lat' dir='ltr'>Berengarium</span> <span class='ocrx_word' id='word_1_200' title='bbox 1153 3205 1600 3261; x_wconf 69' lang='lat' dir='ltr'>haeresiarcham</span> <span class='ocrx_word' id='word_1_201' title='bbox 1631 3206 1700 3260; x_wconf 91' lang='lat' dir='ltr'>de</span> <span class='ocrx_word' id='word_1_202' title='bbox 1732 3205 2034 3261; x_wconf 84' lang='lat' dir='ltr'>Eucharis-</span> 
     </span>
    </p>
   </div>
   <div class='ocr_carea' id='block_1_27' title="bbox 397 3293 2034 3365">
    <p class='ocr_par' dir='ltr' id='par_1_27' title="bbox 397 3293 2034 3365">
     <span class='ocr_line' id='line_1_27' title="bbox 397 3293 2034 3365; baseline -0.001 -17"><span class='ocrx_word' id='word_1_203' title='bbox 397 3293 480 3349; x_wconf 89' lang='lat' dir='ltr'>tia</span> <span class='ocrx_word' id='word_1_204' title='bbox 509 3293 682 3361; x_wconf 88' lang='lat' dir='ltr'>edito,</span> <span class='ocrx_word' id='word_1_205' title='bbox 716 3293 775 3348; x_wconf 91' lang='lat' dir='ltr'>in</span> <span class='ocrx_word' id='word_1_206' title='bbox 825 3310 940 3365; x_wconf 91' lang='lat' dir='ltr'>quo</span> <span class='ocrx_word' id='word_1_207' title='bbox 985 3294 1240 3350; x_wconf 88' lang='lat' dir='ltr'>asserit«</span> <span class='ocrx_word' id='word_1_208' title='bbox 1291 3294 1491 3349; x_wconf 84' lang='lat' dir='ltr'>Fuisse</span> <span class='ocrx_word' id='word_1_209' title='bbox 1537 3293 1921 3348; x_wconf 90' lang='lat' dir='ltr'>Humbertum</span> <span class='ocrx_word' id='word_1_210' title='bbox 1951 3293 2034 3347; x_wconf 84' lang='lat' dir='ltr'>vi-</span> 
     </span>
    </p>
   </div>
   <div class='ocr_carea' id='block_1_28' title="bbox 398 3381 2032 3456">
    <p class='ocr_par' dir='ltr' id='par_1_28' title="bbox 398 3381 2032 3456">
     <span class='ocr_line' id='line_1_28' title="bbox 398 3381 2032 3456; baseline 0 -19"><span class='ocrx_word' id='word_1_211' title='bbox 398 3399 530 3440; x_wconf 92' lang='lat' dir='ltr'>rum</span> <span class='ocrx_word' id='word_1_212' title='bbox 589 3381 949 3456; x_wconf 90' lang='lat' dir='ltr'>religiosum,</span> <span class='ocrx_word' id='word_1_213' title='bbox 1010 3383 1122 3438; x_wconf 85' lang='lat' dir='ltr'>ﬁde</span> <span class='ocrx_word' id='word_1_214' title='bbox 1177 3382 1508 3438; x_wconf 88' lang='lat' dir='ltr'>Christiana</span> <span class='ocrx_word' id='word_1_215' title='bbox 1561 3388 1618 3439; x_wconf 91' lang='lat' dir='ltr'>et</span> <span class='ocrx_word' id='word_1_216' title='bbox 1647 3381 2032 3438; x_wconf 87' lang='lat' dir='ltr'>sanctissimis</span> 
     </span>
    </p>
   </div>
   <div class='ocr_carea' id='block_1_29' title="bbox 2203 2449 3817 2530">
    <p class='ocr_par' dir='ltr' id='par_1_29' title="bbox 2203 2449 3817 2530">
     <span class='ocr_line' id='line_1_29' title="bbox 2203 2449 3817 2530; baseline 0.007 -27"><span class='ocrx_word' id='word_1_217' title='bbox 2203 2450 2376 2504; x_wconf 86' lang='lat' dir='ltr'>Trani</span> <span class='ocrx_word' id='word_1_218' title='bbox 2406 2449 2462 2504; x_wconf 89' lang='lat' dir='ltr'>in</span> <span class='ocrx_word' id='word_1_219' title='bbox 2497 2450 2707 2522; x_wconf 85' lang='lat' dir='ltr'>Apulia</span> <span class='ocrx_word' id='word_1_220' title='bbox 2737 2453 3109 2522; x_wconf 83' lang='lat' dir='ltr'>negotiorum</span> <span class='ocrx_word' id='word_1_221' title='bbox 3171 2469 3353 2510; x_wconf 89' lang='lat' dir='ltr'>causa</span> <span class='ocrx_word' id='word_1_222' title='bbox 3402 2455 3533 2512; x_wconf 88' lang='lat' dir='ltr'>dies</span> <span class='ocrx_word' id='word_1_223' title='bbox 3566 2455 3817 2530; x_wconf 81' lang='lat' dir='ltr'>aliquot</span> 
     </span>
    </p>
   </div>
   <div class='ocr_carea' id='block_1_30' title="bbox 2133 2538 3816 2619">
    <p class='ocr_par' dir='ltr' id='par_1_30' title="bbox 2133 2538 3816 2619">
     <span class='ocr_line' id='line_1_30' title="bbox 2133 2538 3816 2619; baseline 0.006 -27"><span class='ocrx_word' id='word_1_224' title='bbox 2133 2538 2475 2608; x_wconf 86' lang='lat' dir='ltr'>transigenti</span> <span class='ocrx_word' id='word_1_225' title='bbox 2528 2539 2868 2609; x_wconf 87' lang='lat' dir='ltr'>Humberto,</span> <span class='ocrx_word' id='word_1_226' title='bbox 2925 2541 3228 2613; x_wconf 82' lang='lat' dir='ltr'>exemplar</span> <span class='ocrx_word' id='word_1_227' title='bbox 3282 2543 3486 2598; x_wconf 87' lang='lat' dir='ltr'>datum</span> <span class='ocrx_word' id='word_1_228' title='bbox 3551 2551 3652 2601; x_wconf 85' lang='lat' dir='ltr'>est</span> <span class='ocrx_word' id='word_1_229' title='bbox 3683 2548 3816 2619; x_wconf 84' lang='lat' dir='ltr'>epi-</span> 
     </span>
    </p>
   </div>
   <div class='ocr_carea' id='block_1_31' title="bbox 2135 2625 3816 2706">
    <p class='ocr_par' dir='ltr' id='par_1_31' title="bbox 2135 2625 3816 2706">
     <span class='ocr_line' id='line_1_31' title="bbox 2135 2625 3816 2706; baseline 0.008 -28"><span class='ocrx_word' id='word_1_230' title='bbox 2135 2625 2295 2681; x_wconf 70' lang='lat' dir='ltr'>stolm</span> <span class='ocrx_word' id='word_1_231' title='bbox 2326 2628 2517 2681; x_wconf 70' lang='lat' dir='ltr'>Graeco</span> <span class='ocrx_word' id='word_1_232' title='bbox 2549 2627 2821 2682; x_wconf 84' lang='lat' dir='ltr'>idiomate</span> <span class='ocrx_word' id='word_1_233' title='bbox 2840 2645 2874 2684; x_wconf 88' lang='lat' dir='ltr'>a</span> <span class='ocrx_word' id='word_1_234' title='bbox 2896 2629 3177 2686; x_wconf 87' lang='lat' dir='ltr'>Michaele</span> <span class='ocrx_word' id='word_1_235' title='bbox 3199 2629 3527 2704; x_wconf 88' lang='lat' dir='ltr'>Cerulario,</span> <span class='ocrx_word' id='word_1_236' title='bbox 3553 2637 3816 2706; x_wconf 86' lang='lat' dir='ltr'>patriar-</span> 
     </span>
    </p>
   </div>
   <div class='ocr_carea' id='block_1_32' title="bbox 2136 2715 3812 2788">
    <p class='ocr_par' dir='ltr' id='par_1_32' title="bbox 2136 2715 3812 2788">
     <span class='ocr_line' id='line_1_32' title="bbox 2136 2715 3812 2788; baseline 0.005 -19"><span class='ocrx_word' id='word_1_237' title='bbox 2136 2715 2244 2770; x_wconf 91' lang='lat' dir='ltr'>cha</span> <span class='ocrx_word' id='word_1_238' title='bbox 2271 2716 2934 2788; x_wconf 81' lang='lat' dir='ltr'>Constantinopolitano,</span> <span class='ocrx_word' id='word_1_239' title='bbox 2969 2722 3027 2773; x_wconf 91' lang='lat' dir='ltr'>et</span> <span class='ocrx_word' id='word_1_240' title='bbox 3073 2719 3267 2775; x_wconf 87' lang='lat' dir='ltr'>Leone</span> <span class='ocrx_word' id='word_1_241' title='bbox 3323 2721 3632 2778; x_wconf 84' lang='lat' dir='ltr'>Acridano</span> <span class='ocrx_word' id='word_1_242' title='bbox 3667 2723 3812 2780; x_wconf 89' lang='lat' dir='ltr'>Bul-</span> 
     </span>
    </p>
   </div>
   <div class='ocr_carea' id='block_1_33' title="bbox 2137 2803 3817 2878">
    <p class='ocr_par' dir='ltr' id='par_1_33' title="bbox 2137 2803 3817 2878">
     <span class='ocr_line' id='line_1_33' title="bbox 2137 2803 3817 2878; baseline 0.008 -23"><span class='ocrx_word' id='word_1_243' title='bbox 2137 2819 2405 2874; x_wconf 82' lang='lat' dir='ltr'>garorum</span> <span class='ocrx_word' id='word_1_244' title='bbox 2442 2803 2872 2876; x_wconf 68' lang='lat' dir='ltr'>archiepiscopo</span> <span class='ocrx_word' id='word_1_245' title='bbox 2911 2806 3139 2878; x_wconf 67' lang='lat' dir='ltr'>scriptae</span> <span class='ocrx_word' id='word_1_246' title='bbox 3191 2808 3265 2863; x_wconf 91' lang='lat' dir='ltr'>ad</span> <span class='ocrx_word' id='word_1_247' title='bbox 3318 2809 3618 2866; x_wconf 84' lang='lat' dir='ltr'>Joannem</span> <span class='ocrx_word' id='word_1_248' title='bbox 3672 2813 3817 2869; x_wconf 88' lang='lat' dir='ltr'>Tra-</span> 
     </span>
    </p>
   </div>
   <div class='ocr_carea' id='block_1_34' title="bbox 2138 2893 3814 2966">
    <p class='ocr_par' dir='ltr' id='par_1_34' title="bbox 2138 2893 3814 2966">
     <span class='ocr_line' id='line_1_34' title="bbox 2138 2893 3814 2966; baseline 0.007 -21"><span class='ocrx_word' id='word_1_249' title='bbox 2138 2907 2378 2946; x_wconf 87' lang='lat' dir='ltr'>nensem</span> <span class='ocrx_word' id='word_1_250' title='bbox 2412 2893 2768 2963; x_wconf 70' lang='lat' dir='ltr'>episcopum,</span> <span class='ocrx_word' id='word_1_251' title='bbox 2803 2910 2977 2966; x_wconf 87' lang='lat' dir='ltr'>quam</span> <span class='ocrx_word' id='word_1_252' title='bbox 2997 2894 3291 2953; x_wconf 82' lang='lat' dir='ltr'>latinitate</span> <span class='ocrx_word' id='word_1_253' title='bbox 3311 2898 3600 2954; x_wconf 84' lang='lat' dir='ltr'>donatam</span> <span class='ocrx_word' id='word_1_254' title='bbox 3629 2901 3814 2958; x_wconf 83' lang='lat' dir='ltr'>Leoni</span> 
     </span>
    </p>
   </div>
   <div class='ocr_carea' id='block_1_35' title="bbox 2139 2981 3814 3061">
    <p class='ocr_par' dir='ltr' id='par_1_35' title="bbox 2139 2981 3814 3061">
     <span class='ocr_line' id='line_1_35' title="bbox 2139 2981 3814 3061; baseline 0.007 -28"><span class='ocrx_word' id='word_1_255' title='bbox 2139 2981 2663 3050; x_wconf 83' lang='lat' dir='ltr'>summo&#39;pontiﬁci</span> <span class='ocrx_word' id='word_1_256' title='bbox 2696 2982 2765 3036; x_wconf 88' lang='lat' dir='ltr'>ad</span> <span class='ocrx_word' id='word_1_257' title='bbox 2809 2999 3119 3039; x_wconf 83' lang='lat' dir='ltr'>censuram</span> <span class='ocrx_word' id='word_1_258' title='bbox 3183 2986 3490 3042; x_wconf 84' lang='lat' dir='ltr'>submisit.</span> <span class='ocrx_word' id='word_1_259' title='bbox 3525 2989 3814 3061; x_wconf 70' lang='lat' dir='ltr'>Epistolas</span> 
     </span>
    </p>
   </div>
   <div class='ocr_carea' id='block_1_36' title="bbox 2141 3067 3815 3145">
    <p class='ocr_par' dir='ltr' id='par_1_36' title="bbox 2141 3067 3815 3145">
     <span class='ocr_line' id='line_1_36' title="bbox 2141 3067 3815 3145; baseline 0.008 -24"><span class='ocrx_word' id='word_1_260' title='bbox 2141 3067 2387 3140; x_wconf 71' lang='lat' dir='ltr'>plennus</span> <span class='ocrx_word' id='word_1_261' title='bbox 2422 3069 2512 3122; x_wconf 91' lang='lat' dir='ltr'>hic</span> <span class='ocrx_word' id='word_1_262' title='bbox 2544 3071 2885 3142; x_wconf 74' lang='lat' dir='ltr'>arrogantia:</span> <span class='ocrx_word' id='word_1_263' title='bbox 2916 3071 3126 3128; x_wconf 86' lang='lat' dir='ltr'>titulus</span> <span class='ocrx_word' id='word_1_264' title='bbox 3147 3075 3426 3145; x_wconf 67' lang='lat' dir='ltr'>prmﬂxus</span> <span class='ocrx_word' id='word_1_265' title='bbox 3447 3082 3618 3134; x_wconf 89' lang='lat' dir='ltr'>erat:</span> <span class='ocrx_word' id='word_1_266' title='bbox 3651 3101 3684 3128; x_wconf 88' lang='grc'>‹‹</span> <span class='ocrx_word' id='word_1_267' title='bbox 3710 3079 3815 3134; x_wconf 84' lang='lat' dir='ltr'>Mi-</span> 
     </span>
    </p>
   </div>
   <div class='ocr_carea' id='block_1_37' title="bbox 2061 3156 3818 3238">
    <p class='ocr_par' dir='ltr' id='par_1_37' title="bbox 2061 3156 3818 3238">
     <span class='ocr_line' id='line_1_37' title="bbox 2061 3156 3818 3238; baseline 0.007 -27"><span class='ocrx_word' id='word_1_268' title='bbox 2061 3165 2108 3230; x_wconf 84' lang='lat' dir='ltr'><strong>B</strong></span> <span class='ocrx_word' id='word_1_269' title='bbox 2140 3156 2303 3212; x_wconf 88' lang='lat' dir='ltr'>chael</span> <span class='ocrx_word' id='word_1_270' title='bbox 2339 3157 2686 3214; x_wconf 86' lang='lat' dir='ltr'>universalis</span> <span class='ocrx_word' id='word_1_271' title='bbox 2718 3159 3047 3230; x_wconf 87' lang='lat' dir='ltr'>patriarcha</span> <span class='ocrx_word' id='word_1_272' title='bbox 3077 3179 3237 3218; x_wconf 64' lang='lat' dir='ltr'>novae</span> <span class='ocrx_word' id='word_1_273' title='bbox 3297 3163 3522 3221; x_wconf 68' lang='lat' dir='ltr'>Rome.</span> <span class='ocrx_word' id='word_1_274' title='bbox 3563 3188 3593 3214; x_wconf 87' lang='lat'>»</span> <span class='ocrx_word' id='word_1_275' title='bbox 3629 3165 3818 3238; x_wconf 85' lang='lat' dir='ltr'>Cujus</span> 
     </span>
    </p>
   </div>
   <div class='ocr_carea' id='block_1_38' title="bbox 2145 3245 3819 3324">
    <p class='ocr_par' dir='ltr' id='par_1_38' title="bbox 2145 3245 3819 3324">
     <span class='ocr_line' id='line_1_38' title="bbox 2145 3245 3819 3324; baseline 0.007 -25"><span class='ocrx_word' id='word_1_276' title='bbox 2145 3250 2311 3300; x_wconf 90' lang='lat' dir='ltr'>tenor</span> <span class='ocrx_word' id='word_1_277' title='bbox 2337 3245 2450 3301; x_wconf 88' lang='lat' dir='ltr'>tria</span> <span class='ocrx_word' id='word_1_278' title='bbox 2478 3247 2848 3318; x_wconf 82' lang='lat' dir='ltr'>potissimum</span> <span class='ocrx_word' id='word_1_279' title='bbox 2900 3251 3114 3322; x_wconf 85' lang='lat' dir='ltr'>capita,</span> <span class='ocrx_word' id='word_1_280' title='bbox 3171 3251 3259 3306; x_wconf 91' lang='lat' dir='ltr'>vel</span> <span class='ocrx_word' id='word_1_281' title='bbox 3319 3252 3523 3324; x_wconf 89' lang='lat' dir='ltr'>potius</span> <span class='ocrx_word' id='word_1_282' title='bbox 3554 3255 3819 3310; x_wconf 85' lang='lat' dir='ltr'>convitia</span> 
     </span>
    </p>
   </div>
   <div class='ocr_carea' id='block_1_39' title="bbox 2143 3334 3817 3406">
    <p class='ocr_par' dir='ltr' id='par_1_39' title="bbox 2143 3334 3817 3406">
     <span class='ocr_line' id='line_1_39' title="bbox 2143 3334 3817 3406; baseline 0.007 -18"><span class='ocrx_word' id='word_1_283' title='bbox 2143 3334 2502 3402; x_wconf 87' lang='lat' dir='ltr'>continebat;</span> <span class='ocrx_word' id='word_1_284' title='bbox 2538 3335 2762 3406; x_wconf 91' lang='lat' dir='ltr'>primo:</span> <span class='ocrx_word' id='word_1_285' title='bbox 2798 3335 3057 3393; x_wconf 88' lang='lat' dir='ltr'>Ecclesia</span> <span class='ocrx_word' id='word_1_286' title='bbox 3088 3338 3357 3395; x_wconf 86' lang='lat' dir='ltr'>Latinam</span> <span class='ocrx_word' id='word_1_287' title='bbox 3415 3340 3672 3398; x_wconf 67' lang='lat' dir='ltr'>Judaeos</span> <span class='ocrx_word' id='word_1_288' title='bbox 3716 3360 3817 3399; x_wconf 85' lang='lat' dir='ltr'>su-</span> 
     </span>
    </p>
   </div>
   <div class='ocr_carea' id='block_1_40' title="bbox 2140 3423 3816 3504">
    <p class='ocr_par' dir='ltr' id='par_1_40' title="bbox 2140 3423 3816 3504">
     <span class='ocr_line' id='line_1_40' title="bbox 2140 3423 3816 3504; baseline 0.006 -26"><span class='ocrx_word' id='word_1_289' title='bbox 2140 3423 2468 3494; x_wconf 88' lang='lat' dir='ltr'>perstitioso</span> <span class='ocrx_word' id='word_1_290' title='bbox 2482 3424 2740 3496; x_wconf 90' lang='lat' dir='ltr'>exemplo</span> <span class='ocrx_word' id='word_1_291' title='bbox 2763 3424 2976 3481; x_wconf 90' lang='lat' dir='ltr'>imitari</span> <span class='ocrx_word' id='word_1_292' title='bbox 2992 3426 3051 3482; x_wconf 91' lang='lat' dir='ltr'>in</span> <span class='ocrx_word' id='word_1_293' title='bbox 3067 3427 3588 3486; x_wconf 87' lang='lat' dir='ltr'>benedictionibus</span> <span class='ocrx_word' id='word_1_294' title='bbox 3607 3433 3816 3504; x_wconf 88' lang='lat' dir='ltr'>panis,</span> 
     </span>
    </p>
   </div>
   <div class='ocr_carea' id='block_1_41' title="bbox 2141 3511 3816 3588">
    <p class='ocr_par' dir='ltr' id='par_1_41' title="bbox 2141 3511 3816 3588">
     <span class='ocr_line' id='line_1_41' title="bbox 2141 3511 3816 3588; baseline 0.007 -22"><span class='ocrx_word' id='word_1_295' title='bbox 2141 3511 2680 3584; x_wconf 84' lang='lat' dir='ltr'>azymi;seeundo:</span> <span class='ocrx_word' id='word_1_296' title='bbox 2738 3513 2955 3570; x_wconf 91' lang='lat' dir='ltr'>Morem</span> <span class='ocrx_word' id='word_1_297' title='bbox 3013 3531 3144 3570; x_wconf 86' lang='lat' dir='ltr'>eam</span> <span class='ocrx_word' id='word_1_298' title='bbox 3203 3517 3372 3588; x_wconf 89' lang='lat' dir='ltr'>sequi</span> <span class='ocrx_word' id='word_1_299' title='bbox 3405 3517 3816 3576; x_wconf 86' lang='lat' dir='ltr'>barbarorum</span> 
     </span>
    </p>
   </div>
   <div class='ocr_carea' id='block_1_42' title="bbox 2141 3602 3815 3679">
    <p class='ocr_par' dir='ltr' id='par_1_42' title="bbox 2141 3602 3815 3679">
     <span class='ocr_line' id='line_1_42' title="bbox 2141 3602 3815 3679; baseline 0.006 -24"><span class='ocrx_word' id='word_1_300' title='bbox 2141 3603 2420 3656; x_wconf 82' lang='lat' dir='ltr'>suffocata</span> <span class='ocrx_word' id='word_1_301' title='bbox 2472 3602 2990 3672; x_wconf 88' lang='lat' dir='ltr'>manducanlium;</span> <span class='ocrx_word' id='word_1_302' title='bbox 3052 3605 3269 3662; x_wconf 90' lang='lat' dir='ltr'>tertio:</span> <span class='ocrx_word' id='word_1_303' title='bbox 3331 3604 3586 3664; x_wconf 87' lang='lat' dir='ltr'>alleluia</span> <span class='ocrx_word' id='word_1_304' title='bbox 3616 3609 3815 3679; x_wconf 88' lang='lat' dir='ltr'>ipsam</span> 
     </span>
    </p>
   </div>
   <div class='ocr_carea' id='block_1_43' title="bbox 2139 3689 3818 3766">
    <p class='ocr_par' dir='ltr' id='par_1_43' title="bbox 2139 3689 3818 3766">
     <span class='ocr_line' id='line_1_43' title="bbox 2139 3689 3818 3766; baseline 0.007 -22"><span class='ocrx_word' id='word_1_305' title='bbox 2139 3691 2446 3745; x_wconf 84' lang='lat' dir='ltr'>decantare</span> <span class='ocrx_word' id='word_1_306' title='bbox 2475 3689 2733 3761; x_wconf 87' lang='lat' dir='ltr'>paschali</span> <span class='ocrx_word' id='word_1_307' title='bbox 2795 3691 3166 3749; x_wconf 90' lang='lat' dir='ltr'>solummodo</span> <span class='ocrx_word' id='word_1_308' title='bbox 3227 3698 3519 3766; x_wconf 88' lang='lat' dir='ltr'>tempore.</span> <span class='ocrx_word' id='word_1_309' title='bbox 3577 3698 3818 3762; x_wconf 85' lang='lat' dir='ltr'>Quibus</span> 
     </span>
    </p>
   </div>
   <div class='ocr_carea' id='block_1_44' title="bbox 2138 3777 3816 3852">
    <p class='ocr_par' dir='ltr' id='par_1_44' title="bbox 2138 3777 3816 3852">
     <span class='ocr_line' id='line_1_44' title="bbox 2138 3777 3816 3852; baseline 0.005 -18"><span class='ocrx_word' id='word_1_310' title='bbox 2138 3778 2408 3834; x_wconf 90' lang='lat' dir='ltr'>omnibus</span> <span class='ocrx_word' id='word_1_311' title='bbox 2442 3777 2604 3834; x_wconf 89' lang='lat' dir='ltr'>lectis</span> <span class='ocrx_word' id='word_1_312' title='bbox 2638 3778 2950 3836; x_wconf 89' lang='lat' dir='ltr'>calumniis</span> <span class='ocrx_word' id='word_1_313' title='bbox 2981 3781 3330 3852; x_wconf 88' lang='lat' dir='ltr'>plenissime</span> <span class='ocrx_word' id='word_1_314' title='bbox 3359 3783 3669 3842; x_wconf 81' lang='lat' dir='ltr'>satisfecit</span> <span class='ocrx_word' id='word_1_315' title='bbox 3702 3787 3816 3842; x_wconf 89' lang='lat' dir='ltr'>Leo</span> 
     </span>
    </p>
   </div>
   <div class='ocr_carea' id='block_1_45' title="bbox 2138 3867 3816 3940">
    <p class='ocr_par' dir='ltr' id='par_1_45' title="bbox 2138 3867 3816 3940">
     <span class='ocr_line' id='line_1_45' title="bbox 2138 3867 3816 3940; baseline 0.005 -18"><span class='ocrx_word' id='word_1_316' title='bbox 2138 3867 2412 3940; x_wconf 84' lang='lat' dir='ltr'>pontifex,</span> <span class='ocrx_word' id='word_1_317' title='bbox 2446 3867 2668 3939; x_wconf 87' lang='lat' dir='ltr'>prolixa</span> <span class='ocrx_word' id='word_1_318' title='bbox 2699 3867 2946 3940; x_wconf 89' lang='lat' dir='ltr'>epistola</span> <span class='ocrx_word' id='word_1_319' title='bbox 2966 3870 3038 3925; x_wconf 88' lang='lat' dir='ltr'>ad</span> <span class='ocrx_word' id='word_1_320' title='bbox 3063 3872 3337 3928; x_wconf 90' lang='lat' dir='ltr'>eumdem</span> <span class='ocrx_word' id='word_1_321' title='bbox 3360 3871 3730 3932; x_wconf 83' lang='lat' dir='ltr'>Michaelem</span> <span class='ocrx_word' id='word_1_322' title='bbox 3763 3881 3816 3932; x_wconf 89' lang='lat' dir='ltr'>et</span> 
     </span>
    </p>
   </div>
   <div class='ocr_carea' id='block_1_46' title="bbox 2135 3956 3811 4037">
    <p class='ocr_par' dir='ltr' id='par_1_46' title="bbox 2135 3956 3811 4037">
     <span class='ocr_line' id='line_1_46' title="bbox 2135 3956 3811 4037; baseline 0.006 -28"><span class='ocrx_word' id='word_1_323' title='bbox 2135 3957 2382 4010; x_wconf 86' lang='lat' dir='ltr'>Leonem</span> <span class='ocrx_word' id='word_1_324' title='bbox 2415 3956 2654 4021; x_wconf 89' lang='lat' dir='ltr'>directa,</span> <span class='ocrx_word' id='word_1_325' title='bbox 2689 3972 2815 4028; x_wconf 64' lang='lat' dir='ltr'>quae</span> <span class='ocrx_word' id='word_1_326' title='bbox 2849 3957 3000 4013; x_wconf 91' lang='lat' dir='ltr'>inter</span> <span class='ocrx_word' id='word_1_327' title='bbox 3044 3958 3240 4031; x_wconf 89' lang='lat' dir='ltr'>ipsius</span> <span class='ocrx_word' id='word_1_328' title='bbox 3271 3960 3487 4016; x_wconf 88' lang='lat' dir='ltr'>Leonis</span> <span class='ocrx_word' id='word_1_329' title='bbox 3556 3963 3661 4031; x_wconf 83' lang='lat' dir='ltr'>IX,</span> <span class='ocrx_word' id='word_1_330' title='bbox 3689 3965 3811 4037; x_wconf 87' lang='lat' dir='ltr'>epi-</span> 
     </span>
    </p>
   </div>
   <div class='ocr_carea' id='block_1_47' title="bbox 2136 4045 3153 4116">
    <p class='ocr_par' dir='ltr' id='par_1_47' title="bbox 2136 4045 3153 4116">
     <span class='ocr_line' id='line_1_47' title="bbox 2136 4045 3153 4116; baseline 0.003 -17"><span class='ocrx_word' id='word_1_331' title='bbox 2136 4045 2314 4100; x_wconf 89' lang='lat' dir='ltr'>stolas</span> <span class='ocrx_word' id='word_1_332' title='bbox 2348 4045 2539 4116; x_wconf 89' lang='lat' dir='ltr'>prima</span> <span class='ocrx_word' id='word_1_333' title='bbox 2567 4045 2768 4100; x_wconf 91' lang='lat' dir='ltr'>ordine</span> <span class='ocrx_word' id='word_1_334' title='bbox 2798 4052 3153 4102; x_wconf 89' lang='lat' dir='ltr'>recensetur.</span> 
     </span>
    </p>
   </div>
   <div class='ocr_carea' id='block_1_48' title="bbox 397 3470 2034 3544">
    <p class='ocr_par' dir='ltr' id='par_1_48' title="bbox 397 3470 2034 3544">
     <span class='ocr_line' id='line_1_48' title="bbox 397 3470 2034 3544; baseline 0 -18"><span class='ocrx_word' id='word_1_335' title='bbox 397 3470 670 3544; x_wconf 84' lang='lat' dir='ltr'>operibus</span> <span class='ocrx_word' id='word_1_336' title='bbox 699 3472 1058 3539; x_wconf 87' lang='lat' dir='ltr'>decoratum,</span> <span class='ocrx_word' id='word_1_337' title='bbox 1091 3471 1335 3528; x_wconf 89' lang='lat' dir='ltr'>scientia</span> <span class='ocrx_word' id='word_1_338' title='bbox 1357 3471 1684 3527; x_wconf 87' lang='lat' dir='ltr'>divinarum</span> <span class='ocrx_word' id='word_1_339' title='bbox 1717 3475 1772 3526; x_wconf 91' lang='lat' dir='ltr'>et</span> <span class='ocrx_word' id='word_1_340' title='bbox 1801 3471 2034 3526; x_wconf 67' lang='lat' dir='ltr'>saecula-</span> 
     </span>
    </p>
   </div>
   <div class='ocr_carea' id='block_1_49' title="bbox 393 3559 2030 3640">
    <p class='ocr_par' dir='ltr' id='par_1_49' title="bbox 393 3559 2030 3640">
     <span class='ocr_line' id='line_1_49' title="bbox 393 3559 2030 3640; baseline 0 -26"><span class='ocrx_word' id='word_1_341' title='bbox 393 3559 549 3640; x_wconf 87' lang='lat' dir='ltr'>rium</span> <span class='ocrx_word' id='word_1_342' title='bbox 579 3559 903 3640; x_wconf 78' lang='lat' dir='ltr'>litterarum</span> <span class='ocrx_word' id='word_1_343' title='bbox 935 3560 1197 3634; x_wconf 90' lang='lat' dir='ltr'>apprime</span> <span class='ocrx_word' id='word_1_344' title='bbox 1227 3560 1542 3628; x_wconf 85' lang='lat' dir='ltr'>excultum,</span> <span class='ocrx_word' id='word_1_345' title='bbox 1594 3565 1656 3614; x_wconf 85' lang='lat' dir='ltr'>ut</span> <span class='ocrx_word' id='word_1_346' title='bbox 1703 3577 1906 3616; x_wconf 87' lang='lat' dir='ltr'>omnes</span> <span class='ocrx_word' id='word_1_347' title='bbox 1946 3564 2030 3615; x_wconf 87' lang='lat' dir='ltr'>at-</span> 
     </span>
    </p>
   </div>
   <div class='ocr_carea' id='block_1_50' title="bbox 390 3648 2026 3722">
    <p class='ocr_par' dir='ltr' id='par_1_50' title="bbox 390 3648 2026 3722">
     <span class='ocr_line' id='line_1_50' title="bbox 390 3648 2026 3722; baseline -0.001 -19"><span class='ocrx_word' id='word_1_348' title='bbox 390 3651 680 3705; x_wconf 88' lang='lat' dir='ltr'>testantur</span> <span class='ocrx_word' id='word_1_349' title='bbox 708 3648 810 3721; x_wconf 88' lang='lat' dir='ltr'>qui</span> <span class='ocrx_word' id='word_1_350' title='bbox 837 3648 923 3705; x_wconf 86' lang='lat' dir='ltr'>vel</span> <span class='ocrx_word' id='word_1_351' title='bbox 948 3649 1182 3722; x_wconf 90' lang='lat' dir='ltr'>propria</span> <span class='ocrx_word' id='word_1_352' title='bbox 1201 3649 1554 3722; x_wconf 83' lang='lat' dir='ltr'>experientia</span> <span class='ocrx_word' id='word_1_353' title='bbox 1569 3666 1700 3704; x_wconf 89' lang='lat' dir='ltr'>eum</span> <span class='ocrx_word' id='word_1_354' title='bbox 1725 3653 2026 3714; x_wconf 88' lang='lat' dir='ltr'>noverunt,</span> 
     </span>
    </p>
   </div>
   <div class='ocr_carea' id='block_1_51' title="bbox 388 3734 2031 3810">
    <p class='ocr_par' dir='ltr' id='par_1_51' title="bbox 388 3734 2031 3810">
     <span class='ocr_line' id='line_1_51' title="bbox 388 3734 2031 3810; baseline -0.002 -16"><span class='ocrx_word' id='word_1_355' title='bbox 388 3734 478 3794; x_wconf 81' lang='lat' dir='ltr'>vel</span> <span class='ocrx_word' id='word_1_356' title='bbox 490 3736 562 3792; x_wconf 89' lang='lat' dir='ltr'>ab</span> <span class='ocrx_word' id='word_1_357' title='bbox 575 3735 705 3792; x_wconf 89' lang='lat' dir='ltr'>aliis</span> <span class='ocrx_word' id='word_1_358' title='bbox 719 3736 818 3809; x_wconf 92' lang='lat' dir='ltr'>qui</span> <span class='ocrx_word' id='word_1_359' title='bbox 831 3751 966 3792; x_wconf 87' lang='lat' dir='ltr'>eum</span> <span class='ocrx_word' id='word_1_360' title='bbox 985 3737 1202 3810; x_wconf 85' lang='lat' dir='ltr'>experti</span> <span class='ocrx_word' id='word_1_361' title='bbox 1219 3741 1376 3804; x_wconf 88' lang='lat' dir='ltr'>sunt,</span> <span class='ocrx_word' id='word_1_362' title='bbox 1398 3739 1525 3807; x_wconf 88' lang='lat' dir='ltr'>ejus</span> <span class='ocrx_word' id='word_1_363' title='bbox 1542 3737 1929 3809; x_wconf 89' lang='lat' dir='ltr'>cognitionem</span> <span class='ocrx_word' id='word_1_364' title='bbox 1944 3752 2031 3792; x_wconf 82' lang='lat' dir='ltr'>ac-</span> 
     </span>
    </p>
   </div>
   <div class='ocr_carea' id='block_1_52' title="bbox 389 3823 2030 3898">
    <p class='ocr_par' dir='ltr' id='par_1_52' title="bbox 389 3823 2030 3898">
     <span class='ocr_line' id='line_1_52' title="bbox 389 3823 2030 3898; baseline 0.001 -18"><span class='ocrx_word' id='word_1_365' title='bbox 389 3828 688 3898; x_wconf 86' lang='lat' dir='ltr'>ceperunt.</span> <span class='ocrx_word' id='word_1_366' title='bbox 709 3823 875 3881; x_wconf 88' lang='lat' dir='ltr'>Hunc</span> <span class='ocrx_word' id='word_1_367' title='bbox 897 3843 1010 3882; x_wconf 89' lang='lat' dir='ltr'>non</span> <span class='ocrx_word' id='word_1_368' title='bbox 1044 3841 1075 3882; x_wconf 87' lang='lat' dir='ltr'>e</span> <span class='ocrx_word' id='word_1_369' title='bbox 1117 3825 1474 3897; x_wconf 85' lang='lat' dir='ltr'>Burgundia,</span> <span class='ocrx_word' id='word_1_370' title='bbox 1517 3830 1580 3880; x_wconf 90' lang='lat' dir='ltr'>ut</span> <span class='ocrx_word' id='word_1_371' title='bbox 1607 3826 1846 3897; x_wconf 89' lang='lat' dir='ltr'>quidam</span> <span class='ocrx_word' id='word_1_372' title='bbox 1880 3825 2030 3882; x_wconf 87' lang='lat' dir='ltr'>male</span> 
     </span>
    </p>
   </div>
   <div class='ocr_carea' id='block_1_53' title="bbox 385 3913 2026 3987">
    <p class='ocr_par' dir='ltr' id='par_1_53' title="bbox 385 3913 2026 3987">
     <span class='ocr_line' id='line_1_53' title="bbox 385 3913 2026 3987; baseline 0 -19"><span class='ocrx_word' id='word_1_373' title='bbox 385 3913 766 3986; x_wconf 89' lang='lat' dir='ltr'>scripserunt.</span> <span class='ocrx_word' id='word_1_374' title='bbox 799 3915 899 3971; x_wconf 89' lang='lat' dir='ltr'>sed</span> <span class='ocrx_word' id='word_1_375' title='bbox 918 3931 949 3970; x_wconf 91' lang='lat' dir='ltr'>e</span> <span class='ocrx_word' id='word_1_376' title='bbox 971 3914 1415 3987; x_wconf 88' lang='lat' dir='ltr'>LotharingiaS.</span> <span class='ocrx_word' id='word_1_377' title='bbox 1434 3915 1544 3968; x_wconf 87' lang='lat' dir='ltr'>Leo</span> <span class='ocrx_word' id='word_1_378' title='bbox 1559 3913 1800 3969; x_wconf 85' lang='lat' dir='ltr'>Romam</span> <span class='ocrx_word' id='word_1_379' title='bbox 1819 3914 2026 3985; x_wconf 84' lang='lat' dir='ltr'>perdu-</span> 
     </span>
    </p>
   </div>
   <div class='ocr_carea' id='block_1_54' title="bbox 383 4000 2026 4079">
    <p class='ocr_par' dir='ltr' id='par_1_54' title="bbox 383 4000 2026 4079">
     <span class='ocr_line' id='line_1_54' title="bbox 383 4000 2026 4079; baseline -0.001 -21"><span class='ocrx_word' id='word_1_380' title='bbox 383 4000 486 4070; x_wconf 82' lang='lat' dir='ltr'>xit,</span> <span class='ocrx_word' id='word_1_381' title='bbox 518 4003 676 4079; x_wconf 25' lang='lat' dir='ltr'>et&#39;ad</span> <span class='ocrx_word' id='word_1_382' title='bbox 703 4003 1138 4075; x_wconf 69' lang='lat' dir='ltr'>praedicandum</span> <span class='ocrx_word' id='word_1_383' title='bbox 1172 4002 1380 4057; x_wconf 86' lang='lat' dir='ltr'>Siculis</span> <span class='ocrx_word' id='word_1_384' title='bbox 1410 4001 1649 4057; x_wconf 86' lang='lat' dir='ltr'>verbum</span> <span class='ocrx_word' id='word_1_385' title='bbox 1681 4001 1776 4057; x_wconf 90' lang='lat' dir='ltr'>Dei</span> <span class='ocrx_word' id='word_1_386' title='bbox 1810 4002 2026 4057; x_wconf 84' lang='lat' dir='ltr'>archie-</span> 
     </span>
    </p>
   </div>
   <div class='ocr_carea' id='block_1_55' title="bbox 382 4088 2024 4170">
    <p class='ocr_par' dir='ltr' id='par_1_55' title="bbox 382 4088 2024 4170">
     <span class='ocr_line' id='line_1_55' title="bbox 382 4088 2024 4170; baseline -0.001 -24"><span class='ocrx_word' id='word_1_387' title='bbox 382 4088 689 4170; x_wconf 74' lang='lat' dir='ltr'>piscopum</span> <span class='ocrx_word' id='word_1_388' title='bbox 720 4091 1042 4159; x_wconf 84' lang='lat' dir='ltr'>ordinavit;</span> <span class='ocrx_word' id='word_1_389' title='bbox 1077 4093 1278 4162; x_wconf 87' lang='lat' dir='ltr'>postea</span> <span class='ocrx_word' id='word_1_390' title='bbox 1303 4107 1436 4145; x_wconf 87' lang='lat' dir='ltr'>vero</span> <span class='ocrx_word' id='word_1_391' title='bbox 1463 4091 1518 4145; x_wconf 92' lang='lat' dir='ltr'>S.</span> <span class='ocrx_word' id='word_1_392' title='bbox 1545 4091 1609 4145; x_wconf 74' lang='lat' dir='ltr'>It.</span> <span class='ocrx_word' id='word_1_393' title='bbox 1637 4091 1696 4144; x_wconf 88' lang='lat' dir='ltr'>E.</span> <span class='ocrx_word' id='word_1_394' title='bbox 1721 4089 2024 4162; x_wconf 83' lang='lat' dir='ltr'>praesulem</span> 
     </span>
    </p>
   </div>
   <div class='ocr_carea' id='block_1_56' title="bbox 387 4176 3809 4258">
    <p class='ocr_par' dir='ltr' id='par_1_56' title="bbox 387 4176 3809 4258">
     <span class='ocr_line' id='line_1_56' title="bbox 387 4176 3809 4258; baseline 0.003 -27"><span class='ocrx_word' id='word_1_395' title='bbox 387 4176 740 4234; x_wconf 87' lang='lat' dir='ltr'>cardinalem</span> <span class='ocrx_word' id='word_1_396' title='bbox 771 4178 1111 4234; x_wconf 90' lang='lat' dir='ltr'>constituit:</span> <span class='ocrx_word' id='word_1_397' title='bbox 1145 4179 1300 4250; x_wconf 90' lang='lat' dir='ltr'>quod</span> <span class='ocrx_word' id='word_1_398' title='bbox 1331 4178 1390 4234; x_wconf 91' lang='lat' dir='ltr'>in</span> <span class='ocrx_word' id='word_1_399' title='bbox 1419 4177 1543 4232; x_wconf 92' lang='lat' dir='ltr'>loco</span> <span class='ocrx_word' id='word_1_400' title='bbox 1575 4178 1801 4250; x_wconf 83' lang='lat' dir='ltr'>positus</span> <span class='ocrx_word' id='word_1_401' title='bbox 1831 4178 2026 4234; x_wconf 82' lang='lat' dir='ltr'>taliter</span> <span class='ocrx_word' id='word_1_402' title='bbox 2206 4183 2374 4232; x_wconf 82' lang='lat' dir='ltr'>Anno</span> <span class='ocrx_word' id='word_1_403' title='bbox 2431 4176 2590 4245; x_wconf 67' lang='grc'>4051,</span> <span class='ocrx_word' id='word_1_404' title='bbox 2642 4177 2819 4248; x_wconf 85' lang='lat' dir='ltr'>jussu</span> <span class='ocrx_word' id='word_1_405' title='bbox 2878 4179 3085 4236; x_wconf 90' lang='lat' dir='ltr'>Leonis</span> <span class='ocrx_word' id='word_1_406' title='bbox 3143 4181 3469 4252; x_wconf 85' lang='lat' dir='ltr'>pontiﬁcis,</span> <span class='ocrx_word' id='word_1_407' title='bbox 3503 4181 3809 4258; x_wconf 83' lang='lat' dir='ltr'>legatione</span> 
     </span>
    </p>
   </div>
   <div class='ocr_carea' id='block_1_57' title="bbox 385 4263 3813 4343">
    <p class='ocr_par' dir='ltr' id='par_1_57' title="bbox 385 4263 3813 4343">
     <span class='ocr_line' id='line_1_57' title="bbox 385 4263 3813 4343; baseline 0.004 -24"><span class='ocrx_word' id='word_1_408' title='bbox 385 4263 548 4334; x_wconf 85' lang='lat' dir='ltr'>vixit,</span> <span class='ocrx_word' id='word_1_409' title='bbox 571 4265 764 4322; x_wconf 88' lang='lat' dir='ltr'>taliter</span> <span class='ocrx_word' id='word_1_410' title='bbox 778 4266 993 4332; x_wconf 88' lang='lat' dir='ltr'>docuit,</span> <span class='ocrx_word' id='word_1_411' title='bbox 1021 4271 1082 4322; x_wconf 91' lang='lat' dir='ltr'>ut</span> <span class='ocrx_word' id='word_1_412' title='bbox 1102 4267 1172 4321; x_wconf 89' lang='lat' dir='ltr'>de</span> <span class='ocrx_word' id='word_1_413' title='bbox 1195 4266 1306 4321; x_wconf 77' lang='lat' dir='ltr'>fide</span> <span class='ocrx_word' id='word_1_414' title='bbox 1327 4266 1411 4321; x_wconf 87' lang='lat' dir='ltr'>vel</span> <span class='ocrx_word' id='word_1_415' title='bbox 1433 4267 1696 4322; x_wconf 83' lang='lat' dir='ltr'>doctrina</span> <span class='ocrx_word' id='word_1_416' title='bbox 1715 4267 1843 4338; x_wconf 88' lang='lat' dir='ltr'>ejus</span> <span class='ocrx_word' id='word_1_417' title='bbox 1865 4265 2026 4323; x_wconf 89' lang='lat' dir='ltr'>nulla</span> <span class='ocrx_word' id='word_1_418' title='bbox 2131 4264 2366 4322; x_wconf 87' lang='lat' dir='ltr'>functus</span> <span class='ocrx_word' id='word_1_419' title='bbox 2417 4270 2506 4320; x_wconf 89' lang='lat' dir='ltr'>est</span> <span class='ocrx_word' id='word_1_420' title='bbox 2563 4265 2920 4322; x_wconf 86' lang='lat' dir='ltr'>Humbertus</span> <span class='ocrx_word' id='word_1_421' title='bbox 2978 4267 3650 4343; x_wconf 77' lang='lat' dir='ltr'>Constantinopolitano.</span> <span class='ocrx_word' id='word_1_422' title='bbox 3698 4293 3813 4331; x_wconf 89' lang='lat' dir='ltr'>una</span> 
     </span>
    </p>
   </div>
   <div class='ocr_carea' id='block_1_58' title="bbox 386 4353 3810 4429">
    <p class='ocr_par' dir='ltr' id='par_1_58' title="bbox 386 4353 3810 4429">
     <span class='ocr_line' id='line_1_58' title="bbox 386 4353 3810 4429; baseline 0.003 -20"><span class='ocrx_word' id='word_1_423' title='bbox 386 4369 460 4409; x_wconf 91' lang='lat' dir='ltr'>ne</span> <span class='ocrx_word' id='word_1_424' title='bbox 489 4353 735 4429; x_wconf 82' lang='lat' dir='ltr'>minima</span> <span class='ocrx_word' id='word_1_425' title='bbox 763 4353 1000 4426; x_wconf 89' lang='lat' dir='ltr'>quidem</span> <span class='ocrx_word' id='word_1_426' title='bbox 1031 4354 1280 4410; x_wconf 65' lang='lat' dir='ltr'>sinistrae</span> <span class='ocrx_word' id='word_1_427' title='bbox 1311 4354 1662 4426; x_wconf 88' lang='lat' dir='ltr'>suspicionis</span> <span class='ocrx_word' id='word_1_428' title='bbox 1687 4357 1840 4410; x_wconf 86' lang='lat' dir='ltr'>fama</span> <span class='ocrx_word' id='word_1_429' title='bbox 1859 4373 2020 4412; x_wconf 86' lang='lat' dir='ltr'>exor-</span> <span class='ocrx_word' id='word_1_430' title='bbox 2131 4371 2264 4409; x_wconf 89' lang='lat' dir='ltr'>cum</span> <span class='ocrx_word' id='word_1_431' title='bbox 2299 4354 2600 4409; x_wconf 85' lang='lat' dir='ltr'>Frcderico</span> <span class='ocrx_word' id='word_1_432' title='bbox 2629 4354 2952 4412; x_wconf 88' lang='lat' dir='ltr'>Lothareno</span> <span class='ocrx_word' id='word_1_433' title='bbox 2975 4358 3299 4427; x_wconf 88' lang='lat' dir='ltr'>cardinale,</span> <span class='ocrx_word' id='word_1_434' title='bbox 3323 4364 3382 4416; x_wconf 86' lang='lat' dir='ltr'>et</span> <span class='ocrx_word' id='word_1_435' title='bbox 3404 4359 3587 4418; x_wconf 89' lang='lat' dir='ltr'>Petro</span> <span class='ocrx_word' id='word_1_436' title='bbox 3619 4364 3810 4420; x_wconf 85' lang='lat' dir='ltr'>archi-</span> 
     </span>
    </p>
   </div>
   <div class='ocr_carea' id='block_1_59' title="bbox 385 4434 3806 4516">
    <p class='ocr_par' dir='ltr' id='par_1_59' title="bbox 385 4434 3806 4516">
     <span class='ocr_line' id='line_1_59' title="bbox 385 4434 3806 4516; baseline 0.003 -18"><span class='ocrx_word' id='word_1_437' title='bbox 385 4446 448 4498; x_wconf 89' lang='lat' dir='ltr'>ta</span> <span class='ocrx_word' id='word_1_438' title='bbox 475 4434 572 4499; x_wconf 80' lang='lat' dir='ltr'>sit.</span> <span class='ocrx_word' id='word_1_439' title='bbox 604 4444 792 4516; x_wconf 87' lang='lat' dir='ltr'>Hujus</span> <span class='ocrx_word' id='word_1_440' title='bbox 824 4443 904 4500; x_wconf 91' lang='lat' dir='ltr'>rei</span> <span class='ocrx_word' id='word_1_441' title='bbox 935 4445 1102 4500; x_wconf 89' lang='lat' dir='ltr'>testis</span> <span class='ocrx_word' id='word_1_442' title='bbox 1133 4447 1218 4500; x_wconf 87' lang='lat' dir='ltr'>est</span> <span class='ocrx_word' id='word_1_443' title='bbox 1247 4447 1364 4500; x_wconf 86' lang='lat' dir='ltr'>tota</span> <span class='ocrx_word' id='word_1_444' title='bbox 1396 4445 1510 4499; x_wconf 85' lang='lat' dir='ltr'>fere</span> <span class='ocrx_word' id='word_1_445' title='bbox 1543 4444 1844 4512; x_wconf 88' lang='lat' dir='ltr'>Latinitas,</span> <span class='ocrx_word' id='word_1_446' title='bbox 1893 4461 2022 4516; x_wconf 62' lang='lat' dir='ltr'>quae</span> <span class='ocrx_word' id='word_1_447' title='bbox 2131 4441 2375 4514; x_wconf 68' lang='lat' dir='ltr'>praesule</span> <span class='ocrx_word' id='word_1_448' title='bbox 2430 4441 2846 4516; x_wconf 86' lang='lat' dir='ltr'>Amalphitano</span> <span class='ocrx_word' id='word_1_449' title='bbox 2903 4445 2974 4500; x_wconf 91' lang='lat' dir='ltr'>ad</span> <span class='ocrx_word' id='word_1_450' title='bbox 3025 4445 3440 4504; x_wconf 87' lang='lat' dir='ltr'>Constantium</span> <span class='ocrx_word' id='word_1_451' title='bbox 3478 4449 3806 4509; x_wconf 77' lang='lat' dir='ltr'>Menema-</span> 
     </span>
    </p>
   </div>
   <div class='ocr_carea' id='block_1_60' title="bbox 382 4528 3808 4606">
    <p class='ocr_par' dir='ltr' id='par_1_60' title="bbox 382 4528 3808 4606">
     <span class='ocr_line' id='line_1_60' title="bbox 382 4528 3808 4606; baseline 0.004 -20"><span class='ocrx_word' id='word_1_452' title='bbox 382 4528 486 4604; x_wconf 84' lang='lat' dir='ltr'>pro</span> <span class='ocrx_word' id='word_1_453' title='bbox 507 4528 847 4589; x_wconf 81' lang='lat' dir='ltr'>excellentia</span> <span class='ocrx_word' id='word_1_454' title='bbox 872 4533 1199 4606; x_wconf 66' lang='lat' dir='ltr'>apostolicae</span> <span class='ocrx_word' id='word_1_455' title='bbox 1235 4533 1410 4600; x_wconf 88' lang='lat' dir='ltr'>sedis,</span> <span class='ocrx_word' id='word_1_456' title='bbox 1455 4533 1623 4605; x_wconf 89' lang='lat' dir='ltr'>cujus</span> <span class='ocrx_word' id='word_1_457' title='bbox 1677 4532 1936 4589; x_wconf 87' lang='lat' dir='ltr'>consiliis</span> <span class='ocrx_word' id='word_1_458' title='bbox 1965 4539 2021 4590; x_wconf 89' lang='lat' dir='ltr'>et</span> <span class='ocrx_word' id='word_1_459' title='bbox 2051 4531 2094 4598; x_wconf 90' lang='lat' dir='ltr'>C</span> <span class='ocrx_word' id='word_1_460' title='bbox 2131 4530 2307 4586; x_wconf 90' lang='lat' dir='ltr'>chum</span> <span class='ocrx_word' id='word_1_461' title='bbox 2337 4529 2427 4596; x_wconf 84' lang='lat' dir='ltr'>IX,</span> <span class='ocrx_word' id='word_1_462' title='bbox 2457 4530 2596 4603; x_wconf 90' lang='lat' dir='ltr'>imp.</span> <span class='ocrx_word' id='word_1_463' title='bbox 2631 4537 2910 4605; x_wconf 66' lang='lat' dir='ltr'>Augustae</span> <span class='ocrx_word' id='word_1_464' title='bbox 2935 4534 3077 4591; x_wconf 89' lang='lat' dir='ltr'>Zoes</span> <span class='ocrx_word' id='word_1_465' title='bbox 3105 4535 3412 4606; x_wconf 87' lang='lat' dir='ltr'>maritum,</span> <span class='ocrx_word' id='word_1_466' title='bbox 3449 4542 3513 4594; x_wconf 87' lang='lat' dir='ltr'>et</span> <span class='ocrx_word' id='word_1_467' title='bbox 3545 4540 3808 4598; x_wconf 87' lang='lat' dir='ltr'>Michae-</span> 
     </span>
    </p>
   </div>
   <div class='ocr_carea' id='block_1_61' title="bbox 381 4617 3806 4696">
    <p class='ocr_par' dir='ltr' id='par_1_61' title="bbox 381 4617 3806 4696">
     <span class='ocr_line' id='line_1_61' title="bbox 381 4617 3806 4696; baseline 0.002 -18"><span class='ocrx_word' id='word_1_468' title='bbox 381 4621 640 4680; x_wconf 85' lang='lat' dir='ltr'>conciliis</span> <span class='ocrx_word' id='word_1_469' title='bbox 671 4639 903 4696; x_wconf 86' lang='lat' dir='ltr'>semper</span> <span class='ocrx_word' id='word_1_470' title='bbox 932 4623 1150 4690; x_wconf 86' lang='lat' dir='ltr'>aderat,</span> <span class='ocrx_word' id='word_1_471' title='bbox 1182 4627 1240 4678; x_wconf 88' lang='lat' dir='ltr'>et</span> <span class='ocrx_word' id='word_1_472' title='bbox 1289 4626 1550 4694; x_wconf 54' lang='lat' dir='ltr'>praerat,</span> <span class='ocrx_word' id='word_1_473' title='bbox 1584 4639 1716 4678; x_wconf 88' lang='lat' dir='ltr'>eum</span> <span class='ocrx_word' id='word_1_474' title='bbox 1750 4622 2016 4694; x_wconf 88' lang='lat' dir='ltr'>ignorare</span> <span class='ocrx_word' id='word_1_475' title='bbox 2124 4617 2237 4674; x_wconf 91' lang='lat' dir='ltr'>lem</span> <span class='ocrx_word' id='word_1_476' title='bbox 2259 4619 2624 4676; x_wconf 85' lang='lat' dir='ltr'>Cerularium</span> <span class='ocrx_word' id='word_1_477' title='bbox 2647 4621 3061 4694; x_wconf 88' lang='lat' dir='ltr'>patriarcham,</span> <span class='ocrx_word' id='word_1_478' title='bbox 3085 4624 3144 4680; x_wconf 89' lang='lat' dir='ltr'>in</span> <span class='ocrx_word' id='word_1_479' title='bbox 3171 4641 3354 4682; x_wconf 86' lang='lat' dir='ltr'>causa</span> <span class='ocrx_word' id='word_1_480' title='bbox 3401 4628 3806 4686; x_wconf 67' lang='lat' dir='ltr'>concilianda:</span> 
     </span>
    </p>
   </div>
   <div class='ocr_carea' id='block_1_62' title="bbox 304 4707 3809 4786">
    <p class='ocr_par' dir='ltr' id='par_1_62' title="bbox 304 4707 3809 4786">
     <span class='ocr_line' id='line_1_62' title="bbox 304 4707 3809 4786; baseline 0.003 -22"><span class='ocrx_word' id='word_1_481' title='bbox 304 4723 320 4735; x_wconf 81' lang='lat'><strong><em>°</em></strong></span> <span class='ocrx_word' id='word_1_482' title='bbox 379 4723 496 4767; x_wconf 88' lang='lat' dir='ltr'>non</span> <span class='ocrx_word' id='word_1_483' title='bbox 528 4709 736 4782; x_wconf 89' lang='lat' dir='ltr'>potuit.</span> <span class='ocrx_word' id='word_1_484' title='bbox 773 4732 801 4760; x_wconf 87' lang='grc'>››</span> <span class='ocrx_word' id='word_1_485' title='bbox 2127 4707 2392 4762; x_wconf 68' lang='lat' dir='ltr'>Ecclesia:</span> <span class='ocrx_word' id='word_1_486' title='bbox 2423 4708 2630 4764; x_wconf 73' lang='lat' dir='ltr'>Grmcze</span> <span class='ocrx_word' id='word_1_487' title='bbox 2661 4725 2794 4764; x_wconf 92' lang='lat' dir='ltr'>cum</span> <span class='ocrx_word' id='word_1_488' title='bbox 2828 4711 3034 4768; x_wconf 90' lang='lat' dir='ltr'>Latina</span> <span class='ocrx_word' id='word_1_489' title='bbox 3092 4718 3150 4769; x_wconf 90' lang='lat' dir='ltr'>et</span> <span class='ocrx_word' id='word_1_490' title='bbox 3205 4713 3578 4786; x_wconf 90' lang='lat' dir='ltr'>implorandi</span> <span class='ocrx_word' id='word_1_491' title='bbox 3603 4719 3809 4774; x_wconf 86' lang='lat' dir='ltr'>auxilii</span> 
     </span>
    </p>
   </div>
   <div class='ocr_carea' id='block_1_63' title="bbox 446 4796 3809 4878">
    <p class='ocr_par' dir='ltr' id='par_1_63' title="bbox 446 4796 3809 4878">
     <span class='ocr_line' id='line_1_63' title="bbox 446 4796 3809 4878; baseline 0.004 -26"><span class='ocrx_word' id='word_1_492' title='bbox 446 4796 606 4852; x_wconf 83' lang='lat' dir='ltr'>Idem</span> <span class='ocrx_word' id='word_1_493' title='bbox 639 4796 999 4878; x_wconf 80' lang='lat' dir='ltr'>Lanirancus</span> <span class='ocrx_word' id='word_1_494' title='bbox 1027 4798 1230 4854; x_wconf 90' lang='lat' dir='ltr'>eodem</span> <span class='ocrx_word' id='word_1_495' title='bbox 1282 4797 1342 4852; x_wconf 92' lang='lat' dir='ltr'>in</span> <span class='ocrx_word' id='word_1_496' title='bbox 1392 4797 1540 4853; x_wconf 88' lang='lat' dir='ltr'>libro</span> <span class='ocrx_word' id='word_1_497' title='bbox 1587 4796 1888 4868; x_wconf 83' lang='lat' dir='ltr'>alloquens</span> <span class='ocrx_word' id='word_1_498' title='bbox 1912 4798 2015 4853; x_wconf 89' lang='lat' dir='ltr'>Be-</span> <span class='ocrx_word' id='word_1_499' title='bbox 2126 4797 2403 4852; x_wconf 87' lang='lat' dir='ltr'>adversus</span> <span class='ocrx_word' id='word_1_500' title='bbox 2459 4797 2956 4855; x_wconf 82' lang='lat' dir='ltr'>Nortmannorum</span> <span class='ocrx_word' id='word_1_501' title='bbox 3015 4802 3416 4873; x_wconf 83' lang='lat' dir='ltr'>tyrannidem.</span> <span class='ocrx_word' id='word_1_502' title='bbox 3469 4807 3601 4862; x_wconf 86' lang='lat' dir='ltr'>Hos</span> <span class='ocrx_word' id='word_1_503' title='bbox 3649 4807 3809 4864; x_wconf 85' lang='lat' dir='ltr'>sedis</span> 
     </span>
    </p>
   </div>
   <div class='ocr_carea' id='block_1_64' title="bbox 376 4883 3808 4968">
    <p class='ocr_par' dir='ltr' id='par_1_64' title="bbox 376 4883 3808 4968">
     <span class='ocr_line' id='line_1_64' title="bbox 376 4883 3808 4968; baseline 0.004 -30"><span class='ocrx_word' id='word_1_504' title='bbox 376 4883 710 4957; x_wconf 87' lang='lat' dir='ltr'>rengarium</span> <span class='ocrx_word' id='word_1_505' title='bbox 736 4905 748 4942; x_wconf 95' lang='lat'>:</span> <span class='ocrx_word' id='word_1_506' title='bbox 772 4909 799 4936; x_wconf 93' lang='grc'>‹‹</span> <span class='ocrx_word' id='word_1_507' title='bbox 823 4885 1426 4958; x_wconf 84' lang='lat' dir='ltr'>Venerabilis,inquit,</span> <span class='ocrx_word' id='word_1_508' title='bbox 1451 4887 1820 4952; x_wconf 83' lang='lat' dir='ltr'>llumbertus,</span> <span class='ocrx_word' id='word_1_509' title='bbox 1843 4904 2014 4958; x_wconf 82' lang='lat' dir='ltr'>quem</span> <span class='ocrx_word' id='word_1_510' title='bbox 2125 4885 2452 4958; x_wconf 74' lang='lat' dir='ltr'>apostolica:</span> <span class='ocrx_word' id='word_1_511' title='bbox 2483 4884 2704 4958; x_wconf 85' lang='lat' dir='ltr'>legatos</span> <span class='ocrx_word' id='word_1_512' title='bbox 2736 4887 3055 4960; x_wconf 88' lang='lat' dir='ltr'>imperator</span> <span class='ocrx_word' id='word_1_513' title='bbox 3085 4892 3467 4948; x_wconf 84' lang='lat' dir='ltr'>convenienti</span> <span class='ocrx_word' id='word_1_514' title='bbox 3509 4894 3808 4968; x_wconf 86' lang='lat' dir='ltr'>obsequio</span> 
     </span>
    </p>
   </div>
   <div class='ocr_carea' id='block_1_65' title="bbox 376 4970 3810 5054">
    <p class='ocr_par' dir='ltr' id='par_1_65' title="bbox 376 4970 3810 5054">
     <span class='ocr_line' id='line_1_65' title="bbox 376 4970 3810 5054; baseline 0.005 -29"><span class='ocrx_word' id='word_1_515' title='bbox 376 4970 545 5042; x_wconf 89' lang='lat' dir='ltr'>quasi</span> <span class='ocrx_word' id='word_1_516' title='bbox 569 4973 962 5042; x_wconf 84' lang='lat' dir='ltr'>exprobrando</span> <span class='ocrx_word' id='word_1_517' title='bbox 984 4975 1365 5048; x_wconf 89' lang='lat' dir='ltr'>Burgundum</span> <span class='ocrx_word' id='word_1_518' title='bbox 1389 4975 1656 5031; x_wconf 83' lang='lat' dir='ltr'>nominas</span> <span class='ocrx_word' id='word_1_519' title='bbox 1678 4975 1865 5046; x_wconf 83' lang='lat' dir='ltr'>(quasi</span> <span class='ocrx_word' id='word_1_520' title='bbox 1900 4993 2012 5031; x_wconf 91' lang='lat' dir='ltr'>non</span> <span class='ocrx_word' id='word_1_521' title='bbox 2125 4979 2180 5028; x_wconf 91' lang='lat' dir='ltr'>et</span> <span class='ocrx_word' id='word_1_522' title='bbox 2210 4974 2426 5030; x_wconf 89' lang='lat' dir='ltr'>honore</span> <span class='ocrx_word' id='word_1_523' title='bbox 2454 4974 2695 5046; x_wconf 83' lang='lat' dir='ltr'>excepit,</span> <span class='ocrx_word' id='word_1_524' title='bbox 2719 4976 3041 5047; x_wconf 89' lang='lat' dir='ltr'>quemlibet</span> <span class='ocrx_word' id='word_1_525' title='bbox 3062 4995 3267 5035; x_wconf 89' lang='lat' dir='ltr'>eorum</span> <span class='ocrx_word' id='word_1_526' title='bbox 3293 4979 3354 5036; x_wconf 92' lang='lat' dir='ltr'>in</span> <span class='ocrx_word' id='word_1_527' title='bbox 3380 4981 3638 5054; x_wconf 84' lang='lat' dir='ltr'>signum</span> <span class='ocrx_word' id='word_1_528' title='bbox 3663 4986 3810 5042; x_wconf 86' lang='lat' dir='ltr'>ami-</span> 
     </span>
    </p>
   </div>
   <div class='ocr_carea' id='block_1_66' title="bbox 376 5059 3805 5136">
    <p class='ocr_par' dir='ltr' id='par_1_66' title="bbox 376 5059 3805 5136">
     <span class='ocr_line' id='line_1_66' title="bbox 376 5059 3805 5136; baseline 0.005 -22"><span class='ocrx_word' id='word_1_529' title='bbox 376 5063 574 5129; x_wconf 85' lang='lat' dir='ltr'>posset</span> <span class='ocrx_word' id='word_1_530' title='bbox 602 5059 756 5117; x_wconf 90' lang='lat' dir='ltr'>Deus</span> <span class='ocrx_word' id='word_1_531' title='bbox 786 5061 845 5116; x_wconf 91' lang='lat' dir='ltr'>in</span> <span class='ocrx_word' id='word_1_532' title='bbox 905 5063 1241 5136; x_wconf 88' lang='lat' dir='ltr'>Burgundia</span> <span class='ocrx_word' id='word_1_533' title='bbox 1298 5080 1492 5118; x_wconf 86' lang='lat' dir='ltr'>servos</span> <span class='ocrx_word' id='word_1_534' title='bbox 1549 5062 1760 5118; x_wconf 85' lang='lat' dir='ltr'>habere</span> <span class='ocrx_word' id='word_1_535' title='bbox 1794 5063 2013 5133; x_wconf 77' lang='lat' dir='ltr'>ﬁdeles)</span> <span class='ocrx_word' id='word_1_536' title='bbox 2124 5062 2289 5129; x_wconf 74' lang='lat' dir='ltr'>eitiaa,</span> <span class='ocrx_word' id='word_1_537' title='bbox 2315 5064 2384 5116; x_wconf 89' lang='lat' dir='ltr'>ad</span> <span class='ocrx_word' id='word_1_538' title='bbox 2409 5062 2598 5133; x_wconf 87' lang='lat' dir='ltr'>gentis</span> <span class='ocrx_word' id='word_1_539' title='bbox 2625 5080 2868 5132; x_wconf 88' lang='lat' dir='ltr'>morem,</span> <span class='ocrx_word' id='word_1_540' title='bbox 2895 5066 3290 5124; x_wconf 86' lang='lat' dir='ltr'>exosculatus.</span> <span class='ocrx_word' id='word_1_541' title='bbox 3319 5068 3460 5132; x_wconf 57' lang='lat' dir='ltr'>Quae</span> <span class='ocrx_word' id='word_1_542' title='bbox 3485 5077 3706 5130; x_wconf 83' lang='lat' dir='ltr'>autem</span> <span class='ocrx_word' id='word_1_543' title='bbox 3738 5091 3805 5131; x_wconf 86' lang='lat' dir='ltr'>ea</span> 
     </span>
    </p>
   </div>
   <div class='ocr_carea' id='block_1_67' title="bbox 378 5145 3801 5232">
    <p class='ocr_par' dir='ltr' id='par_1_67' title="bbox 378 5145 3801 5232">
     <span class='ocr_line' id='line_1_67' title="bbox 378 5145 3801 5232; baseline 0.005 -31"><span class='ocrx_word' id='word_1_544' title='bbox 378 5145 526 5201; x_wconf 88' lang='lat' dir='ltr'>nihil</span> <span class='ocrx_word' id='word_1_545' title='bbox 557 5145 718 5203; x_wconf 89' lang='lat' dir='ltr'>aliud</span> <span class='ocrx_word' id='word_1_546' title='bbox 749 5149 884 5204; x_wconf 88' lang='lat' dir='ltr'>fecit</span> <span class='ocrx_word' id='word_1_547' title='bbox 942 5150 1052 5205; x_wconf 89' lang='lat' dir='ltr'>nisi</span> <span class='ocrx_word' id='word_1_548' title='bbox 1085 5151 1241 5221; x_wconf 89' lang='lat' dir='ltr'>quod</span> <span class='ocrx_word' id='word_1_549' title='bbox 1271 5151 1632 5221; x_wconf 83' lang='lat' dir='ltr'>Scripturam</span> <span class='ocrx_word' id='word_1_550' title='bbox 1661 5150 1846 5221; x_wconf 88' lang='lat' dir='ltr'>ipsam</span> <span class='ocrx_word' id='word_1_551' title='bbox 1872 5169 2012 5222; x_wconf 68' lang='lat' dir='ltr'>prae-</span> <span class='ocrx_word' id='word_1_552' title='bbox 2124 5151 2181 5205; x_wconf 91' lang='lat' dir='ltr'>in</span> <span class='ocrx_word' id='word_1_553' title='bbox 2213 5151 2496 5223; x_wconf 85' lang='lat' dir='ltr'>legatione</span> <span class='ocrx_word' id='word_1_554' title='bbox 2528 5157 2762 5223; x_wconf 89' lang='lat' dir='ltr'>peracta</span> <span class='ocrx_word' id='word_1_555' title='bbox 2792 5153 3028 5221; x_wconf 89' lang='lat' dir='ltr'>fuerint,</span> <span class='ocrx_word' id='word_1_556' title='bbox 3063 5155 3427 5213; x_wconf 87' lang='lat' dir='ltr'>Humbertus</span> <span class='ocrx_word' id='word_1_557' title='bbox 3450 5157 3801 5232; x_wconf 84' lang='lat' dir='ltr'>legatorum</span> 
     </span>
    </p>
   </div>
   <div class='ocr_carea' id='block_1_68' title="bbox 374 5233 3796 5318">
    <p class='ocr_par' dir='ltr' id='par_1_68' title="bbox 374 5233 3796 5318">
     <span class='ocr_line' id='line_1_68' title="bbox 374 5233 3796 5318; baseline 0.004 -23"><span class='ocrx_word' id='word_1_558' title='bbox 374 5233 626 5316; x_wconf 81' lang='lat' dir='ltr'>cipiente</span> <span class='ocrx_word' id='word_1_559' title='bbox 680 5237 921 5309; x_wconf 78' lang='lat' dir='ltr'>synodo,</span> <span class='ocrx_word' id='word_1_560' title='bbox 989 5255 1163 5293; x_wconf 90' lang='lat' dir='ltr'>manu</span> <span class='ocrx_word' id='word_1_561' title='bbox 1221 5238 1279 5292; x_wconf 91' lang='lat' dir='ltr'>in</span> <span class='ocrx_word' id='word_1_562' title='bbox 1349 5255 1589 5291; x_wconf 83' lang='lat' dir='ltr'>manum</span> <span class='ocrx_word' id='word_1_563' title='bbox 1661 5239 1928 5308; x_wconf 67' lang='lat' dir='ltr'>porrexit.</span> <span class='ocrx_word' id='word_1_564' title='bbox 1983 5263 2010 5288; x_wconf 85' lang='grc'><strong>››</strong></span> <span class='ocrx_word' id='word_1_565' title='bbox 2121 5240 2435 5312; x_wconf 86' lang='lat' dir='ltr'>primarius</span> <span class='ocrx_word' id='word_1_566' title='bbox 2465 5239 2682 5311; x_wconf 89' lang='lat' dir='ltr'>scripto</span> <span class='ocrx_word' id='word_1_567' title='bbox 2715 5241 2970 5297; x_wconf 87' lang='lat' dir='ltr'>exaravit</span> <span class='ocrx_word' id='word_1_568' title='bbox 3001 5243 3074 5298; x_wconf 90' lang='lat' dir='ltr'>ad</span> <span class='ocrx_word' id='word_1_569' title='bbox 3101 5243 3359 5300; x_wconf 89' lang='lat' dir='ltr'>Leonem</span> <span class='ocrx_word' id='word_1_570' title='bbox 3392 5249 3796 5318; x_wconf 68' lang='lat' dir='ltr'>pontiﬁcem:</span> 
     </span>
    </p>
   </div>
   <div class='ocr_carea' id='block_1_69' title="bbox 373 5323 3801 5412">
    <p class='ocr_par' dir='ltr' id='par_1_69' title="bbox 373 5323 3801 5412">
     <span class='ocr_line' id='line_1_69' title="bbox 373 5323 3801 5412; baseline 0.004 -32"><span class='ocrx_word' id='word_1_571' title='bbox 373 5324 618 5382; x_wconf 81' lang='lat' dir='ltr'>Exstant</span> <span class='ocrx_word' id='word_1_572' title='bbox 641 5325 862 5400; x_wconf 90' lang='lat' dir='ltr'>passim</span> <span class='ocrx_word' id='word_1_573' title='bbox 895 5323 1063 5398; x_wconf 90' lang='lat' dir='ltr'>plura</span> <span class='ocrx_word' id='word_1_574' title='bbox 1092 5325 1219 5396; x_wconf 89' lang='lat' dir='ltr'>ejus</span> <span class='ocrx_word' id='word_1_575' title='bbox 1249 5325 1401 5396; x_wconf 90' lang='lat' dir='ltr'>apud</span> <span class='ocrx_word' id='word_1_576' title='bbox 1435 5323 1577 5379; x_wconf 89' lang='lat' dir='ltr'>alios</span> <span class='ocrx_word' id='word_1_577' title='bbox 1606 5325 1886 5380; x_wconf 75' lang='lat' dir='ltr'>cncouiia.</span> <span class='ocrx_word' id='word_1_578' title='bbox 2121 5333 2330 5384; x_wconf 90' lang='lat' dir='ltr'>notans</span> <span class='ocrx_word' id='word_1_579' title='bbox 2361 5328 2512 5383; x_wconf 89' lang='lat' dir='ltr'>inter</span> <span class='ocrx_word' id='word_1_580' title='bbox 2541 5333 2748 5384; x_wconf 65' lang='lat' dir='ltr'>caetera</span> <span class='ocrx_word' id='word_1_581' title='bbox 2778 5329 3037 5386; x_wconf 87' lang='lat' dir='ltr'>Nicetam</span> <span class='ocrx_word' id='word_1_582' title='bbox 3069 5332 3460 5403; x_wconf 89' lang='lat' dir='ltr'>monachum,</span> <span class='ocrx_word' id='word_1_583' title='bbox 3527 5337 3642 5408; x_wconf 89' lang='lat' dir='ltr'>qui</span> <span class='ocrx_word' id='word_1_584' title='bbox 3666 5356 3801 5412; x_wconf 88' lang='lat' dir='ltr'>pee-</span> 
     </span>
    </p>
   </div>
   <div class='ocr_carea' id='block_1_70' title="bbox 443 5412 3804 5500">
    <p class='ocr_par' dir='ltr' id='par_1_70' title="bbox 443 5412 3804 5500">
     <span class='ocr_line' id='line_1_70' title="bbox 443 5412 3804 5500; baseline 0.004 -32"><span class='ocrx_word' id='word_1_585' title='bbox 443 5417 608 5470; x_wconf 87' lang='lat' dir='ltr'>Anno</span> <span class='ocrx_word' id='word_1_586' title='bbox 643 5413 868 5470; x_wconf 89' lang='lat' dir='ltr'>Domini</span> <span class='ocrx_word' id='word_1_587' title='bbox 893 5415 1048 5478; x_wconf 82' lang='lat'>1853,</span> <span class='ocrx_word' id='word_1_588' title='bbox 1077 5429 1212 5468; x_wconf 91' lang='lat' dir='ltr'>cum</span> <span class='ocrx_word' id='word_1_589' title='bbox 1238 5412 1593 5484; x_wconf 86' lang='lat' dir='ltr'>percepisset</span> <span class='ocrx_word' id='word_1_590' title='bbox 1615 5412 1729 5500; x_wconf 89' lang='lat' dir='ltr'>Leo</span> <span class='ocrx_word' id='word_1_591' title='bbox 1752 5413 2011 5484; x_wconf 83' lang='lat' dir='ltr'>pontifex</span> <span class='ocrx_word' id='word_1_592' title='bbox 2119 5420 2343 5472; x_wconf 88' lang='lat' dir='ltr'>toratus</span> <span class='ocrx_word' id='word_1_593' title='bbox 2371 5421 2460 5472; x_wconf 90' lang='lat' dir='ltr'>est</span> <span class='ocrx_word' id='word_1_594' title='bbox 2479 5421 2876 5488; x_wconf 90' lang='lat' dir='ltr'>nuncupatus,</span> <span class='ocrx_word' id='word_1_595' title='bbox 2897 5417 2959 5474; x_wconf 92' lang='lat' dir='ltr'>in</span> <span class='ocrx_word' id='word_1_596' title='bbox 2989 5418 3178 5492; x_wconf 88' lang='lat' dir='ltr'>ipsius</span> <span class='ocrx_word' id='word_1_597' title='bbox 3203 5421 3621 5495; x_wconf 86' lang='lat' dir='ltr'>imperatoris,</span> <span class='ocrx_word' id='word_1_598' title='bbox 3647 5425 3804 5500; x_wconf 82' lang='lat' dir='ltr'>lega-</span> 
     </span>
    </p>
   </div>
   <div class='ocr_carea' id='block_1_71' title="bbox 375 5499 3801 5578">
    <p class='ocr_par' dir='ltr' id='par_1_71' title="bbox 375 5499 3801 5578">
     <span class='ocr_line' id='line_1_71' title="bbox 375 5499 3801 5578; baseline 0.006 -24"><span class='ocrx_word' id='word_1_599' title='bbox 375 5501 755 5558; x_wconf 89' lang='lat' dir='ltr'>monasticam</span> <span class='ocrx_word' id='word_1_600' title='bbox 777 5501 1020 5559; x_wconf 84' lang='lat' dir='ltr'>coenobii</span> <span class='ocrx_word' id='word_1_601' title='bbox 1045 5500 1416 5557; x_wconf 85' lang='lat' dir='ltr'>Sublacensis</span> <span class='ocrx_word' id='word_1_602' title='bbox 1439 5499 1809 5572; x_wconf 84' lang='lat' dir='ltr'>disciplinam</span> <span class='ocrx_word' id='word_1_603' title='bbox 1833 5501 2010 5558; x_wconf 88' lang='lat' dir='ltr'>Otbo-</span> <span class='ocrx_word' id='word_1_604' title='bbox 2117 5510 2310 5560; x_wconf 91' lang='lat' dir='ltr'>torum</span> <span class='ocrx_word' id='word_1_605' title='bbox 2369 5510 2425 5562; x_wconf 90' lang='lat' dir='ltr'>ct</span> <span class='ocrx_word' id='word_1_606' title='bbox 2479 5521 2787 5576; x_wconf 89' lang='lat' dir='ltr'>procerum</span> <span class='ocrx_word' id='word_1_607' title='bbox 2843 5509 3177 5578; x_wconf 70' lang='lat' dir='ltr'>praesentia,</span> <span class='ocrx_word' id='word_1_608' title='bbox 3231 5509 3426 5568; x_wconf 85' lang='lat' dir='ltr'>multa</span> <span class='ocrx_word' id='word_1_609' title='bbox 3467 5499 3801 5573; x_wconf 81' lang='lat' dir='ltr'>verborum</span> 
     </span>
    </p>
   </div>
   <div class='ocr_carea' id='block_1_72' title="bbox 377 5586 3800 5670">
    <p class='ocr_par' dir='ltr' id='par_1_72' title="bbox 377 5586 3800 5670">
     <span class='ocr_line' id='line_1_72' title="bbox 377 5586 3800 5670; baseline 0.007 -32"><span class='ocrx_word' id='word_1_610' title='bbox 377 5586 469 5640; x_wconf 88' lang='lat' dir='ltr'>nis</span> <span class='ocrx_word' id='word_1_611' title='bbox 497 5588 722 5646; x_wconf 87' lang='lat' dir='ltr'>abbatis</span> <span class='ocrx_word' id='word_1_612' title='bbox 751 5591 978 5646; x_wconf 91' lang='lat' dir='ltr'>incuria</span> <span class='ocrx_word' id='word_1_613' title='bbox 1023 5594 1080 5645; x_wconf 91' lang='lat' dir='ltr'>et</span> <span class='ocrx_word' id='word_1_614' title='bbox 1127 5589 1436 5644; x_wconf 74' lang='lat' dir='ltr'>oscitantis.</span> <span class='ocrx_word' id='word_1_615' title='bbox 1493 5589 1638 5643; x_wconf 71' lang='lat' dir='ltr'>fozde</span> <span class='ocrx_word' id='word_1_616' title='bbox 1667 5587 2004 5662; x_wconf 87' lang='lat' dir='ltr'>collapsam,</span> <span class='ocrx_word' id='word_1_617' title='bbox 2119 5593 2442 5649; x_wconf 87' lang='lat' dir='ltr'>acrimonia</span> <span class='ocrx_word' id='word_1_618' title='bbox 2471 5594 2915 5652; x_wconf 89' lang='lat' dir='ltr'>commendasse</span> <span class='ocrx_word' id='word_1_619' title='bbox 2944 5594 3214 5654; x_wconf 89' lang='lat' dir='ltr'>libellum</span> <span class='ocrx_word' id='word_1_620' title='bbox 3236 5600 3571 5670; x_wconf 88' lang='lat' dir='ltr'>quemdam</span> <span class='ocrx_word' id='word_1_621' title='bbox 3596 5607 3800 5663; x_wconf 81' lang='lat' dir='ltr'>Attico</span> 
     </span>
    </p>
   </div>
   <div class='ocr_carea' id='block_1_73' title="bbox 377 5670 3800 5772">
    <p class='ocr_par' dir='ltr' id='par_1_73' title="bbox 377 5670 3800 5772">
     <span class='ocr_line' id='line_1_73' title="bbox 377 5670 3800 5772; baseline 0.007 -41"><span class='ocrx_word' id='word_1_622' title='bbox 377 5670 532 5731; x_wconf 82' lang='lat' dir='ltr'>malo</span> <span class='ocrx_word' id='word_1_623' title='bbox 560 5689 930 5750; x_wconf 85' lang='lat' dir='ltr'>occursurus,</span> <span class='ocrx_word' id='word_1_624' title='bbox 989 5677 1050 5735; x_wconf 87' lang='lat' dir='ltr'>in</span> <span class='ocrx_word' id='word_1_625' title='bbox 1092 5676 1390 5737; x_wconf 84' lang='lat' dir='ltr'>consortio</span> <span class='ocrx_word' id='word_1_626' title='bbox 1444 5675 1750 5735; x_wconf 83' lang='lat' dir='ltr'>Humberti</span> <span class='ocrx_word' id='word_1_627' title='bbox 1778 5693 1844 5736; x_wconf 86' lang='lat' dir='ltr'>eo</span> <span class='ocrx_word' id='word_1_628' title='bbox 1875 5695 2007 5756; x_wconf 84' lang='lat' dir='ltr'>pro-</span> <span class='ocrx_word' id='word_1_629' title='bbox 2117 5680 2294 5742; x_wconf 87' lang='lat' dir='ltr'>livore</span> <span class='ocrx_word' id='word_1_630' title='bbox 2322 5686 2380 5742; x_wconf 87' lang='lat' dir='ltr'>et</span> <span class='ocrx_word' id='word_1_631' title='bbox 2435 5681 2748 5760; x_wconf 88' lang='lat' dir='ltr'>supercilio</span> <span class='ocrx_word' id='word_1_632' title='bbox 2777 5682 2838 5742; x_wconf 90' lang='lat' dir='ltr'>in</span> <span class='ocrx_word' id='word_1_633' title='bbox 2869 5683 3190 5750; x_wconf 83' lang='lat' dir='ltr'>Ecclesiam</span> <span class='ocrx_word' id='word_1_634' title='bbox 3222 5687 3503 5749; x_wconf 87' lang='lat' dir='ltr'>Latinam</span> <span class='ocrx_word' id='word_1_635' title='bbox 3548 5707 3800 5772; x_wconf 85' lang='lat' dir='ltr'>compo-</span> 
     </span>
    </p>
   </div>
  </div>
