3916 6360
128 473 246 540 913

1422 468 1740 536 ΝΟΤΙΤῙᾸ
1783 470 2203 536 HISTORICA
2219 516 2234 533 .

3405 462 3529 538 9η

129 611 332 679 situm,
363 606 476 666 tria
497 605 875 682 potissimum
907 607 1100 682 capita
1127 608 1202 663 De
1231 608 1508 675 az-imo,Dc
1545 608 1772 663 sabbato
1798 606 1856 673 Α
1886 607 2163 663 nonnulis
2195 607 2368 665 annis
2397 606 2840 682 amplissimum
2868 623 3086 666 manus
3104 603 3530 667 bibliothecarii

128 706 180 757 et
192 702 405 773 Nuptiis
416 698 749 756 sacerdotum
763 696 1449 770 complectentem.0uem
1468 699 1767 769 Augustus

129 790 505 860 orthodoxus,
538 805 671 843 eum
704 792 908 860 praeter
956 786 1202 841 convitia
1249 792 1304 841 et
1354 803 1576 841 errores
1628 785 1769 841 nihil

128 878 297 934 solidi
329 882 429 934 aut
458 878 587 933 sani
619 876 1174 948 contineret,legatis
1198 875 1771 937 suadentibus,ﬂam-

128 968 241 1023 mis
273 966 431 1022 exuri
459 966 661 1037 jussit.
696 965 889 1020 Rebus
922 965 1001 1019 ita
1031 965 1394 1036 compositis,
1427 982 1557 1019 cum
1591 965 1768 1019 Ilum-

126 1056 329 1112 bertus
360 1072 493 1110 cum
529 1054 763 1125 collegis
781 1054 1030 1124 jamjam
1052 1054 1277 1109 abitum
1303 1054 1547 1107 Romam
1571 1070 1773 1108 versus

126 1148 379 1217 pararet,
414 1143 657 1199 Michael
692 1141 1040 1213 patriarcha,
1074 1142 1161 1195 vir
1190 1141 1771 1213 impius,i’raudulen-

123 1239 223 1289 tus
254 1238 310 1289 et
340 1232 609 1298 caliidus,
630 1230 805 1286 libelli
836 1230 1134 1285 exustione
1164 1235 1491 1285 commotus
1525 1231 1770 1303 impera-

124 1328 308 1378 torem
343 1321 504 1388 adiit,
540 1325 775 1375 acturus
806 1321 874 1375 de
909 1319 1115 1391 legatis
1148 1320 1555 1385 retinendis,eo
1580 1320 1691 1375 fine
1710 1324 1774 1375 ut

122 1412 183 1466 in
216 1412 442 1467 Sanctae
474 1409 699 1482 Sophia:
730 1408 1014 1481 templum
1038 1410 1146 1463 sub
1166 1409 1360 1481 aliquo
1399 1408 1769 1465 comitiorum

123 1500 664 1572 congregandorum
698 1502 971 1570 praztextu
996 1498 1304 1552 introducti
1330 1516 1362 1553 a
1384 1497 1597 1570 populo
1616 1498 1771 1553 saxis

123 1589 543 1661 impeterentur
572 1591 628 1642 et
658 1586 805 1642 risui
839 1592 1266 1657 exponerentur
1295 1590 1494 1641 contra
1516 1588 1615 1657 jus
1637 1603 1774 1657 gen-

121 1678 293 1745 tium,
328 1678 444 1732 imo
481 1675 744 1731 naturale
775 1679 833 1730 et
864 1674 1146 1729 divinum.
1179 1677 1252 1729 At
1276 1675 1773 1746 prudentissimus

121 1766 442 1837 imperator
454 1780 787 1837 perversam
802 1762 1102 1818 Michaelis
1115 1768 1369 1818 mentem
1385 1764 1773 1818 subodoratus

119 1854 587 1924 scandalumque
618 1853 824 1907 exinde
856 1851 1146 1906 oriturum
1192 1852 1534 1922 praevidens,
1586 1852 1774 1924 impia:

118 1942 387 2015 petitioni
441 1941 775 1995 nullatenus
824 1939 1098 1995 assentiri
1128 1939 1328 1995 voluit.
1379 1940 1527 2004 Quin
1578 1941 1773 2012 potius
1804 1976 1852 2041 B

120 2033 303 2104 regiis
334 2032 581 2086 donatos
613 2029 1381 2099 muneribus,prosperaque
1410 2033 1777 2100 precatus,ut

121 2122 186 2176 in
219 2119 372 2176 viam
406 2136 490 2184 se,
523 2118 638 2172 Deo
672 2118 839 2183 duce,
876 2116 1102 2182 darent,
1136 2116 1403 2172 hortatus
1434 2122 1538 2172 est.

198 2208 433 2264 Interim
454 2206 697 2261 Michael
725 2210 878 2261 artes
901 2222 1036 2260 suas
1051 2204 1246 2260 clusas
1260 2206 1558 2277 aegerrime
1585 2206 1773 2262 ferens

119 2299 197 2354 ad
232 2313 411 2353 novas
443 2295 753 2351 struendas
784 2293 1030 2349 insidias
1060 2310 1398 2363 conversus,
1423 2294 1643 2349 litteras
1673 2295 1772 2350 de-

118 2386 213 2444 dit
242 2387 313 2441 ad
351 2385 587 2440 Petrum
643 2382 1030 2454 patriarcham
1075 2382 1523 2452 Antiochenam,
1572 2382 1771 2439 effreni

118 2474 351 2531 calamo
381 2473 441 2528 in
470 2472 854 2527 Humbertum
890 2476 945 2525 et
974 2471 1161 2526 socios
1193 2472 1474 2527 detonans
1506 2476 1774 2543 atque,ut

116 2582 222 2621 eos
251 2562 428 2618 veluti
460 2562 665 2617 Graecae
699 2559 995 2632 religionis
1030 2564 1458 2632 contemptores
1489 2564 1545 2615 et
1574 2560 1773 2617 hostes

118 2652 501 2723 interciperet
527 2648 987 2719 muneribusque
1035 2647 1332 2719 spoliaret,
1370 2650 1677 2704 mandans.
1702 2652 1774 2705 At

121 2742 336 2798 Petrus
368 2738 690 2809 legatorum
727 2737 1113 2791 innocentiam
1143 2742 1503 2808 perspectam
1526 2737 1769 2804 habens,

122 2827 410 2901 neglectis
450 2825 750 2882 Michaelis
800 2826 1100 2895 injuriosis
1158 2826 1472 2891 mandatis,
1531 2842 1629 2881 eos
1659 2842 1774 2897 qua

118 2917 321 2975 decuit
352 2914 715 2971 humanitate
746 2912 988 2984 excepit,
1022 2914 1303 2984 novisque
1348 2920 1548 2969 auctos
1571 2931 1773 2969 mune-

121 3007 295 3062 ribus
327 3021 458 3059 cum
492 3004 709 3058 honore
737 3002 980 3056 dimisit.

197 3096 364 3149 Anno
396 3093 535 3147 1055
563 3095 807 3145 Romam
836 3088 1066 3161 allapsi,
1098 3089 1221 3145 loco
1255 3090 1465 3145 Leonis
1488 3091 1775 3147 demortui

119 3182 425 3237 Victorem
473 3179 542 3246 II,
576 3180 646 3233 ad
679 3178 908 3233 clavum
955 3178 1223 3233 Ecclesiae
1272 3180 1569 3234 sedentem
1616 3180 1777 3235 inve-

118 3266 362 3338 nerunt,
398 3286 432 3325 a
457 3285 592 3341 quo,
627 3267 830 3339 paucis
860 3266 1178 3338 interjectis
1219 3268 1544 3335 mensibus,
1594 3268 1773 3324 Hum-

1877 701 1934 751 et
1963 696 2292 753 cancellarii
2322 697 2648 754 incredibili
2680 698 2855 754 laude
2884 702 2942 754 et
2983 697 3322 754 dexteritate
3375 713 3533 755 exer-

1878 802 2035 841 cens.
2068 788 2235 841 Anno
2267 786 2472 841 salutis
2507 787 2666 855 1059,
2700 788 2875 859 jussu
2908 787 3130 843 Nicolai
3164 787 3212 844 II
3235 790 3292 844 et
3321 788 3532 860 synodi

1880 876 2307 949 Lateranensis,
2342 876 2696 948 praescripsit
2723 875 3038 931 formulam
3086 875 3220 932 ﬁdei
3270 890 3531 950 pronun-

1881 963 2139 1019 tiandam
2171 965 2229 1019 in
2262 964 2503 1019 concilio
2532 982 2565 1020 a
2604 964 2950 1037 Bercngario
3003 951 3271 1021 hacretico
3321 964 3530 1039 resipi-

1882 1051 2180 1107 scientiam
2202 1058 2328 1107 tum
2352 1054 2602 1125 ﬁngente
2629 1070 2824 1108 coram
2837 1052 3104 1109 ducentis
3123 1053 3366 1126 triginta
3404 1056 3529 1128 epi-

1883 1140 2075 1212 scopis
2097 1146 2154 1196 et
2175 1142 2525 1213 prmlatis.At
2546 1160 2678 1197 cum
2704 1142 3090 1215 Berengarius
3111 1143 3275 1199 ﬁnito
3299 1145 3528 1214 synodo

1883 1231 1953 1285 ad
1990 1230 2173 1284 instar
2202 1231 2364 1286 canis
2394 1231 2605 1302 impuri
2636 1231 2706 1285 ad
2738 1230 3022 1286 vomitum
3057 1230 3349 1299 rediisset,
3381 1248 3526 1289 voce

1883 1335 1947 1373 ac
1979 1317 2125 1389 style
2158 1318 2418 1390 plaustra
2447 1319 2829 1375 convitiorum
2859 1322 2984 1375 tum
3017 1319 3076 1374 in
3107 1312 3519 1388 Humbertum,

1880 1411 2006 1460 tum
2040 1406 2100 1461 in
2134 1407 2447 1462 Ecclesiam
2478 1408 2802 1463 Romanam
2831 1409 3181 1474 exoneravit,
3232 1411 3522 1481 quemad-

1880 1495 2121 1549 modum
2147 1496 2274 1566 jam
2306 1495 2590 1567 allegatus
2621 1496 2980 1552 Lanfrancus
3019 1500 3295 1554 strenuus
3326 1497 3525 1555 Eccle-

1881 1583 1977 1638 siae
2004 1588 2059 1639 et
2090 1584 2395 1640 Humberti
2427 1584 2699 1640 defensor
2721 1588 3049 1641 attestatur.

1952 1674 2267 1744 Assumpto
2320 1674 2389 1729 ad
2450 1673 2858 1746 pontiﬁcatum
2930 1675 3041 1730 sub
3103 1675 3341 1731 nomine
3404 1675 3529 1732 Ste-

1882 1761 2059 1834 phani
2090 1762 2135 1816 X
2166 1762 2455 1818 Friderico
2495 1763 2839 1829 Lothareno,
2891 1762 2979 1819 vel
3032 1763 3121 1836 (ut
3168 1764 3417 1821 Baronio
3472 1770 3531 1823 et

1884 1850 2011 1906 aliis
2044 1850 2248 1922 placet,
2279 1852 2515 1907 sedente
2566 1852 2623 1906 in
2680 1852 2831 1907 Petri
2881 1852 3161 1909 cathedra
3201 1853 3528 1912 Alexandro

1884 1939 2063 2010 hujus
2094 1940 2348 1995 nominis
2382 1940 2447 2008 II,
2481 1940 2839 1996 Humbcrtus
2888 1940 3114 2014 legatus
3144 1941 3205 1997 in
3257 1930 3524 2025 Angliam

1883 2028 2229 2095 destinatur,
2293 2028 2391 2083 ubi
2442 2033 2758 2085 convocata
2810 2030 3053 2086 concilio
3101 2031 3162 2086 in
3214 2032 3524 2103 praesentia

1880 2117 2060 2173 totius
2090 2117 2225 2172 cleri
2256 2117 2558 2190 Anglicani
2584 2122 2743 2174 sexto
2774 2119 2911 2174 Idus
2948 2118 3166 2191 Aprilis
3195 2132 3350 2176 anno
3380 2120 3525 2179 1072

1880 2206 2288 2278 gravissimam
2320 2205 2479 2261 litem
2507 2205 2660 2261 inter
2704 2203 2992 2263 Ecclesias
3039 2209 3521 2266 Cantuariensem

1881 2298 1936 2349 et
1964 2294 2383 2350 Eboracensem
2416 2310 2592 2366 super
2620 2294 2875 2367 primatu
2905 2299 3167 2351 exortam
3199 2300 3363 2353 tanta
3391 2299 3526 2354 dex-

1879 2383 2112 2437 teritate
2141 2384 2487 2455 composuit,
2519 2388 2585 2438 ut
2610 2383 2866 2440 Thomas
2914 2384 3299 2440 Eboracensis
3328 2370 3529 2443 Eccle-

1883 2472 1981 2526 siae
2014 2472 2260 2527 antistes
2292 2473 2420 2543 ejus
2450 2471 2934 2543 persuasionibus
2965 2478 3023 2530 et
3043 2463 3373 2531 rationibus
3398 2486 3532 2539 con-

1881 2560 2070 2614 victus
2100 2560 2419 2632 primatum
2441 2560 2844 2616 Cantuariensi
2864 2550 3532 2636 adjudicatum,publica

1882 2649 1989 2703 hac
2013 2649 2231 2704 emissa
2261 2648 2639 2720 professione,
2685 2654 2876 2704 ratum
2926 2649 3232 2706 habuerit:
3268 2666 3307 2700 «
3356 2652 3531 2708 Deest

1882 2737 2122 2792 omnino
2153 2736 2549 2792 Christianum
2582 2753 2873 2809 quemque
2903 2737 3250 2794 Christianis
3296 2737 3526 2813 legibus

1882 2826 2183 2895 subiacere
2209 2829 2531 2897 ;pr0pterea
2541 2841 2645 2897 ego
2660 2824 2916 2881 Thomas
2928 2826 3312 2892 Eboracensis
3333 2826 3524 2883 Eccle-

1883 2915 1978 2969 siae
2011 2914 2494 2986 metropolitanus
2526 2914 2771 2970 antistes
2795 2915 2923 2986 jam
2953 2916 3276 3001 ordinatus,
3310 2916 3528 2977 auditis

1883 3003 2248 3075 cognitisque
2279 3003 2620 3071 rationibus,
2652 3002 2985 3059 absolutam
3023 3003 3151 3072 tibi,
3184 3002 3529 3075 Lanfrance,

1883 3091 2318 3147 Cantuariensis
2349 3090 2802 3164 archiepiscoPe,
2834 3090 3072 3165 tuisque
3093 3080 3533 3150 successoribus

1886 3183 1957 3237 de
1988 3181 2264 3236 canonica
2296 3180 2622 3236 obedientia
2653 3181 3077 3263 professionem
3100 3176 3348 3251 faciO‘;et
3366 3182 3531 3263 quid-

1886 3270 2026 3342 quid
2061 3287 2095 3324 a
2123 3276 2195 3337 te,
2227 3268 2315 3325 vel
2348 3270 2420 3325 ab
2451 3268 2533 3325 eis
2558 3270 2721 3340 juste
2751 3285 2817 3325 ac
2868 3269 3141 3325 canonice
3188 3270 3524 3342 injunctum

118 3362 331 3416 bertus
361 3358 433 3413 ad
470 3356 817 3413 Cassincnse
865 3355 1283 3411 monasterium
1336 3356 1639 3427 ablegatus
1687 3361 1775 3412 est
1806 3342 1846 3407 C
1886 3359 2031 3414 mihi
2065 3359 2257 3424 fuerit,
2289 3363 2656 3413 servaturum
2685 3373 2779 3412 me
2807 3356 3099 3429 promitto.
3137 3378 3166 3406 »

119 3450 200 3505 ob
236 3464 397 3503 acres
420 3446 839 3502 monachorum
862 3444 1261 3500 dissensiones
1284 3445 1341 3499 in
1377 3461 1555 3499 causa
1586 3445 1772 3499 intru-

118 3537 175 3595 si
208 3536 362 3592 Petri
392 3534 619 3590 abbatis
649 3537 893 3589 exortas.
931 3535 1112 3599 Quam
1145 3536 1342 3587 tamen
1390 3533 1770 3599 Humbertus,

118 3628 337 3699 sponte
368 3623 681 3696 praelatum
709 3622 944 3677 cedente
975 3621 1163 3688 Petro,
1205 3626 1378 3692 atque
1425 3622 1483 3676 in
1511 3622 1639 3692 ejus
1683 3622 1771 3677 lo-

117 3729 265 3773 cum
289 3713 709 3769 monachorum
741 3711 1055 3783 suffragiis,
1089 3712 1332 3766 suffecto
1354 3712 1642 3768 Friderico
1671 3713 1773 3767 Lo-

118 3804 371 3861 thareno
401 3800 715 3867 cardinale,
749 3800 914 3855 facile
943 3816 1007 3854 co
1028 3800 1289 3871 nposuit.

197 3890 334 3946 Vita
363 3890 562 3945 functo
591 3888 819 3944 Victore
860 3890 929 3957 ΙΙ,
981 3887 1169 3943 tribus
1217 3888 1597 3943 electionibus
1646 3889 1774 3944 Ste-

118 3979 312 4056 phani
342 3978 561 4035 scilicet
590 3978 656 4043 X,
687 3976 908 4033 Nicolai
942 3977 1011 4043 ΙΙ,
1046 3981 1101 4032 et
1131 3976 1438 4032 Alexandri
1482 3980 1549 4045 II,
1586 3978 1774 4050 ponti-

118 4071 311 4126 ﬁcum
342 4085 447 4124 suo
480 4066 758 4139 suffragio
788 4064 1191 4131 interfuit,sub
1215 4082 1463 4137 quorum
1487 4066 1773 4140 regimine

1955 3447 2199 3501 Romam
2213 3461 2337 3500 com
2346 3444 2862 3517 positaAngIorum
2876 3443 3193 3516 praesulum
3215 3442 3313 3500 lite
3335 3459 3523 3502 rever-

1881 3551 2003 3599 sus,
2041 3534 2266 3589 dierum
2297 3550 2363 3588 ac
2396 3532 2757 3599 meritorum,
2787 3520 3310 3605 plenus,perceptis
3336 3533 3526 3591 Eccleo

1882 3624 1978 3678 siaa
2027 3621 2410 3678 sacramentis
2466 3621 2537 3677 ad
2592 3637 2837 3695 superos
2885 3620 3208 3678 translatus
3238 3609 3328 3679 est
3355 3623 3525 3680 tertio

1882 3712 2075 3768 Nonas
2107 3710 2264 3779 Maii,
2296 3728 2448 3766 anno
2478 3728 2513 3766 a
2540 3713 2708 3783 partu
2737 3710 3001 3784 Virginis
3046 3711 3203 3767 1064.
3253 3711 3527 3786 Sepultus

1883 3800 1942 3855 in
1991 3799 2233 3856 basilica
2276 3798 2778 3865 Constantiniana,
2829 3814 3061 3856 summo
3118 3799 3390 3873 pontiﬁce
3446 3801 3527 3856 ita

1887 3890 2406 3961 mandante,prope
2437 3904 2675 3961 corpora
2694 3887 3096 3961 SS.virginum
3116 3874 3173 3946 et
3202 3874 3527 3962 martyrum

1888 3978 2163 4034 Maternae
2188 3983 2246 4033 et
2276 3977 2638 4034 Secundinaa.

1303 4300 1809 4393 NOTITIA
1876 4301 2371 4393 ALTERA

1117 4476 1367 4545 (FABRIC.
1402 4477 1666 4533 Biblioth.
1703 4477 1841 4533 med.
1873 4481 1924 4532 et
1953 4479 2057 4549 inf.
2090 4480 2231 4545 Lat.,
2263 4481 2360 4546 IV,
2390 4478 2541 4548 306.)

1631 4608 2044 4621 ——

206 4699 587 4765 Humbertus,
620 4714 687 4752 ex
719 4696 1005 4752 monacho
1037 4697 1162 4753 ord.
1196 4697 1483 4753 Bened.in
1518 4698 1782 4754 Mediano
1816 4703 1861 4766 D
1894 4702 1935 4755 t.
1962 4701 2039 4755 XI
2066 4700 2288 4765 Colon.,
2321 4704 2378 4755 et
2407 4704 2548 4755 tom.
2579 4698 2757 4753 XVIII
2788 4698 2995 4770 Lugd.,
3048 4713 3179 4770 pag.
3230 4695 3355 4763 389,
3405 4695 3534 4768 405,
3606 4733 3615 4740 -

116 4786 495 4847 S.Mansueti
529 4785 791 4842 coenobio
822 4784 1118 4841 Tullensis
1150 4786 1640 4855 dimcesisJactus
1662 4806 1785 4842 car-

118 4874 353 4934 dinalis
385 4876 456 4931 ab
488 4893 587 4930 an.
607 4875 743 4929 1049
774 4879 831 4930 et
860 4875 1168 4946 episcopus
1200 4874 1368 4931 Silvae
1397 4876 1665 4932 Candidw
1690 4893 1784 4931 an.

117 4966 152 5023 4
170 4963 271 5020 051
310 4963 521 5020 Leonis
548 4963 618 5019 IX
639 4964 712 5019 ad
734 4964 1145 5034 imperatorem
1169 4963 1786 5020 CPol.Cunstantinum

120 5052 594 5113 Monomachum
618 5052 845 5125 legatus
871 5070 884 5119 ;
916 5051 1124 5107 deinde
1156 5069 1190 5106 a
1216 5051 1443 5107 Victore
1476 5054 1521 5107 ΙΙ
1547 5054 1787 5109 an.1057

119 5142 361 5201 missus
393 5143 466 5198 ad
498 5141 933 5213 componendas
964 5139 1095 5196 lites
1127 5140 1183 5194 in
1217 5142 1573 5196 monasterio
1628 5142 1786 5197 Casi-

124 5229 412 5300 nensi,de
444 5246 557 5301 quo
588 5229 698 5284 Leo
729 5227 1014 5284 Ostiensis
1046 5228 1127 5283 lib
1162 5245 1201 5282 ιι
1226 5228 1489 5283 Chronici
1513 5229 1787 5285 Casinen-

122 5320 248 5378 sis.
281 5318 646 5375 c.88.Praeter
675 5319 802 5389 ejus
834 5317 1052 5388 scripta
1083 5334 1195 5371 non
1222 5316 1513 5373 inerudita
1535 5319 1790 5374 adversus

123 5409 352 5466 Greco:
406 5407 571 5464 Hich.
635 5407 1003 5473 Cerularium,
1046 5410 1276 5461 Leonem
1322 5406 1687 5462 Achridenum
1741 5411 1791 5462 et

119 5498 391 5556 Nicetam
419 5496 783 5564 Pectoratum,
817 5494 1050 5567 vulgata
1078 5512 1111 5549 a
1160 5494 1403 5549 Baronio
1452 5496 1523 5549 ad
1567 5512 1789 5551 annum

127 5586 308 5655 1054,
339 5588 396 5642 et
424 5585 485 5642 in
516 5585 834 5658 appendice
864 5585 938 5641 ad
967 5588 1192 5641 tomum
1226 5583 1297 5638 ΧΙ
1329 5583 1643 5640 Annalium
1673 5589 1731 5641 et
1760 5604 1795 5642 a

117 5675 379 5743 Canisio
407 5680 450 5731 t.
483 5675 558 5733 VI
589 5676 929 5733 Lectionum
960 5674 1253 5745 antiquar.
1291 5674 1353 5745 (t.
1399 5673 1472 5730 III
1520 5675 1793 5731 editionis

118 5781 306 5827 novas
336 5764 715 5838 Basnagianae
743 5782 801 5837 p.
833 5766 959 5836 277)
991 5766 1048 5819 et
1075 5763 1135 5818 in
1159 5760 1532 5820 Bibliothecis
1555 5763 1793 5821 Patrum

1896 4790 2020 4843 415.
2054 4788 2381 4843 Novissime
2410 4786 2539 4857 ejus
2569 4788 2735 4842 libros
2762 4791 2870 4842 tres
2900 4785 3156 4841 adversus
3196 4784 3540 4841 Simoniacos

1897 4895 1965 4933 ex
1994 4876 2346 4932 bibliotheca
2392 4875 2782 4931 Laurentiana
2828 4873 3047 4947 publici
3086 4873 3242 4946 juris
3270 4873 3408 4930 fecit
3427 4874 3545 4930 Ed-

1899 4965 2157 5021 mundus
2188 4965 2466 5031 Martene,
2499 4967 2642 5019 tom.
2674 4963 2741 5017 V.
2774 4963 3209 5019 Anecdotorum
3237 4978 3372 5035 pag,
3401 4962 3546 5018 633-

1897 5055 2021 5110 844.
2058 5056 2119 5109 In
2154 5054 2298 5108 libro
2328 5053 2496 5107 tertio
2529 5058 2656 5107 octo
2686 5051 2941 5124 capitula
2969 5054 3269 5123 postrema
3313 5048 3548 5109 deside-

1899 5147 2120 5198 rantur.
2159 5142 2499 5213 sz'nosulus,
2533 5157 2707 5212 quem
2756 5157 2813 5212 p.
2864 5140 2971 5195 647
3017 5139 3380 5213 perstringit,
3431 5156 3547 5196 non

1898 5231 2127 5287 videtur
2157 5248 2282 5287 esse
2315 5247 2526 5286 nomen
2558 5229 2817 5285 hominis
2839 5228 3268 5302 proprium,sed
3286 5228 3545 5300 positum

1900 5318 2144 5376 convicii
2164 5318 2289 5374 loco
2318 5320 2375 5372 in
2398 5318 2731 5390 spinosiora
2751 5317 3070 5374 adversarii
3090 5313 3543 5374 aoumina.Idem

1900 5408 2255 5464 Humbertus
2290 5406 2716 5479 praescripsisse
2738 5407 2994 5462 traditur
3012 5401 3356 5476 Berengario
3375 5400 3542 5473 ejura

1900 5496 2120 5552 tionem
2153 5496 2211 5551 in
2243 5495 2485 5552 concilio
2517 5496 2683 5551 Rom.
2717 5511 2812 5551 an.
2846 5496 3004 5562 1059,
3036 5509 3161 5565 qua:
3192 5489 3542 5565 incipit;Ego

1902 5587 2284 5655 Berengarz‘us,
2317 5590 2493 5656 atque
2525 5586 2700 5641 etiam
2728 5586 2943 5641 inserta
2978 5586 3068 5637 est
3111 5579 3346 5635 Decreto
3391 5577 3545 5636 Gra-

1901 5674 2064 5741 tiani,
2098 5674 2232 5729 dist.
2266 5676 2318 5741 2,
2353 5673 2434 5729 De
2465 5673 2917 5738 consecratione,
2951 5684 2999 5724 c.
3031 5668 3120 5723 42.
