3922 6486
263 496 381 557 225

1532 491 1947 555 EXPOSITIO
1989 488 2496 559 PSALMORUM.

3591 503 3711 561 226

277 630 584 703 cruoilige.
620 628 1179 702 Confringebantur
1213 625 1379 684 molae
1426 625 1486 681 in
1534 642 1632 681 ore
1679 624 1962 697 ipsorum,
1994 622 2048 689 Α
2078 625 2319 696 stitiam,
2351 629 2591 703 diligere
2633 634 2808 699 recta,
2843 648 2913 687 ne
2954 648 2986 687 ει
3014 631 3251 688 veritate
3296 636 3398 688 tua
3445 634 3710 690 auditum

286 719 522 794 quando
581 736 712 775 non
773 721 1057 791 poterant
1111 714 1283 772 dictis
1344 713 1671 771 verissimis
1729 730 1969 786 respon-

295 810 450 866 dere.

297 903 329 955 7
403 898 481 955 Ad
508 898 767 953 nihilum
798 895 1091 952 devenient
1135 901 1394 966 tanquam
1440 909 1586 966 aqua
1631 890 1923 946 decurrens
1950 906 1971 944 :

408 985 650 1044 lntendit
680 1001 885 1040 arcum
911 1000 1076 1039 suum
1103 981 1271 1038 donec
1300 982 1670 1053 inﬁrmentur.

370 1076 414 1132 C
442 1076 489 1132 Ο
535 1074 817 1131 inaudita
865 1071 1091 1128 suavitia
1135 1070 1507 1127 Judaeoruml
1558 1068 1975 1140 comparantur

298 1165 419 1222 illis
443 1167 533 1221 tot
562 1161 726 1219 mala
754 1161 1064 1234 ingentia:
1088 1176 1123 1215 a
1143 1159 1359 1232 quibus
1389 1158 1661 1214 novimus
1690 1154 1975 1211 immania

297 1253 503 1311 venire
534 1249 822 1326 pericula.
856 1250 1028 1322 Aqua
1055 1264 1188 1305 vero
1238 1247 1553 1303 decurrens
1584 1262 1598 1301 :
1632 1250 1721 1301 est
1748 1248 1974 1299 torrens

300 1344 423 1399 cito
446 1339 926 1397 deﬁciens.Deus
946 1336 1125 1392 etiam
1147 1338 1348 1392 contra
1368 1333 1555 1390 malos
1576 1349 1777 1389 arcum
1800 1344 1974 1387 suum

300 1429 585 1495 intendit,
616 1428 677 1483 id
710 1430 821 1494 est,
855 1422 1374 1481 comminationem
1415 1438 1532 1478 suae
1562 1419 1887 1494 potestatis,
1919 1419 1978 1473 et

300 1518 521 1574 tandiu
550 1520 733 1572 terret
764 1532 779 1571 :
816 1515 1005 1570 donec
1056 1511 1333 1567 infirmati
1379 1510 1610 1578 cedant,
1640 1514 1695 1564 et
1734 1507 1804 1562 ad
1837 1522 1978 1561 con-

303 1606 591 1663 fessionis
623 1603 879 1661 salutem
913 1618 976 1658 se
1007 1603 1363 1657 convertant.

299 1701 339 1751 8
417 1696 580 1751 Sicut
606 1708 734 1749 cera
759 1706 891 1763 quae
916 1692 1047 1761 ﬂuit
1073 1690 1398 1759 auferentur
1428 1704 1448 1742 .-

417 1781 800 1856 Supereecidit
832 1781 981 1851 ignis
1006 1786 1058 1833 et
1085 1793 1196 1833 non
1223 1776 1478 1832 viderunt
1504 1775 1693 1831 solem.

381 1874 429 1928 Η
463 1872 635 1941 Sicut
661 1886 796 1925 cera
824 1867 964 1941 igne
994 1862 1436 1929 dissolvitur,ita
1465 1866 1522 1918 et
1547 1862 1645 1918 isti
1668 1861 1766 1933 qui
1793 1862 1847 1916 in
1874 1876 1983 1916 sua

2080 720 2362 783 avertens,
2392 736 2427 774 a
2456 720 2692 775 veneﬁci
2724 720 3009 792 serpentis
3058 721 3352 777 morsibus
3398 722 3709 778 saucietur.

2078 808 2188 861 Per
2217 806 2526 862 Dominum
2558 812 2824 864 nostrum
2853 809 3052 863 Jesum
3085 808 3402 877 Christum,
3434 814 3543 865 etc.

2628 913 2949 969 PSALMUS
2989 912 3161 969 LVIII

2511 999 2904 1041 ARGUMENTUM
2946 1002 3100 1040 PSAL.
3142 1002 3292 1040 LVIII.

2151 1072 2191 1126 C
2221 1070 2486 1127 Christus
2516 1076 2661 1141 orat,
2682 1088 2755 1128 ne
2783 1072 2834 1128 ei
2866 1071 3084 1127 inimici
3117 1088 3322 1128 nocere
3350 1072 3716 1145 praevaleant,

2083 1158 2338 1231 dicitque
2369 1161 2865 1232 quemadmodum
2895 1160 2952 1215 in
2986 1161 3099 1217 fine
3124 1160 3320 1217 saeculi
3351 1162 3720 1217 convertendi

2084 1247 2203 1302 sint
2229 1248 2544 1321 Judaei,pro
2575 1249 2789 1320 quibus
2819 1253 2875 1305 et
2904 1249 3086 1304 oratio
3116 1248 3369 1305 mirabili
3390 1250 3603 1321 pietate
3622 1250 3720 1305 de-

2084 1334 2392 1406 promitur.

2085 1422 2202 1477 TT.
2233 1423 2294 1479 In
2325 1424 2491 1494 linem
2536 1442 2604 1481 ne
2648 1425 2945 1498 disperdas.
2983 1426 3175 1493 David,
3229 1428 3289 1481 in
3336 1426 3490 1482 tituli
3526 1426 3723 1482 inscri-

2152 1514 2593 1586 ptionezquamto
2619 1515 2771 1570 misit
2796 1515 2929 1569 Saul
2956 1518 3009 1569 et
3035 1514 3325 1570 custodiuit
3348 1514 3567 1570 domum
3587 1515 3722 1586 ejus:

2158 1590 2218 1640 ut
2246 1585 2568 1654 interﬁceret
2595 1602 2740 1640 eum.

2160 1673 2224 1726 In
2256 1672 2431 1727 tinem
2460 1689 2472 1725 :
2497 1674 2621 1743 jam
2655 1673 2877 1728 dictum
2908 1678 2997 1729 est
3024 1673 3150 1729 sine
3180 1673 3400 1729 fine.Ne
3423 1673 3727 1745 disperdas

2089 1760 2267 1815 David
2300 1760 2357 1814 in
2384 1759 2537 1815 tituli
2571 1761 3046 1832 inscriptione.Et
3073 1761 3181 1815 hoc
3212 1777 3444 1833 quoque
3465 1762 3731 1833 frequen—

2089 1853 2177 1903 ter
2207 1848 2533 1920 ponitur,ut
2562 1850 2758 1920 passio
2788 1849 3013 1904 Domini
3039 1866 3141 1922 per
3160 1849 3281 1905 hinc
3302 1849 3518 1905 indicia
3543 1848 3731 1904 decla-

304 1936 717 2018 obstinatione
750 1936 1099 2030 perdurant,
1132 1952 1309 2008 futuri
1328 1951 1540 2023 judicii
1573 1950 1705 2023 igne
1738 1949 1982 2021 perdun-
2012 1981 2061 2046 Β
2094 1936 2499 2046 ﬂetur-Dormis
2530 1936 2707 2035 David
2738 1936 3459 2046 in‘dicatjmqnumetjitunz,
3490 1936 3589 1994 ubi
3629 1937 3731 2036 tri-

306 2050 485 2108 tur.C
508 2044 1041 2111 Auferentur,dicit
1069 2059 1103 2097 a
1133 2044 1446 2113 conspectu
1479 2039 1602 2095 Dei.
1636 2038 1680 2093 Η
1713 2038 1987 2108 Super-ce-

310 2138 463 2195 cidit
494 2136 674 2211 ignis,
705 2135 765 2190 id
808 2137 921 2198 est,
948 2131 1240 2203 judicium
1290 2127 1517 2184 mortis.
1551 2127 1616 2182 Et
1663 2143 1776 2181 non
1824 2126 1984 2181 vide-

308 2232 459 2284 runt
489 2224 702 2289 solem,
734 2224 778 2279 C
810 2223 868 2278 id
899 2225 1011 2287 est,
1043 2218 1358 2276 Dominum
1400 2215 1779 2271 Salvatorem.
1814 2212 1985 2269 Illum

311 2316 482 2373 enim
510 2313 860 2385 conspicere
900 2310 1219 2381 nequeunt,
1252 2305 1363 2361 nisi
1416 2304 1514 2377 qui
1564 2319 1698 2359 eum
1748 2302 1988 2357 mundis

315 2403 634 2461 mentibus
663 2401 995 2455 intuentur.
1026 2398 1073 2451 A
1102 2396 1144 2451 C
1174 2393 1274 2449 Vel
1304 2393 1459 2466 ignis
1508 2389 1987 2463 concupiscentiae

316 2493 498 2550 male:
529 2488 744 2547 cecidit
786 2487 884 2544 hic
934 2501 1111 2556 super
1158 2486 1385 2538 mentes
1432 2479 1742 2547 malorum,
1774 2483 1832 2532 et
1861 2477 1990 2532 ideo

305 2586 557 2655 justum
591 2582 649 2635 et
677 2578 903 2633 bonum
935 2578 992 2629 et
1020 2575 1291 2629 sanctum
1324 2569 1516 2625 videre
1560 2584 1674 2623 non
1722 2571 1988 2639 possunt,

318 2672 381 2726 id
416 2673 536 2735 est,
572 2668 723 2723 bene
754 2679 929 2736 agere
953 2665 1011 2717 et
1041 2661 1187 2716 bene
1218 2659 1546 2714 discernere
1575 2656 1820 2728 agenda.

314 2761 357 2813 9
432 2759 779 2827 Priusquam
812 2751 1183 2820 intelligerent
1207 2749 1388 2819 spinae
1414 2752 1607 2802 vestrae
1650 2744 1941 2799 rhamnum
1972 2759 1992 2795 :

433 2847 600 2901 Sirut
631 2844 869 2901 viventes
896 2839 1049 2894 sicut
1079 2838 1138 2891 in
1169 2838 1258 2891 ira
1288 2833 1537 2890 absorbet
1563 2849 1671 2889 eos.

398 2934 451 2990 Η
483 2932 593 2989 Hic
623 2929 893 3001 loquitur
923 2925 997 2981 ad
1019 2923 1303 2998 papulum
1327 2919 1995 2995 peccantem.Rhamnus

319 3023 646 3096 spinarum
671 3031 864 3090 genus
887 3017 976 3071 est
994 3010 1214 3068 aculeis
1230 3008 1621 3096 asperrimum
1639 3011 1694 3096 et
1710 3008 1849 3063 tlore
1869 3023 1997 3096 gra-

2094 2024 2288 2079 duana
2318 2029 2502 2079 morte
2525 2024 2986 2097 requievit,quod
3005 2027 3074 2080 ad
3095 2025 3539 2081 custodiendum
3564 2025 3734 2080 mise-

2094 2116 2232 2166 runt
2260 2110 2445 2165 Judaei
2478 2110 2634 2167 mala
2662 2116 2855 2167 mente
2904 2129 2918 2168 :
2972 2113 3124 2184 quod
3176 2118 3372 2168 tamen
3417 2113 3613 2168 invitis
3649 2112 3734 2167 eis

2095 2200 2311 2255 factum
2333 2204 2421 2255 est
2441 2200 2512 2254 ad
2534 2199 2779 2271 gloriam
2812 2200 3066 2258 nominis
3095 2201 3224 2271 ejus
3246 2218 3318 2257 ne
3338 2218 3440 2275 per
3471 2201 3733 2257 fraudem

2095 2287 2385 2343 diceretur
2414 2303 2740 2360 resurgere.

2099 2377 2124 2430 1
2202 2376 2363 2447 Eripe
2391 2392 2477 2430 me
2501 2375 2566 2431 de
2597 2377 2836 2431 ini-micis
2864 2379 3018 2444 meis,
3051 2377 3190 2432 Deus
3218 2393 3369 2433 meus
3400 2394 3413 2432 :

2202 2466 2266 2519 Et
2292 2465 2359 2519 ab
2390 2465 2797 2533 insurgentibus
2828 2466 2887 2519 in
2911 2481 2997 2519 me
3026 2464 3201 2520 libera
3230 2482 3335 2521 me.

2168 2553 2209 2607 C
2244 2553 2389 2607 Petit
2418 2552 2754 2607 humanitas
2778 2553 2934 2608 verbi
2965 2569 3033 2608 ex
3062 2553 3425 2609 humanitate
3450 2554 3576 2610 sine
3612 2571 3736 2610 ma-

2100 2640 2232 2695 cula
2261 2644 2629 2712 peccatorum
2666 2656 2679 2693 :
2710 2639 3005 2695 diabolum
3033 2640 3121 2696 vel
3155 2641 3455 2697 ministros
3484 2643 3611 2712 ejus
3640 2643 3739 2698 Ju-

2101 2730 2253 2783 dazos
2283 2728 2463 2783 averti
2493 2745 2527 2784 a
2558 2744 2640 2783 se.
2672 2727 2787 2783 Nos
2817 2732 3008 2783 autem
3042 2728 3123 2785 sic
3150 2730 3402 2801 petimus
3457 2730 3687 2785 obnoxii
3721 2747 3734 2785 :

2101 2820 2172 2874 ab
2200 2818 2522 2873 immundis
2552 2816 2857 2888 spiritibus
2889 2818 3083 2873 divina
3113 2818 3510 2875 misericordia
3535 2818 3740 2875 libera-

2102 2907 2223 2963 ri.H
2259 2905 2484 2961 Inimici
2513 2905 2725 2961 Christi
2759 2906 2992 2961 fuerunt
3012 2905 3196 2961 Judaei
3229 2923 3241 2960 :
3276 2923 3409 2962 cum
3440 2907 3489 2961 ei
3524 2906 3740 2962 invide-

2102 2995 2244 3050 bant
2291 2992 2530 3049 occulte.
2566 2993 3008 3050 lnsurrexerunt
3038 3009 3051 3047 :
3086 3010 3219 3049 cum
3265 2994 3567 3066 praeceptis
3615 2995 3743 3066 ejus

320 3081 746 3173 tissimumﬁat
774 3102 1071 3175 significat
1098 3115 1206 3173 per
1228 3081 1401 3154 ﬂores
1431 3094 1871 3151 retributionem
1901 3094 2000 3150 bo-
2106 3081 2502 3175 Obvimferunt-

325 3212 576 3263 norum,
601 3168 709 3267 per
737 3168 975 3249 aculeos
1005 3168 1239 3261 poenam
1270 3184 1595 3252 malorum;
1621 3182 1803 3253 justis
1834 3181 2000 3237 floret
2104 3174 2138 3225 2
2212 3171 2374 3267 Eripe
2401 3168 2581 3267 me-de
2607 3169 2954 3267 operantibus
2983 3170 3333 3267 iniquitatem
3360 3186 3374 3224 :

326 3290 407 3346 ad
440 3276 1159 3352 ornatum,peccatoribus
1174 3273 1391 3347 prebet
1404 3271 1607 3345 spinas
1621 3270 1693 3326 ad
1710 3269 2000 3342 conﬁgen-

2215 3260 2277 3314 Et
2303 3258 2369 3313 de
2397 3260 2532 3313 viris
2557 3259 2890 3328 sanguinum
2916 3258 3069 3313 salva
3094 3275 3199 3314 me.

534 3372 579 3428 C
609 3341 918 3426 dicit-vero
952 3382 966 3422 :
1000 3341 1465 3428 Sicut-viventes,
1490 3360 1630 3432 quia
1656 3358 1844 3413 vivere
1874 3341 1993 3413 cre-
2025 3341 2069 3407 C
2175 3346 2217 3401 C
2242 3347 2365 3402 Duo
2394 3362 2606 3418 genera
2632 3345 3002 3401 inimicorum
3032 3346 3250 3418 posuit,
3292 3346 3511 3402 scilicet
3549 3346 3749 3434 inimif

330 3468 572 3522 duntur
600 3463 659 3516 et
689 3455 910 3514 mortui
942 3451 1311 3511 sunt.0mnis
1330 3450 1487 3506 enim
1509 3451 1775 3521 peccator
1794 3446 1853 3501 in
1875 3462 2003 3518 pec-

329 3555 492 3611 catis
540 3550 786 3621 degens,
818 3542 1047 3600 veritati
1097 3538 1364 3596 moritur.
1395 3536 1555 3593 Sicut
1594 3536 1653 3591 in
1696 3535 1783 3591 ira
1813 3552 1827 3591 τ
1857 3533 2001 3589 illud

332 3640 669 3715 signiﬁcat,
700 3634 843 3708 quia
871 3629 1161 3688 Dominus
1185 3644 1300 3683 non
1331 3626 1517 3715 iratus
1550 3642 1563 3679 :
1591 3630 1872 3696 tanquam
1892 3622 2005 3678 ira-

2107 3452 2205 3491 eos
2238 3434 2337 3507 qui
2367 3435 2630 3490 animum
2661 3438 2889 3490 tantum
2920 3434 3249 3489 habuerunt
3279 3435 3543 3503 nocendi,
3568 3442 3624 3491 et
3646 3433 3750 3507 qui

2101 3525 2226 3595 jam
2258 3523 2638 3595 insurgebant
2663 3538 2887 3590 nocere,
2918 3539 3072 3578 nunc
3124 3539 3257 3578 vero
3295 3522 3531 3578 tertium
3561 3539 3750 3596 genus

2109 3628 2310 3667 eorum
2344 3612 2443 3683 qui
2466 3612 2590 3682 jam
2622 3616 2937 3683 operantur
2974 3610 3217 3667 malum.
3250 3611 3294 3666 ll
3326 3610 3471 3674 Quia
3500 3608 3752 3683 operarii

330 3698 465 3797 tu‘s,
494 3698 738 3784 videtur
775 3724 1111 3795 peccatores
1159 3713 1486 3790 percellere.
1519 3713 1761 3781 Quando
1808 3716 2004 3767 autem
2112 3699 2437 3797 iniquitatis
2466 3699 2648 3797 cil'ecti
2680 3698 3390 3797 sunt(blf1ttti.n\11),
3423 3715 3634 3797 manus
3664 3716 3754 3754 ar-

333 3820 593 3879 additur
623 3831 638 3870 :
672 3810 962 3869 Absorbet
991 3823 1113 3875 eos,
1142 3806 1251 3861 hoc
1284 3802 1574 3877 significat
1623 3800 1883 3856 subitum
1914 3798 2005 3854 in-

339 3909 593 3966 teritum
624 3917 828 3960 eorum
861 3913 997 3954 cum
1020 3897 1189 3968 justa
1215 3892 1491 3948 vindicta.

338 4002 412 4055 10
491 3991 797 4052 La'tabitur
817 3988 1004 4059 justus
1030 4000 1155 4039 cum
1184 3981 1382 4038 viderit
1406 3978 1722 4035 vindictam.

490 4083 691 4139 Manus
719 4094 851 4135 suas
881 4073 1092 4131 lavabit
1120 4074 1178 4128 in
1204 4069 1476 4138 sanguine
1500 4068 1819 4140 peccatoris.

415 4174 465 4230 Η
500 4167 827 4227 Laetabitur
848 4165 1075 4236 justus,
1109 4158 1249 4231 quia
1279 4157 1514 4229 quando
1542 4155 1707 4227 impii
1731 4155 2010 4211 damnan-

338 4269 445 4319 tur
477 4261 539 4315 in
578 4255 792 4331 pceuis,
817 4250 971 4325 justi
1001 4248 1373 4305 latiticantur
1401 4244 1458 4300 in
1491 4244 1765 4317 praemiis.
1798 4244 1840 4298 C
1866 4244 2012 4299 Cum

2113 3792 2417 3844 maverunt
2446 3789 2515 3843 ad
2547 3789 2676 3859 ejus
2722 3787 3204 3845 interfectionem.
3236 3788 3355 3843 Viri
3396 3789 3752 3862 sanguinum

2115 3877 2371 3933 fuerunt.
2404 3893 2537 3932 cum
2570 3877 2913 3949 sanguinem
2963 3877 3110 3948 justi
3160 3892 3338 3949 super
3386 3893 3447 3933 se
3498 3890 3756 3947 suosque

2116 3964 2267 4020 ﬁlios
2289 3969 2598 4021 venturum
2622 3981 2750 4021 esse
2775 3970 3139 4038 Optaverunt.

2115 4053 2150 4106 3
2224 4054 2361 4120 Quia
2389 4069 2506 4109 ecce
2533 4062 2785 4124 ceperunt
2810 4056 3058 4110 animam
3085 4070 3283 4110 meam.

2223 4144 2506 4198 lin-uerunt
2536 4144 2595 4197 in
2621 4158 2707 4197 me
2733 4143 2917 4212 fortes.

2189 4233 2231 4288 C
2260 4231 2468 4287 Anima
2497 4231 2589 4286 hic
2621 4231 2832 4287 dicitur
2851 4231 2967 4286 vita
2988 4230 3303 4302 corporalis
3320 4247 3332 4285 :
3349 4233 3617 4284 carterum
3642 4227 3762 4283 ani-

340 4315 507 4408 enim
545 4315 794 4416 sanguis
817 4315 1145 4415 peccatoris
1171 4315 1510 4398 effunditur,
1538 4338 1677 4388 tunc
1706 4330 2011 4400 manus,id
2121 4336 2279 4376 mam
2311 4319 2522 4416 th'isti
2556 4318 2717 4416 nulla
2746 4319 2934 4416 potuit
2962 4318 3626 4416 adversitashoccupare,
3659 4315 3762 4414 sed

342 4404 460 4505 est,
493 4404 860 4504 actusvjusti
908 4424 1169 4483 hominis
1216 4423 1608 4494 corriguntur.
1641 4420 1827 4492 Impia
1855 4419 2012 4476 enim
2124 4408 2516 4505 Ber_animf1_“'_
2541 4411 2779 4505 θξίρίθω,
2800 4411 3035 4505 “Tim?
3056 4405 3421 4505 ﬁgendum.
3450 4404 3761 4505 Otiis'

344 4519 1077 4602 penunte,commonetur
1098 4514 1299 4586 justus
1321 4526 1383 4567 se
1403 4509 1633 4566 cautius
1656 4508 2019 4580 diligentius-

347 4632 469 4690 que
499 4609 826 4669 custodire.

349 4686 415 4762 tt
498 4702 582 4759 Et
608 4699 756 4755 dicet
782 4698 942 4753 homo
969 4694 1019 4749 si
1046 4693 1236 4764 utique
1261 4696 1341 4746 est
1367 4690 1581 4759 fructus
1597 4686 1747 4758 justo
1776 4702 1797 4741 :

505 4790 706 4862 Utique
727 4793 813 4844 est
836 4785 982 4841 Deus
1000 4780 1263 4855 judicans
1290 4793 1380 4835 eos
1407 4779 1469 4833 in
1498 4784 1663 4833 terra.

424 4881 473 4938 c
500 4861 647 4934 Vult
675 4875 773 4931 hic
802 4873 966 4931 enim
999 4870 1107 4927 hoc
1156 4864 1424 4939 intelligi,
1454 4863 1595 4938 quia
1640 4878 1746 4919 nec
1794 4861 1933 4918 mali
1965 4862 2025 4917 in

351 4972 469 5029 hoc
500 4963 723 5025 sacculo
754 4961 1001 5021 omnino
1031 4975 1064 5014 a
1085 4971 1257 5031 paena
1276 4958 1416 5010 sunt
1436 4949 1901 5023 liberi,quamvis
1923 4950 2025 5004 llo-

353 5075 486 5117 rere
514 5048 1002 5124 videantur,quia
1030 5047 1130 5121 qui
1162 5060 1281 5102 non
1310 5040 1639 5107 crediderit,
1652 5040 1779 5111 jam
1804 5038 2029 5110 judica-

352 5154 456 5206 tus
516 5148 628 5204 est.
672 5143 790 5201 Nec
849 5138 1032 5196 etiam
1090 5132 1229 5191 boni
1259 5127 1601 5189 abeneﬁcio
1658 5125 2027 5199 sequestrati,

352 5238 496 5295 licet
553 5229 886 5292 mundanis
943 5223 1218 5282 oneribus
1273 5219 1700 5293 opprimantur.
1759 5214 1806 5270 Η
1864 5214 2030 5270 Tunc

353 5327 471 5384 erit
501 5327 735 5382 fructus
758 5319 933 5392 justo
964 5331 979 5369 :
1013 5329 1148 5369 cum
1179 5311 1233 5367 ei
1264 5307 1549 5365 Dominus
1575 5320 1754 5377 regna
1783 5303 2031 5392 donave-

358 5416 452 5474 rit.
489 5414 579 5473 Illi
604 5390 1082 5481 ante‘judicium
1112 5400 1173 5456 in
1206 5398 1316 5455 hac
1345 5399 1502 5453 terra
1539 5392 1937 5481 judicanturi
1962 5390 2033 5446 de

358 5507 576 5581 quibus
606 5478 846 5560 dictum
879 5496 1011 5550 est:
1043 5489 1153 5557 Qui
1181 5504 1300 5545 non
1332 5481 1643 5543 crediderit
1659 5480 1785 5552 jam
1808 5478 2036 5551 judica-

351 5602 446 5657 tus
473 5600 568 5656 est
598 5594 796 5665 (Joan.
833 5586 947 5651 ιιι)-

842 5683 1047 5727 ΟθιἏτῘΟ
1085 5682 1156 5721 IX
1194 5677 1400 5721 PSALU.
1444 5672 1576 5715 LVII.

336 5775 699 5843 Justissime
735 5758 1019 5827 Domine,
1052 5752 1305 5814 concede
1335 5745 1551 5833 populo
1597 5749 1699 5805 tuo
1746 5743 1910 5818 sequi
1938 5744 2035 5817 ju-

2126 4500 2321 4555 Fortes
2356 4513 2369 4551 :
2404 4495 2701 4552 diabolum
2732 4494 3025 4567 signiﬁcat
3056 4492 3147 4548 hic
3177 4509 3311 4549 cum
3344 4492 3631 4549 ministris
3660 4491 3765 4548 Ju-

2126 4586 2286 4643 datis.

2050 4698 2096 4763 Β
2127 4678 2161 4732 4
2231 4681 2415 4748 Neque
2446 4674 2712 4747 iniquitas
2740 4688 2864 4728 mea
2891 4685 3060 4744 neque
3081 4674 3362 4742 peccatum
3406 4684 3608 4734 meum,
3655 4646 3769 4723 Do-

2305 4780 2455 4821 mme
2486 4779 2499 4819 Ζ

2237 4855 2368 4910 Sine
2397 4854 2691 4925 iniquitate
2716 4851 2939 4906 cucurri
2962 4856 3015 4906 et
3035 4847 3237 4904 direxi.

2204 4944 2245 4999 C
2274 4942 2560 5015 Iniquitas
2590 4940 2686 4996 hic
2714 4957 2818 5012 pro
2849 4936 3074 4994 malitia
3096 4934 3185 4992 vel
3208 4932 3615 4991 malevolentia
3632 4929 3778 4988 acci-

2134 5032 2347 5104 pienda
2372 5035 2494 5099 est;
2526 5033 2829 5102 peccatum
2859 5043 2992 5084 vero
3024 5042 3127 5098 pro
3157 5023 3488 5097 operatione
3518 5020 3774 5087 sceleris;

2136 5138 2264 5194 quae
2294 5119 2530 5176 omnino
2560 5135 2594 5173 a
2622 5117 2868 5174 Domino
2898 5115 3080 5171 fuisse
3116 5113 3439 5186 probantur
3485 5113 3774 5167 extranea.

2137 5209 2402 5265 Christus
2432 5208 2586 5265 enim
2620 5205 2978 5262 mundanam
3008 5204 3187 5259 vitam
3227 5206 3382 5258 recto
3413 5200 3649 5256 tramite
3677 5212 3777 5252 cu-

2139 5297 2453 5364 currit,nec
2482 5295 2566 5350 illi
2599 5294 2718 5350 ullo
2748 5293 2920 5350 modo
2949 5291 3139 5364 potuit
3168 5291 3401 5347 obviare
3447 5286 3729 5359 iniquitas
3764 5299 3778 5337 :

2140 5401 2266 5458 quis
2295 5387 2462 5440 actus
2490 5399 2723 5454 semper
2749 5379 3136 5437 humanitatis
3163 5376 3600 5450 intorquet.lloc
3624 5370 3779 5430 enim

2140 5473 2192 5529 ei
2221 5476 2346 5530 erat
2372 5471 2566 5544 dirigi,
2590 5470 2745 5526 unde
2769 5472 3007 5525 venerat
3032 5471 3099 5523 ut
3129 5465 3363 5522 rediret.

2140 5564 2177 5617 5
2247 5563 2492 5631 Exsurge
2519 5561 2580 5615 in
2607 5575 2888 5614 occursum
2915 5570 3099 5613 meum
3127 5558 3178 5609 et
3204 5554 3328 5609 vide
3356 5568 3370 5607 :

2250 5651 2314 5706 Et
2338 5658 2415 5715 tu,
2448 5649 2694 5719 Domine,
2725 5648 2863 5702 Deus
2890 5645 3177 5708 virtutum,
3207 5641 3350 5696 Deus
3376 5636 3564 5725 Israel.
3706 5711 3745 5725 υ

2215 5739 2261 5797 H
2290 5739 2374 5798 Ad
2400 5711 2633 5797 iPatrem
2664 5711 2759 5798 bis
2789 5733 3130 5811 loquiturza
3157 5744 3273 5803 quo
3302 5742 3364 5784 se
3389 5725 3449 5781 in
3478 5711 3785 5789 Evangelia
