3916 6348
371 444 491 510 927

1378 446 1862 514 suussn'rus
1907 447 1974 510 s.
2021 446 2094 511 Ρ..
2140 445 2212 510 E.
2257 441 2758 530 CABBINLLIB.

3700 446 3825 510 92ft

374 583 472 654 qui
493 597 564 638 en
588 596 694 639 son
714 583 905 656 temps
927 581 1196 654 regardat
1218 596 1444 638 comma
1463 580 1650 638 nulles
1673 581 1756 637 les
1777 581 2006 637 ordina-
2033 583 2090 649 Α
2187 581 2247 635 6°
2275 579 2577 638 ciaconius
2603 579 2776 654 (Rom.
2829 580 2986 638 Ροηε.
3015 577 3160 650 Vit,
3215 581 3264 637 t.
3296 577 3340 652 l,
3386 596 3453 656 p.
3505 580 3687 655 797),
3721 582 3817 640 Ol-

376 671 530 726 tions
557 670 974 744 simoniaques.
1008 669 1090 727 On
1125 688 1157 726 a
1183 687 1256 725 vu
1287 686 1398 742 que
1428 669 1480 726 Ie
1527 685 1674 742 pape
1703 666 1932 724 Nicolas
1961 667 2010 724 II

374 759 574 816 établit
600 758 658 814 la
687 761 872 815 meme
903 760 1075 815 chose
1098 760 1240 814 dans
1265 777 1341 814 un
1363 759 1434 814 de
1465 775 1557 814 ses
1582 759 1810 814 décrets
1841 757 2003 828 (BAL.

375 849 542 914 Μίδα,
573 852 615 903 t.
638 848 760 905 VII.
793 866 847 920 p.
879 851 968 914 68,
1003 865 1052 903 c.
1075 849 1130 920 9)
1156 867 1168 915 ;
1191 850 1248 902 et
1277 849 1618 920 peut-étrey
1641 845 1796 902 fut~il
1819 847 2006 902 deter-

376 937 530 993 mine
562 955 664 1008 par
691 937 976 1007 l'ouvrage
1005 936 1360 991 d’Humbert.

443 1030 542 1081 Cet
569 1042 836 1096 ouvragc,
863 1029 1030 1096 apros
1049 1029 1190 1091 lout,
1219 1029 1305 1080 est
1329 1025 1439 1080 fort
1462 1040 1668 1096 propre
1691 1027 1723 1078 ἐι
1757 1023 2007 1096 inspirer

375 1131 486 1170 une
517 1115 760 1168 horreur
788 1113 1063 1168 salutaire
1092 1131 1241 1185 pour
1269 1113 1324 1168 la
1365 1111 1609 1168 simonie
1637 1131 1650 1180 ;
1685 1115 1718 1166 ὰ
1765 1129 1835 1168 en
1867 1111 2005 1168 faire

372 1203 553 1260 sentir
573 1205 760 1257 toutes
777 1201 862 1257 los
884 1202 1064 1256 suitcs
1083 1201 1494 1274 pcrnicieuscs,
1518 1205 1570 1256 et
1593 1205 1626 1255 ἐι
1647 1199 2004 1256 montrerles

370 1293 584 1366 grands
634 1309 807 1346 maux
855 1290 1062 1362 qu’clle
1111 1293 1260 1344 ωτιῗὶ
1305 1290 1405 1344 des
1451 1289 1569 1344 lors
1615 1291 1820 1344 causes
1858 1289 2005 1344 dans

370 1368 618 1452 I'Eglise.
653 1379 696 1434 Il
729 1383 816 1434 est
846 1379 916 1434 de
937 1378 1068 1450 plus
1097 1379 1236 1434 écrit
1263 1395 1394 1432 avoc
1419 1395 1493 1432 un
1519 1377 1604 1433 air
1643 1378 1713 1432 de
1735 1377 1882 1450 piété
1905 1376 2004 1448 qui

367 1469 600 1533 touche,
625 1471 680 1523 et
701 1484 812 1522 une
833 1468 1114 1522 certaines
1129 1467 1400 1538 politesse
1413 1467 1509 1538 qui
1530 1466 1840 1538 n’étaitpas
1853 1465 2005 1521 alors

369 1571 700 1612 commune.
736 1555 775 1610 Il
808 1573 842 1627 Υ
870 1556 993 1610 ade
1022 1555 1374 1627 I‘éloqucnce
1405 1559 1459 1610 et
1490 1571 1602 1610 une
1632 1555 1852 1626 grande
1881 1556 2006 1610 éru-

371 1644 576 1700 dition.
610 1643 879 1698 L’autcur
905 1661 938 1716 γ
968 1643 1078 1698 cite
1127 1641 1508 1715 quelquefois,
1557 1642 1594 1696 il
1646 1647 1733 1698 est
1761 1643 1902 1710 vrai,
1935 1643 2004 1698 de

370 1732 598 1788 fausses
632 1732 841 1804 pisces,
875 1731 1040 1788 telles
1071 1747 1184 1802 que
1213 1731 1296 1786 les
1326 1729 1642 1786 décretales
1688 1730 2004 1787 attribuées

369 1838 481 1876 aux
511 1821 790 1892 premiers
838 1836 1036 1892 papes.
1079 1819 1120 1874 Il
1171 1823 1357 1891 parsit
1399 1817 1540 1890 qu'il
1591 1818 1743 1874 avait
1773 1823 2006 1874 surtout

367 1909 666 2012 beaucoup
694 1909 754 1964 lu
785 1909 870 2012 les
901 1907 1125 1980 poésies
1156 1909 1226 1964 de
1259 1909 1316 1964 S.
1350 1908 1614 1980 Prosper,
1658 1913 1714 1963 et
1753 1907 1892 1980 qu’il
1920 1907 2004 1964 les
2032 1947 2082 2012 B

365 1997 588 2070 goutait
617 1995 1116 2069 singulierement.

432 2089 492 2142 5°
526 2087 754 2155 Richcr,
785 2087 1178 2159 cbroniqueur
1207 2087 1277 2142 de
1305 2087 1562 2142 Senones
1596 2085 1844 2156 (Chron,
1875 2083 2000 2152 1.11,

365 2192 410 2229 c.
448 2176 556 2241 49),
585 2179 636 2230 et
669 2175 808 2230 Jcan
841 2177 912 2232 de
959 2175 1151 2248 Bayon
1198 2175 1418 2245 (CALM.,
1468 2173 1628 2239 ibid.,
1680 2191 1736 2245 p.
1769 2173 1880 2244 69),
1914 2176 1998 2228 at-

363 2264 1078 2320 tribuentaHumbertdes
1094 2262 1338 2334 bymnes
1355 2266 1412 2317 et
1431 2265 1625 2316 autres
1647 2261 1833 2332 pieces
1855 2277 2000 2333 pour

364 2353 448 2408 les
469 2353 664 2409 ofﬁces
690 2353 759 2406 de
781 2351 970 2407 divers
986 2351 1595 2414 saints,nommément
1615 2351 1673 2404 S.
1698 2347 1997 2420 Cyriaque,

365 2446 621 2512 martyr;
653 2441 710 2496 S.
743 2438 1034 2510 Grégoire,
1068 2455 1250 2510 pape;
1284 2438 1352 2505 S.‘
1379 2435 1628 2504 Hidulfe,
1669 2440 1724 2490 S.
1759 2436 1998 2501 Déodat,

365 2529 424 2585 S.
466 2527 804 2597 Colomban,
853 2527 1038 2582 sainle
1082 2525 1314 2591 Othilie,
1363 2525 1570 2597 vierge.
1620 2524 1694 2580 Ils
1741 2525 2000 2595 ajoutent

365 2616 766 2690 qu’Humbert,
793 2618 960 2686 apres
992 2614 1076 2670 les
1104 2613 1263 2670 avoir
1291 2614 1647 2684 composécs,
1679 2612 1764 2668 les
1785 2629 2001 2686 envoys.

362 2705 591 2762 ensuite
623 2707 656 2760 ὲ
691 2703 945 2770 Brunon,
976 2704 1190 2774 évéque
1218 2703 1288 2757 de
1319 2699 1488 2770 Toul,
1521 2705 1577 2756 et
1607 2701 1813 2772 depuis
1853 2717 2001 2773 pape

363 2811 502 2850 sous
531 2792 582 2848 le
612 2809 746 2848 nom
780 2791 850 2846 de
883 2792 1028 2846 Léon
1064 2790 1155 2858 IX,
1188 2791 1300 2845 afln
1334 2788 1471 2862 qu’il
1495 2788 1580 2844 les
1601 2793 1759 2846 notet
1779 2806 1846 2844 en
1872 2806 1998 2845 mu-

363 2882 549 2954 sique,
581 2898 654 2936 ou
687 2897 756 2935 en
781 2878 1166 2952 plain-ebant.
1191 2877 1338 2934 Mais
1357 2877 1602 2944 Wibert,
1627 2876 1906 2933 historien
1928 2877 1999 2932 de

363 2986 426 3026 cc
457 2985 622 3041 pape,
659 2967 756 3040 qui
777 2967 946 3022 vivait
977 2965 1046 3021 de
1075 2983 1178 3022 son
1209 2971 1416 3038 tcmps,
1440 2964 1521 3020 lui
1544 2966 1733 3020 donne
1759 2964 1999 3020 diserte-

365 3061 522 3114 ment
547 3072 641 3112 ces
667 3055 876 3128 pieces,
898 3057 1024 3110 tant
1043 3071 1190 3126 pour
1209 3053 1262 3110 le
1297 3055 1432 3109 fond
1469 3069 1582 3126 que
1603 3069 1749 3126 pour
1765 3053 1823 3110 la
1842 3057 1996 3110 note.

365 3131 557 3219 (Mm,
586 3145 724 3211 Act.,
758 3148 800 3198 t.
833 3143 921 3209 Ix,
953 3159 1006 3215 p.
1041 3143 1130 3210 64,
1173 3159 1232 3197 n.
1267 3142 1374 3214 13.)

362 3297 783 3308 .__—_———

361 3314 783 3326 ...η-ι*-

2116 667 2275 725 doini
2297 669 2438 741 (Ath.
2471 670 2646 736 Rom.,
2684 686 2743 742 p.
2767 668 2915 742 349.)
2955 671 3013 726 et
3047 667 3340 744 quelques
3381 674 3609 728 autres
3643 671 3815 728 attri-

2115 757 2296 814 buent
2320 757 2478 815 aussi
2503 761 2537 814 ὲ
2560 758 2846 814 Humbert
2866 776 2945 815 un
2966 758 3184 815 recueil
3195 759 3266 816 de
3279 759 3565 817 diversas
3589 758 3813 817 histoi-

2113 863 2204 901 res
2225 845 2398 918 qu'ils
2416 863 2486 902 ne
2512 847 2812 920 spéciﬁent
2831 847 2994 920 point
3013 851 3374 906 autrement.
3398 849 3815 924 Vassebourg

2113 933 2197 990 lui
2236 935 2427 991 donne
2451 952 2598 1008 pour
2625 934 2757 992 titre
2778 952 2790 991 :
2813 937 3086 992 Historia!
3107 935 3174 991 de
3193 938 3496 1007 Humbert,
3520 938 3810 996 cardinal

2111 1023 2176 1080 de
2207 1023 2372 1080 Sicile
2396 1029 2484 1091 ;ct
2505 1023 2557 1080 le
2577 1028 2781 1080 savant
2805 1024 2943 1080 dom
2963 1023 3190 1080 Calmet
3210 1042 3366 1084 unus
3397 1027 3637 1084 avertit
3659 1027 3806 1100 qu’il

2113 1111 2280 1185 s’agit
2300 1113 2369 1167 de
2389 1110 2670 1170 l’histoire
2687 1111 2788 1168 des
2808 1111 2989 1168 abbés
3011 1112 3083 1169 de
3105 1113 3617 1186 Moyenmoutier.
3647 1115 3804 1172 Mais

2109 1218 2259 1256 nous
2288 1217 2464 1257 avons
2495 1203 2722 1257 montré
2741 1215 2813 1256 en
2844 1217 2949 1258 son
2981 1199 3098 1256 lieu
3130 1203 3246 1274 que
3267 1206 3361 1258 cet
3381 1219 3666 1280 ouvrage
3694 1223 3802 1278 ap-

2112 1289 2364 1362 partient
2393 1294 2428 1345 a
2453 1287 2765 1356 Valcande,
2799 1287 2994 1346 moine
3035 1291 3110 1347 de
3157 1306 3223 1346 ce
3269 1295 3656 1362 monastere,
3693 1295 3796 1366 qui

2115 1378 2388 1434 florissait
2418 1382 2590 1434 avant
2619 1378 2921 1434 Humbert.

2181 1471 2241 1520 7°
2264 1469 2368 1524 Les
2399 1471 2635 1523 auteurs
2663 1467 2800 1538 déja
2819 1466 2982 1535 cités,
3024 1472 3082 1523 et
3129 1466 3392 1526 d’autres
3431 1473 3622 1542 apres
3656 1487 3797 1538 eux,

2112 1555 2343 1612 veulent
2371 1571 2575 1611 encore
2605 1554 2745 1612 faire
2774 1555 3046 1628 honneur
3073 1559 3108 1612 a
3129 1561 3297 1613 notre
3327 1557 3612 1615 cardinal
3651 1560 3796 1617 d’un

2114 1643 2526 1700 commentaire
2562 1659 2664 1716 sur
2693 1641 2750 1698 la
2777 1641 2934 1716 regis
2963 1641 3037 1700 de
3066 1643 3126 1701 S.
3159 1645 3486 1718 Augustin.
3522 1647 3691 1705 Mais
3719 1648 3798 1705 iis

2113 1731 2462 1787 confondent
2493 1730 2561 1786 ici
2593 1731 2896 1799 Humbert,
2924 1732 3146 1804 évéque
3183 1733 3258 1789 de
3285 1731 3798 1804 Blanche-Selve,

2113 1836 2248 1875 avec
2299 1819 2598 1887 Ilumbert,
2645 1819 2975 1892 cinquieme
3010 1820 3250 1894 general
3320 1823 3392 1878 de
3436 1821 3673 1896 l’ordre
3722 1825 3800 1882 de

2111 1907 2668 1980 Saint—Dominique,
2701 1907 2801 1981 qui
2829 1911 2919 1964 est
2946 1906 3000 1964 le
3048 1909 3332 1970 véritable
3361 1915 3582 1970 auteur
3615 1913 3697 1970 de
3728 1931 3800 1970 ce

2111 1997 2546 2052 commentaire.

2181 2087 2240 2139 8o
2270 2085 2434 2139 Enﬁn
2483 2083 2690 2140 Oldoni
2740 2084 2995 2142 attribue
3042 2102 3120 2142 au
3167 2087 3428 2144 cardinal
3478 2091 3800 2148 Humbert

2110 2191 2188 2228 un
2221 2172 2381 2235 écrit,
2413 2189 2482 2228 en
2516 2173 2714 2229 faveur
2742 2174 2813 2229 de
2838 2173 2896 2230 la
2921 2173 3198 2248 virginité
3222 2177 3584 2248 pcrpétuelle
3620 2179 3708 2236 de
3735 2179 3802 2236 la

2109 2263 2294 2318 sainte
2313 2261 2537 2332 Vierge,
2560 2264 2756 2318 contre
2775 2277 2920 2318 ceux
2940 2263 3042 2336 qui
3070 2262 3130 2319 la
3149 2264 3588 2323 combattaient.
3613 2267 3802 2325 G’est

2109 2367 2182 2404 au
2212 2353 2361 2406 reste
2381 2365 2443 2404 ce
2466 2347 2605 2420 qu’il
2628 2366 2699 2405 ne
2720 2366 2937 2422 prouve
2957 2350 3145 2423 point,
3176 2355 3233 2408 et
3252 2353 3353 2425 qui
3372 2368 3448 2409 ne
3471 2370 3540 2411 se
3560 2358 3800 2414 trouve

2109 2436 2282 2494 établi
2305 2437 2461 2493 nulls
2482 2441 2612 2510 part
2633 2436 2888 2494 ailleurs.
2911 2438 3060 2496 Mais
3076 2457 3152 2496 on
3167 2457 3240 2496 ne
3265 2445 3408 2516 peut
3426 2439 3520 2498 lui
3539 2443 3798 2501 refuser

2109 2526 2164 2582 la
2198 2525 2528 2581 traduction
2560 2525 2630 2581 de
2660 2524 2900 2584 lalettre
2919 2527 2996 2583 du
3017 2527 3352 2600 patriarche
3375 2529 3597 2588 Michel
3622 2536 3688 2588 et
3717 2534 3799 2590 de

2108 2613 2362 2684 l‘éveque
2400 2615 2544 2669 Léon
2575 2616 2610 2670 a
2635 2617 2777 2672 Jean
2809 2615 2881 2671 de
2918 2615 3122 2687 Trani,
3169 2616 3309 2674 tells
3355 2617 3582 2694 qu’elle
3621 2638 3690 2679 se
3727 2622 3795 2678 lit

2109 2705 2142 2758 ὂ.
2169 2701 2225 2758 la
2255 2704 2370 2758 tete
2391 2703 2460 2758 de
2482 2701 2540 2756 la
2555 2703 2796 2775 réponse
2826 2703 2970 2776 qu’il
2999 2721 3036 2778 Υ
3055 2704 3140 2774 ﬁt,
3165 2706 3424 2780 puisque
3438 2705 3792 2768 l'historien

2109 2791 2186 2846 du
2211 2808 2354 2864 pape
2375 2789 2528 2846 saint
2551 2791 2700 2846 Léon
2724 2791 2794 2848 IX
2815 2789 2970 2848 lalui
2991 2793 3208 2850 donne.
3225 2795 3594 2867 (MAB.,Act.,
3618 2803 3668 2853 t.
3687 2800 3791 2868 IX,

2107 2881 2276 2952 p.76,
2300 2897 2359 2934 n.
2381 2879 2462 2950 9.)
2493 2877 2579 2935 On
2609 2896 2644 2936 a
2669 2878 2755 2936 dit
2783 2880 2944 2936 aussi
2983 2881 3120 2954 plus
3151 2882 3302 2940 haut
3332 2900 3454 2956 que
3484 2885 3794 2944 Humbert

2109 2967 2262 3022 avait
2291 2967 2491 3024 dressé
2515 2966 2572 3023 la
2599 2967 2924 3040 profession
2955 2969 3030 3026 de
3060 2970 3138 3028 foi
3167 2987 3284 3044 que
3305 2971 3616 3049 Bérenger
3646 2993 3793 3034 sou-

2109 3054 2307 3111 scrivit
2336 3071 2406 3112 en
2440 3049 2599 3110 4059.

1107 3401 1609 3496 ΝΟΤΙΤΙΑ
1675 3401 1970 3494 ALIA

2181 3401 2206 3493 ἱ
2274 3401 2982 3499 GALLANDO.

1367 3605 1648 3675 (Biblioth.
1682 3613 1785 3662 vel.
1819 3609 1998 3673 Patr.,
2028 3604 2253 3678 Proleg.
2289 3605 2361 3662 ad
2395 3609 2536 3662 tom.
2569 3606 2738 3679 XIV.)

997 3850 1108 3944 .De
1137 3881 1466 3944 Humberto
1497 3881 1674 3946 Silvas
1703 3879 1990 3944 Candich
2017 3882 2282 3964 episcopo
2311 3881 2466 3944 etde
2493 3881 2708 3944 Niceta
2734 3882 3074 3946 Pectorato.

425 4059 922 4116 FuitHumbertus
937 4058 1259 4115 monachus
1271 4057 1564 4114 Tullensis
1577 4058 1800 4115 ordinis
1816 4059 1874 4115 S.
1894 4059 1994 4114 Be-
2021 4060 2065 4128 α
2103 4058 2286 4116 disset
2311 4057 2576 4115 libellum
2607 4061 2810 4114 contra
2835 4059 3093 4130 Latinos,
3126 4078 3304 4134 quem
3349 4063 3550 4124 habes
3594 4067 3786 4138 infra,

359 4146 568 4202 nedicti
580 4189 592 4201 .
613 4147 690 4202 Ex
709 4145 1083 4218 Lotharingia
1099 4147 1344 4202 Romam
1358 4147 1516 4202 venit
1531 4163 1666 4202 cum
1697 4148 1884 4203 Leone
1902 4147 1991 4214 IX,

357 4251 510 4290 anno
527 4235 680 4290 1049.
703 4235 833 4290 Mox
855 4233 1162 4288 cardinalis
1185 4238 1412 4290 creatus
1439 4234 1780 4292 Sublacensi
1802 4249 1992 4290 mona-
2021 4293 2028 4298 _

359 4322 536 4380 sterio
569 4323 902 4394 praeﬁcitur.
932 4323 1065 4378 Erat
1093 4322 1286 4378 Grazce
1311 4323 1520 4380 doctus
1545 4341 1556 4378 :
1577 4323 1822 4395 ideoque
1843 4339 1994 4378 anno

358 4411 498 4467 4043
531 4411 730 4468 Latine
760 4411 928 4466 vertit
955 4411 1230 4483 epistolas
1261 4412 1468 4468 Leonis
1501 4411 1771 4468 Acridani
1800 4416 1858 4467 et
1887 4411 1994 4466 Mi-

358 4499 579 4558 chaelis
611 4499 889 4558 Cerularii
921 4500 991 4556 ad
1014 4500 1296 4556 Joannem
1319 4501 1696 4557 Tranensem.
1718 4500 1862 4556 Cum
1883 4499 1996 4572 epi-

359 4604 569 4662 scopus
581 4589 746 4646 Silvae
761 4587 1028 4644 Candidas
1043 4588 1383 4661 designatus
1407 4589 1634 4656 fuisset,
1663 4587 1996 4660 insequenti

358 4695 510 4734 anno
526 4679 660 4733 1055
681 4676 934 4732 mittitur
945 4676 1172 4750 legatus
1187 4677 1747 4749 Constantinopolim
1763 4677 1836 4733 ad
1851 4693 1996 4732 com-

357 4767 712 4837 pescendam
726 4765 1091 4821 schisma.Re
1109 4765 1320 4821 infecta
1339 4765 1580 4822 Romam
1601 4782 1866 4823 reversus
1885 4768 1993 4822 est.

359 4853 518 4906 Anno
551 4853 688 4906 4059
719 4853 829 4906 sub
860 4851 1094 4909 Nicolao
1143 4869 1292 4924 papa
1339 4854 1736 4926 composuisse
1782 4853 2000 4910 dicitur

361 4937 676 4992 formulam
705 4940 1088 5007 sbjurationis
1127 4941 1476 5012 Berengarii,
1510 4946 1568 4998 et
1612 4949 1744 5014 post
1773 4957 1994 4997 annum

362 5024 614 5096 denique
645 5026 784 5078 1064
813 5025 1044 5084 obiisse.
1086 5029 1230 5084 Cum
1279 5034 1432 5084 esset
1476 5029 1993 5101 Constantinopoli,

361 5116 598 5184 rogat-us
631 5127 665 5165 a
682 5112 1059 5170 Constantino
1079 5116 1460 5172 Monomacho
1483 5116 1719 5188 scripsit
1737 5118 1997 5187 disputa-

359 5197 579 5255 tionem
609 5197 760 5252 inter
807 5197 1132 5256 Romanum
1161 5207 1218 5257 et
1263 5201 1990 5274 Constantinopolitanum.

362 5286 624 5356 Cumque
642 5284 869 5340 Nicetes
890 5290 1223 5344 Pcctoratus
1251 5287 1539 5344 Simeonis
1551 5291 1808 5360 junioris
1829 5291 1996 5348 disci-

364 5371 562 5446 pulus,
584 5375 642 5426 et
658 5370 718 5426 in
743 5372 1000 5428 coenobio
1021 5374 1213 5430 Studil
1234 5375 1553 5432 monachus
1574 5376 1850 5435 infamem
1873 5381 1991 5436 edi-

2101 4147 2258 4202 hunc
2285 4146 2557 4202 eumdem
2569 4147 2780 4204 acriter
2790 4147 3112 4206 confutavit
3126 4147 3514 4212 Humbsrtus.
3539 4152 3790 4214 Accidit

2101 4235 2211 4292 hoc
2240 4239 2372 4292 ante
2401 4237 2622 4292 annum
2661 4253 2720 4292 ιι
2760 4235 3150 4294 Menemachi.
3203 4235 3481 4314 Namque
3511 4257 3588 4302 eo
3620 4263 3788 4304 anno

2103 4340 2238 4380 cum
2263 4323 2357 4380 die
2385 4323 2510 4396 ipso
2541 4323 2600 4380 S.
2629 4325 2875 4382 Joannis
2903 4325 3178 4399 Baptista:
3207 4330 3575 4389 accessisset
3597 4333 3793 4392 Hum-

2103 4414 2302 4469 bertus
2332 4412 2634 4484 ceterique
2663 4411 2838 4486 legati
2867 4415 2942 4470 a‘d
2979 4415 3273 4474 Studense
3302 4423 3790 4490 monasterium,

2102 4502 2437 4557 Pectoratus
2465 4515 2639 4579 suum
2662 4499 2832 4558 illum
2851 4501 3136 4560 intamdm
3155 4503 3704 4569 anathematizauit
3723 4513 3795 4568 li-

2101 4588 2320 4645 bellum
2347 4605 2360 4644 :
2384 4589 2538 4660 quod
2557 4589 2838 4662 postridie
2857 4591 2987 4663 ejus
3007 4591 3123 4648 diei
3157 4593 3377 4652 iterum
3415 4591 3590 4656 fecit.
3629 4599 3792 4658 Hinc

2103 4679 2176 4734 ab
2187 4677 2273 4734 eis
2294 4677 2354 4733 in
2367 4677 2839 4735 communionem
2859 4685 3150 4753 receptus,
3174 4683 3422 4741 effectus
3443 4691 3541 4744 est
3563 4698 3794 4746 eorum

2104 4765 2423 4824 famaliaris
2443 4767 2690 4823 amicus.
2715 4771 2923 4824 Utrum
2939 4771 3402 4842 perseveraverit
3421 4773 3794 4836 Graecorum

2102 4854 2304 4912 laudes
2332 4855 2394 4910 in
2442 4854 2846 4928 suspicionem
2877 4854 3199 4914 adducunt.
3249 4857 3794 4924 Commenta-ium

2103 4960 2337 5016 quoque
2365 4953 2566 5000 eorum
2595 4953 2723 5016 qua;
2749 4948 2954 5002 contra
2997 4945 3345 5004 Michaele'm
3379 4949 3800 5029 reliquosque

2103 5032 2175 5088 ab
2207 5031 2595 5104 apocrisiariis
2623 5036 2788 5106 gesta
2813 5038 2972 5103 sunt,
3003 5031 3242 5107 scriptis
3271 5041 3798 5103 antecedentibus

2103 5119 2518 5209 subjunsimus
2529 5136 2599 5176 ex
2608 5121 2840 5178 Casinio
2855 5120 3224 5194 Basnagiano
3245 5125 3628 5203 desumptis.
3647 5136 3801 5209 Agi-

2099 5212 2198 5264 tur
2217 5209 2276 5264 in
2298 5207 2418 5265 illis
2442 5210 2556 5266 :D‘e
2580 5226 2781 5284 azyma
2801 5209 3148 5284 prasertim,
3173 5213 3246 5270 de
3267 5215 3564 5276 caelibatu
3593 5207 3804 5280 succr-

2103 5295 2304 5352 dotum
2331 5301 2392 5354 et
2417 5297 2816 5355 observatione
2859 5294 3100 5356 Sabbati
3147 5301 3211 5358 in
3264 5304 3796 5383 Quadragesims.
