3916 6360
142 437 251 499 929

141 572 377 583 .__.,_.._._.

1192 592 1603 599 «ἦ.

1104 434 1524 504 ADVERSUS
1574 443 2023 507 Gil/ECORUM
2072 445 2552 509 CALUMNIAS.

1610 596 1681 600 -___.
1734 597 1793 599 A‘
1834 596 2279 603 ._.—__—.._..-.._._.-
2286 598 3195 606 *Μὴν-

3410 452 3526 512 930

2048 580 3525 608 mm

1204 706 2446 876 HUMBERTUS

1369 976 1731 1067 SILVE
1788 951 2301 1069 CANDIDAZ-

285 1162 1192 1288 ADVERSUS
1292 1163 2280 1291 GR/ECORUM
2372 1152 3391 1295 GALUMNIAS.

1197 1360 1507 1432 (GALLAND,
1530 1362 1790 1419 Biblioth.
1826 1366 1910 1418 vet
1939 1368 2094 1419 Patr.
2131 1361 2276 1432 IXV,
2312 1362 2459 1434 192.)

1610 1496 2029 1509 .-.---

142 1593 480 1660 Calumnia
510 1594 983 1685 episcoporum
1010 1594 1343 1683 Michaelis
1372 1598 2127 1681 Constantinopolitani,
2154 1601 2217 1662 et
2266 1598 2509 1662 Leonis
2561 1596 2866 1662 Arridani
2908 1600 3267 1681 [Acridani]
3318 1601 3540 1685 pervi~

226 1685 462 1749 caciter
502 1684 975 1769 exhalantium
1013 1685 1365 1769 pestiferas
1392 1689 1656 1751 meﬁtes
1686 1688 2071 1770 (mephites)
2095 1688 2512 1751 diversarum
2544 1687 2919 1765 haereseon,
2966 1692 3289 1754 adversus
3319 1693 3545 1755 saneta

236 1772 597 1837 Romanam
639 1772 1006 1837 Ecclesiam
1047 1776 1610 1858 apostolicamque
1649 1779 1904 1850 sedem,
1947 1777 2085 1840 imo
2125 1781 2355 1840 contra
2388 1796 2660 1840 omnem
2695 1777 2996 1842 Latinam
3064 1786 3123 1841 et
3159 1777 3544 1845 Occidenta-

230 1861 357 1953 lem
398 1862 785 1953 Ecclesiam.
831 1862 991 1953 Haec
1016 1864 1291 1946 quidem
1329 1865 1692 1944 calumnia,
1765 1865 1991 1929 (ἴγδειεο
2031 1884 2341 1929 sermone
2376 1867 2577 1940 edita,
2624 1874 2682 1929 et
2752 1867 2987 1932 Jonnnl
3060 1868 3388 1934 Kuuuensi
3456 1866 3544 1953 (6)

231 1950 633 2032 episcopoin
676 1952 1205 2032 suggilationem
1267 1954 1575 2034 omnium
1643 1954 2039 2019 Latinorum
2117 1955 2393 2035 directa,
2455 1974 2609 2018 cum
2681 1957 2909 2020 fuisset
2984 1958 3182 2021 Τι’δηί
3242 1950 3544 2023 exhibita

232 2039 417 2103 fratri
450 2038 843 2117 Humberto,
878 2046 1123 2105 sanctae
1163 2040 1475 2107 Ecclesiae
1508 2043 1705 2108 Silsz
1764 2042 2071 2108 Candida?
2140 2045 2480 2129 episcopo,
2545 2045 2611 2107 in
2683 2044 2993 2109 Latinum
3064 2052 3163 2110 est
3218 2047 3543 2113 translata

232 2132 376 2211 ejus
417 2130 661 2205 studio,
705 2135 905 2212 atque
934 2131 1149 2194 delata
1170 2132 1448 2197 domino
1480 2132 1683 2197 Leoni
1726 2152 1931 2197 nono.
1969 2131 2127 2210 Quaa
2168 2134 2368 2197 etiam
2403 2135 2508 2196 hic
2535 2134 2612 2196 ad
2674 2136 3002 2213 cautelam
3058 2135 3429 2201 multorum
3478 2142 3544 2202 et

234 2219 558 2293 notitiam,
587 2237 720 2282 non
766 2223 992 2284 autem
1022 2221 1102 2285 ad
1133 2221 1491 2287 utilitatem
1524 2222 1818 2306 aliquam
1852 2222 2129 2299 inserta,
2172 2223 2430 2287 cunctis
2472 2223 2643 2286 scire
2675 2224 3055 2290 volentibus
3102 2225 3391 2290 ﬁdeliter
3442 2232 3545 2291 est

233 2311 647 2372 conservata.

216 2437 432 2494 MICAEL
461 2437 805 2494 universalis
860 2439 1190 2510 patriarcha
1246 2458 1402 2495 novre
1449 2442 1664 2509 Romae,
1724 2446 1780 2497 et
1810 2444 1863 2509 Α
1894 2442 1979 2496 dit
2008 2443 2303 2512 quomodo
2333 2458 2402 2497 ea
2431 2459 2559 2513 qua:
2600 2442 2822 2497 Veteris
2882 2444 3124 2499 fuerunt
3181 2444 3551 2501 Testamenti

143 2527 259 2582 Leo
279 2526 749 2600 archiepisc0pus
770 2528 984 2583 Arridae
1008 2528 1265 2598 [Acridae]
1292 2529 1626 2602 metropolis
1646 2529 1781 2587 Bul-

140 2632 439 2687 garorum,
471 2614 681 2671 dilecto
714 2616 873 2670 fratri
905 2616 1111 2672 JOANNI
1158 2618 1453 2673 Kanncnsi
1484 2620 1778 2690 episcopo.

218 2705 255 2759 Ι.
289 2703 388 2759 Dei
422 2720 636 2778 magna
665 2703 895 2760 dilectio
926 2710 983 2760 et
1030 2706 1295 2777 jucunda
1341 2706 1781 2778 compositionis

136 2793 360 2849 viscera
380 2792 586 2849 ﬂexere
617 2810 723 2848 nos
753 2794 1008 2849 scribere
1058 2795 1130 2850 ad
1168 2798 1330 2850 tuam
1388 2796 1780 2863 sanctitatem,

140 2889 203 2937 et
249 2898 349 2954 per
394 2887 449 2937 te
479 2882 550 2939 ad
588 2881 886 2937 universos
943 2882 1235 2955 principes
1287 2884 1660 2940 sacerdotum
1728 2890 1784 2939 et

140 2970 471 3028 sacerdotes
511 2972 886 3037 Francorum,
914 2976 971 3027 et
1002 2972 1321 3028 monachos
1351 2978 1407 3029 et
1428 2972 1694 3045 populos,
1727 2978 1785 3028 et

144 3060 221 3117 ad
251 3062 447 3134 ipsum
478 3060 1035 3116 reverendissimum
1068 3078 1301 3133 papam,
1361 3066 1417 3117 et
1473 3061 1787 3118 memorari

138 3151 214 3205 de
272 3149 491 3222 azymis
543 3154 601 3205 et
629 3148 913 3216 sabbatis,
982 3166 1108 3221 quae
1167 3150 1407 3222 mystice
1454 3150 1791 3207 indecenter

140 3238 474 3304 custoditis,
508 3242 564 3293 et
593 3236 1043 3293 communicatis
1071 3238 1311 3294 Judaeis.
1337 3239 1563 3293 Etenim
1588 3256 1790 3312 azyma

139 3333 203 3384 et
235 3327 483 3383 sabbata
513 3325 624 3398 ipsi
656 3325 950 3383 custodire
981 3350 1013 3386 a
1051 3326 1246 3400 Moyse
1267 3328 1422 3398 jussi
1456 3332 1630 3385 sunt:
1686 3346 1787 3384 no-

144 3422 341 3473 strum
371 3432 505 3471 vero
527 3415 746 3487 pascha
775 3414 1043 3470 Christus
1073 3421 1182 3471 est.
1220 3415 1351 3482 Qui,
1383 3420 1448 3471 ut
1471 3433 1594 3471 non
1618 3418 1789 3487 juxta

140 3506 336 3579 legem
368 3503 726 3561 inveniretur
756 3502 1145 3569 adversarius,
1177 3509 1235 3561 et
1254 3504 1636 3561 circumcisus
1676 3510 1784 3572 est,

138 3598 201 3650 et
232 3592 416 3666 legale
446 3592 663 3666 pascha
693 3591 999 3648 celebravit
1029 3590 1323 3664 primitus.
1349 3591 1460 3660 Sic,
1487 3591 1584 3649 illo
1607 3593 1790 3650 disce-

136 3683 338 3751 dente,
373 3686 638 3738 nostrum
672 3699 883 3737 novum
916 3684 1189 3752 operatus
1218 3685 1326 3737 est.
1358 3681 1425 3736 Et
1461 3681 1571 3738 hoc
1602 3683 1787 3738 mani-

1891 2546 2211 2585 cessavere.
2243 2531 2500 2601 Aspicite
2529 2531 2822 2601 quomodo
2856 2549 3065 2604 panem
3100 2549 3311 2604 corpus
3372 2551 3547 2589 suum

1892 2618 2002 2671 sub
2034 2618 2189 2673 Novo
2222 2619 2597 2673 Testamento
2624 2620 2860 2673 vocavit.
2896 2620 3013 2674 Nos
3044 2621 3281 2692 quidem
3327 2640 3539 2694 panem

1892 2723 1996 2760 nos
2022 2715 2171 2777 ἄρτον
2201 2707 2473 2761 dicimus.
2505 2722 2677 2779 Ἀρτος
2707 2713 2901 2763 autem
2922 2709 3338 2780 interpretatur
3356 2712 3539 2767 eleva-

1887 2796 1975 2848 tus
2005 2799 2055 2849 et
2084 2811 2302 2849 sursum
2325 2798 2569 2865 portatus
2599 2813 2634 2851 a
2685 2798 2950 2866 [eratante
2994 2805 3046 2852 et
3097 2799 3238 2864 sale,
3296 2800 3537 2856 calorem

1888 2892 1939 2939 et
1968 2884 2329 2938 elevationem
2353 2884 2575 2939 habens.
2597 2886 2823 2957 Azymze
2854 2890 3049 2940 autem
3084 2886 3229 2941 nihil
3257 2886 3536 2944 distenta

1892 2970 2084 3044 lapide
2110 2972 2234 3027 sine
2252 2972 2469 3037 anima,
2494 2978 2550 3026 et
2566 2971 2902 3027 lutolateris
2917 2972 3190 3029 deorsum
3212 2975 3536 3045 conjunctae

1893 3065 2058 3115 terrae
2092 3066 2148 3115 et
2178 3062 2328 3116 sicco
2361 3060 2483 3116 luto
2516 3067 2886 3133 comparatae.
2923 3064 3080 3127 Quas
3119 3063 3350 3136 Moyses
3402 3080 3539 3119 cum

1897 3149 2390 3206 amaritudinibus
2422 3151 2723 3205 comedere
2757 3151 2991 3206 miseris
3018 3151 3238 3207 Judaeis
3270 3153 3450 3208 semel
3481 3154 3541 3208 in

1897 3255 2051 3294 anno
2080 3238 2266 3309 legem
2298 3239 2630 3307 constituit;
2663 3239 2938 3310 quoniam
2971 3240 3138 3294 malae
3158 3241 3451 3311 passionis
3482 3247 3541 3296 et

1897 3325 2294 3382 tribulationis
2323 3326 2591 3398 symbola
2619 3331 3140 3391 sunt;atnostrum
3168 3328 3540 3400 paschagau-

1896 3414 2061 3469 dium
2092 3420 2150 3469 et
2169 3414 2369 3469 laetitia
2398 3419 2586 3469 totum
2636 3420 2743 3481 est,
2777 3420 2835 3470 et
2863 3414 3063 3470 extolit
3100 3432 3205 3471 nos
3255 3416 3327 3470 ab
3360 3416 3539 3471 humo

1897 3507 2132 3574 prepter
2162 3502 2445 3574 gaudium
2487 3503 2557 3557 ad
2589 3500 2821 3566 cmlum,
2863 3503 3014 3558 sicut
3046 3507 3104 3557 et
3160 3505 3538 3573 fermentum,

1897 3596 2132 3662 propter
2156 3590 2457 3663 proprium
2479 3589 2751 3658 calorem,
2786 3607 3017 3663 panem,
3051 3590 3150 3663 qui
3184 3593 3350 3663 panis
3381 3594 3541 3648 omni

1896 3679 2179 3735 suavitate
2208 3679 2462 3751 repletus
2492 3683 2600 3735 est.
2633 3680 2859 3752 Azymas
2880 3696 3014 3735 vero
3035 3698 3223 3751 neque
3238 3682 3541 3755 sal,neque

139 3773 359 3828 festum
391 3778 479 3827 est
506 3771 568 3827 in
599 3770 907 3841 Evangelio
939 3770 1264 3870 secundum
1298 3770 1631 3826 Matthaeum
1660 3789 1672 3837 ;
1716 3772 1788 3827 de
1823 3806 1869 3870 Β
1900 3768 2249 3870 fermentum
2283 3767 2583 3870 habentes,
2618 3766 2811 3870 lutum
2841 3773 2929 3867 est
2959 3769 3212 3870 aridum.
3424 3789 3539 3827 non

132 3860 388 3932 mystica
401 3876 565 3916 cmna
582 3859 823 3931 loquens
841 3857 1308 3929 evangelista,sic
1326 3859 1788 3931 quoqueinquit:

139 3971 162 3999 α
205 3948 402 4006 Prima
431 3954 625 4009 autem
660 3949 753 4003 die
784 3964 1121 4019 azymorum
1172 3963 1468 4004 accessere
1519 3948 1790 4021 discipuli

126 4038 209 4093 ad
244 4038 451 4094 Jesum
480 4037 741 4092 dicentes
770 4035 822 4090 ei
848 4053 861 4091 :
897 4033 1004 4091 Ubi
1032 4034 1118 4093 vis
1149 4052 1424 4107 paremus
1470 4036 1575 4092 tibi
1606 4053 1792 4111 come-

129 4128 277 4182 dere
308 4125 693 4198 pascha?0ui
724 4123 838 4180 ait:
874 4126 953 4180 Ite
1008 4124 1081 4179 ad
1134 4124 1430 4181 civitatem
1481 4130 1548 4180 ad
1585 4142 1789 4198 quem-

122 4217 295 4283 dam,
329 4219 386 4271 et
415 4214 586 4270 dicite
603 4213 686 4270 ei:
722 4214 980 4284 Tempus
1007 4229 1205 4269 meum
1227 4230 1405 4286 prope
1436 4218 1543 4282 est,
1558 4216 1710 4287 apud
1736 4220 1789 4271 te

121 4305 287 4361 facio
320 4304 539 4377 pascha
569 4320 701 4359 cum
727 4301 1035 4374 discipulis
1066 4303 1233 4365 meis.
1272 4326 1298 4351 »
1344 4304 1413 4358 Et
1442 4307 1576 4376 post
1605 4304 1788 4377 pusil-

120 4395 296 4449 lum:
332 4416 361 4443 ‹‹
395 4397 646 4464 Vespere
677 4396 873 4447 autem
906 4391 1056 4446 facto
1072 4390 1479 4448 discumdebat
1496 4410 1627 4448 cum
1651 4394 1790 4451 duo-

119 4481 348 4537 decim.
382 4484 470 4552 Et,
498 4479 805 4536 edentibus
836 4479 974 4546 illis,
1008 4479 1190 4535 dixit:
1223 4469 1429 4548 Amen,
1466 4498 1635 4537 amen
1659 4482 1786 4538 dico

117 4570 321 4636 vobis,
357 4570 495 4642 quia
523 4585 678 4625 unus
709 4574 966 4624 vestrum
1002 4584 1097 4623 me
1127 4568 1451 4625 traditurus
1509 4574 1618 4625 est.
1652 4593 1681 4620 »
1720 4572 1787 4627 Et

112 4664 264 4732 post
296 4658 600 4731 pusillum,
634 4658 860 4713 dicente
888 4656 1067 4713 Juda:
1104 4680 1131 4706 ‹‹
1165 4658 1461 4729 Numquid
1492 4674 1595 4731 ego
1627 4676 1782 4727 sum,

117 4747 355 4803 Rabbil
388 4769 417 4798 »
445 4748 591 4803 dixit
617 4748 668 4803 ei
694 4764 707 4802 :
734 4770 761 4796 ‹‹
793 4747 879 4802 Tu
911 4745 1126 4801 dixisti.
1166 4768 1194 4795 »
1239 4746 1361 4802 Huc
1394 4764 1650 4819 usque,o
1683 4748 1784 4805 Dei

114 4837 425 4909 homines,
455 4836 726 4893 universa
753 4835 959 4908 legalis
985 4836 1217 4907 pascha
1248 4840 1406 4892 sunt.
1453 4837 1665 4893 Deinde
1717 4855 1785 4896 ea

113 4944 257 4999 quae
274 4926 506 4998 mystici
527 4930 585 4981 et
614 4925 799 4981 nostri
827 4928 964 4981 sunt
986 4924 1214 4981 addidit
1231 4924 1610 4999 ;evangelista
1623 4928 1781 4983 enim

112 5014 278 5070 dixit
304 5031 316 5070 :
342 5036 371 5064 «
405 5014 721 5071 Edentibus
735 5012 1080 5079 autemillis,
1112 5013 1334 5086 accepit
1356 5014 1528 5070 Jesus
1550 5032 1780 5087 panem,

108 5103 305 5176 fregit
334 5107 392 5158 et
421 5102 581 5161 dedit
610 5102 918 5175 discipulis
950 5100 1093 5169 suis,
1119 5106 1175 5158 et
1205 5102 1388 5157 dixit:
1423 5104 1679 5175 Accipite
1727 5108 1783 5161 et

1900 3856 2150 3913 audistis
2174 3857 2374 3913 Jesum
2409 3857 2694 3913 dicentem
2729 3858 3036 3929 discipulis
3066 3860 3210 3914 suis.
3269 3859 3414 3922 Quia
3451 3877 3542 3916 vos

1897 3947 2026 4001 estis
2046 3946 2130 4001 sal
2159 3949 2360 4001 terrae?
2389 3947 2458 4001 Et
2482 3946 2757 4017 quoniam
2793 3945 2988 4003 Simile
3014 3955 3092 4002 est
3121 3964 3347 4018 regnum
3377 3950 3539 4005 coelo-

1900 4052 2026 4090 rum
2052 4037 2337 4107 fermento,
2369 4034 2510 4106 quod
2552 4036 2825 4106 accipiens
2886 4037 3090 4091 mulier
3147 4037 3426 4094 abscondit
3486 4040 3544 4093 in

1896 4126 2104 4195 farina?
2131 4126 2261 4179 satis
2278 4124 2475 4189 tribus,
2507 4139 2678 4195 usque
2705 4123 2835 4178 dum
2872 4127 3294 4195 fermentaretur
3342 4130 3547 4181 totum?

1899 4212 2200 4268 Mulierem
2227 4217 2492 4268 sanctam
2517 4212 2831 4268 Ecclesiam
2846 4218 3029 4269 vocat.
3045 4214 3196 4270 Satis
3211 4231 3344 4270 vero
3358 4216 3548 4271 tribus

1898 4301 2088 4357 modis
2120 4301 2378 4374 repletis,
2416 4302 2640 4357 Patrem
2672 4305 2729 4357 et
2756 4302 2968 4357 Filium
3000 4308 3057 4357 et
3099 4303 3382 4375 Spiritum
3418 4321 3549 4359 san-

1895 4395 2088 4447 ctum:
2122 4407 2374 4463 quorum
2396 4406 2769 4462 nequaquam
2803 4390 3106 4446 lutulentae
3136 4408 3348 4465 azyma)
3398 4396 3540 4448 sunt

1897 4480 2234 4552 participes.
2278 4479 2429 4534 Dicit
2458 4479 2612 4535 enim
2646 4484 2703 4534 et
2731 4480 2910 4535 David
2966 4480 3036 4535 de
3090 4480 3353 4535 Christo:
3388 4482 3463 4536 Tu
3489 4496 3543 4535 es

1892 4568 2138 4624 sacerdos
2170 4572 2226 4624 in
2284 4571 2562 4625 aeternum
2603 4568 2898 4623 secundum
2955 4569 3203 4624 ordinem
3261 4568 3537 4625 Melchise-

1893 4658 2041 4713 dech.
2077 4657 2182 4724 Qui
2206 4662 2340 4713 ante
2370 4657 2662 4712 Abraham
2694 4661 2749 4713 et
2780 4657 3035 4729 Moysen,
3061 4656 3188 4712 coeli
3210 4661 3268 4713 et
3295 4661 3463 4713 terra:
3480 4661 3539 4713 et

1893 4751 2229 4801 caaterarum
2261 4751 2661 4802 creaturarum
2694 4762 3018 4818 agnoscens
3069 4746 3273 4813 Deum,
3330 4763 3534 4802 exsur-

1892 4851 2034 4906 gens
2064 4834 2277 4891 obtulit
2306 4834 2389 4889 illi
2413 4851 2617 4906 panem
2650 4842 2707 4890 et
2736 4835 2956 4890 vinum.
2991 4836 3121 4890 Ideo
3152 4834 3541 4891 dicitdivinus

1890 4924 2233 4996 Apostolus:
2262 4947 2288 4973 ‹‹
2317 4922 2599 4987 Quoniam
2613 4923 3103 4979 siconsummatio
3126 4923 3539 4995 perleviticum

1891 5012 2278 5068 sacerdotium
2299 5016 2442 5079 erat,
2467 5029 2580 5066 non
2601 5013 2923 5068 secundum
2947 5013 3214 5069 ordinem
3244 5012 3543 5069 Melchise-

1889 5102 2033 5157 dech
2065 5103 2334 5157 sacerdos
2360 5102 2627 5158 Christus
2671 5101 2898 5157 dicetur
2947 5104 3130 5174 (Hebr.
3204 5121 3307 5169 v11,
3367 5104 3476 5172 tl).
3514 5125 3541 5152 ››

108 5175 457 5259 comedite;
491 5191 599 5248 hoc
631 5196 721 5247 est
741 5208 949 5264 corpus
982 5207 1200 5258 meum,
1245 5192 1400 5263 quod
1458 5208 1562 5263 pro
1618 5192 1781 5249 vobis
1811 5175 1853 5241 C
1893 5192 1961 5247 Et
1991 5191 2131 5263 quia
2166 5214 2185 5239 ι
2213 5189 2495 5245 translato
2526 5191 2850 5247 sacerdotio
2883 5207 3122 5247 necesse
3155 5197 3245 5247 est
3281 5196 3343 5246 ut
3393 5191 3538 5260 legis

107 5282 418 5337 tradetur.
451 5285 521 5336 Et
551 5281 843 5353 accipiens
872 5279 1136 5347 calicem,
1156 5279 1380 5357 gratias
1396 5280 1533 5352 egit,
1547 5286 1601 5336 et
1623 5281 1784 5357 dedit

103 5369 272 5439 illis,
306 5370 542 5426 dicens:
571 5365 759 5426 Bibite
788 5386 857 5426 ex
885 5386 951 5426 co
981 5385 1205 5437 omnes,
1268 5368 1361 5424 hic
1417 5373 1506 5425 est
1541 5371 1783 5443 sanguis

104 5474 300 5516 meus
330 5458 474 5515 Novi
494 5457 853 5515 testamenti.
886 5480 913 5508 »
946 5457 1196 5515 Dicendo
1229 5457 1387 5514 enim
1416 5460 1546 5514 novi
1584 5462 1779 5516 osten-

1890 5278 2198 5336 translatio
2230 5279 2331 5335 tiat
2353 5278 2536 5351 (Ibid.,
2570 5279 2681 5350 l2),
2714 5302 2742 5330 »
2768 5296 2896 5352 quae
2916 5281 3005 5336 lex
3029 5276 3538 5337 lutulentaconsti-

1890 5369 2006 5425 tuit
2034 5368 2223 5424 azima
2249 5368 2473 5425 Judaais
2503 5368 2820 5426 custodire.

185 5585 274 5655 (6)
310 5583 644 5659 Legendum
682 5580 1603 5659 Tranensi,fuiten_ini.Tra_nensis
1651 5582 1779 5653 epi-
1890 5586 2039 5639 esta
2069 5582 2303 5659 Nicolao
2336 5584 2410 5647 Il,
2467 5582 2527 5639 in
2589 5579 2809 5659 synodo
2865 5581 3106 5657 Apuliae,
3164 5586 3226 5638 ut
3278 5586 3531 5639 testatur

90 5652 345 5728 scopas
366 5652 468 5728 cui
497 5654 723 5728 litteras
754 5671 894 5721 snas
921 5653 1131 5721 direxit
1163 5652 1501 5728 AMichaelL
1524 5658 1599 5722 et,
1643 5652 1779 5728 enm
1887 5659 2095 5714 Petrus
2123 5655 2466 5714 Damianus.

99 5722 343 5789 Grécis
358 5724 589 5797 faveret,
604 5725 663 5787 in
676 5741 893 5805 eosque
904 5722 1248 5806 propensior
1256 5727 1433 5802 esset,
1454 5722 1770 5805 depositus
