3916 6372
430 371 540 430 931
1428 363 1912 429 HUMBERTUS
1959 361 1976 422 ξ

2313 360 2810 424 GARDINALIS.
3757 352 3859 416 932

507 501 568 554 tl.
597 499 752 554 Idem
777 498 900 570 ipse
931 514 1183 554 mannus
1202 497 1418 570 Paulus
1449 497 1860 554 adCOl‘lullllOP
1881 496 2066 566 prima
2095 497 2148 560 Α
2254 495 2338 549 IV.
2375 495 2672 558 Quomodo
2704 496 2899 548 autem
2933 495 2990 547 et
3017 491 3310 548 sutl‘ocata
3341 489 3408 545 hi
3443 487 3615 544 tales
3680 503 3861 544 come-

431 586 686 659 Epistola
714 603 783 641 ex
802 561 902 642 .his
930 586 1174 658 loquens
1205 561 1315 642 ait:
1351 610 1370 634 α
1399 586 1650 650 Fratres,
1681 601 1786 656 ego
1828 561 2062 654 accepia
2182 581 2348 650 dunt,
2383 583 2439 638 in
2473 582 2687 654 quibus
2745 580 2989 653 sanguis
3041 583 3277 636 tenetur
3297 579 3326 634 ?
3355 580 3452 634 An
3517 576 3786 633 nescitis
3812 582 3862 632 ut

435 675 680 731 Domino
701 675 851 746 quod
887 679 944 729 et
972 673 1184 729 tradidi
1251 674 1452 729 vobis:
1478 673 1755 745 quoniam
1789 671 2069 726 Dominus
2182 670 2373 727 omnis
2395 669 2668 727 animalis
2689 668 2932 742 sanguis
2961 667 3378 740 animaipsius
3412 665 3522 733 sit,
3558 668 3626 722 et
3647 666 3758 738 qui
3789 683 3864 722 co-

429 764 486 818 in
521 767 685 818 nocte
715 779 830 834 qua
861 762 1222 828 tradebatur,
1255 762 1475 833 accepit
1506 777 1712 832 panem
1751 762 1806 813 et
1849 757 2068 831 gratias
2175 759 2419 816 mederit
2445 758 2752 832 sanguinis
2782 758 3042 814 animam
3073 756 3384 813 comedit?
3409 755 3490 810 Et
3525 755 3766 811 idcirco
3794 772 3866 812 se-

430 868 607 924 agens
639 850 806 922 fregit
835 856 892 905 et
945 849 1088 904 dixit
1112 868 1125 917 ;
1181 849 1422 921 accipite
1481 854 1537 904 et
1593 847 1896 912 comedite,
1956 845 2067 901 hoc
2189 849 2446 904 cundum
2466 848 2574 904 hoc
2602 863 2706 902 nec
2731 845 2976 920 gentiles
2994 849 3374 902 extotosunt.
3403 843 3502 900 Illi
3522 845 3706 900 enim
3730 845 3866 901 occi-

427 945 516 995 est
543 955 755 1010 corpus
787 955 981 992 meum
1018 938 1170 1009 quod
1208 954 1308 1008 pro
1339 937 1501 992 vobis
1523 937 1814 991 tradetur:
1842 934 1949 989 hoc
1982 937 2066 989 t‘a-
2179 935 2346 1002 dunt,
2378 940 2479 991 aut
2499 934 2801 1008 plagantes
2831 934 3170 990 comedunt.

429 1027 538 1081 cite
570 1025 629 1080 in
663 1043 850 1081 meam
885 1025 1527 1080 commemorationem.
1567 1023 1847 1079 Similiter
1894 1026 1950 1077 et
1997 1023 2068 1076 de
2247 1025 2313 1078 V.
2350 1023 2812 1080 ltemalleluiain
2835 1022 3300 1096 Quadragesima
3317 1039 3440 1078 non
3459 1021 3862 1094 psallitis,sed

427 1113 640 1170 calice:
677 1115 778 1169 Hic
808 1119 896 1168 est
927 1113 1074 1168 calix
1102 1113 1325 1168 Novum
1357 1113 1798 1168 Testamentum
1831 1110 1889 1165 in
1941 1127 2065 1165 meo
2178 1112 2355 1170 semel
2387 1113 2442 1168 id
2475 1113 2694 1186 pascha
2723 1113 3168 1168 tantummodo:
3205 1111 3363 1184 quod
3399 1111 3860 1186 interpretatur,

427 1203 737 1275 sanguine:
759 1204 866 1258 hoc
883 1203 1047 1258 facite
1073 1201 1533 1274 quotiescunque
1549 1199 1834 1255 bibetisin
1877 1215 2065 1254 meam
2175 1203 2440 1257 Dominus
2468 1203 2637 1268 venit,
2663 1201 2902 1270 laudate,
2938 1199 3213 1272 hymnum
3239 1200 3434 1268 dicite,
3465 1205 3527 1256 et
3551 1200 3864 1256 benedicite

425 1291 1056 1348 commemorationem.
1116 1289 1582 1360 Quotiescunque
1638 1285 2065 1343 manducabitis
2171 1292 2241 1345 ei.
2266 1295 2410 1363 Ergo
2454 1289 2775 1346 secundum
2807 1289 2919 1345 hoc
2947 1306 3138 1362 neque
3193 1291 3448 1357 Domini,
3513 1293 3859 1362 Dominum,
3913 1285 3916 1374 ξ

423 1399 632 1452 panem
662 1381 816 1436 hunc
849 1385 904 1435 et
934 1379 1169 1434 calicem
1188 1379 1399 1434 bibetis
1419 1379 1474 1432 in
1495 1395 1678 1432 meam
1711 1392 2064 1432 commemo-
2175 1395 2362 1450 neque
2397 1377 2713 1434 Benedictus
2740 1379 2836 1450 qui
2891 1380 3062 1442 venit,
3105 1377 3386 1450 psallitis.
3417 1378 3497 1434 Et
3519 1378 3701 1436 istud
3733 1395 3861 1436 vero

426 1471 730 1536 rationem,
767 1473 1010 1523 mortem
1051 1467 1273 1522 Domini
1301 1465 1721 1521 annuntiabitis
1753 1466 1800 1536 (I
1824 1465 1942 1518 Cor.
1977 1481 2054 1528 χι,
2174 1466 2408 1522 alleluia
2437 1467 2712 1523 Hebraice
2743 1467 2964 1522 dictum
2995 1469 3104 1522 est.
3914 1461 3916 1502 Ῑ

422 1559 637 1627 23ο26).
675 1579 702 1606 ››
731 1559 955 1627 Azymaa
984 1572 1116 1610 vero
1155 1571 1387 1626 quoque
1439 1552 2050 1609 commemorationem
2246 1555 2339 1610 \‘I.
2374 1555 2490 1610 Cur
2517 1559 2747 1610 tantum
2777 1555 3182 1628 deeeptionem
3214 1555 3437 1611 horum
3471 1555 3709 1613 talium
3741 1574 3856 1613 non

425 1644 642 1700 habent
660 1645 781 1710 Dei,
819 1661 1005 1716 neque
1038 1650 1284 1698 mortem
1308 1643 1467 1698 illius
1498 1641 1872 1704 annuntiant,
1904 1641 2061 1695 sicut
2173 1643 2431 1715 aspicitis
2455 1661 2558 1699 nec
2589 1643 2932 1716 intelligitis,
2981 1660 3172 1715 neque
3230 1644 3539 1718 corrigitis
3600 1645 3861 1720 populos

428 1735 688 1790 Mosaicae
717 1738 773 1788 et
801 1738 934 1788 ante
974 1731 1130 1786 mille
1152 1732 1580 1802 quadragentos
1611 1747 1795 1785 annos
1826 1746 1893 1783 ex
1941 1727 2066 1798 lege
2173 1737 2230 1786 et
2257 1733 2662 1804 vosmetipsos,
2697 1731 2847 1787 sicut
2871 1731 2973 1802 qui
3027 1733 3247 1788 debent
3269 1733 3537 1804 judicari
3573 1751 3654 1790 ex
3705 1734 3804 1791 his
3830 1752 3862 1790 a

427 1822 780 1878 constitutae:
805 1826 858 1876 et
890 1838 989 1892 per
1020 1821 1241 1876 Novum
1277 1821 1738 1884 Testamentum,
1798 1817 1907 1872 hoc
1955 1821 2061 1882 est,
2098 1860 2140 1894 η
2178 1820 2288 1874 Deo
2315 1822 2336 1873 Ρ
2367 1819 2491 1874 Non
2523 1819 2930 1891 derelinquitis
2961 1821 3118 1892 quod
3154 1820 3376 1876 dicitur
3405 1824 3574 1894 quod
3601 1823 3725 1880 hoc
3757 1827 3859 1880 Pe-

426 1929 528 1984 per
547 1917 812 1967 sanctum
847 1909 1398 1980 l-Jvangeliumetpcr
1418 1907 1712 1962 Christum
1742 1905 2054 1960 maledicta?
2097 1905 2141 1922 "
2175 1911 2300 1962 trus
2333 1913 2388 1962 et
2420 1909 2766 1963 Benedictus
2797 1911 2852 1962 et
2875 1907 3098 1964 Paulus
3133 1913 3190 1965 et
3239 1911 3431 1966 caeteri
3461 1912 3856 1968 docuerunt?

421 2007 477 2056 et
499 1999 804 2056 derelictae.
2167 1995 2447 2066 Decipitis
2478 2013 2576 2050 vos
2604 1995 2762 2067 ipsos
2793 2000 2850 2051 et
2876 1996 3162 2068 populum
3197 1997 3255 2052 in
3298 1998 3448 2055 istis.
3503 2001 3654 2066 Qua
3717 2017 3856 2056 vero

496 2095 592 2144 Ill.
629 2089 883 2143 Sabbata
912 2104 1043 2141 vero
1067 2087 1356 2157 quomodo
1389 2085 1444 2139 in
1479 2081 1937 2154 Quadragesima
1959 2083 2056 2151 ju-
2167 2083 2394 2154 scripsi,
2425 2100 2492 2138 ea
2549 2088 2685 2138 sunt
2739 2100 2866 2155 qua:
2927 2083 3136 2140 Petrus
3175 2089 3234 2140 et
3263 2086 3478 2142 Paulus
3525 2092 3588 2143 et
3647 2087 3856 2144 caeteri

425 2179 586 2234 daice
617 2175 979 2232 observatis?
1023 2177 1138 2229 Aut
1195 2192 1306 2229 non
1341 2173 1586 2228 audistis
1645 2169 2055 2242 evangelistam
2175 2171 2416 2242 apostoli
2453 2175 2506 2226 et
2535 2171 2802 2227 Christus
2833 2172 3052 2240 docuit,
3098 2177 3159 2228 et
3187 2178 3381 2229 sancta
3415 2174 3701 2232 Ecclesia
3758 2193 3859 2233 ca-

421 2267 786 2338 loquentem;
820 2263 957 2334 quia
989 2267 1354 2317 transeuntes
1385 2259 1654 2332 discipuli
1687 2259 1744 2313 in
1796 2257 2054 2314 sabbatis
2165 2259 2387 2313 tholica
2416 2261 2676 2331 suscepit
2705 2265 2761 2315 et
2793 2261 3051 2316 custodit
3091 2261 3374 2334 religiose.
3405 2262 3545 2326 Quae
3611 2267 3681 2320 et
3746 2282 3860 2321 vos

421 2356 719 2425 coeperunt
747 2351 853 2406 iter
879 2367 1046 2422 agere
1071 2349 1376 2404 evellcutes
1408 2348 1598 2419 spicas
1649 2352 1704 2402 et
1753 2347 2055 2402 comeden-
2167 2349 2404 2403 correcti
2441 2348 2745 2403 custodite.
2779 2351 3028 2420 Azymas
3058 2365 3198 2406 vero
3240 2355 3297 2406 et
3340 2351 3660 2408 custodias
3716 2354 3857 2408 sab-

422 2442 548 2498 tes?
578 2441 852 2495 Dicebant
882 2443 1075 2494 autem
1107 2437 1290 2492 Judaei
1341 2437 1412 2491 ad
1470 2435 1792 2491 Christum:
1821 2457 1844 2483 α
1881 2432 2056 2488 Vides
2166 2435 2432 2490 batorum
2463 2437 2974 2508 projicitemisoris
3007 2438 3263 2506 .lurlzeis;
3298 2438 3585 2496 similiter
3620 2445 3688 2497 et
3721 2441 3851 2497 suf-

424 2530 566 2602 quid
598 2529 696 2582 isti
749 2528 985 2583 fecerint
1044 2525 1350 2582 sabbatis?
1383 2549 1408 2574 ››
1443 2523 1548 2588 Qui
1581 2523 1752 2578 dixit:
1787 2545 1815 2574 «
1846 2523 2053 2576 Etiam.
2170 2524 2353 2579 focata
2381 2525 2644 2580 barbaris
2676 2525 2968 2596 gentibus,
3007 2532 3060 2577 ut
3094 2528 3310 2581 fiamus
3334 2525 3469 2598 puri
3501 2527 3568 2582 in
3604 2533 3783 2584 recta
3799 2533 3854 2586 et

419 2617 789 2674 Autnescitis
821 2615 959 2688 quid
990 2615 1103 2686 egit
1141 2613 1316 2668 David
1350 2630 1478 2667 cum
1521 2612 1765 2668 esuriret
1797 2612 1940 2682 ipse,
1999 2615 2057 2664 et
2165 2612 2544 2668 immaculata
2575 2613 2706 2677 fide,
2741 2619 2796 2666 ot
2827 2631 2981 2668 unus
3013 2631 3151 2685 grex
3178 2615 3357 2670 unius
3385 2617 3661 2687 pastoris
3685 2617 3854 2674 Chri-

423 2707 520 2780 qui
553 2723 682 2762 cum
717 2723 782 2760 eo
813 2704 1017 2759 erant?
1041 2703 1330 2774 quomodo
1352 2701 1588 2756 intravit
1618 2699 2057 2770 intemplum,ct
2164 2701 2258 2756 sti.
2295 2700 2476 2771 Cujus
2507 2701 2564 2755 in
2599 2718 2767 2756 cruce
2788 2701 3295 2776 divinosanguine
3319 2703 3610 2761 inebriati
3644 2705 3852 2762 lauda-

422 2813 601 2868 panes
635 2791 1048 2866 propositionis
1079 2791 1348 2858 comedit,
1380 2813 1406 2840 »
1439 2794 1494 2846 et
1522 2795 1743 2844 cetera.
1792 2789 1862 2843 Et
1917 2787 2055 2858 quia
2163 2790 2436 2860 muspuri
2477 2806 2620 2862 pure
2652 2789 2878 2846 Patrem
2909 2795 2964 2845 et
2993 2790 3204 2846 Filium
3239 2795 3299 2848 et
3327 2791 3634 2865 Spiritum
3699 2811 3847 2850 san-

423 2909 448 2933 ‹‹
477 2884 783 2940 sabbatum
801 2879 1344 2952 propterhominem
1367 2879 1580 2933 factum
1606 2883 1714 2944 est,
1741 2894 1854 2931 non
1879 2877 2051 2930 homo
2160 2882 2340 2931 ctum.
2376 2877 2654 2933 Universa
2685 2878 2948 2934 Mosaice
2991 2879 3138 2952 legis
3165 2885 3224 2936 et
3273 2882 3349 2937 ab
3409 2897 3482 2938 eo
3537 2883 3851 2938 custodita

421 2976 654 3043 propter
709 2971 1038 3024 sabbatum.
1078 2991 1102 3016 υ
1135 2967 1241 3032 Qui
1281 2972 1336 3022 et
1364 2967 1651 3030 dicebant,
1686 2987 1714 3014 «
1773 2964 2047 3035 quoniam
2159 2965 2622 3036 derelinquextcs
2669 2965 2793 3022 sine
2848 2968 2964 3023 Deo
3027 2969 3274 3037 Judaeis,
3340 2969 3447 3042 qui
3520 2971 3618 3026 vel
3700 2971 3838 3028 caci

421 3061 596 3114 homo
631 3059 735 3112 iste
765 3075 878 3112 non
902 3061 987 3111 est
1004 3073 1065 3110 ex
1101 3055 1378 3125 Deo,quia
1398 3055 1704 3108 sabbatum
1728 3069 1841 3106 non
1863 3057 2052 3107 custo-
2157 3055 2869 3124 perquirentestr-istum
2887 3056 3085 3112 lumen
3104 3059 3840 3132 amiserunt,permanen-

422 3149 504 3202 dit
537 3147 718 3216 (Marc.
756 3163 816 3212 ιι,
844 3146 933 3210 23,
968 3161 1164 3214 seqq.;
1202 3145 1325 3197 Luc.
1348 3160 1424 3208 v1,
1459 3144 1480 3196 1
1511 3143 1718 3212 seqq).
1753 3163 1779 3190 ››
1816 3139 2048 3196 Etinte-
2090 3210 2122 3218 _
2158 3141 2315 3196 tesin
2345 3143 2568 3208 umbra,
2591 3143 2741 3198 sicut
2765 3143 3109 3216 insipientes
3129 3147 3590 3217 perpetuoﬂaec
3614 3157 3847 3218 autem,

423 3210 552 3289 rum
584 3210 855 3305 loquente
885 3210 1112 3286 Christo
1143 3231 1198 3284 in
1251 3231 1510 3296 sabbato,
1561 3210 1615 3282 et
1637 3210 1762 3299 qui
1811 3245 2049 3282 manum
2081 3210 2124 3276 C
2164 3229 2337 3285 homo
2368 3230 2488 3295 Dei,
2520 3236 2574 3285 et
2607 3210 2904 3287 multoties
2935 3233 3062 3304 ipse
3087 3210 3466 3307 cumpopulo
3504 3210 3848 3309 agnoscens

422 3323 672 3378 habebat
689 3321 910 3376 aridam
943 3319 1212 3374 similiter
1243 3323 1378 3373 eteo
1409 3318 1504 3389 qui
1542 3317 1816 3371 daemonis
1875 3316 2049 3386 spiri—
2160 3318 2406 3372 docuisti
2439 3335 2584 3383 esse,
2611 3324 2668 3374 et
2697 3322 3297 3394 correctusscripsisti
3317 3324 3540 3380 multis
3567 3325 3840 3382 similem

420 3417 544 3466 tum
577 3410 846 3473 habebat,
880 3409 934 3462 in
965 3409 1208 3462 sabbato
1226 3407 1525 3472 mundato,
1551 3405 2050 3459 n'mrmurantibus
2159 3407 2636 3462 consuetudinem
2668 3407 3042 3465 habentibus.
3075 3411 3144 3464 Et
3174 3415 3239 3465 ut
3283 3409 3520 3468 habeas
3583 3414 3848 3470 salutem

419 3499 636 3554 Juda‘is
665 3503 720 3553 et
749 3496 963 3552 similia
994 3496 1342 3559 dicentibus,
1373 3495 1514 3548 dicit
1543 3495 1843 3548 Christus:
1873 3517 1896 3542 «ι
1939 3493 2048 3564 lly-
2159 3492 2362 3549 animis
2394 3499 2528 3559 ture,
2561 3496 2724 3550 mitte
2756 3497 3122 3570 principibus
3141 3500 3531 3556 sacerdotum
3559 3507 3626 3558 et
3646 3519 3844 3560 sacer-

422 3587 676 3660 pocritze,
709 3585 1118 3654 unusquisque
1149 3587 1403 3638 vestrum
1439 3599 1550 3637 non
1594 3582 1764 3636 solvit
1817 3581 2046 3636 asinum
2158 3584 2414 3645 dotibus,
2449 3589 2504 3638 et
2533 3584 2740 3653 adjura
2779 3589 2843 3640 ut
2865 3602 2970 3658 per
2997 3585 3122 3642 hmo
3153 3587 3388 3660 seipsos
3419 3589 3772 3663 corrigant,
3792 3597 3852 3647 et

422 3691 456 3730 a
486 3689 758 3746 prasepe,
792 3676 892 3726 aut
923 3673 1124 3726 bovem
1155 3687 1352 3734 suum,
1403 3675 1459 3724 et
1515 3670 1676 3724 ducit
1717 3670 2052 3740 adaquare?
2158 3671 2253 3726 Dei
2288 3671 2590 3743 populum,
2621 3677 2686 3727 ut
2714 3672 2814 3728 Dei
2840 3675 3167 3730 mercedem
3199 3675 3258 3746 ip
3291 3675 3428 3733 istis
3461 3677 3732 3736 habeas.
3783 3680 3853 3735 Et

422 3738 570 3833 (Luc.
605 3738 704 3816 xu.
739 3761 850 3830 l5).
879 3783 904 3808 υ
940 3757 1336 3831 Etparalytico
1355 3757 1805 3828 similiterquem
1839 3738 2048 3811 sanum
2160 3760 2206 3814 si
2240 3738 2346 3814 hoc
2368 3738 2872 3833 ‘t'eceris,pr0pono
2899 3765 2955 3818 et
2978 3779 3080 3834 per
3095 3738 3425 3820 secundam
3440 3766 3847 3838 scriptionem

421 3853 572 3908 fecit.
607 3849 811 3904 Etideo
832 3849 888 3902 hi
918 3847 1272 3918 quisabbata
1299 3863 1428 3900 cum
1458 3848 1674 3918 azymis
1696 3851 2048 3904 cusuutitzzr'.
2160 3850 2380 3917 maiora
2409 3853 2464 3904 et
2495 3850 2836 3920 perfectiora
2866 3849 2959 3907 his
2983 3851 3088 3906 tibi
3119 3853 3403 3920 scribere,
3495 3855 3647 3911 ﬁdei
3716 3873 3852 3912 vera

420 3957 608 4012 neque
627 3939 811 3993 Judaei
844 3935 1646 4008 neqtierristianisunt,sed
1677 3935 2054 3990 similessunt
2160 3935 2488 3992 ostensione
2526 3941 2583 3992 et
2631 3937 2998 3996 firmamento
3041 3939 3382 3997 animarum
3445 3959 3560 4014 pro
3619 3945 3849 4017 quibus

417 4029 711 4099 leopardo,
747 4025 898 4080 sicut
929 4025 1069 4080 dicit
1093 4040 1340 4096 magnus
1371 4022 1828 4094 Basilius,cujus
1857 4023 2051 4096 capilli
2161 4024 2429 4080 Christus
2463 4025 2657 4098 posuit
2686 4027 2942 4084 animam
2969 4045 3160 4084 suam.

422 4133 527 4173 nec
561 4113 705 4186 nigri
739 4116 894 4181 sunt,
929 4129 1032 4168 nec
1063 4111 1177 4167 albi
1203 4111 1456 4167 omnino.

1023 4265 1337 4326 TEXTUS
1367 4265 1925 4327 PII/EFATORUM
1957 4266 2641 4328 SYCOPHANTARUM
2673 4267 3189 4331 EXPLICATUR.

420 4402 656 4486 Incipit
696 4400 1038 4484 responsio
1082 4399 1304 4463 fratris
1344 4399 1690 4463 Ilumberti
1741 4406 1986 4464 sancta}
2042 4400 2348 4464 Ecclesia1
2380 4399 2576 4465 Silvas
2635 4397 2939 4465 Candida:
2969 4400 3128 4465 dicti
3201 4402 3544 4486 episcopi,
3633 4408 3859 4472 instar

509 4491 757 4571 dialogi
808 4493 886 4554 ad
927 4491 1072 4571 ipso
1102 4489 1328 4552 Latine
1369 4489 1738 4569 conscripta
1775 4489 2424 4579 apoei‘isariatussui
2465 4494 2764 4579 tempore
2823 4487 3430 4572 Constantinopoli.
3497 4493 3592 4558 Et
3649 4501 3860 4579 jussu

504 4582 932 4664 imperatoris
975 4579 1268 4657 religiosi
1312 4586 1368 4640 et
1416 4579 1762 4637 ιιι-Νιοάω..ἰ
1809 4577 2224 4640 Constantini
2265 4577 2680 4640 Monomachi
2721 4577 2946 4640 Graece
2982 4579 3182 4652 edita,
3229 4581 3358 4642 sub
3424 4577 3860 4650 nominibus

507 4667 1215 4750 Constantinopolitani
1256 4671 1319 4729 et
1365 4665 1587 4729 Roma.
1627 4668 1854 4744 hanno
1901 4666 2158 4729 Domini
2190 4666 2548 4729 millesimo
2580 4665 3144 4748 quinquagesimo
3187 4673 3459 4751 quarto.

489 4826 530 4880 Ι.
557 4826 848 4879 “omnes.
886 4822 1264 4894 Prml'ulgrnte
1295 4821 1482 4893 gratia
1512 4827 1725 4877 sanctae
1755 4827 1809 4876 et
1835 4821 2035 4876 indivi-

2310 4822 2320 4875 ι
2340 4822 2583 4893 ﬁgurate
2596 4837 2696 4892 per
2713 4820 2946 4894 Moysen
2965 4821 3250 4877 Dominus
3263 4821 3491 4895 inquit,
3507 4828 3624 4882 ubi
3647 4834 3856 4886 vectes

417 4912 544 4965 dum
573 4911 897 4976 Trinitatis,
958 4911 1017 4964 in
1065 4911 1232 4978 cujus
1266 4926 1440 4965 manu
1472 4927 1577 4964 nos
1634 4916 1688 4964 et
1747 4927 2045 4965 sermones
2155 4909 2368 4980 quibus
2391 4925 2524 4964 arca
2553 4908 3354 4982 portaretur,circulisipsius
3378 4918 3876 4988 semperinesse

419 4997 626 5062 nostri,
655 4997 927 5067 hincjam
963 4998 1337 5069 aggredimur
1368 5015 1710 5068 responsum
1743 4998 1797 5051 in
1838 4998 2046 5053 litteris
2155 4997 2463 5068 praecepit:
2501 5013 2607 5050 nec
2639 5015 2897 5068 unquam
2931 4997 3154 5052 extrahi
3187 4998 3260 5054 ab
3283 4999 3393 5067 eis,
3427 5019 3506 5057 ne
3524 5021 3662 5076 qua
3687 5023 3874 5063 mora

421 5089 478 5140 et
498 5083 962 5138 cavillationibus
993 5085 1224 5140 vostris:
1260 5092 1322 5137 ut
1380 5086 1568 5153 palam
1606 5085 1673 5135 sit
1735 5102 1842 5137 nos
1893 5085 2048 5140 illius
2158 5085 2318 5139 ﬁeret
2348 5085 2822 5156 quotiescunque
2853 5101 3049 5140 arcam
3080 5084 3306 5142 elevare
3338 5103 3606 5148 necesse
3671 5101 3874 5150 esset.

420 5171 635 5229 summi
670 5170 820 5225 Petri
847 5170 1156 5241 disciplina
1185 5173 1460 5236 eruditos,
1495 5172 1592 5242 qui
1629 5172 1802 5225 dixit:
1837 5195 1862 5217 α
1909 5173 2048 5227 Sitis
2155 5175 2301 5228 Area
2331 5173 2566 5243 quidem
2601 5176 2866 5226 sanctam
2909 5172 3226 5229 Ecclesiam
3256 5191 3268 5228 :
3305 5175 3528 5232 circuli
3571 5182 3723 5252 ejus
3777 5183 3876 5238 di-

421 5259 605 5334 parati
638 5274 868 5330 semper
894 5258 966 5312 ad
999 5259 1456 5315 satisfactionem
1487 5257 1644 5314 omni
1667 5259 1922 5328 poscenti
1952 5277 2052 5315 vos
2156 5259 2352 5316 vinam
2381 5259 2743 5332 Scripturam
2765 5277 2778 5327 ;
2797 5265 2990 5316 vectes
3011 5262 3140 5332 ejus
3173 5266 3545 5334 praepositos
3573 5270 3882 5328 Ecclesia:

421 5349 701 5404 rationem
735 5345 806 5401 de
837 5361 904 5400 ea
933 5345 1137 5415 quaein
1166 5345 1328 5400 vobis
1349 5351 1438 5400 est
1466 5359 1741 5416 spe,cum
1773 5345 2056 5402 modestia
2161 5347 2514 5419 significant,
2545 5364 2695 5418 quos
2725 5364 2956 5418 semper
2975 5351 3208 5422 expedit
3257 5367 3446 5408 sacra:
3513 5356 3880 5432 Scriptura!

422 5440 478 5490 et
505 5435 715 5522 timore
745 5432 1162 5522 conscientiam
1196 5432 1476 5522 habentes
1506 5433 1718 5522 bonam
1743 5437 1856 5522 :_ut
1883 5433 1940 5486 in
1989 5451 2054 5490 eo
2161 5436 2464 5492 insistere:
2493 5451 2566 5490 ne
2589 5435 2874 5506 pudenter
2901 5439 3043 5492 tunc
3070 5437 3256 5494 velint
3285 5440 3557 5515 discere,
3614 5451 3882 5522 quando

425 5520 578 5614 quod
611 5519 921 5614 detrahunt
941 5519 1562 5614 vobis,cop_t'undantur
1582 5517 1682 5589 qui
1702 5517 2056 5614 calumnian-
2156 5523 2283 5614 jam
2306 5525 2374 5580 ad
2407 5523 2812 5614 exaltationem
2843 5529 3059 5614 sancta:
3088 5525 3363 5585 Ecclesia:
3397 5517 3658 5594 debent:
3707 5555 3886 5614 que-

427 5609 524 5662 tur
547 5610 798 5665 vestram
834 5608 1050 5667 bonam
1081 5607 1140 5664 in
1188 5606 1416 5666 Christo
1473 5605 1990 5666 conversationem.
2024 5631 2055 5665 ››
2166 5611 2386 5672 stiones
2405 5611 2804 5690 quorumlibet
2831 5613 3104 5674 enodare.
3134 5615 3302 5676 Unde
3334 5605 3748 5690 calumniam
3771 5645 3886 5689 va-
