3968 6376
92 376 201 439 933

1075 373 1493 439 ADVERSUS
1541 369 1999 439 GRECORUM
2042 374 2519 441 CALUMNIAS.

3381 382 3497 443 934

97 516 271 566 stram
305 506 572 567 seriatim
605 507 955 579 discussuri,
986 509 1057 565 ab
1090 508 1277 582 ipsius
1304 509 1471 565 initio
1503 527 1615 565 non
1656 508 1745 581 pi—
1776 510 1828 575 Α
1860 527 2033 565 omne
2064 511 2215 582 quod
2251 510 2464 566 dicitur
2486 515 2659 581 Deus,
2688 515 2787 567 aut
2809 512 2960 582 quod
2990 510 3217 568 colitur.
3242 516 3307 568 In
3330 515 3498 583 cujus

94 599 375 673 gritamur
394 597 598 654 ordiri.

162 716 408 787 Insuper
426 718 491 770 ut
507 713 882 770 manifestius
896 717 1090 770 vestra
1105 713 1261 768 dicta
1276 730 1309 769 a
1323 713 1539 770 nostris
1555 730 1741 770 secer-

97 808 333 871 nantur,
363 806 568 859 vestra
588 802 795 871 obelis,
830 806 1027 859 nostra
1058 807 1255 857 autem
1286 802 1581 858 asteriscis
1605 820 1744 875 pra:-

97 896 392 948 notantur.
424 892 536 947 Sed
569 890 809 947 tandem
828 891 1135 946 videamus
1165 889 1335 962 quale
1366 890 1443 945 sit
1472 890 1617 946 illud
1648 908 1745 947 ve-

97 986 228 1038 stro
258 979 571 1037 calumnias
601 978 973 1052 procemium,
1004 994 1119 1050 quo
1167 976 1479 1034 laborastis
1517 979 1746 1037 audito-

98 1087 218 1126 rem
248 1073 511 1125 vestrum
543 1068 774 1124 efficere
802 1065 1171 1136 benevolum,
1204 1066 1288 1122 ita
1315 1066 1560 1123 dicendo
1586 1085 1598 1123 :

166 1193 236 1249 ΙΙ.
269 1193 1019 1249 Coss'rm'rmoeonrrauus.
1049 1189 1149 1247 Dei
1184 1205 1397 1262 magna
1428 1190 1660 1246 dilectio
1691 1195 1749 1246 et

92 1281 361 1351 jucunda
392 1278 824 1352 compassionis
870 1278 1094 1334 viscera
1139 1278 1424 1334 ﬂexerunt
1467 1296 1573 1335 nos
1604 1278 1746 1334 scri-

98 1371 230 1426 bere
269 1370 344 1425 ad
409 1372 573 1424 tuam
625 1366 1021 1432 sanctitatem,
1051 1370 1108 1421 et
1123 1382 1227 1438 per
1255 1369 1312 1422 te
1341 1367 1413 1422 ad
1447 1366 1747 1423 universos

97 1458 394 1531 principes
424 1456 818 1523 sacerdotum,
850 1458 908 1510 et
936 1454 1269 1511 sacerdotes
1298 1455 1652 1511 Francorum
1691 1458 1750 1511 et

98 1546 417 1604 monachos
445 1548 504 1601 et
562 1543 832 1617 populos,
864 1546 922 1600 et
978 1543 1051 1599 ad
1107 1542 1303 1614 ipsum
1334 1543 1747 1600 reverendissi-

97 1651 256 1692 mum
291 1650 511 1707 papam
540 1649 555 1688 :
588 1637 646 1690 et
668 1632 983 1689 memorari
1014 1632 1086 1688 de
1116 1631 1336 1703 azymis
1382 1635 1439 1687 et
1466 1632 1746 1700 sabbatis,

97 1740 219 1797 quae
240 1722 504 1797 ,mystice
531 1721 875 1778 indecenter
893 1720 1205 1776 custoditis
1220 1724 1279 1776 et
1303 1720 1749 1777 communicatis

94 1812 337 1869 Judaeis.
371 1810 601 1868 Etenim
635 1825 839 1883 azyma
866 1813 925 1865 et
954 1809 1198 1865 sabbata
1226 1808 1338 1881 ipsi
1370 1809 1663 1865 custodire
1716 1827 1750 1864 a

96 1903 293 1975 Moyse
316 1898 474 1972 jussi
495 1903 656 1956 sunt.

167 2017 261 2074 III.
321 2016 632 2072 ROMANOS.
693 2014 774 2070 Ex
823 2015 932 2070 hac
989 2017 1181 2070 vestra
1236 2013 1572 2087 przefatione
1601 2015 1753 2072 sicut

100 2103 480 2179 profitemini,
509 2104 882 2160 crederemus
902 2120 1005 2160 vos
1035 2102 1285 2159 salutem
1316 2104 1495 2159 totius
1534 2104 1754 2160 Latina:

101 2212 196 2251 seu
225 2192 616 2251 occidentalis
649 2191 913 2249 Ecclesiae
946 2207 1051 2265 pro
1095 2191 1221 2247 sola
1271 2208 1484 2265 magna
1532 2193 1631 2249 Dei
1665 2193 1751 2248 di-

99 2284 349 2340 lectione
375 2297 671 2355 qumrere:
706 2282 754 2338 si
787 2282 1074 2337 sciremus
1102 2297 1203 2337 vos
1232 2285 1483 2337 vestram
1528 2286 1754 2338 vestro-

101 2388 356 2445 rumque
387 2388 506 2428 non
538 2369 851 2443 negligere.
884 2369 1030 2426 Cum
1062 2386 1194 2426 vero
1208 2386 1310 2425 vos
1332 2369 1490 2442 ipsos
1513 2375 1569 2426 et
1588 2370 1753 2426 vobis

99 2461 458 2519 commissos
486 2454 821 2532 negligatis,
856 2462 923 2514 ut
951 2458 1234 2515 nefandos
1280 2459 1597 2528 Jacohitas,
1633 2460 1753 2515 imo

99 2547 592 2625 Theupascbitas,
626 2565 731 2604 seu
761 2547 909 2604 alias
937 2547 1343 2604 hereticorum
1366 2552 1578 2621 pestes,
1603 2549 1757 2604 inter

99 2658 191 2697 vos
220 2643 279 2697 et
312 2654 500 2712 penes
528 2654 633 2692 vos
664 2636 931 2693 habeatis
955 2655 967 2706 ;
996 2653 1187 2709 neque
1205 2653 1407 2692 eorum
1438 2637 1751 2706 consortia,

101 2745 282 2803 neque
318 2726 640 2800 colloquia,
672 2743 859 2799 neque
887 2725 1151 2782 convivia
1180 2743 1283 2782 seu
1340 2725 1557 2798 pariter
1586 2743 1753 2783 orare

102 2817 374 2875 devitetis
394 2832 409 2873 :
432 2815 727 2890 quomodo
748 2814 956 2871 saltem
978 2814 1415 2888 suspicabimur
1432 2831 1535 2872 vos
1556 2814 1754 2887 aliqua

102 2908 418 2966 dilectione
446 2904 549 2961 Dei
608 2908 709 2960 aut
762 2902 1010 2977 proximi
1069 2903 1443 2976 pramonitos
1502 2905 1755 2978 compati

103 3002 308 3054 nostrae
349 2993 686 3068 perditioni,
720 2994 870 3049 sicut
900 2992 1120 3065 putatis
1140 2992 1169 3047 ?
1198 2993 1267 3048 Et
1296 3009 1475 3066 quare
1506 2994 1576 3049 ad
1609 3011 1754 3067 prae-

102 3092 339 3160 ceptum
371 3082 614 3158 gloriosi
651 3081 835 3150 Pauli,
867 3080 952 3137 sic
983 3096 1153 3137 aures
1169 3081 1621 3153 praecordiorum
1653 3083 1757 3138 ob-

103 3175 385 3243 durastis,
422 3177 490 3228 ut
549 3171 840 3226 dicentem
893 3186 1008 3225 non
1069 3168 1421 3225 advertatis:
1455 3194 1482 3220 ‹‹
1516 3170 1755 3226 Hzereti-

1852 615 1933 653 ari
1953 599 2200 670 ognntim
2224 602 2421 655 monte
2439 599 2849 668 consistentes,
2874 604 2930 655 et
2952 618 3017 655 ex
3041 600 3351 671 supercilio
3372 602 3500 672 ejus

1852 688 2050 742 omnia
2082 688 2284 743 subter
2305 689 2607 760 vosjacere
2630 692 2985 761 reputantes,
3013 690 3184 745 dictis
3205 706 3307 746 vos
3325 691 3503 747 ﬂexos

1852 775 2177 831 visceribus
2209 776 2637 848 compassionis
2670 777 2921 833 scribere
2938 780 3165 833 cunctis
3187 779 3501 835 sacerdoti-

1851 863 1965 917 bus
2000 864 2351 919 Francorum
2379 870 2436 920 et
2468 866 2954 921 reverendissimo
3000 884 3181 939 papas.
3243 868 3355 923 Sed
3388 885 3501 925 non

1854 950 2048 1007 solum
2090 952 2337 1007 Romani
2394 958 2453 1008 et
2506 954 2860 1009 Francorum
2917 958 3266 1025 sacerdotes,
3300 973 3501 1013 verum

1854 1039 2030 1095 etiam
2053 1041 2246 1097 omnis
2276 1041 2478 1097 Latina
2505 1042 2756 1097 Ecclesia
2790 1044 2859 1099 de
2892 1051 3091 1101 monte
3124 1047 3335 1101 domus
3385 1047 3502 1103 Do-

1856 1128 2001 1184 mini
2025 1128 2262 1199 clamat,
2292 1130 2456 1186 vobis
2490 1133 2893 1187 contradicens
2924 1150 2936 1186 :
2965 1135 3078 1189 «In
3107 1135 3504 1192 Dominocon-

1856 1218 1972 1272 fido
1999 1234 2012 1272 :
2047 1219 2352 1282 Quomodo
2384 1219 2580 1274 dicitis
2609 1221 2816 1274 animm
2850 1239 3009 1288 meae,
3061 1224 3415 1296 transmigra
3445 1227 3504 1281 in

1856 1309 2118 1361 montem
2146 1306 2299 1362 sicut
2330 1324 2532 1379 passer
2554 1308 2581 1361 ‘I
2614 1330 2640 1357 ››
2673 1312 2905 1376 (Ρδιιιιη.
2938 1312 3091 1381 x,2.)
3115 1313 3333 1369 Tamen
3367 1331 3502 1371 eum

1857 1410 2032 1466 quem
2064 1412 2275 1467 papam
2311 1396 2856 1452 reverendissimum
2891 1399 3143 1471 dixistis,
3175 1404 3419 1460 revereri
3449 1408 3506 1462 te

1858 1500 1973 1538 non
2006 1483 2283 1539 detestari
2307 1484 2612 1540 debuistis.

1930 1571 2021 1627 IV.
2059 1572 2221 1636 Quod
2256 1577 2451 1628 autem
2484 1573 2858 1645 impudenter
2918 1576 3362 1635 calumniamiui
3403 1599 3509 1639 nos

1859 1661 2296 1717 communicare
2323 1661 2542 1718 Judazis
2582 1663 2947 1720 obse.vando
2994 1666 3182 1738 typice
3224 1686 3426 1742 azyma
3455 1676 3513 1728 et

1858 1750 2475 1822 sabbatum,phrenesi
2507 1750 2823 1807 inveterata
2853 1754 3210 1812 arbitramur
3238 1758 3380 1815 adeo
3409 1777 3512 1821 vos

1861 1838 2186 1911 perdidisse
2208 1855 2447 1894 sensum
2482 1844 2546 1895 ut
2577 1856 2680 1895 nec
2714 1841 2930 1897 factum
2965 1847 3223 1899 vestrum
3271 1848 3511 1920 respici-

1862 1926 1939 1982 tis
1954 1943 2059 1981 nec
2081 1926 2325 1983 dictum.
2346 1929 2706 2001 Quapropter
2725 1931 3046 1986 suademus
3066 1933 3230 1990 vobis
3244 1937 3390 1991 utad
3415 1953 3514 1993 cor

1860 2014 2135 2083 redeatis,
2170 2020 2227 2070 et
2260 2015 2739 2073 animadvertetis
2770 2020 2910 2091 quid
2942 2020 3001 2076 in
3060 2023 3261 2080 Exodo-
3281 2026 3511 2099 Moyses

1852 2102 2059 2174 jubeat
2086 2104 2157 2159 de
2187 2105 2445 2177 azymis:
2481 2128 2508 2155 ‹‹
2542 2106 2743 2163 Arimo
2776 2126 2995 2178 mense,
3030 2117 3241 2183 quarta
3284 2115 3515 2173 decima

1862 2192 1956 2246 die
1987 2191 2207 2249 mensis
2242 2194 2311 2248 ad
2344 2211 2647 2266 vesperum
2683 2199 3001 2254 comedetis
3059 2217 3279 2274 azyma,
3325 2220 3514 2278 usque

1863 2280 1932 2334 ad
1962 2279 2301 2337 vicesimam
2334 2283 2583 2353 primam
2621 2285 2884 2356 ejusdem
2933 2292 3155 2345 mensis
3202 2292 3272 2347 ad
3304 2309 3511 2366 vespe-

1864 2384 2011 2423 ram.
2046 2370 2281 2441 Septem
2314 2370 2522 2426 diebus
2562 2373 2977 2431 fern-tentatum
3037 2394 3151 2433 non
3186 2380 3515 2441 invenietur

1863 2457 1921 2512 in
1954 2458 2232 2514 domibus
2265 2460 2490 2515 vestris.
2541 2461 2647 2525 Qui
2697 2464 3016 2520 comederit
3072 2468 3512 2542 fermentatum,

1863 2546 2075 2617 peribit
2105 2547 2304 2602 anima
2334 2550 2461 2619 ejus
2495 2549 2565 2603 de
2597 2555 2746 2606 coetu
2780 2552 2977 2621 Israel,
3019 2560 3136 2611 tam
3172 2558 3242 2613 de
3274 2561 3513 2617 advenis

1864 2650 2042 2705 quam
2077 2636 2148 2690 de
2181 2635 2471 2708 indigenis
2505 2642 2692 2694 terrae.
2726 2640 2909 2695 Omne
2934 2631 3369 2715 fermentatum,
3397 2666 3513 2705 non

1870 2723 2211 2792 comedetis,
2243 2724 2299 2778 in
2336 2726 2562 2781 cunctis
2593 2726 3055 2784 habitationibus
3081 2734 3288 2789 vestris
3317 2752 3514 2793 come-

1863 2814 2011 2869 detis
2043 2829 2247 2884 azyma
2301 2814 2507 2881 (Exod.
2567 2831 2670 2885 xu,
2734 2815 2916 2885 18,19,
2951 2818 3058 2889 20).
3089 2840 3117 2868 ››
3178 2820 3322 2877 Item
3357 2825 3512 2881 unde

1865 2900 2174 2973 superius:
2207 2924 2235 2950 ‹‹
2269 2900 2506 2974 Septem
2540 2902 2746 2959 diebus
2763 2909 3319 2977 azymacomedetis.
3342 2911 3403 2968 In
3418 2912 3513 2969 die

1867 2990 2057 3062 prima
2087 3007 2202 3044 non
2235 2990 2343 3045 erit
2374 2990 2788 3047 fermentatum
2825 2992 2883 3047 in
2944 2981 3217 3053 domibus
3281 3000 3511 3057 vestris.

1866 3079 2210 3149 Quicunque
2242 3079 2558 3136 comederit
2588 3080 3027 3150 fermentatum,
3062 3086 3277 3156 peribit
3320 3090 3518 3147 anima

1867 3166 1969 3223 illa
2000 3169 2070 3222 de
2104 3166 2302 3234 Israel,
2325 3184 2357 3222 a
2378 3168 2568 3239 prima
2590 3169 2681 3224 die
2698 3187 2885 3243 usque
2904 3172 2975 3226 ad
3000 3172 3152 3229 diem
3179 3178 3514 3248 septimam.

104 3282 230 3321 cum
261 3261 575 3320 hominem
610 3262 742 3331 post
769 3275 949 3314 unam
979 3261 1036 3313 et
1066 3258 1382 3313 secundam
1403 3259 1757 3315 admonitio-
1790 3245 1833 3310 C
1873 3257 2007 3312 Dies
2064 3256 2253 3328 prima
2311 3258 2422 3311 erit
2478 3264 2680 3314 sancta
2735 3263 2911 3330 atque
2944 3245 3262 3329 solemnis,—
3310 3272 3366 3320 et
3391 3269 3517 3323 dies

105 3370 229 3409 nem
264 3350 471 3409 devita
491 3349 520 3405 ?
537 3349 553 3420 (
573 3350 675 3404 Tz't.
697 3365 782 3415 ιιι,
804 3348 912 3418 10.)
931 3370 958 3396 ››
978 3346 1142 3402 Unde
1163 3345 1287 3418 ipse
1306 3346 1544 3412 Paulus,
1568 3348 1760 3404 sciens

104 3442 253 3515 quod
284 3439 463 3497 nulla
494 3454 633 3510 pars
664 3440 819 3492 esset
851 3434 1002 3490 fideli
1037 3450 1168 3490 eum
1202 3433 1445 3501 infideli,
1481 3438 1760 3493 Irenaeum

101 3536 153 3586 et
182 3529 491 3586 Philetum
549 3525 843 3581 devitavit.
902 3527 972 3578 Et
1027 3522 1331 3578 Timotheo
1364 3522 1761 3581 Alexandrum

100 3619 373 3676 aerarium
410 3615 669 3672 devitarc
698 3612 991 3686 pra-cepit.
1025 3612 1141 3668 Cur
1159 3612 1333 3668 etiam
1357 3629 1472 3668 non
1497 3613 1761 3671 animad-

102 3708 325 3765 vertitis
355 3707 605 3761 beatum
652 3702 939 3758 Joannem
991 3704 1412 3757 contestantem
1445 3702 1717 3758 fidelibus
1746 3722 1759 3760 :

102 3822 126 3847 ι(
156 3797 213 3855 Si
243 3796 392 3870 quis
424 3792 586 3850 venit
611 3790 680 3847 ad
712 3807 814 3846 vos
836 3797 891 3845 et
918 3790 1068 3845 hanc
1089 3789 1414 3845 doctrinam
1434 3807 1549 3847 non
1574 3792 1760 3862 affert,

99 3885 275 3941 nolite
309 3899 460 3941 eum
495 3879 822 3949 reciperein
847 3879 1113 3943 domum,
1136 3893 1242 3933 nec
1265 3895 1365 3934 ave
1386 3879 1434 3934 ei
1468 3879 1759 3938 dixeritis:

100 3974 200 4041 Qui
231 3974 406 4031 enim
445 3969 585 4025 dicit
607 3985 728 4035 ave,
754 3966 1152 4023 communicat
1167 3967 1442 4040 cperibus
1463 3968 1623 4025 illius
1646 3987 1766 4027 ma-

97 4062 270 4137 lignis
293 4062 327 4118 ?
359 4084 390 4112 n
430 4060 501 4131 (II
530 4060 690 4114 Joan.
728 4057 791 4111 10
819 4059 877 4112 et
909 4056 1022 4125 11.)
1050 4057 1155 4111 Ast
1181 4072 1304 4124 vos,
1365 4056 1534 4129 quasi
1566 4060 1764 4115 omnia

100 4153 322 4209 munda
352 4147 679 4205 immunda
709 4145 830 4201 sint
856 4144 1040 4213 vobis,
1073 4142 1259 4201 oculis
1317 4150 1520 4201 contra
1570 4163 1671 4203 vos
1707 4152 1765 4205 et

97 4245 285 4297 vestra
314 4236 551 4294 clausis
582 4238 847 4291 sanctam
879 4232 1203 4289 Romanam
1234 4236 1292 4289 et
1320 4249 1555 4290 omnem
1613 4236 1763 4293 occi-

96 4328 402 4386 dentalem
437 4323 759 4381 Ecclesiam
792 4321 1075 4395 pollutam
1107 4320 1314 4378 haeresi
1370 4328 1429 4379 et
1454 4324 1764 4381 Judaismo

96 4414 514 4487 proclamatis,
545 4416 603 4469 et
629 4411 789 4467 velut
820 4410 1135 4483 quamdam
1155 4410 1646 4469 abominationem
1672 4413 1766 4470 de-

92 4504 313 4561 vitatis.
351 4504 443 4559 Ex
472 4518 592 4573 qua
620 4504 741 4555 tam
771 4514 921 4554 caeca
951 4501 1009 4553 et
1037 4497 1322 4553 hactenus
1362 4498 1626 4557 inaudita
1654 4517 1763 4557 au-

1872 3344 2121 3416 septima
2149 3345 2352 3399 eadem
2385 3345 2692 3401 festivitate
2722 3348 3089 3415 venerabilis,
3153 3352 3295 3406 nihil
3329 3355 3519 3427 Operis

1873 3434 2094 3489 facietis
2124 3434 2182 3488 in
2218 3434 2323 3500 eis,
2357 3433 2613 3505 exceptis
2646 3434 2736 3490 his
2768 3451 2895 3507 qua:
2927 3437 2997 3491 ad
3025 3441 3371 3497 vescendum
3397 3460 3520 3514 per-

1871 3522 2079 3587 tinent,
2139 3526 2195 3576 et
2251 3521 2633 3577 observabitis
2692 3538 2895 3594 azyma
2973 3526 3157 3596 (Ibid,
3222 3530 3425 3603 15-17).
3490 3556 3517 3581 ››

1872 3612 2014 3666 Item
2047 3610 2106 3665 in
2139 3609 2542 3681 sequentibus,
2577 3610 2795 3666 scilicet
2822 3614 2877 3667 in
2914 3614 3173 3686 capitulo
3206 3621 3376 3675 tertio
3421 3623 3519 3678 de-

1872 3701 2025 3756 cimo
2055 3701 2317 3771 ejusdem
2370 3699 2543 3755 Exodi
2596 3700 2844 3757 dicitur:
2897 3703 3142 3776 Septem,
3182 3707 3392 3766 diebus
3425 3728 3518 3766 ve-

1873 3789 2053 3847 sceris
2083 3790 2322 3861 azymis,
2356 3793 2413 3844 et
2444 3789 2502 3845 in
2531 3788 2622 3845 die
2655 3790 2907 3862 septima
2926 3793 3267 3852 solemnitas
3290 3798 3521 3856 Domini

1872 3878 2001 3934 erit.
2039 3883 2252 3950 Azyma
2273 3878 2562 3934 comedes.
2588 3878 2818 3949 Septem
2841 3881 3050 3937 diebus
3079 3900 3191 3938 non
3219 3889 3524 3958 apparebit

1873 3966 2026 4038 apud
2049 3971 2101 4021 te
2121 3965 2354 4036 aliquod
2381 3965 2818 4034 fermentatum,
2845 3985 2951 4023 nec
2970 3969 3028 4023 in
3055 3972 3281 4028 cunctis
3305 3975 3522 4033 finibus

1872 4054 1993 4111 tuis
2022 4053 2224 4126 (Exod.
2244 4053 2435 4121 11111.6,
2453 4052 2533 4128 7).
2550 4075 2577 4104 υ
2592 4056 2731 4111 Item
2751 4073 2764 4111 :
2784 4055 3266 4119 «Solemnitatcm
3282 4079 3515 4137 azymo-

1872 4161 2003 4200 rum
2020 4144 2314 4201 custodies
2330 4160 2342 4198 :
2359 4143 2593 4215 Septem
2616 4144 2823 4201 diebus
2845 4149 3114 4205 comedes
3138 4165 3359 4223 azyma,
3376 4153 3531 4211 sicut

1874 4232 2118 4305 praecepi
2133 4231 2258 4301 tibi,
2272 4230 2328 4285 in
2345 4235 2606 4303 tempore
2620 4233 2831 4289 messis
2844 4252 3058 4291 novoru
3071 4254 3123 4292 m
3140 4241 3317 4306 (Exod
3332 4260 3527 4314 xxxw,

1877 4323 1989 4393 t8).
2027 4343 2055 4370 ››
2086 4321 2155 4375 Et
2174 4320 2233 4376 in
2255 4319 2508 4377 Levitieo
2533 4339 2547 4376 :
2571 4345 2598 4372 «
2625 4322 2825 4378 Mense
2842 4325 3051 4396 primo,
3068 4334 3278 4399 quarta
3301 4331 3526 4390 decima

1872 4412 1965 4466 die
1979 4409 2201 4465 mensis
2213 4410 2284 4465 ad
2298 4426 2594 4481 vesperam
2611 4409 2797 4467 Phase
2808 4412 3037 4469 Domini
3054 4419 3162 4471 est:
3178 4422 3235 4472 et
3249 4417 3306 4472 in
3321 4420 3527 4490 quinta

1873 4500 2100 4557 decima
2116 4498 2208 4555 die
2231 4500 2451 4555 mensis
2475 4499 2673 4569 hujus,
2694 4499 3038 4558 solemnitas
3059 4521 3397 4577 azymorum
3419 4507 3526 4564 Do-

92 4593 354 4651 άαοίιαά
381 4586 872 4663 hocprorupistis
889 4590 953 4641 ut
967 4590 1310 4643 cunctorum
1335 4587 1760 4659 haereticorum,
1794 4609 1841 4673 D
1875 4587 2018 4644 mini
2050 4592 2157 4643 est.
2192 4587 2426 4659 Septem
2449 4587 2655 4643 diebus
2682 4605 2882 4661 azyma
2905 4593 3244 4663 comedetis,
3263 4594 3389 4651 dies
3406 4596 3521 4667 pri-

89 4700 235 4753 quos
268 4681 486 4738 adhuc
529 4676 965 4749 deprehendere
1022 4674 1342 4738 valuimus.
1374 4677 1764 4734 temeritatem

90 4766 562 4828 transcendatis.
624 4763 901 4828 Quamvis
933 4763 1173 4819 omnino
1214 4762 1460 4836 singulas
1517 4764 1767 4823 haereses

89 4861 210 4917 suis
226 4852 772 4916 adinventionibus
786 4851 984 4925 aliqua
1003 4851 1261 4909 ecclesiis
1286 4854 1551 4910 membra
1568 4854 1764 4927 fatiga-

89 4949 294 5017 verint,
359 4942 545 5003 nullo
575 4947 773 4999 tamen
831 4940 1024 4997 adhuc
1082 4941 1153 4997 ad
1212 4946 1437 4997 tantam
1467 4943 1765 4999 vesaniam

89 5038 302 5111 erupit,
336 5038 412 5091 ut
445 5031 791 5105 opinionem
810 5046 982 5087 suam
1006 5029 1207 5102 prima:
1229 5034 1286 5086 et
1299 5030 1626 5102 apostolicae
1641 5033 1764 5087 sedi

87 5123 354 5200 ingerere
379 5119 894 5197 prasumpsisset,
912 5135 1043 5174 cum
1065 5118 1507 5189 interpositione
1525 5120 1766 5175 anathe-

89 5215 282 5272 matis.
319 5212 664 5270 Recensete
695 5208 743 5263 si
776 5206 982 5280 placet,
1016 5207 1088 5263 ab
1120 5206 1288 5263 initio
1309 5206 1765 5265 Christianitatis

89 5318 275 5376 usque
306 5302 388 5361 ad
422 5300 639 5357 nostra
665 5299 934 5368 tempora
962 5297 1308 5352 cunctarum
1342 5294 1633 5351 haereseon
1665 5312 1763 5352 vo-

90 5389 358 5459 lumina;
394 5383 688 5446 videbitis
717 5400 792 5439 an
822 5381 1023 5455 aliqua
1073 5400 1277 5441 earum
1326 5384 1767 5456 praesumpserit

87 5478 239 5539 talia.
273 5481 351 5537 Et.
365 5490 522 5535 cum
541 5489 658 5529 non
670 5470 1030 5539 inveneritis,
1046 5471 1257 5529 saltem
1266 5475 1407 5528 tunc
1419 5470 1761 5543 resipiscite,

89 5585 174 5639 ne,
206 5569 372 5644 quod
400 5562 576 5623 absit
594 5560 608 5615 ι
629 5559 1021 5633 permaneatis
1040 5560 1351 5619 viciniores
1374 5576 1763 5633 prmcursores

86 5656 240 5720 illius
254 5648 656 5720 Antichristi,
681 5649 781 5725 qui
804 5648 1142 5709 adversatur
1164 5653 1223 5710 et
1243 5648 1539 5710 extollitur
1581 5665 1764 5724 supra

1876 4693 2011 4732 mus
2033 4675 2143 4730 erit
2160 4676 2327 4731 vobis
2348 4676 2762 4752 celeberrimus
2780 4683 3156 4751 sanctusque,
3180 4698 3353 4739 omne
3375 4701 3524 4757 opus

1877 4764 2082 4821 servile
2111 4781 2223 4819 non
2258 4765 2481 4820 facietis
2513 4765 2571 4819 in
2603 4782 2691 4831 eo,
2726 4767 2824 4821 sed
2859 4769 3114 4824 otferetis
3165 4772 3521 4831 sacrificium

1877 4854 1934 4909 in
1967 4854 2101 4926 igne
2131 4859 2351 4926 septem
2387 4853 2615 4909 diebus.
2651 4853 2782 4910 Dies
2841 4862 3033 4912 autem
3089 4846 3380 4931 septimus
3411 4863 3525 4919 erit

1876 4942 2159 4999 celebrior
2186 4947 2242 4997 et
2263 4942 2539 5009 sanctior,
2564 4943 2911 5016 nullumque
2935 4963 3084 5018 opus
3107 4948 3315 5007 servile
3338 4951 3437 5008 ﬁet
3463 4952 3525 5009 in

1876 5049 1942 5087 eo
1972 5031 2117 5103 (hev.
2151 5047 2315 5096 xxm,
2347 5031 2488 5101 5-8).
2526 5052 2553 5079 ››
2586 5035 2651 5086 Et
2673 5032 2729 5086 in
2755 5049 3037 5091 nurnero:
3071 5059 3090 5084 α
3118 5036 3315 5095 Mense
3338 5040 3527 5112 primo

1879 5124 2087 5191 quarta
2116 5119 2343 5174 decima
2392 5119 2485 5173 die
2543 5121 2764 5175 mensis
2824 5121 3008 5179 Phase
3072 5126 3296 5182 Domini
3328 5133 3437 5201 est,
3468 5134 3529 5186 et

1875 5208 2081 5280 quinta
2102 5207 2329 5263 decima
2349 5206 2441 5263 die
2463 5206 2826 5266 solemnitas.
2845 5211 3079 5284 Septem
3101 5215 3309 5273 diebus
3336 5233 3527 5272 come-

1875 5297 2026 5353 detis
2057 5312 2278 5368 azyma.
2340 5295 2600 5359 Quorum
2660 5298 2786 5355 dies
2844 5300 3035 5372 prima
3089 5304 3436 5359 venerabilis
3467 5308 3523 5358 et

1875 5388 2080 5441 sancta
2105 5384 2249 5439 erit:
2286 5400 2460 5440 omne
2490 5401 2638 5457 opus
2670 5386 2875 5443 servile
2907 5406 3022 5444 non
3078 5389 3300 5445 facietis
3332 5390 3386 5443 in
3431 5405 3518 5458 ea,

1873 5472 2245 5542 otl'eretisque
2270 5471 2677 5529 holocaustum
2709 5474 2994 5544 Domino;
3050 5473 3261 5530 vitulos
3315 5476 3387 5530 de
3431 5493 3519 5531 ar-

1873 5564 2072 5619 mento
2102 5559 2275 5628 duos,
2303 5560 2544 5618 arietem
2570 5579 2776 5631 unum,
2804 5579 2986 5635 agnos
3006 5560 3310 5618 anniculos
3328 5568 3386 5619 et
3416 5564 3522 5619 im-

1872 5648 2198 5709 maculatos
2228 5653 2475 5725 septem,
2507 5654 2565 5708 et
2594 5651 2880 5711 sacrificia
2902 5647 3295 5725 singulorum,
3347 5659 3404 5714 et
3441 5651 3520 5709 si-
