3916 6438
397 427 518 484 935

1402 423 1888 489 HUMBERTUS
1934 425 1999 483 S.
2049 423 2118 484 Β.
2166 424 2236 484 E.
2284 423 2778 484 CARDlNALlS.

3735 422 3838 482 936

396 557 594 614 milam
626 573 752 628 qua:
785 573 1094 629 conspersa
1125 557 1201 612 sit
1229 556 1371 614 ole0'
1431 559 1572 614 Tres
1630 558 1890 614 decimas
1922 573 2022 628 per
2053 558 2104 624 Α
2135 557 2378 612 terrenis
2409 559 2665 612 avertere
2694 559 2750 610 et
2781 554 2852 609 ad
2885 553 3144 610 coelestia
3173 557 3550 609 convertere
3577 569 3593 608 :
3647 552 3834 624 sicque

394 644 656 717 singulos
686 642 916 711 vitulos,
945 649 1002 699 et
1033 645 1180 701 duas
1249 645 1504 700 decimas
1546 661 1649 716 per
1703 645 1940 700 arietem
1970 648 2027 699 et

392 732 676 788 decimam
709 731 942 786 decimae
975 749 1074 803 per
1103 748 1284 804 agnos
1315 731 1600 804 singulos,
1657 731 1716 788 id
1779 737 1888 802 est,
1921 747 2024 803 per

388 825 611 894 septem
643 835 842 892 agnos,
873 823 930 874 et
981 819 1210 875 hircum
1266 837 1370 892 pro
1427 825 1660 891 peccato
1721 837 1926 887 unum,
1959 823 2026 874 ut

390 909 651 981 expietur
676 907 839 964 vobis
888 909 1068 979 (Num.
1117 925 1314 974 xxvu',
1375 908 1589 979 16—22).
1622 929 1650 958 »
1677 909 1745 963 Et
1794 907 1854 963 in
1880 907 2024 963 Deu-

389 996 674 1052 termonio
701 1012 714 1050 :
751 1019 777 1046 «
816 995 1072 1052 Observa
1103 1013 1364 1052 mensem
1397 1013 1677 1052 novarum
1701 997 1934 1067 frugum
1967 999 2025 1050 et

389 1084 547 1142 verni
577 1084 832 1160 primum
863 1083 1164 1156 temporis,
1217 1087 1280 1139 ut
1335 1085 1512 1140 facias
1563 1085 1747 1140 Phase
1776 1084 2022 1140 Domino

389 1173 502 1230 Deo
535 1179 655 1243 tuo,
688 1175 964 1246 quoniam
999 1174 1056 1228 in
1087 1173 1198 1228 isto
1232 1189 1431 1229 mense
1453 1173 1652 1228 eduxit
1671 1178 1725 1228 te
1742 1171 2023 1228 Dominus

386 1262 537 1317 Deus
571 1267 707 1317 tuus
737 1262 808 1316 de
839 1263 1076 1333 .I‘ligypto
1111 1267 1300 1316 nocte.
1356 1260 1808 1332 lmmolabisque
1838 1259 2023 1315 Phase

389 1349 632 1404 Domino
662 1349 776 1405 Deo
835 1351 936 1402 tuo
967 1348 1039 1402 de
1065 1347 1270 1402 ovibus
1302 1351 1358 1401 et
1414 1345 1484 1400 de
1542 1346 1749 1413 bobus,
1810 1346 1868 1400 in
1901 1345 2024 1400 loco

387 1453 561 1510 quem
591 1435 828 1509 elegerit
848 1435 1126 1490 Dominus
1143 1435 1298 1490 Deus
1315 1437 1475 1500 tuus,
1493 1439 1557 1488 ut
1573 1433 1794 1489 habitet
1816 1450 2023 1489 nomen

387 1527 515 1596 ejus
546 1525 647 1580 ibi.
681 1525 808 1579 Non
838 1523 1104 1578 comedes
1136 1523 1193 1578 in
1217 1540 1282 1578 co
1339 1539 1548 1592 panem
1577 1523 2021 1577 fermentatum:

387 1617 612 1686 septem
635 1612 839 1668 diebus
861 1613 1127 1667 comedes
1147 1613 1369 1683 absque
1385 1611 1666 1666 fermento
1691 1609 2024 1666 afﬂictionis

387 1718 599 1774 panem
627 1700 923 1774 quoniam,
957 1699 1016 1754 in
1037 1716 1242 1771 pavore
1273 1715 1546 1770 egressus
1575 1716 1635 1754 es
1665 1699 1736 1753 de
1765 1702 2021 1770 Egypto,

388 1795 452 1844 ut
485 1788 821 1844 memineris
855 1787 962 1843 diei
988 1788 1336 1860 egressionis
1359 1792 1468 1842 tua:
1493 1789 1562 1842 de
1585 1791 1820 1860 Egypto
1843 1787 2028 1846 omni-

387 1879 496 1932 bus
527 1875 731 1932 diebus
761 1877 886 1932 vitae
919 1881 1049 1930 tum.
1084 1875 1205 1930 Non
1267 1876 1568 1947 apparebit
1606 1877 2020 1930 fermentatum

387 1966 444 2019 in
479 1966 752 2021 omnibus
781 1964 1044 2020 terminis
1077 1965 1192 2018 tuis
1225 1969 1444 2034 septem
1475 1963 1680 2018 diebus
1711 1969 1766 2018 et
1797 1980 1908 2018 non
1943 1979 2022 2018 re-

383 2053 644 2108 manebit
672 2054 742 2110 de
772 2053 1048 2108 carnibus
1081 2053 1208 2122 ejus
1240 2053 1394 2122 quod
1428 2051 1794 2107 immolatum
1820 2055 1907 2106 est
1925 2068 2020 2106 ve-

386 2141 560 2214 speri,
593 2141 685 2196 die
713 2141 902 2214 primo
937 2158 1104 2196 mane
1135 2141 1310 2210 (Deut.
1344 2157 1458 2209 xvx,
1498 2141 1626 2210 1-4).
1657 2163 1676 2188 ι

455 2230 522 2285 V.
555 2230 684 2286 Haec
715 2229 932 2296 omnia,
967 2230 1014 2284 si
1035 2228 1347 2284 itaJudzeis
1371 2228 1702 2284 carnalibus
1717 2229 2022 2284 carnaliter

385 2319 746 2375 observanda
775 2317 982 2373 veteris
1013 2317 1158 2388 legis
1191 2316 1343 2371 lator
1372 2315 1600 2372 coalitus
1630 2317 1854 2372 censuit
1885 2333 2020 2372 con-

387 2407 632 2462 stathazc
646 2407 964 2462 secundum
989 2404 1216 2460 carnale
1229 2422 1285 2458 m
1307 2405 1766 2460 observationem
1785 2405 2020 2460 omnino

385 2493 575 2549 aliena
603 2511 636 2548 a
659 2494 845 2550 nobis.
875 2492 1020 2558 Quia
1049 2493 1106 2547 in
1143 2491 1255 2546 illis
1309 2496 1533 2562 septem
1568 2493 1772 2548 diebus
1830 2494 2020 2563 quoti-

387 2583 478 2637 die
511 2583 918 2637 l‘ermentatum
943 2581 1000 2634 in
1025 2581 1298 2635 omnibus
1323 2579 1536 2635 finibus
1559 2585 1614 2636 et
1631 2582 1894 2636 terminis
1928 2598 2022 2636 no-

385 2671 522 2728 stris
545 2675 601 2726 et
622 2669 1214 2734 domibusinvenitur,
1236 2675 1658 2742 apparetatque
1677 2671 2041 2728 comeditur.’

385 2761 497 2816 Nec
527 2761 686 2830 ipsos
717 2765 938 2832 septem
969 2759 1092 2813 dies
1125 2757 1292 2813 aliter
1325 2775 1501 2829 quam
1560 2760 1814 2828 reliquos
1845 2761 2020 2816 totius

383 2849 522 2904 anni
549 2849 610 2904 in
641 2848 842 2904 azimis
871 2849 1248 2902 observamus
1274 2865 1285 2902 :
1323 2863 1426 2902 nec
1457 2848 1610 2918 apud
1644 2865 1748 2904 nos
1778 2849 1927 2919 perit
1951 2849 2021 2904 de

383 2942 530 2992 coetu
573 2941 770 2991 nostro
801 2933 1164 2990 animaillius
1181 2933 1674 3006 quicunque,tam
1692 2937 1760 2990 de
1784 2935 2019 2992 advenis

385 3041 561 3098 quam
591 3022 1234 3094 etdeindigenis,terrze
1257 3023 1577 3078 comederit
1611 3025 2020 3079 fermentatum

386 3115 444 3168 in
480 3112 686 3168 diebus
717 3127 896 3182 supra
920 3110 1110 3166 dictis.
1137 3111 1246 3165 Sed
1273 3127 1375 3164 nec
1402 3110 1559 3166 velut
1579 3111 1711 3182 ipsi,
1737 3129 1770 3166 a
1796 3113 2022 3167 decima

385 3202 478 3256 die
501 3199 717 3256 mensis
738 3197 908 3271 primi
931 3202 1239 3269 sumptum
1271 3215 1484 3268 agnum
1509 3199 1834 3254 masculum
1862 3201 2020 3254 anni-

2137 644 2417 715 sapiendo
2448 647 2503 698 et
2533 642 2844 714 quaerendo
2876 658 3005 718 quae
3037 657 3286 696 sursum
3309 645 3494 706 sunt,
3523 639 3834 697 revivisca-

2133 749 2267 789 mus
2300 732 2416 788 Deo
2447 735 2504 788 et
2533 730 2856 786 moriamur
2889 729 3134 786 mundo.
3177 729 3276 784 Sic
3336 721 3613 800 quoque
3643 731 3837 786 omnia

2132 836 2257 891 quae
2289 819 2560 892 superius
2590 835 2696 874 nos
2731 815 3050 874 carnaliter
3078 813 3406 874 observar‘e
3442 807 3833 890 negavimus.

2132 908 2376 964 Domino
2423 911 2738 974 annuente,
2771 906 3159 978 spiritualiter
3214 908 3276 962 et
3323 906 3756 962 observamus
3789 912 3836 963 et

2132 997 2388 1053 omnimo
2403 997 2472 1052 de
2486 995 2756 1068 cupimus
2769 995 3104 1062 observare,
3119 990 3328 1066 procul
3343 993 3557 1050 dubio
3593 995 3832 1052 creden-

2136 1090 2224 1140 tes
2247 1084 2420 1156 quod,
2446 1098 2806 1156 qumcunque
2835 1081 3058 1155 scripta
3083 1087 3246 1150 sunt,
3268 1083 3345 1138 ad
3372 1087 3676 1140 nostram
3705 1084 3832 1140 doc-

2133 1174 2348 1228 trinam
2375 1173 2595 1244 scripta
2615 1176 2776 1238 sunt,
2809 1171 2979 1228 beato
3029 1171 3213 1226 Paulo
3269 1170 3364 1227 sic
3397 1177 3830 1243 protestante;

2131 1284 2157 1311 ‹‹
2193 1261 2321 1316 Haec
2351 1261 2548 1318 omnia
2574 1260 2633 1315 in
2665 1259 2876 1332 ﬁguris
2907 1259 3337 1331 contingebant
3367 1259 3504 1316 illis
3529 1278 3549 1316 :
3601 1261 3832 1332 Scripta

2129 1354 2269 1404 sunt
2289 1353 2485 1406 autem
2521 1349 2592 1405 ad
2615 1348 3034 1405 correctionem
3059 1351 3352 1416 nostram,
3373 1347 3442 1404 in
3481 1365 3654 1422 quos
3678 1349 3825 1405 ﬁnes

2133 1438 2481 1494 saeculorum
2514 1438 2870 1492 devenerunt
2892 1437 2939 1505 (I
2973 1435 3096 1492 Cor.
3126 1453 3184 1501 x,
3220 1436 3338 1506 11).
3375 1459 3407 1488 κ

2203 1525 2470 1580 VI.Nunc
2501 1525 2572 1580 ad
2603 1523 3038 1580 observantiam
3097 1523 3336 1580 sabbati
3389 1525 3720 1582 veniatur.
3753 1525 3830 1582 De

2133 1630 2248 1685 quo
2280 1614 2358 1668 ita
2389 1613 2446 1668 in
2480 1613 2671 1668 Exodo
2699 1611 3072 1684 praecipitur:
3115 1634 3144 1663 ‹‹
3177 1611 3497 1669 Memento
3560 1619 3641 1670 ‘ut
3669 1613 3826 1671 diem

2132 1701 2359 1757 sabbati
2390 1700 2737 1756 sanctiﬁces.
2771 1701 2882 1756 Sex
2911 1699 3125 1756 diebus
3144 1701 3527 1772 operaberis,
3558 1707 3625 1758 et
3642 1702 3824 1779 facies

2133 1791 2330 1844 omnia
2359 1807 2532 1860 opera
2561 1793 2677 1843 tua.
2711 1788 2976 1859 Septima
3003 1792 3206 1844 autem
3230 1789 3330 1844 die
3345 1789 3694 1847 sabbatum
3718 1791 3826 1846 Do-

2134 1879 2275 1932 mini
2331 1877 2430 1932 Dei
2488 1877 2594 1931 tui.
2651 1877 2775 1931 Non
2825 1875 3000 1932 facies
3031 1893 3208 1932 omne
3241 1895 3416 1950 opus,
3454 1882 3526 1935 tu
3560 1883 3628 1936 et
3662 1879 3824 1935 filius

2133 1970 2274 2020 tuus
2303 1969 2359 2020 et
2384 1965 2502 2020 filia
2523 1969 2624 2020 tua
2653 1981 2854 2020 servus
2885 1969 3027 2022 tuus
3056 1969 3115 2020 et
3145 1965 3364 2022 ancilla
3400 1971 3530 2036 tua,
3559 1969 3820 2042 jumen-

2133 2059 2257 2109 tum
2288 2059 2454 2109 tuum
2487 2058 2542 2108 et
2575 2054 2796 2110 advena
2817 2053 2918 2126 qui
2948 2058 3039 2109 est
3070 2053 3232 2111 intra
3261 2060 3462 2128 portas
3499 2061 3675 2115 tuas.
3711 2057 3826 2114 Sex

2133 2142 2287 2197 enim
2351 2142 2556 2197 diebus
2614 2142 2748 2196 fecit
2803 2141 3092 2201 Dominus
3148 2142 3354 2198 cmlum
3387 2149 3449 2199 et
3482 2148 3735 2205 terram
3768 2137 3826 2202 et

2134 2247 2316 2296 mare,
2350 2235 2405 2284 et
2435 2229 2630 2286 smnia
2661 2246 2788 2300 quae
2821 2229 2881 2284 in
2911 2229 2998 2286 eis
3029 2235 3190 2300 sunt,
3237 2235 3293 2286 et
3345 2231 3664 2304 requiewt
3721 2234 3827 2293 die

2131 2319 2400 2390 septimo.
2438 2317 2654 2373 Idcirco
2687 2317 2981 2374 benedixit
3035 2318 3322 2375 Dominus
3379 2319 3478 2374 die
3527 2321 3823 2389 sabbati,

2129 2411 2185 2462 et
2243 2406 2622 2461 sanctilicavit
2677 2423 2812 2462 eum
2872 2407 3066 2474 (Errat.
3129 2425 3225 2472 xx,
3256 2408 3439 2480 8-11.)
3477 2397 3713 2468 niltem
3759 2411 3822 2466 in

2129 2495 2327 2550 eodem
2357 2512 2368 2552 :
2401 2519 2427 2545 «
2461 2496 2568 2550 Sex
2598 2495 2805 2550 diebus
2837 2497 3177 2566 cperaberis
3203 2515 3214 2550 :
3255 2497 3349 2552 die
3379 2496 3658 2570 septimo
3688 2515 3824 2557 ces-

2130 2583 2286 2638 sabis
2340 2601 2503 2638 arare
2561 2589 2616 2639 et
2666 2589 2883 2638 metere
2927 2583 3122 2655 (Exod.
3155 2601 3352 2649 xxxxv,
3381 2583 3506 2658 21).
3548 2607 3578 2637 ι)
3617 2585 3822 2660 Igitur

2128 2671 2187 2725 in
2219 2670 2560 2742 bujusmodi
2591 2671 2994 2727 observatione
3027 2671 3283 2738 sabbati,
3320 2671 3424 2728 ubi
3456 2677 3517 2728 et
3544 2679 3821 2745 quantex-

2129 2759 2635 2816 communicamus
2662 2758 2882 2813 Judaeis
2904 2757 2932 2812 ‘?
2962 2757 3052 2813 Illi
3075 2759 3238 2815 enim
3260 2752 3322 2815 in
3345 2759 3612 2821 sabbato
3632 2763 3820 2818 otiosi

2129 2853 2184 2902 et
2217 2846 2403 2903 feriati
2437 2863 2537 2901 nec
2572 2851 2738 2901 arant
2760 2861 2865 2901 nec
2883 2851 3138 2916 metunt,
3162 2847 3528 2920 nullumque
3550 2865 3716 2922 opus
3741 2865 3816 2906 ex

2130 2953 2289 2990 more
2319 2935 2558 3000 faciunt,
2591 2935 2690 2989 sed
2725 2935 2936 2988 festum
2970 2933 3192 2990 habent
3239 2940 3300 2991 et
3343 2937 3728 3006 convivium,
3764 2943 3822 2994 et

2130 3021 2501 3092 requiescunt
2531 3021 2678 3076 servi
2711 3027 2764 3075 et
2795 3019 3018 3076 ancillas
3077 3037 3307 3089 eorum,
3372 3023 3563 3080 boves
3626 3029 3692 3080 et
3716 3026 3818 3096 ju-

2133 3115 2346 3164 menta.
2399 3110 2512 3163 Nos
2568 3125 2700 3163 vero
2760 3107 2903 3163 nihil
2962 3108 3177 3166 horum
3235 3112 3672 3179 observamus,
3707 3114 3812 3168 sed

2131 3215 2301 3252 omne
2357 3215 2504 3268 opus
2561 3197 2828 3263 facimus,
2891 3196 3045 3253 sicut
3098 3203 3157 3254 et
3216 3199 3277 3254 in
3309 3201 3817 3272 praecedentibus

386 3289 582 3346 culum
609 3305 677 3344 ex
707 3287 1012 3360 pecoribus
1074 3304 1258 3358 usque
1293 3286 1362 3341 ad
1423 3293 1697 3358 quartum
1733 3289 2021 3344 decimum
2053 3273 2095 3339 C
2135 3286 2392 3358 quinque
2423 3285 2652 3352 diebus,
2687 3288 2746 3340 et
2765 3285 3114 3357 jejunamus
3145 3287 3303 3343 sicut
3331 3291 3389 3344 et
3420 3287 3484 3344 in
3523 3291 3816 3362 proxima

385 3394 709 3444 servamus,
743 3393 844 3430 nec
877 3375 946 3430 ad
979 3391 1274 3445 vesperam
1329 3375 1724 3442 immolamus,
1789 3381 1850 3430 ut
1881 3395 2015 3432 san-

385 3465 557 3539 guine
586 3465 714 3536 ejus
745 3469 939 3536 postes
971 3463 1292 3536 signemus,
1327 3481 1430 3519 nec
1462 3480 1664 3520 carnes
1695 3467 1820 3534 eius
1853 3483 2016 3520 assas

385 3555 526 3628 igni,
542 3552 781 3610 accincti
795 3555 850 3607 et
863 3551 1122 3619 calceati,
1139 3553 1384 3608 tenendo
1399 3552 1634 3608 buculos
1648 3553 1704 3608 in
1722 3571 1850 3608 man
1862 3553 2012 3622 ibus,

386 3648 554 3698 nocte
583 3639 942 3697 comedimus
976 3641 1333 3709 festinanter,
1367 3658 1501 3695 cum
1525 3641 1742 3712 azymis
1766 3643 2014 3712 panibus

383 3737 440 3788 et
468 3730 710 3786 lactucis
733 3727 1078 3800 agrestibus.
1103 3729 1345 3800 Insuper
1369 3747 1480 3784 non
1505 3731 1800 3785 offerimus
1821 3730 2011 3786 incru-

387 3837 520 3876 sum
551 3819 957 3874 holocaustum
988 3817 1226 3873 Domino
1257 3817 1310 3872 in
1335 3817 1427 3872 his
1445 3817 1648 3873 diebus
1669 3819 1924 3890 quotidie
1956 3820 2012 3874 in

383 3911 518 3983 igne
547 3907 756 3963 vitulos
777 3907 924 3961 duos
945 3905 1015 3960 de
1037 3912 1320 3974 armento,
1347 3906 1580 3962 arietem
1607 3924 1810 3968 unum,
1833 3925 2016 3978 agnos

383 3995 684 4053 anniculos
703 3993 1108 4050 immaculatos
1139 3999 1359 4065 septem
1387 3993 1478 4068 ;jn
1502 3993 1786 4049 sacriﬁcia
1813 3997 2014 4068 singu-

385 4011 684 4053 anmculos
703 4011 1108 4050 immacmatos
1139 4011 1359 4065 septem
1387 4011 1400 4061 ;
1447 4011 1478 4048 n
1502 4011 1786 4049 sacrmcia
1813 4013 2014 4068 singu-

385 4086 596 4152 lorum,
629 4088 686 4139 et
715 4081 969 4138 similam
1002 4099 1374 4154 consparsam
1397 4011 1553 4138 clleo:
1580 4100 1764 4154 neque
1787 4083 2014 4157 hircum

387 4189 489 4245 pro
519 4177 750 4244 peccato
784 4175 848 4226 ut
886 4171 1148 4242 expietur
1203 4187 1304 4242 pro
1364 4171 1553 4226 nobis.
1617 4173 1678 4226 In
1736 4188 1850 4242 quo
1881 4189 2014 4244 ergo

383 4257 1163 4317 communicamusJudacisl
1211 4265 1268 4313 et
1322 4259 1383 4313 in
1441 4275 1554 4330 quo
1586 4259 2014 4316 solemnitatem

383 4365 719 4423 azymorum
751 4345 1148 4403 custodimus!
1180 4347 1265 4402 An
1296 4347 1490 4403 forsan
1542 4347 1679 4418 quia
1727 4347 2014 4404 solemnes

383 4439 616 4495 eosdem
639 4437 764 4492 dies
787 4440 842 4492 et
865 4435 1096 4491 feriatos
1115 4435 1420 4503 habemus,
1445 4442 1501 4490 et
1517 4453 1550 4489 a
1568 4440 1774 4507 quarta
1795 4437 2016 4490 decima

381 4528 523 4582 luna
550 4542 734 4598 usque
765 4526 834 4579 ad
866 4524 1204 4580 vicesimam
1236 4525 1484 4596 primam
1511 4525 1888 4578 observamus
1909 4525 1934 4579 ἱ)
1952 4526 2017 4579 Et

2125 3375 2233 3430 sibi
2269 3374 2412 3429 feria
2441 3379 2600 3429 sexta
2621 3375 2985 3444 jejunamus.
3009 3379 3125 3431 Vos
3146 3392 3282 3432 vero
3304 3375 3356 3432 si
3382 3393 3504 3432 non
3529 3377 3820 3450 judaiza-

2123 3465 2220 3530 tis,
2255 3463 2428 3518 dicite
2458 3480 2561 3518 cur
2587 3462 2805 3518 Judzeis
2837 3463 2896 3518 in
2931 3462 3112 3520 simili
3141 3464 3533 3521 observantia
3565 3467 3820 3526 sabbati

2124 3550 2571 3606 communicatis
2587 3550 2613 3604 ‘2
2631 3550 2953 3607 Sabbatum
2967 3553 3248 3626 certeipsi
3263 3551 3604 3626 celebrant,
3621 3561 3690 3614 et
3709 3574 3821 3614 vos

2125 3639 2425 3696 celebratis
2455 3657 2466 3693 :
2501 3638 2813 3710 epulantur
2843 3639 2978 3712 ipsi,
3035 3645 3094 3696 et
3152 3640 3394 3697 solvunt
3455 3659 3722 3718 semper
3757 3645 3821 3703 in

2125 3730 2363 3784 sabbato
2387 3727 2704 3800 jejunium.
2732 3726 2818 3784 Illi
2845 3727 2903 3783 in
2926 3745 3036 3784 sua
3061 3729 3531 3803 quadragesima
3555 3732 3822 3792 solvunt

2125 3842 2153 3870 ει
2181 3819 2382 3888 jejuno
2413 3833 2582 3872 omne
2611 3817 2920 3873 sabbatum
2947 3821 3157 3888 praeter
3186 3835 3401 3888 unum,
3463 3823 3526 3876 et
3587 3839 3712 3878 vos
3757 3823 3820 3878 in

2123 3913 2312 3960 vestra
2341 3903 2788 3976 quadragesima
2812 3904 3037 3960 solvitis
3067 3923 3102 3962 a
3114 3906 3346 3980 jejunio
3367 3924 3554 3966 omne
3577 3910 3818 3970 sabba-

2122 3999 2248 4049 tum
2280 3998 2483 4065 practer
2513 4010 2716 4049 unum.
2749 3991 2870 4048 Illis
2899 3993 3116 4066 duplex
3143 4001 3234 4050 est
3255 4012 3440 4054 causa
3459 3999 3816 4062 sabbatum

2124 4082 2473 4148 celebrandi,
2491 4080 2710 4138 scilicet
2721 4097 2790 4136 ex
2805 4086 3095 4154 praecepto
3145 4083 3334 4156 Moysi
3383 4089 3444 4142 et
3465 4088 3645 4158 quod
3667 4106 3821 4150 oon—

2124 4171 2372 4227 tristatis
2390 4168 2716 4242 discipulis,
2751 4169 2869 4243 ipsi
2929 4169 3172 4228 fuerunt
3199 4172 3272 4228 de
3305 4177 3503 4230 morte
3536 4175 3828 4248 Domini,

2125 4275 2297 4331 quem
2352 4275 2467 4314 non
2523 4258 2835 4316 credebant
2889 4265 3387 4330 resurrecturum,
3445 4262 3512 4318 in
3561 4263 3693 4327 hac
3728 4268 3830 4326 die

2123 4346 2328 4420 gavisi.
2379 4345 2540 4402 Unde
2575 4346 2713 4419 quia
2739 4363 2873 4404 cum
2891 4347 3114 4404 Judznis
3136 4349 3484 4419 sabbatum,
3511 4357 3574 4410 et
3597 4356 3824 4419 nobis-

2125 4453 2257 4490 cum
2289 4433 2592 4490 celebratis
2621 4434 2777 4490 diem
2810 4435 3198 4504 dominicum,
3227 4438 3528 4494 videmini
3592 4441 3672 4498 in
3717 4446 3828 4500 tali

2124 4522 2522 4580 observatione
2555 4522 2773 4578 imitari
2805 4527 3022 4580 sectam
3054 4525 3535 4596 Nazarenorum,
3565 4533 3688 4603 qui
3739 4535 3829 4594 sic

383 4634 486 4672 cur
515 4615 713 4671 eadem
747 4630 846 4668 vos
879 4611 1243 4668 observatis?
1292 4611 1402 4667 nisi
1462 4612 1598 4682 quia
1657 4613 1812 4665 ἀέξω]
1850 4613 2015 4668 nobis
2045 4634 2093 4698 ι)
2127 4611 2414 4683 recipiunt
2442 4610 2950 4668 Christianismum
2984 4616 3048 4667 ut
3079 4630 3198 4670 ι·οη
3223 4614 3550 4674 dimittant
3592 4619 3830 4679 Judai-

382 4707 654 4773 innuunt,
709 4701 865 4758 aliud
925 4699 1095 4756 illis?
1153 4699 1272 4756 Illis
1330 4701 1486 4756 enim
1517 4700 1652 4755 data
1683 4704 1822 4756 sunt
1848 4702 1924 4772 (7)
1956 4701 2014 4756 in

383 4791 725 4846 memoriam
757 4788 1080 4861 spirituulis
1139 4788 1487 4859 egressionis
1543 4791 1750 4843 nostra:
1807 4805 1876 4843 ex
1906 4789 2014 4844 hoc

385 4881 624 4945 mundo,
655 4883 718 4932 ut
746 4894 1016 4932 vacemus
1043 4881 1100 4930 et
1127 4877 1429 4932 videamus
1459 4877 1734 4948 quoniam
1766 4876 1889 4949 ipse
1927 4883 2015 4933 est

383 4969 536 5024 Deus
567 4966 666 5039 qui
693 4983 798 5020 nos
828 4966 898 5020 de
927 4964 1179 5019 tenebris
1210 4964 1430 5020 vocavit
1461 4965 1516 5020 in
1552 4965 1893 5021 admirabile
1920 4965 2012 5020 lu-

382 5073 514 5112 men
545 5070 742 5120 suum,
776 5069 1189 5124 eonresurgere
1221 5058 1276 5108 et
1306 5055 1614 5108 consedere
1652 5070 1753 5107 nos
1800 5054 2014 5110 faciens

384 5161 580 5200 secum
614 5143 670 5196 in
702 5141 1052 5208 coalestibus,
1085 5147 1142 5195 et
1175 5146 1236 5195 ut
1264 5141 1684 5196 instat-lunaris
1707 5141 1860 5211 globi
1881 5142 2016 5197 inci-

385 5233 615 5306 piamus
644 5229 831 5284 lucem
863 5230 1052 5285 cordis
1110 5229 1313 5296 nostri,
1378 5227 1436 5282 id
1487 5233 1576 5282 est
1632 5227 1935 5297 rationem,
1980 5247 2014 5286 a

455 5389 530 5461 (7)
580 5387 684 5461 Hic
738 5386 1160 5461 evidenter-Aad
1221 5385 1460 5461 plenum
1484 5383 2017 5461 _r_ationabilemque

385 5454 623 5528 sensum
656 5460 818 5513 deest
845 5457 1088 5528 aliquid,
1122 5454 1274 5527 quod
1297 5454 1719 5528 oppositionem
1737 5454 1796 5528 in
1816 5454 2020 5528 praece-

388 5528 546 5582 denti
576 5527 838 5582 clausuta
862 5535 918 5583 τό
937 5527 1094 5597 aliud
1107 5528 1261 5580 nobis
1277 5533 1334 5581 et
1346 5534 1402 5580 τό
1419 5527 1574 5580 aliud
1593 5527 1709 5582 illis
1725 5527 2016 5597 signatam

389 5599 616 5669 referat.
645 5597 836 5669 Allnde
894 5593 1192 5669 probilitei;
1248 5597 1456 5668 suponi
1531 5601 1719 5669 potest
1762 5593 2018 5669 hujusce

391 5662 622 5745 phrasis
642 5663 874 5722 initium
894 5662 1274 5739 sequentibus
1291 5662 1392 5724 aut
1407 5662 1616 5741 parum
1633 5662 2018 5733 dissimilibus

2126 4716 2342 4756 smum.
2379 4698 2585 4754 Latina
2609 4703 2803 4754 autem
2836 4699 3110 4769 Ecclesia,
3145 4703 3460 4776 compiens
3531 4725 3738 4778 passo
3769 4717 3830 4767 et

2122 4786 2350 4860 sepulto
2385 4787 2646 4851 Domino,
2679 4788 3006 4860 congaudet
3037 4791 3373 4862 resurgenti
3391 4791 3456 4848 in
3480 4793 3590 4851 die
3611 4796 3835 4856 Domi-

2123 4879 2282 4942 nica;
2317 4875 2549 4948 quando
2579 4875 2811 4932 Judzeos
2843 4875 3025 4932 nimia
3045 4879 3359 4950 occupavit
3393 4884 3741 4953 mmstitia,
3774 4895 3836 4942 et

2121 4965 2395 5020 custodes
2427 4963 2676 5035 sepulcri
2707 4965 2898 5020 conati
2929 4970 3070 5020 sunt
3099 4981 3496 5041 corrumpere
3521 4973 3832 5043 pecunia.

2123 5053 2282 5108 Unde
2316 5069 2440 5120 nos,
2473 5051 2840 5108 traditionem
2859 5051 3242 5124 apostolicam
3267 5071 3463 5128 usque
3483 5057 3549 5114 in
3572 5053 3838 5118 hodier-

2122 5157 2265 5196 num
2289 5141 2442 5196 diem
2459 5140 2530 5196 de
2550 5140 2794 5195 sabbato
2826 5141 3165 5212 retinentes,
3194 5148 3254 5197 et
3285 5137 3487 5215 usque
3523 5147 3592 5203 in
3634 5151 3836 5208 ﬁnem

2121 5229 2365 5284 retinere
2397 5227 2838 5300 cupientes,hic
2870 5227 3241 5286 subscribere
3273 5226 3835 5313 curavimus'quid

2119 5388 2312 5462 verbis
2343 5389 2415 5444 ab
2447 5390 2694 5462 auctore
2744 5383 3143 5462 conscriptum
3201 5389 3431 5450 fuisse:
3499 5379 3642 5458 Illis
3677 5406 3834 5458 enim

2121 5459 2267 5542 data.
2279 5467 2409 5514 sunt
2439 5458 2557 5548 haec
2575 5457 2910 5548 observanda
2925 5457 2994 5515 in'
3003 5464 3340 5548 memoriam
3361 5457 3627 5548 illorum
3643 5457 3836 5546 egi-c3.

2121 5533 2292 5659 sEionis
2348 5546 2419 5587 ea:
2462 5531 2690 5602 {Egypto
2744 5529 2898 5588 nobis
2943 5534 3139 5589 diem
3191 5536 3257 5588 in
3309 5529 3831 5604 memrmm’etc.

2169 5618 2286 5662 ΜΤ.
