3916 6342
154 433 266 491 937

1136 429 1552 494 ADVERSUS
1600 430 2056 495 GB/ECORUM
2102 432 2580 496 CALUMNIAS.

3422 433 3546 498 938

151 578 328 635 super
359 562 464 618 hoc
487 562 780 619 senserint
800 566 854 616 et
877 563 1342 618 confirmaverint
1364 565 1543 619 nostri
1568 564 1791 636 antiqui
1821 571 1874 637 Α
1903 569 2193 632 nostrum,
2217 566 2334 622 imo
2357 568 2534 622 totius
2558 565 2853 622 catholicae
2870 563 3136 622 Ecclesiae
3159 566 3377 639 pascha
3395 583 3549 628 esse.

152 657 208 706 et
239 651 595 707 venerabiles
625 651 847 706 Patres.
874 651 954 705 Ex
986 667 1233 722 quorum
1258 669 1499 707 numero
1532 653 1795 708 beatissi-

151 757 285 795 mus
317 757 463 812 papa
487 740 782 807 Silvester,
808 740 1382 811 magniConstantini
1403 741 1648 813 Augusti
1675 742 1792 814 spi-

149 828 379 884 ritualis
410 835 590 900 pater,
624 827 777 883 inter
808 827 924 884 alia
953 828 1096 883 dixit
1129 847 1141 884 :
1175 853 1202 878 ‹‹
1236 829 1291 882 Si
1324 830 1512 884 omnis
1540 830 1796 886 Domini-

149 933 252 972 cus
274 918 398 972 dies
418 917 860 972 resurrectionis
877 919 1064 989 gratia
1081 921 1169 972 est
1194 917 1470 973 colendus
1501 918 1559 972 in
1583 918 1795 989 gaudio

146 1005 615 1061 Christianorum
653 1023 664 1061 :
694 1007 884 1061 omnis
916 1023 1052 1078 ergo
1079 1007 1303 1061 sabbati
1333 1007 1458 1062 dies
1480 1007 1794 1078 sepulturae

148 1095 524 1166 deputandus
557 1098 647 1150 est
676 1096 732 1149 in
767 1095 1161 1150 exsecratione
1185 1096 1542 1151 Judzeorum.
1579 1096 1794 1151 Omnes

145 1182 310 1238 enim
360 1183 631 1255 discipuli
665 1183 891 1239 Domini
916 1184 1170 1239 Sabbato
1202 1183 1400 1239 fletum
1440 1185 1790 1251 habuerunt,

144 1271 447 1342 sepultum
482 1273 794 1327 Dominum
835 1273 1220 1345 suspirantcs,
1264 1277 1319 1328 et
1345 1274 1563 1329 Judaeis
1593 1273 1791 1328 exsul-

145 1361 415 1416 tantibus
447 1360 641 1416 lzetitia
674 1362 875 1417 inerat.
911 1362 1206 1434 Apostolis
1246 1368 1436 1418 autem
1467 1362 1790 1433 jejunanti-

143 1451 262 1506 bus
297 1451 528 1506 tristitia
550 1451 893 1524 imperabat.
928 1451 1252 1507 Tristemur
1276 1453 1470 1524 itaque
1493 1469 1625 1507 cum
1655 1451 1789 1507 tris-

143 1539 410 1594 tantibus
441 1540 510 1594 de
542 1539 847 1611 sepultura
878 1540 1131 1604 Domini,
1155 1540 1205 1594 si
1234 1540 1506 1595 volumus
1529 1557 1660 1595 cum
1695 1539 1787 1606 iis,

142 1629 277 1682 dem
303 1630 372 1684 de
397 1628 623 1684 Domini
647 1629 1069 1684 resurrectione
1092 1629 1362 1700 gaudere.
1402 1629 1600 1700 Neque
1634 1628 1790 1684 enim

144 1719 231 1771 fas
264 1722 351 1772 est
382 1722 447 1772 ut
478 1717 907 1772 destructiones
929 1716 1193 1772 ciborum
1217 1721 1273 1771 et
1303 1717 1666 1772 caerimonias
1689 1716 1789 1772 Ju-

140 1807 402 1860 dzeorum
437 1823 596 1861 more
627 1806 869 1860 Judaico
889 1807 1285 1861 observemus.
1315 1829 1340 1853 ››
1363 1809 1493 1860 Haec
1522 1809 1577 1860 et
1597 1805 1689 1860 his
1711 1805 1792 1860 si-

140 1893 309 1947 milia
337 1893 561 1948 dicente
594 1897 795 1948 sancto
830 1893 1130 1962 Silvestro,
1150 1911 1264 1948 non
1298 1893 1517 1965 placuit
1546 1894 1788 1965 quibus-

136 1986 276 2037 dam
305 1982 699 2036 Orientalibus
732 1983 845 2038 ista
867 1982 1102 2037 traditio
1134 1982 1458 2054 apostolicze
1481 1983 1658 2054 sedis,
1691 1984 1790 2038 sed

138 2071 333 2140 magis
347 2070 646 2142 elegerunt
661 2071 950 2126 celebrare
967 2071 1277 2126 sabbatum
1295 2088 1428 2127 cum
1443 2072 1791 2128 Judazis.Cu-

125 2163 234 2232 jus
260 2161 559 2216 sententice
592 2160 950 2215 concordans
975 2163 1214 2214 sanctus
1246 2177 1395 2232 papa
1416 2161 1787 2216 Innocentius

135 2251 220 2306 ait
255 2267 268 2304 :
298 2272 323 2298 ‹‹
349 2249 1007 2320 Sabbatojejunandum
1032 2265 1158 2304 esse
1184 2251 1329 2305 ratio
1351 2250 1789 2306 evidentissima

133 2340 528 2393 demonstrat.
581 2338 726 2392 Nam
760 2338 805 2391 si
850 2337 1002 2392 diem
1034 2337 1405 2393 Dominicum
1447 2340 1518 2394 ob
1551 2356 1784 2394 venera-

132 2429 367 2482 tionem
418 2426 859 2482 resurrectionis
909 2426 1137 2480 Domini
1181 2428 1363 2482 nostri
1401 2429 1539 2483 Jesu
1570 2429 1786 2484 Christi

161 2533 289 2571 non
314 2514 509 2570 solum
559 2515 617 2568 in
666 2514 888 2586 pascha
941 2514 1322 2582 celebramus,
1369 2533 1568 2572 verum
1605 2517 1783 2572 etiam

133 2623 240 2677 per
272 2603 539 2676 singulas
573 2603 1070 2659 hebdomadarum
1103 2604 1290 2676 ipsius
1321 2605 1432 2661 diei
1467 2605 1782 2678 imaginem

127 2696 604 2764 frequentamus,
665 2710 729 2747 ac
783 2696 944 2747 sexta
983 2693 1124 2748 feria
1171 2699 1408 2765 propter
1449 2696 1781 2765 passionem

132 2783 374 2840 Domini
409 2783 774 2854 jejunamus,
827 2782 1149 2837 Sabbatum
1196 2784 1634 2854 prmtermittere
1665 2803 1781 2840 non

128 2873 444 2939 debemus,
482 2872 634 2942 quod
670 2871 819 2925 inter
839 2871 1140 2926 tristitiam
1173 2878 1345 2943 atque
1369 2872 1623 2928 laetitiam
1645 2878 1785 2929 tem-

126 2962 293 3035 poris
321 2960 480 3015 illius
511 2960 742 3014 videtur
770 2959 1087 3015 inclusum.
1132 2961 1292 3026 Quod
1331 2961 1532 3032 utique
1560 2967 1786 3017 constat

125 3049 431 3125 apostolos
472 3049 650 3104 biduo
692 3047 802 3103 isto
835 3053 892 3104 et
923 3049 981 3103 in
1017 3065 1262 3104 mcerore
1295 3049 1496 3116 fuisse,
1529 3055 1584 3106 et
1614 3068 1785 3123 prop-

125 3148 214 3196 ter
228 3144 457 3195 metum
476 3139 811 3193 Judreorum
836 3155 896 3193 se
909 3137 1424 3202 occuluisse.Quod
1449 3140 1651 3210 utique
1672 3157 1787 3196 non

125 3230 384 3286 dubium
409 3233 514 3294 est,
535 3232 591 3282 et
608 3228 665 3281 in
680 3231 909 3281 tantum
929 3229 1344 3298 eosjejunasse
1363 3228 1539 3283 biduo
1562 3246 1781 3284 memo-

1905 655 2064 720 Quod
2097 655 2168 722 si,
2203 657 2351 726 quod
2396 655 2588 710 absit!
2637 655 3013 728 pertinaciter
3060 656 3549 726 contradixeritis,

1904 742 2367 798 auscultabimus
2414 744 2612 815 ipsum
2673 744 2990 800 Dominum
3038 747 3307 801 nostrum
3345 744 3552 801 Jesum

1903 831 2199 886 Christum
2231 832 2314 886 sic
2345 849 2482 887 suos
2513 837 2971 903 praemonentem
2995 832 3066 888 de
3085 833 3551 904 pseudochristis

1903 923 1958 974 et
2005 921 2525 992 pseudoprophetis
2559 937 2571 976 :
2611 942 2636 970 «
2668 920 2727 975 Si
2759 921 2891 992 quis
2932 922 3095 977 vobis
3125 921 3334 978 dixerit
3364 940 3376 979 :
3411 922 3554 979 Ecce

1905 1008 1998 1062 hic
2029 1012 2117 1063 est
2148 1008 2433 1075 Christus,
2476 1015 2576 1064 aut
2615 1026 2744 1066 ecce
2774 1009 2890 1064 illic
2925 1028 2938 1065 :
2979 1010 3158 1065 nolite
3206 1010 3313 1080 ire,
3359 1026 3554 1082 neque

1905 1097 2204 1152 sectemini
2235 1098 2383 1168 (Luc.
2417 1115 2552 1166 xvu,
2584 1099 2694 1169 23).
2721 1121 2748 1148 ››
2777 1099 2938 1162 Quod
2957 1115 3088 1154 vero
3122 1099 3316 1156 dicitis
3347 1099 3550 1154 Domi-

1903 1202 2046 1239 num
2070 1186 2292 1253 Jesum,
2317 1186 2602 1242 celebrato
2631 1191 2819 1243 vetere
2850 1187 3082 1258 pascha,
3118 1204 3335 1244 novum
3367 1186 3546 1244 disci-

1903 1274 2058 1343 pulis
2089 1275 2213 1329 suis
2236 1274 2648 1330 celebrandum
2667 1275 2974 1330 tradidisse
3007 1292 3019 1330 :
3056 1276 3186 1347 quis
3217 1275 3451 1347 sapiens
3481 1274 3544 1330 id

1903 1363 2119 1434 negat?
2150 1364 2256 1417 Sed
2294 1363 2438 1417 illud
2474 1365 2626 1435 quod
2657 1364 2873 1431 dicitis,
2917 1364 3230 1419 Dominum
3275 1367 3543 1420 nostrum

1899 1452 2103 1506 Jesum
2135 1452 2430 1507 Christum
2451 1453 2579 1508 ideo
2602 1453 3012 1507 circumcisum
3043 1456 3099 1508 et
3127 1455 3291 1508 vetus
3322 1452 3545 1524 pascha

1901 1540 2222 1596 celebrasse
2249 1558 2319 1596 ne
2343 1543 2515 1613 juxta
2543 1540 2731 1614 legem
2780 1540 3135 1596 inveniretur
3175 1541 3291 1597 Deo
3322 1543 3547 1597 contra-

1902 1629 2044 1695 rius,
2083 1630 2216 1700 quis
2250 1646 2512 1701 unquam
2543 1646 2724 1684 ausus
2754 1628 2864 1684 erit
2894 1633 3172 1698 astruere,
3205 1627 3322 1684 nisi
3368 1626 3550 1684 mani-

1900 1717 2083 1773 festus
2127 1717 2479 1774 haareticus?
2519 1719 2581 1774 In
2621 1719 2730 1774 hoc
2759 1718 2917 1774 enim
2953 1716 3235 1774 videmini
3283 1731 3548 1789 pervense

1899 1822 2033 1861 cum
2065 1806 2421 1862 Marcionitis
2440 1810 2496 1860 et
2529 1806 2870 1863 Manichaeis
2903 1808 3122 1862 sentire
3154 1805 3334 1861 alium
3365 1809 3549 1861 Deum

1897 1899 2147 1950 veterem
2166 1895 2371 1968 legem,
2393 1894 2574 1950 alium
2598 1912 2805 1950 novam
2823 1896 3074 1964 dedisse;
3097 1898 3172 1963 et,
3197 1898 3263 1950 ut
3286 1893 3544 1967 apertius

1900 1983 2110 2050 dicam,
2141 1985 2321 2039 Deum
2357 1984 2577 2039 malum
2609 1989 2666 2039 et
2697 1986 2876 2040 Deum
2898 1985 3119 2039 bonum
3149 1982 3326 2038 vultis
3358 1983 3543 2040 intro-

1899 2074 2128 2129 ducere.
2162 2075 2230 2128 Et
2259 2089 2329 2128 ne
2360 2072 2442 2126 illi
2477 2072 2651 2143 malo,
2694 2073 2802 2128 hoc
2847 2077 2935 2130 est
2965 2073 3081 2130 Deo
3136 2072 3537 2140 tenebrarum,

1898 2161 2086 2218 bonus
2116 2162 2224 2217 iste
2254 2162 2406 2217 Deus
2437 2160 2586 2216 lucis
2635 2161 2993 2218 inveniretur
3032 2161 3423 2230 adversarius,
3483 2161 3540 2215 et

1897 2251 2276 2307 circumcisus
2294 2251 2403 2305 fuit
2419 2254 2473 2304 et
2494 2249 2804 2305 celebravit
2828 2249 3046 2321 pascha
3070 2252 3258 2306 vetus.
3283 2249 3351 2306 Et
3370 2245 3542 2320 quasi

1896 2339 2156 2394 devitans
2176 2339 2331 2395 illius
2353 2339 2605 2412 tyranni,
2627 2338 2785 2394 velut
2802 2338 3056 2395 fortioris
3078 2355 3160 2406 se,
3182 2339 3332 2394 iram
3351 2337 3546 2396 incur-

1896 2446 2040 2496 rere,
2073 2429 2142 2483 ad
2175 2434 2409 2501 tempus
2433 2427 2733 2484 simulavit
2755 2445 2816 2484 se
2845 2428 3033 2500 legem
3053 2427 3182 2498 ejus
3211 2427 3542 2485 observare.

1895 2520 2005 2574 Sed
2040 2518 2197 2574 absit
2230 2522 2348 2573 tam
2382 2517 2722 2589 pestiferum
2753 2517 2914 2572 virus
2943 2534 2976 2572 a
3007 2515 3269 2572 ﬁdelium
3302 2515 3545 2574 auribus

1895 2612 1949 2662 et
1980 2606 2272 2674 cordibus,
2319 2610 2384 2661 ut
2421 2605 2507 2660 vel
2557 2605 2888 2677 suspicetur
2931 2604 3148 2677 aliquis
3188 2604 3413 2677 aliquid
3445 2603 3546 2660 ali-

1893 2695 2125 2767 quando
2145 2693 2456 2750 simulasse
2478 2693 2933 2766 omnipotentem
2948 2697 3004 2748 et
3027 2693 3536 2765 simplicissimam

1892 2785 2228 2851 Veritatem,
2253 2799 2376 2854 quae
2407 2786 2496 2837 est
2516 2781 2781 2836 Christus
2806 2786 2952 2837 Deus
2974 2785 3187 2849 noster,
3223 2783 3326 2836 aut
3347 2779 3534 2836 alium

1891 2874 2099 2929 veteris
2131 2871 2273 2944 legis
2295 2888 2443 2938 esse,
2475 2870 2654 2925 alium
2681 2887 2840 2926 nova:
2869 2869 3194 2925 auctorem!
3231 2885 3367 2925 cum
3405 2869 3537 2942 ipsa

1891 2962 2116 3017 Veritas
2138 2964 2507 3033 protestetur,
2527 2959 2724 3014 dicens
2750 2977 2762 3014 :
2791 2982 2817 3010 «
2833 2958 3018 3015 Nolite
3031 2962 3236 3031 putare
3252 2958 3536 3030 quoniam

1892 3051 2024 3107 veni
2056 3050 2274 3106 solvere
2296 3049 2483 3122 legem
2507 3054 2609 3104 aut
2630 3049 2944 3120 prophetas
2965 3065 2977 3104 :
3001 3065 3118 3104 non
3149 3048 3279 3104 veni
3313 3046 3534 3104 solvere

1892 3139 2102 3212 legem,
2136 3140 2235 3194 sed
2259 3137 2577 3210 adimplere
2598 3137 2806 3209 (Matth.
2839 3155 2891 3193 v.
2926 3140 3047 3208 17);
3084 3160 3110 3187 ››
3143 3142 3201 3193 et
3230 3135 3542 3194 Psalmista

1895 3230 2050 3284 dicat
2097 3246 2109 3284 :
2153 3251 2180 3277 ‹‹
2223 3228 2450 3282 Etenim
2496 3226 2957 3282 benedictionem
3025 3226 3185 3281 dabit
3231 3225 3530 3298 legislator

126 3324 319 3387 ratur,
357 3322 422 3372 ut
449 3316 684 3372 traditio
717 3315 979 3372 Ecclesiae
1010 3317 1221 3371 habeat
1251 3317 1360 3372 isto
1383 3318 1561 3372 biduo
1593 3335 1781 3374 sacra-
1811 3301 1852 3366 (Ξ
1893 3319 2064 3388 (Psal.
2100 3334 2329 3386 Lxxxm,
2352 3317 2428 3386 8).
2467 3338 2493 3365 »
2517 3315 2733 3370 Deinde
2764 3314 3152 3385 subjunxistis
3186 3332 3200 3370 :

123 3412 333 3464 menta
363 3407 597 3479 penitus
637 3422 752 3460 non
775 3405 1073 3460 celebrari.
1099 3405 1230 3468 Quae
1258 3405 1443 3460 forma
1467 3407 1665 3477 utique
1681 3423 1784 3478 per

123 3495 402 3570 singulas
437 3494 834 3550 hebdomadas
851 3499 906 3549 et
931 3494 1446 3565 tenenda,propter
1460 3495 1613 3566 quod
1631 3511 1784 3550 com-

123 3583 482 3641 memoratio
514 3584 626 3638 diei
662 3582 823 3638 illius
854 3599 1082 3654 semper
1111 3587 1199 3637 est
1221 3582 1584 3638 celebranda.
1619 3584 1781 3647 Quod

123 3673 361 3748 putatis
392 3671 574 3728 semel
600 3678 774 3743 atque
802 3689 916 3726 uno
943 3671 1623 3741 Sabbatojejunandum,
1647 3689 1782 3745 ergo

122 3769 181 3819 et
212 3764 349 3819 dies
383 3760 684 3816 Dominica
707 3765 762 3816 et
794 3764 954 3816 sexta
986 3759 1127 3815 feria
1149 3758 1327 3816 semel
1354 3760 1412 3814 in
1445 3760 1661 3832 pascha
1677 3763 1786 3816 erit

122 3853 343 3925 utique
376 3849 744 3906 celebranda.
770 3850 828 3904 Si
852 3853 1044 3904 autem
1068 3848 1379 3904 Dominicae
1412 3849 1524 3904 diei
1557 3865 1622 3904 ac
1654 3865 1786 3905 sex-

122 3949 195 3998 ta:
223 3941 390 3997 feriae
420 3957 520 4012 per
546 3938 811 4011 singulas
837 3938 1233 3994 hebdomadas
1256 3938 1788 4011 reparandaimago

122 4036 239 4102 est,
261 4029 557 4087 dementis
571 4033 679 4094 est,
700 4028 862 4083 bidui
881 4044 1049 4099 agere
1071 4027 1511 4097 consuetudine,
1535 4028 1787 4083 Sabbato

122 4119 558 4194 praetermisso,
593 4134 726 4173 cum
761 4134 877 4172 non
908 4117 1203 4189 disparem
1246 4133 1483 4171 causam
1517 4116 1727 4172 habeat
1758 4134 1792 4172 a

122 4215 298 4267 sexta
350 4207 617 4263 videlicet
662 4207 805 4262 feria
855 4207 914 4260 in
965 4222 1084 4276 qua
1126 4205 1408 4260 Dominus
1439 4223 1650 4276 passus
1681 4211 1788 4273 est,

123 4299 377 4373 quando
401 4302 456 4353 et
485 4297 638 4368 apud
664 4296 881 4351 inferos
912 4295 1042 4360 fuit,
1077 4300 1140 4349 ut
1161 4295 1252 4349 die
1283 4295 1454 4349 tertia
1486 4310 1790 4367 resurgens

122 4390 408 4446 redderet
429 4385 715 4452 laetitiam,
740 4389 872 4456 post
897 4384 1215 4439 biduanam
1247 4385 1662 4455 przecedentem
1695 4384 1792 4438 tri-

123 4479 391 4535 stitiam.
426 4475 551 4530 Non
583 4490 718 4546 ergo
751 4490 856 4529 nos
880 4489 1162 4545 negamus
1181 4478 1341 4528 sexta
1363 4473 1789 4544 feriajejunan-

1966 3408 2060 3462 IX.
2077 3407 2809 3461 CONSTANTINOPOLI’I‘ANUS.
2825 3402 3013 3458 Ethoc
3028 3403 3406 3458 manifestum
3420 3405 3538 3476 est,

1893 3495 2063 3562 sicut,
2093 3495 2151 3548 in
2183 3491 2490 3564 Evangelia
2522 3492 2845 3546 secundum
2879 3489 3242 3560 Matthazum,
3276 3491 3348 3546 de
3379 3506 3535 3563 mys-

1891 3583 2006 3639 tica
2034 3601 2195 3638 coma
2223 3581 2490 3652 loquens,
2520 3579 2874 3652 evangelista
2903 3581 2988 3636 sic
3021 3596 3256 3653 quoque
3289 3579 3488 3651 inquit
3518 3595 3533 3636 :

1894 3696 1922 3723 ‹‹
1957 3673 2153 3727 Prima
2181 3677 2374 3727 autem
2398 3671 2489 3724 die
2512 3686 2847 3741 azymorum
2870 3673 3244 3726 accesserunt
3264 3667 3538 3741 discipuli

1895 3763 1967 3818 ad
1998 3763 2199 3818 Jesum
2225 3761 2520 3815 dicentes:
2546 3759 2653 3814 Ubi
2689 3759 2775 3815 vis
2806 3775 3081 3831 paremus
3107 3758 3213 3814 tibi
3235 3758 3544 3815 comedere

1896 3849 2283 3924 paschaYQui
2313 3849 2392 3903 ait
2425 3865 2437 3903 :
2475 3848 2553 3902 [te
2579 3847 2637 3902 in
2670 3847 2960 3904 civitatem
2999 3849 3070 3904 ad
3119 3848 3456 3920 quemdam,
3483 3849 3546 3902 et:

1897 3940 2069 3996 dicite
2098 3939 2148 3994 ei
2184 3955 2196 3994 :
2227 3939 2482 4010 Tempus
2523 3954 2718 3993 meum
2750 3953 2929 4008 prope
2959 3941 3068 4004 est,
3103 3936 3257 4009 apud
3301 3940 3360 3991 te
3391 3934 3554 3991 facio-

1898 4029 2114 4102 pascha
2144 4045 2276 4083 cum
2309 4026 2614 4098 discipulis
2645 4026 2790 4081 meis
2822 4025 3028 4097 (Matth.
3054 4042 3205 4094 xxvr,
3244 4025 3330 4092 17,
3366 4026 3477 4097 18).
3511 4044 3542 4073 ››

1899 4121 1968 4173 Et
1997 4122 2126 4190 post
2155 4115 2435 4188 pusilium
2463 4132 2476 4170 :
2510 4139 2538 4165 «
2578 4115 2822 4187 Vespere
2853 4119 3051 4170 autem
3095 4115 3246 4170 facto
3280 4112 3542 4168 discum-

1900 4208 2074 4262 bebat
2103 4223 2235 4261 cum
2267 4205 2532 4260 dodecim
2582 4204 2886 4277 discipulis
2927 4205 3074 4274 suis,
3124 4208 3182 4259 et
3238 4202 3545 4260 edentibus

1899 4297 2015 4352 illis
2045 4295 2188 4351 dixit
2212 4313 2224 4350 :
2249 4297 2433 4350 Amen
2465 4295 2593 4349 dico
2618 4295 2807 4364 vobis,
2830 4294 2971 4366 quia
2991 4311 3144 4350 unus
3164 4295 3425 4349 vestrum
3453 4305 3550 4348 me

1899 4386 2219 4442 traditurus
2250 4388 2339 4439 est
2368 4383 2549 4454 (Ibid.,
2571 4384 2660 4450 20,
2693 4383 2803 4453 21).
2840 4405 2868 4431 ››
2901 4384 2966 4438 Et
2988 4387 3120 4455 post
3137 4381 3438 4454 pusillum,
3462 4379 3546 4436 di-

1903 4475 2260 4532 centeJuda:
2288 4473 2614 4544 «Nunquid
2632 4489 2735 4544 ego
2759 4488 2914 4541 sum,
2939 4472 3122 4527 Rabbi
3143 4470 3492 4543 ?(Ibid.,25),
3515 4490 3546 4519 ν-

122 4570 303 4636 dum,
343 4565 446 4621 sed
500 4563 750 4619 dicimus
783 4563 842 4618 in
872 4564 1124 4619 Sabbato
1166 4562 1274 4616 hoc
1306 4563 1619 4634 agendum,
1655 4563 1794 4634 quia
1903 4564 2044 4620 dicit
2073 4564 2124 4619 ei
2159 4581 2169 4618 :
2201 4587 2227 4611 «
2262 4563 2343 4617 Tu
2379 4561 2572 4617 dixisti
2606 4561 2785 4632 (Ibat,
2820 4561 2942 4629 ἄλ).
2988 4583 3017 4609 ››
3053 4560 3176 4615 Huc
3225 4575 3413 4630 usque
3443 4556 3542 4614 Dei

122 4660 314 4713 ambo
348 4654 475 4709 dies
507 4653 808 4709 tristitiam
849 4651 1128 4724 apostolis
1151 4657 1208 4707 et
1238 4652 1331 4707 his
1363 4651 1462 4722 qui
1495 4651 1790 4740 Christum
1824 4675 1870 4740 D
1903 4653 2180 4719 hominis,
2215 4652 2483 4707 universa
2513 4649 2715 4722 legalis
2757 4649 3176 4740 paschzegsunt.
3227 4647 3448 4740 Deinde
3477 4663 3546 4740 ea

121 4745 325 4804 secuti
350 4747 492 4799 sunt
514 4743 871 4809 indixerunt,
893 4742 1012 4813 qui,
1039 4741 1443 4796 dieDominico
1467 4739 1788 4810 cxhilarati,
1824 4735 1864 4740 ”
1903 4761 2028 4815 quae
2060 4740 2289 4814 mystici
2319 4745 2374 4795 et
2404 4740 2583 4794 nostri
2623 4742 2778 4807 sunt,
2813 4738 3040 4794 addidit
3080 4735 3455 4810 evangelista,
3489 4739 3549 4792 et

124 4853 249 4892 non
285 4831 488 4890 solum
522 4831 718 4904 ipsum
773 4829 1218 4886 festivissimum
1259 4846 1384 4884 esse
1423 4829 1674 4897 voluere,
1707 4847 1798 4886 ve-
1905 4831 2083 4887 dixit:
2109 4855 2134 4880 ‹‹
2164 4829 2479 4885 Edentibus
2501 4832 2692 4884 autem
2712 4827 2848 4898 illis,
2873 4827 3093 4899 accepit
3122 4827 3295 4883 Jesus
3312 4841 3548 4899 panem,

123 4941 268 4981 rum
303 4921 488 4979 etiam
522 4938 622 4993 per
644 4937 846 4975 omnes
871 4920 1272 4975 hebdomadas
1305 4919 1796 4990 frequentandum
1906 4922 2076 4993 fregit
2105 4924 2160 4975 et
2189 4919 2350 4974 dedit
2378 4917 2682 4988 discipulis
2714 4917 2862 4985 suis,
2894 4921 2951 4972 et
2979 4917 3127 4971 dixit
3158 4934 3171 4972 :
3209 4916 3466 4989 Accipite
3496 4918 3555 4972 et

121 5031 262 5070 esse
297 5013 618 5067 duxerunt.
652 5009 797 5064 Hinc
832 5010 957 5080 jam
994 5008 1218 5079 reliqua
1257 5012 1447 5062 vestra
1478 5007 1632 5062 dicta
1679 5008 1798 5064 dis-
1907 5010 2209 5078 comedite,
2235 5009 2343 5063 hoc
2365 5011 2682 5079 estcorpus
2706 5022 2924 5073 meum,
2945 5007 3104 5078 quod
3129 5021 3232 5078 pro
3255 5005 3422 5062 vobis
3443 5008 3555 5060 tra-

122 5104 466 5161 cutiamus.
1912 5102 2102 5156 detur.
2156 5101 2224 5154 Et
2280 5097 2569 5168 accipiens
2637 5095 2877 5152 calicem
2909 5096 3130 5169 gratias
3167 5096 3286 5168 egit
3313 5098 3370 5152 et
3397 5093 3560 5150 dedit

198 5191 334 5246 VII.
373 5189 1114 5244 CONSTANTINOPOLITANUS.
1139 5186 1411 5242 Nostrum
1432 5204 1566 5242 vero
1585 5185 1802 5258 pascha
1911 5191 1993 5246 eis
2042 5190 2238 5245 dicens
2275 5204 2286 5241 :
2322 5187 2508 5242 Bibite
2547 5202 2614 5240 ex
2645 5201 2710 5240 eo
2743 5202 2947 5241 omnes
2995 5203 3008 5241 :
3061 5185 3155 5240 hic
3198 5189 3285 5240 est
3313 5181 3551 5254 sanguis

120 5281 416 5339 Christus
439 5283 546 5334 est.
588 5277 714 5343 Qui,
767 5281 831 5332 ut
862 5293 975 5332 non
1001 5277 1170 5348 juxta
1211 5275 1393 5348 legem
1444 5276 1802 5331 inveniretur
1911 5296 2078 5334 meus
2108 5278 2246 5333 Novi
2279 5275 2636 5332 Testamenti
2669 5275 2876 5345 (Matth.
2909 5292 3061 5342 xxvr,
3093 5276 3162 5328 26
3195 5293 3208 5341 ;
3240 5277 3362 5327 Luc.
3407 5285 3546 5339 xxn,

123 5366 544 5436 adversarius,
576 5371 630 5422 et
653 5365 1036 5422 circumcisus
1059 5370 1164 5432 est,
1188 5371 1244 5421 et
1266 5364 1447 5437 legale
1471 5365 1686 5437 pascha
1708 5381 1799 5421 ce-
1911 5369 2119 5439 17-20).
2181 5366 2435 5421 Dicendo
2468 5364 2646 5429 enim,
2680 5365 2835 5432 Novi,
2871 5363 3121 5418 ostendit
3168 5358 3441 5432 quoniam
3476 5371 3546 5413 ea

122 5455 398 5518 lebravit
457 5455 752 5529 primitus,
808 5455 912 5524 sic,
965 5455 1085 5525 illo,
1137 5455 1489 5525 discedente,
1533 5458 1799 5509 nostrum
1912 5475 2037 5529 quae
2077 5456 2292 5511 Veteris
2323 5455 2560 5510 fuerunt
2588 5453 2937 5509 Testamenti
2977 5451 3364 5506 cessaverunt.

123 5564 363 5608 novum
401 5549 679 5617 operatus
710 5550 818 5601 est.
1982 5547 2048 5600 X.
2082 5546 2385 5600 ROMANUS.
2405 5549 2536 5599 Haec
2557 5543 2755 5598 omnia
2775 5559 2888 5597 non
2919 5557 2953 5595 a
2981 5538 3163 5606 vobis,
3197 5537 3297 5592 sed
3329 5553 3363 5591 a
3394 5551 3551 5593 vera-

202 5637 364 5695 VIII.
419 5634 724 5692 ROMANUS.
759 5637 920 5700 Quod
971 5635 1234 5691 Christus
1281 5636 1540 5690 vestrum
1582 5632 1803 5706 pascha
1910 5634 2076 5691 cibus
2102 5633 2486 5706 Evangelistis
2509 5631 2929 5704 conscripta,et
2957 5629 3028 5684 ab
3058 5626 3335 5682 omnibus
3353 5624 3551 5682 ortho-

122 5733 227 5808 sit,
263 5724 482 5789 sciatis
514 5744 618 5783 nos
641 5727 723 5782 ita
743 5727 1073 5792 concedere,
1107 5725 1156 5785 si
1176 5739 1304 5784 eum
1327 5721 1591 5782 asseritis
1621 5721 1800 5781 etiam
1911 5723 2073 5784 doxis
2105 5723 2376 5782 Patribus
2424 5724 2758 5780 constanter
2794 5716 3100 5794 praedicata
3127 5716 3444 5787 credimus,
3490 5719 3551 5775 et

473 5854 740 5940 Bonos.
787 5852 1047 5940 CXLIII.
3149 5846 3230 5928 3.9.
