3916 6372
273 423 393 484 939
1277 407 1761 477 HUMBERTUS
1806 407 1870 468 S.
1920 407 1993 466 Β.

274 555 468 626 ipsum
499 547 813 606 Dominum
837 548 1104 605 nostrum
1133 545 1336 602 Jesum
1365 543 1661 600 Christum
1693 541 1902 610 quarta
1929 549 1984 614 Α

273 634 502 697 de'cima
528 638 669 694 luna
697 635 768 692 ad
796 651 1098 708 vesperam
1127 633 1341 706 pascha
1371 635 1536 686 vetus
1566 626 1903 700 perfecisse,

273 733 332 786 et
349 727 494 784 mox
521 741 735 782 novum
764 724 1070 780 inchoasse
1104 720 1505 796 praedicamus.
1547 716 1910 796 Quapropter

275 813 580 888 sequentia
602 813 926 869 videamus.

345 905 439 960 ΧΙ.
468 908 1192 960 ΟοΝετΑΝτιΝοΡοιινι-Ακυε.
1217 895 1470 968 Aspicite
1491 893 1779 966 quomodo
1809 907 1908 962 pa-

278 1008 412 1050 nem
443 1009 652 1064 corpus
682 1007 854 1046 suum
883 989 991 1045 sub
1013 989 1170 1046 Novo
1191 987 1538 1042 testamento
1565 979 1805 1046 vocavit,
1839 977 1912 1032 si-

278 1084 378 1139 cut
403 1080 692 1137 vivificum
715 1083 769 1134 et
791 1077 1028 1150 plenum
1059 1076 1288 1148 spiritu,
1321 1079 1377 1128 et
1407 1071 1558 1128 sicut
1575 1067 1784 1124 caloris
1812 1067 1909 1121 de-

279 1167 744 1226 monstrativum.
791 1167 907 1222 Vos
956 1165 1191 1237 quidem
1223 1177 1456 1234 panem,
1504 1175 1611 1214 nos
1639 1167 1786 1230 ἅρτον
1819 1154 1910 1209 di-

279 1258 488 1314 cimus.
517 1259 688 1320 Ἀρτςο
751 1258 944 1310 autem
968 1253 1384 1322 interpretatur
1417 1246 1672 1302 elevatus
1704 1247 1761 1300 et
1791 1259 1912 1298 sur-

277 1363 410 1402 sum
439 1347 706 1418 portatus
733 1360 768 1398 a
793 1341 1076 1397 fermento
1107 1343 1164 1394 et
1193 1337 1332 1406 sale,
1368 1335 1615 1390 calorem
1649 1337 1703 1388 et
1733 1331 1912 1386 eleva-

277 1435 497 1491 tionem
514 1432 759 1488 habens.
781 1433 1006 1501 Azymas
1035 1430 1232 1482 autem
1256 1423 1398 1480 nihil
1423 1423 1642 1478 distant
1659 1440 1694 1476 ιι
1719 1418 1912 1491 lapide

277 1521 404 1580 sine
431 1519 631 1577 anima
659 1521 716 1574 et
742 1516 868 1572 luto
891 1514 1090 1572 lateris
1111 1514 1381 1570 deorsum
1407 1511 1726 1580 conjunctae
1749 1511 1912 1562 terrae

275 1613 333 1664 et
351 1594 516 1665 sicco
544 1606 669 1662 luto
697 1607 1066 1676 comparatae,
1099 1619 1224 1674 quae
1256 1617 1389 1656 cum
1421 1594 1914 1654 amaritudinibus

277 1699 505 1769 Moyses
561 1693 862 1750 comedere
917 1691 1148 1747 miseris
1206 1687 1385 1744 semel
1442 1687 1500 1741 in
1555 1684 1752 1739 divina
1788 1682 1914 1752 lege

280 1783 584 1842 constituit
623 1799 636 1838 :
674 1779 952 1853 quoniam
980 1777 1147 1835 malae
1178 1775 1470 1850 passionis
1500 1778 1554 1829 et
1584 1769 1914 1828 tribulatio-

283 1874 375 1928 nis
399 1869 664 1944 symbola
679 1873 817 1926 sunt
837 1866 1239 1940 signiﬁcativa.

353 1959 470 2040 ξζῐΙ.
503 1959 804 2015 Romanus.
839 1957 902 2011 In
933 1956 1042 2011 hac
1083 1959 1274 2011 vestra
1309 1951 1723 2025 disputatione,
1769 1945 1916 2003 illud

287 2051 514 2107 tantum
550 2045 962 2119 approbemus,
997 2045 1152 2116 quod
1184 2042 1467 2098 Dominus
1507 2041 1678 2096 Jesus
1709 2053 1918 2110 panem

282 2135 654 2195 benedictum
685 2137 744 2191 et
772 2134 1019 2190 fractum
1048 2133 1107 2188 in
1140 2131 1484 2188 memoriam
1515 2127 1607 2183 sui
1639 2127 1748 2183 sub
1777 2140 1920 2180 novo

284 2227 632 2284 testamento
675 2239 888 2294 corpus
917 2237 1092 2277 suum
1139 2220 1380 2276 vocavit.
1414 2219 1484 2272 Et
1527 2215 1678 2288 quod
1729 2213 1922 2269 omnis

286 2311 456 2388 panis
485 2309 828 2384 huiusmodi
856 2309 1104 2365 viviﬁcet
1131 2313 1188 2364 et
1219 2309 1315 2362 det
1345 2306 1525 2360 vitam
1557 2303 1798 2369 mundo,
1830 2304 1922 2354 ut-

288 2407 422 2476 pote
450 2399 660 2474 plenus
699 2397 906 2469 spiritu
937 2401 994 2452 et
1021 2397 1210 2452 calore
1249 2395 1349 2450 Dei
1379 2391 1511 2460 vivi,
1545 2395 1602 2446 et
1632 2389 1785 2462 quod
1817 2405 1924 2443 nos

289 2487 522 2566 panem,
551 2507 654 2547 vos
681 2498 829 2560 ἄρτον
871 2485 1064 2540 dicitis
1089 2502 1102 2553 ;
1137 2482 1364 2554 reliqua
1391 2497 1520 2536 vero
1551 2478 1926 2534 vehementer

290 2564 670 2655 detestamur.
703 2585 760 2638 et
785 2578 944 2636 velut
963 2573 1290 2632 haereticam
1320 2570 1633 2626 vanitatem
1666 2571 1724 2655 et
1753 2564 1927 2620 auda-

291 2654 442 2729 ciam
472 2671 686 2729 olentia
727 2673 902 2740 atque
945 2661 1298 2728 resonantia,
1343 2654 1923 2714 anathematizamus.

293 2761 431 2830 Quis
461 2761 616 2818 enim
647 2758 882 2816 audebit
910 2769 1118 2828 panem
1150 2748 1486 2822 quemlibet,
1521 2746 1742 2816 absque
1773 2757 1929 2830 mys-

293 2829 441 2907 terio
471 2849 624 2922 quod
648 2863 828 2920 supra
859 2844 1132 2910 diximus,
1167 2853 1425 2896 asserere
1449 2835 1689 2908 plenum
1721 2829 1929 2902 spiritu

295 2943 353 2996 et
380 2919 867 3002 animatu:n,nisi
899 2929 1220 3004 discipulus
1251 2923 1594 2982 Manichaai?
1624 2919 1739 2992 Ipsi
1775 2922 1930 2974 enim

298 3025 618 3092 delirando,
651 3023 797 3080 sicut
827 3037 959 3077 vere
988 3018 1142 3092 pleni
1157 3015 1406 3080 insania,
1437 3009 1806 3082 impudenter
1833 3021 1932 3060 as-

299 3119 503 3172 serunt
523 3128 732 3187 panem
751 3113 809 3167 et
825 3109 1051 3176 vinum,
1073 3106 1321 3178 lignum,
1347 3101 1596 3173 lapidem
1619 3099 1675 3152 et
1692 3099 1930 3187 vestem,

301 3183 622 3277 ceteraque
642 3201 782 3259 talia
794 3199 1051 3257 animam
1073 3195 1307 3251 habere.
1335 3191 1482 3248 lllud
1506 3204 1734 3277 quoque
1755 3183 1931 3277 quod,

302 3270 572 3371 azymum
619 3295 900 3367 negantes
949 3301 1156 3360 panem
1191 3299 1338 3348 esse,
1384 3274 1932 3371 per‘etymologiam
1965 3270 2006 3336 C

300 3364 429 3461 ejus
458 3364 736 3453 nominis,
751 3381 904 3454 quod
923 3382 1010 3434 est
1036 3387 1197 3449 ἄρτος,
1219 3367 1509 3461 conamini
1533 3383 1637 3421 nos
1669 3364 1894 3461 vincere
1919 3381 1931 3419 :

302 3452 500 3537 sciatis
527 3452 1005 3532 omnino—vanum
1036 3470 1094 3521 et
1118 3460 1358 3536 puerile.
1391 3457 1536 3524 Quia
1565 3458 1622 3510 et
1650 3471 1684 3508 a
1707 3452 1934 3524 lingua-

301 3582 435 3638 rum
465 3561 668 3638 peritis
713 3560 950 3616 diversas
971 3548 1330 3638 etymologiae
1351 3548 1567 3638 dantur
1595 3559 1664 3598 ex
1685 3557 1808 3638 uno
1835 3557 1936 3596 no-

303 3630 488 3723 mine:
514 3648 832 3708 secundum
865 3645 1192 3700 humanum
1232 3636 1512 3710 placitum
1545 3630 1732 3723 magis
1761 3645 1937 3723 quam

303 3719 628 3802 secundum
654 3741 928 3796 naturam
943 3747 1163 3789 rerum.
1196 3729 1263 3784 Et
1293 3727 1353 3781 in
1384 3721 1660 3781 omnibus
1685 3719 1940 3790 Scriptu-

301 3833 384 3892 ris
409 3829 741 3889 invenimus
785 3838 996 3899 panem
1026 3818 1418 3875 inditl'erenter
1447 3809 1582 3878 diei,
1623 3809 1742 3864 sive
1771 3808 1944 3863 fuerit

303 3938 564 3994 azymus,
592 3919 712 3976 sive
740 3915 915 3971 fuerit
943 3909 1342 3966 fermentatus.
1361 3903 1524 3968 Quod
1546 3903 1680 3958 hinc
1699 3902 1938 3956 demon-

304 4014 492 4068 strare
520 4005 858 4078 incipimus.

373 4095 514 4158 XIII.
556 4075 750 4150 Primo
791 4088 1077 4155 omnium,
1123 4101 1254 4140 ecce
1293 4099 1530 4150 manna,
1563 4085 1680 4136 tam
1713 4077 1771 4132 in
1813 4075 1940 4148 lege

305 4189 364 4242 et
409 4182 708 4258 prophetis
754 4183 812 4234 et
845 4175 1112 4249 psalmis,
1157 4188 1333 4244 quam
1391 4171 1450 4224 in
1497 4165 1846 4258 evangelicis
1885 4167 1942 4258 et

307 4255 641 4350 apostolicis
661 4267 892 4336 litteris,
905 4263 1093 4338 panis,
1120 4261 1178 4316 id
1205 4265 1308 4326 est,
1321 4260 1478 4324 ἄρτος,
1509 4261 1764 4315 vocatur.
1780 4255 1942 4311 Sicut

307 4366 369 4422 in
399 4362 625 4438 psalmo
659 4379 672 4418 :
705 4368 852 4432 ἄρτον
892 4363 1100 4428 οὐρανοῦ
1131 4359 1298 4408 ἔδοιεν
1335 4357 1513 4416 αὐτοῖς,
1544 4357 1692 4420 ἄρτον
1719 4351 1940 4438 ἀγγέλιον

307 4431 484 4526 nam
510 4431 758 4524 ἄνθρωπος
791 4463 804 4501 :
837 4443 988 4518 quod
1039 4441 1216 4497 latine
1261 4437 1474 4494 dicitur
1510 4453 1536 4526 7:
1570 4431 1942 4526 ᾼραηθγη-εαξῑί

304 4519 452 4598 dedit
479 4543 577 4608 eis,
595 4519 798 4612 panem
823 4532 1140 4604 angelorum
1186 4525 1539 4583 manducavit
1563 4524 1739 4578 homo.
1782 4519 1938 4612 Et

302 4611 613 4704 Evangelia
649 4644 666 4684 ἶ
715 4633 878 4698 Κύριε,
928 4631 1006 4678 ἀεὶ
1049 4628 1127 4686 δὸς
1168 4626 1278 4689 ὑμῖν
1310 4626 1395 4672 τὸν
1437 4623 1584 4686 ἄρτον
1627 4623 1820 4669 τοῦτον.
1869 4611 1940 4666 Et
1969 4631 2018 4696 D

304 4719 364 4774 in
393 4718 585 4774 Exodo
619 4735 632 4773 :
667 4722 816 4778 Οὗτός
859 4717 1015 4769 ἐστινὸ
1059 4717 1220 4780 ἄρτος,
1265 4715 1320 4762 ὃν
1366 4712 1544 4760 ἔδωκεν
1591 4709 1704 4772 ἱμῖν
1750 4709 1937 4772 Κύριος.

305 4807 365 4864 Si
395 4823 532 4879 ergo
560 4821 796 4870 manna,
828 4799 980 4872 quod
1003 4801 1126 4854 erat
1153 4795 1350 4852 album
1372 4797 1429 4848 et
1460 4791 1754 4848 minutum
1787 4789 1942 4845 sicut

305 4877 509 4952 semen
536 4889 850 4956 coriandri,
871 4891 928 4944 et
949 4883 1118 4958 quasi
1141 4883 1256 4956 pilo
1289 4888 1489 4939 tusum
1520 4881 1578 4935 in
1612 4877 1942 4935 similitudi-

305 4996 440 5037 nem
452 4975 692 5050 pruinaa,
705 4959 1028 5048 gustusque
1044 4973 1172 5044 ejus
1187 4971 1351 5042 quasi
1373 4968 1577 5024 similae
1591 4983 1723 5023 cum
1750 4965 1938 5034 melle,

307 5063 651 5125 auctoritate
697 5063 894 5117 divina
939 5061 1153 5116 dicitur
1198 5057 1388 5130 panis,
1440 5057 1560 5111 sive
1582 5066 1742 5126 ἄρτος,
1785 5055 1939 5126 quod

309 5143 509 5228 utique
556 5150 780 5208 nullam
810 5147 1254 5230 similitudinem
1299 5147 1402 5198 aut
1423 5160 1630 5198 verum
1673 5159 1938 5213 saporem

304 5243 474 5318 panis
504 5239 760 5298 habebat
781 5255 794 5305 ;
815 5228 1101 5308 quomodo
1124 5248 1335 5306 azymis
1370 5231 1552 5300 possit
1573 5228 1696 5318 tolli
1730 5245 1939 5284 nomen

304 5317 496 5410 panis,
529 5347 646 5388 non
675 5327 946 5384 videmus
978 5340 992 5378 :
1024 5324 1123 5395 qui
1154 5322 1356 5391 utique
1398 5320 1622 5384 natura,
1658 5317 1844 5372 forma
1883 5322 1942 5372 et

305 5401 508 5495 sapore
553 5413 906 5495 omnimodis
948 5413 1117 5484 panis
1147 5414 1236 5464 est
1265 5409 1325 5461 et
1353 5401 1583 5495 dicitur,
1617 5404 1939 5476 praesertim

305 5491 442 5568 cum
487 5493 675 5582 angeli
713 5505 868 5580 apud
912 5501 1206 5560 Abraham
1261 5497 1320 5550 et
1374 5491 1480 5547 Lot
1523 5492 1940 5552 subcinericios

397 5615 455 5686 β)
485 5611 735 5686 Locuspl
749 5631 783 5670 a
797 5631 833 5670 n
891 5611 925 5666 d
1109 5612 1264 5666 atus.

396 5683 454 5758 9)
481 5689 658 5758 ﬂow.

1945 1911 1994 1975 B

697 5876 770 5899 ινα

2037 404 2107 465 Ε.
2154 399 2644 466 CARDINALIS.
3591 387 3732 451 940

2013 552 2210 607 panes,
2245 543 2418 607 ἄρτους
2449 541 2745 606 ὑποτέφρους
2782 529 3057 586 dicantur
3094 523 3471 590 comedisse,
3522 535 3729 591 ange-

2011 623 2225 695 lusque
2271 623 2446 679 Heliae
2491 622 2718 694 legatur
2763 619 2824 676 in
2854 618 3160 675 desertum
3217 611 3544 670 attulisse.
3601 607 3733 666 Sed

2016 711 2157 777 quid
2190 711 2414 767 multa?
2438 711 2498 766 in
2527 711 2652 784 lege
2681 714 2738 766 et
2767 708 2829 764 in
2853 705 3164 780 Evangelio
3194 701 3576 760 invenimus
3606 708 3736 765 τοὺς

2016 807 2188 872 ἄρτους
2217 809 2507 873 προθέσεως,
2531 799 2588 854 id
2607 803 2717 865 est,
2735 814 2906 871 panes
2920 795 3345 870 propositionis,
3367 807 3548 866 quos
3585 806 3733 862 asy-

2019 907 2145 946 mos
2165 889 2345 946 fuisse
2365 905 2536 945 nemo
2558 888 2809 956 dubitat,
2834 886 2934 960 qui
2953 886 3102 960 legis
3125 883 3406 940 Mosaicae
3433 880 3734 952 aliquam

2019 978 2286 1034 notitiam
2339 981 2608 1033 retentat.
2661 976 2768 1032 Ubi
2824 975 3040 1032 dicitur
3084 991 3098 1031 :
3144 995 3174 1026 ι(
3205 973 3427 1030 Omnis
3481 967 3733 1028 oblatio

2019 1085 2144 1139 quae
2201 1068 2441 1122 offertur
2478 1065 2749 1132 Domino,
2799 1064 3026 1137 absque
3071 1063 3364 1120 fermento
3400 1060 3518 1116 ﬁet
3556 1077 3572 1115 :
3615 1075 3732 1114 nec

2019 1157 2342 1228 quidquam
2359 1154 2624 1212 fermenli
2647 1169 2713 1210 ac
2732 1152 2926 1210 mellis
2943 1151 3279 1209 adolebitur
3299 1150 3360 1206 in
3391 1147 3729 1206 sacriﬁcio

2022 1245 2247 1301 Domini
2279 1245 2422 1315 (Leu.
2457 1261 2519 1308 ιι,
2556 1244 2666 1310 11).
2696 1264 2723 1292 ››
2755 1243 2822 1297 Et
2851 1241 2910 1296 in
2941 1239 3410 1298 Deuteronomio
3457 1239 3724 1312 Moyses

2019 1351 2287 1407 azymum
2318 1331 2560 1397 vocavit,
2590 1341 2740 1404 ἄρτον
2767 1339 3121 1396 ταπεινώσεως,
3151 1329 3212 1386 id
3239 1333 3334 1384 est
3361 1345 3599 1401 panem
3629 1332 3731 1398 al-

2017 1424 2295 1492 ﬂictz'onis.
2357 1421 2558 1475 Sermo
2613 1434 2846 1490 quoque
2903 1417 3140 1474 Domini
3187 1417 3262 1472 ad
3312 1415 3724 1474 Ezechielem

2020 1512 2208 1568 factus
2238 1508 2383 1564 dixit
2407 1527 2418 1564 :
2445 1531 2472 1558 «
2497 1509 2566 1563 Et
2586 1510 2652 1563 tu
2674 1506 2756 1562 ﬁli
2780 1505 3062 1577 hominis,
3085 1521 3258 1562 sume
3286 1505 3397 1562 tibi
3427 1506 3728 1562 frumen-

2019 1604 2171 1667 tum,
2204 1599 2512 1663 hordeum,
2546 1595 2765 1667 labam,
2805 1595 3048 1662 lentem,
3085 1593 3322 1651 milium
3365 1599 3428 1650 et
3459 1594 3726 1664 viciam,

2021 1692 2078 1744 et
2109 1687 2305 1742 mittes
2337 1685 2396 1739 in
2428 1701 2530 1740 vas
2572 1701 2781 1750 unum,
2815 1687 2872 1739 et
2902 1683 3082 1739 facies
3111 1682 3224 1739 tibi
3253 1699 3445 1755 panes
3477 1682 3724 1756 (Ezech.

2025 1794 2097 1842 ιν,
2129 1777 2204 1845 9).
2243 1797 2270 1823 ››
2305 1774 2443 1828 Ecce
2472 1776 2591 1827 tam
2626 1771 2721 1827 hic
2751 1788 2930 1844 quam
2951 1771 3013 1826 in
3043 1771 3574 1843 subsequentibus
3606 1787 3726 1844 pa—

2027 1880 2129 1918 nes
2159 1861 2457 1928 dicuntur,
2491 1860 2588 1915 ubi
2623 1859 2784 1916 nulla
2815 1858 3087 1915 fermenti
3131 1859 3358 1915 mentio
3388 1859 3670 1916 habetur
3705 1876 3722 1916 :

2027 1951 2085 2006 in
2108 1954 2338 2006 tantum
2361 1953 2426 2004 ut
2448 1949 2876 2016 subcinericus,
2898 1947 3266 2004 hordeaceus
3283 1947 3514 2004 ibidem
3530 1964 3724 2004 voce-

2025 2045 2140 2095 tur.
2193 2038 2630 2105 Verumtamen,
2666 2040 2730 2092 ut
2759 2037 2830 2092 de
2867 2035 3081 2092 vestris
3125 2035 3351 2108 aliquid
3392 2035 3724 2103 dicamus,

2029 2127 2223 2183 audite
2255 2125 2390 2198 quid
2411 2127 2670 2181 Joannes
2699 2124 3026 2181 monachus
3048 2127 3446 2180 Damascenus
3464 2123 3527 2178 in
3565 2122 3725 2180 lau-

2030 2217 2100 2272 de
2140 2215 2237 2272 Dci
2283 2214 2590 2270 Genitricis
2641 2213 2826 2269 dicit:
2863 2214 2940 2284 (8)
2983 2221 3116 2270 Ἐπεὶ
3169 2217 3281 2269 αὖτε
3334 2221 3434 2268 τῶν
3494 2220 3720 2285 βροτῶν

2031 2312 2168 2360 οὐσία
2223 2311 2298 2359 διὰ
2355 2313 2444 2362 σοῦ
2501 2309 2764 2374 ὁμιλίσασα
2839 2310 2949 2375 Θείῳ
3013 2313 3136 2376 πυρί
3193 2311 3254 2366 ὡς
3325 2310 3526 2374 ἔγιυμσ,
3597 2301 3720 2372 (9),

2030 2402 2243 2463 πάνοιγνε
2299 2399 2522 2462 παρθένε,
2575 2399 2623 2458 ἐξ
2667 2395 2722 2446 οὗ
2767 2398 2930 2458 ὥπτης
2977 2399 3211 2448 Θεοτόκον
3257 2397 3495 2458 ἀληθινὸν
3525 2397 3725 2462 διαφυ-

2031 2491 2264 2549 λάξαντα.
2287 2479 2434 2544 Quin
2459 2478 2632 2534 etiam
2657 2477 2928 2535 volumus
2951 2483 3018 2535 ut
3044 2479 3258 2536 dicatis
3282 2478 3728 2535 fermentatus-

2035 2587 2108 2625 ne
2138 2585 2374 2641 azymus
2405 2567 2482 2622 sit
2511 2569 2580 2622 de
2611 2583 2724 2638 quo
2753 2566 3032 2624 Salomon
3059 2567 3142 2624 ait
3172 2585 3186 2624 :
3221 2567 3436 2624 Suavis
3471 2571 3570 2624 est
3610 2566 3727 2624 ho-

2036 2657 2180 2713 mini
2213 2657 2379 2730 panis
2413 2655 2696 2711 mendacii
2726 2658 2910 2725 (Prov.
2941 2674 3037 2726 xx,
3073 2658 3186 2729 17).
3225 2679 3256 2708 »
3285 2657 3358 2712 Et
3393 2674 3406 2712 :
3461 2679 3492 2707 «
3526 2655 3726 2712 Panis

2036 2745 2412 2803 absconditus
2458 2745 2689 2800 suavior
2736 2749 2826 2800 est
2871 2746 3057 2817 (Prov.
3095 2763 3176 2812 Ix,
3208 2745 3338 2818 i7);
3394 2767 3423 2796 »
3475 2743 3728 2802 scilicet

2038 2853 2210 2906 quem
2244 2833 2455 2888 mulier
2476 2832 2656 2888 stulta
2677 2833 3054 2905 repromittit.
3077 2833 3150 2890 Et
3169 2833 3268 2890 hic
3298 2834 3466 2890 enim
3497 2838 3560 2890 et
3589 2832 3724 2889 illic

2040 2940 2153 2978 non
2177 2939 2434 2994 azymus,
2469 2922 2568 2976 sed
2608 2931 2750 2994 ἄρτος
2779 2920 3012 2977 dicitur.
3055 2921 3126 2978 Et
3157 2921 3300 2994 quia
3330 2938 3442 2978 nos
3475 2921 3554 2977 ad
3601 2921 3728 2976 hoc

2040 3017 2263 3084 tragere
2293 3010 2502 3065 nititur
2529 3013 2648 3066 tota
2664 3014 2858 3066 vestra
2886 3009 3230 3082 disputatio,
3254 3014 3323 3066 ut
3338 3026 3447 3082 pro
3469 3026 3542 3066 eo
3575 3015 3724 3066 tan-

2039 3103 2168 3154 tum
2199 3098 2354 3170 quod
2385 3098 2695 3154 Matthaeus
2733 3097 2874 3153 dicit
2905 3115 2920 3152 :
2949 3106 3120 3154 λαϐὼν
3147 3105 3174 3154 ὁ
3205 3108 3384 3166 Ιησοῦς
3409 3107 3504 3154 τὸν
3535 3106 3729 3170 ἄρτον,

2042 3188 2101 3242 id
2131 3189 2220 3242 est
2247 3189 2447 3257 accepit
2474 3190 2631 3243 Iesus
2646 3203 2849 3258 panem
2880 3187 3089 3258 (Matth.
3121 3203 3278 3255 xxvr,
3298 3187 3420 3257 26),
3452 3185 3735 3258 incipia-

2039 3290 2173 3330 mus
2195 3275 2424 3330 credere
2458 3273 2868 3330 fermentatum
2901 3278 2958 3330 et
2987 3290 3103 3331 non
3127 3275 3367 3330 asinum
3389 3273 3734 3346 discipulis

2047 3363 2170 3419 suis
2197 3362 2257 3416 in
2280 3362 2620 3418 memoriam
2639 3379 2758 3418 suae
2779 3362 3072 3434 passionis
3091 3362 3412 3419 Dominum
3437 3361 3730 3431 dedisse;

2045 3449 2242 3507 sciatis
2287 3450 2460 3505 istam
2507 3451 2858 3506 sententiam
2905 3456 3162 3507 vestram
3207 3449 3362 3507 satis
3389 3449 3728 3506 inﬁrmam

2046 3555 2194 3607 esse,
2226 3537 2274 3594 si
2305 3537 2461 3593 aliud
2493 3555 2608 3594 non
2640 3538 2866 3594 habetis
2896 3540 3053 3611 quod
3086 3539 3277 3612 possit
3305 3543 3518 3594 vestras
3551 3537 3732 3611 parti

2049 3627 2254 3682 favere.
2271 3627 2472 3682 Omnis
2485 3626 2639 3682 enim
2657 3627 2952 3684 sententia
2965 3643 3035 3683 ex
3054 3625 3330 3700 opinione
3347 3626 3730 3698 procedens,

2048 3721 2136 3771 est
2181 3715 2380 3771 dubia.
2425 3715 2558 3780 Qum
2590 3719 2786 3771 autem
2819 3732 2888 3772 ex
2917 3715 3170 3772 scientia
3220 3715 3512 3787 procedit,
3556 3718 3740 3770 certa

2049 3803 2381 3860 omnimode
2409 3808 2466 3858 et
2495 3808 2639 3859 rata.
2672 3802 2856 3871 Unde,
2895 3804 2944 3860 si
2981 3803 3158 3860 aliam
3190 3803 3562 3860 sententiam
3609 3803 3732 3858 fir-

2051 3893 2290 3948 miorem
2311 3908 2425 3947 non
2447 3891 2693 3960 habetis,
2714 3891 2823 3948 hac
2845 3891 2972 3948 sola
2990 3897 3112 3948 tam
3130 3891 3416 3964 ambigua
3431 3895 3738 3949 nostrum

2049 3997 2400 4038 consensum
2445 3979 2607 4036 vobis
2649 3997 2765 4036 non
2797 3980 3174 4036 vindicabitis
3209 3997 3222 4035 :
3257 3979 3401 4053 quia
3431 3983 3502 4036 ut
3541 3997 3740 4052 supe-

2048 4069 2171 4124 rius
2201 4069 2429 4142 copiose
2457 4069 2933 4150 monstravimus,
2966 4085 3232 4142 azymus,
3266 4068 3424 4124 sicut
3447 4068 3736 4126 fermen-

2047 4161 2225 4226 tatus,
2258 4155 2474 4212 dicitur
2500 4166 2661 4230 ἄρτος.
2693 4157 2844 4222 Quin
2875 4157 3054 4212 etiam
3086 4157 3424 4226 Matthzsus,
3459 4157 3572 4230 qui
3605 4157 3738 4214 He-

2049 4245 2240 4300 braice
2254 4245 2488 4318 scripsit
2509 4243 2908 4318 Evangelium,
2931 4261 3049 4301 non
3067 4246 3216 4302 dixit
3238 4263 3251 4301 :
3273 4253 3446 4302 λαεὼν
3475 4252 3502 4302 ὁ
3534 4257 3744 4316 ιησοΰς

2047 4346 2131 4393 τὸν
2159 4343 2326 4410 ἄρτον,
2361 4334 2512 4390 sicut
2541 4332 2791 4402 Graecus,
2827 4334 2927 4390 sed
2971 4337 3038 4390 ut
3082 4333 3363 4391 Hebraeus
3393 4333 3670 4390 Hebraeis
3713 4350 3732 4391 :

2047 4428 2259 4484 Lachab
2286 4429 2445 4483 Iesus
2467 4421 2688 4478 lechem.
2720 4421 2962 4478 Lechem
2984 4425 3186 4478 autem
3207 4421 3496 4478 Hebraice
3524 4422 3742 4480 etiam

2048 4531 2316 4590 azymum
2337 4511 2528 4569 vocari
2547 4510 2608 4566 in
2634 4509 3084 4566 Deuteronomio
3107 4511 3466 4585 cognoscite,
3499 4509 3616 4567 ubi
3641 4511 3742 4569 sic

2047 4606 2296 4663 habetur
2329 4619 2341 4659 :
2374 4600 2578 4657 lechem
2606 4601 2721 4668 om',
2745 4598 2801 4654 id
2834 4603 2927 4655 est
2954 4616 3168 4672 panem
3203 4599 3577 4668 afflictionis,
3637 4605 3736 4658 at-

2049 4711 2162 4768 que
2178 4709 2355 4766 panes
2375 4687 2788 4763 propositionis
2811 4687 3016 4743 lechem
3036 4691 3233 4760 pavim'
3253 4689 3366 4760 (10)
3398 4688 3736 4746 dicuntur.

2048 4784 2212 4840 Unde
2240 4781 2300 4836 in
2332 4778 2582 4846 Psalmo,
2620 4793 2838 4832 manna
2878 4793 3112 4849 quoque
3160 4776 3438 4833 similiter
3463 4782 3740 4835 vocatur

2052 4876 2116 4928 ut
2155 4870 2355 4926 lechem
2386 4867 2617 4922 albicim’
2645 4865 2759 4937 (11)
2789 4865 2948 4920 achal
2977 4867 3046 4934 is,
3076 4865 3234 4937 quod
3255 4864 3738 4938 interpretatur,

2049 4977 2246 5026 panem
2273 4957 2590 5026 angelorum
2610 4953 2964 5010 manducavit
2995 4955 3173 5010 homo.

2119 5048 2259 5104 XIV.
2295 5049 2439 5102 Tam
2470 5043 2721 5117 cOpiosis
2761 5058 2898 5116 ergo
2931 5043 3113 5098 trium
3143 5041 3580 5115 principalium
3615 5043 3748 5102 lin-

2049 5155 2297 5214 guarum
2323 5133 2605 5205 exemplis
2634 5135 2964 5188 enervatam
2990 5129 3412 5205 etymologiam
3442 5139 3742 5192 vestram

2048 5247 2118 5286 ex
2165 5225 2420 5291 nomine,
2452 5221 2606 5294 quod
2653 5225 2742 5277 est
2775 5229 2936 5294 ἄρτος,
2971 5219 3270 5292 sapienter
3311 5219 3745 5295 considerate,

2049 5322 2105 5374 et
2127 5331 2325 5387 azyma
2355 5315 2552 5368 nostro
2583 5309 2999 5366 fermentatum
3021 5313 3288 5365 vestrum
3309 5308 3603 5381 praeferre
3639 5329 3751 5370 ca-

2047 5410 2192 5462 vete.
2227 5402 2373 5468 Quia
2402 5400 2450 5456 si
2482 5417 2598 5456 non
2629 5397 2924 5455 obstinata
2953 5401 3148 5456 mente
3186 5397 3530 5456 manifestas
3565 5404 3745 5460 veri-

2047 5493 2153 5552 tati
2182 5489 2476 5558 resistitis,
2525 5491 2582 5544 et
2611 5486 2661 5545 si
2688 5487 2868 5545 Vetus
2895 5487 3221 5544 et.Novum
3251 5487 3746 5552 Testamentum

2121 5601 2232 5672 (40)
2260 5597 2484 5672 Pssim-

2121 5601 2212 5672 (10
2260 5601 2484 5656 Panim.

2121 5601 2238 5748 (11)
2264 5667 2512 5728 Abirim.
