3916 6376
16 466 17 469 ‘
83 451 191 517 9“

1067 444 1476 511 ADVERSUS
1520 441 1975 509 GRAECORUM
2020 444 2499 510 CALUMNIAS.

3353 420 3475 508 942‘

82 591 276 660 aperte
307 601 422 642 non
447 580 833 656 impugnatis,
868 581 1177 637 nobiscum
1222 582 1437 638 sentire
1469 585 1525 637 et
1556 580 1728 652 proii-
1757 581 1814 649 Α
1845 578 2080 635 homine
2112 580 2221 636 isto
2253 596 2321 635 ex
2351 579 2444 635 his
2492 578 2552 633 in
2592 577 2811 650 quibus
2855 594 2990 634 eum
3041 577 3346 646 accusatis,
3380 580 3483 635 sed

78 677 187 731 teri
210 675 455 742 habetis,
482 688 750 746 azymum
791 688 1003 743 panem
1038 669 1238 737 fuisse,
1278 687 1451 742 quem
1477 670 1599 742 ipse
1623 669 1737 725 Do-

77 766 277 821 minus
303 765 476 820 Jesus
508 762 567 816 in
598 778 761 817 coena
790 760 1000 833 primis
1031 760 1295 815 Ecclesia-2
1318 777 1439 815 sua:
1466 759 1736 814 fundato-

75 855 243 910 ribus
264 850 564 909 distribuit
603 849 660 905 in
696 848 1039 904 memoriam
1068 866 1185 904 suae
1225 847 1541 920 passionis.
1565 847 1737 902 Nam.

71 945 227 999 sicut
250 942 610 998 sufficienter
633 954 814 1011 supra
836 942 1137 994 ostensum
1167 941 1275 1008 est,
1308 938 1367 992 in
1391 940 1612 1009 septem
1637 953 1737 1009 pa-

1846 686 2032 742 neque
2064 669 2336 725 Herodes.
2365 667 2690 741 Corripiam
2721 683 2857 742 ergo
2889 667 3078 738 illum,
3105 672 3164 725 et
3190 667 3489 725 dimittam

1845 760 2007 830 (Ibid.
2068 758 2271 829 44-16).
2307 778 2335 806 »

1847 850 2096 920 geretur.
2127 850 2381 902 Joannes
2411 849 2611 901 autem
2643 846 2817 901 refert
2844 845 3099 903 Pilatum
3159 846 3245 903 sic
3275 846 3495 904 dixisse

1845 936 1875 992 J
1886 936 2067 991 udaeis
2090 953 2102 992 :
2128 958 2156 985 «
2180 937 2363 1001 Quam
2386 934 2819 991 accusationem
2843 934 3062 992 aﬂ‘ertis
3087 936 3370 994 adversus
3389 936 3495 993 ho-

2394 759 2466 811 At
2538 755 2626 811 illi
2683 755 3063 829 postulabant
3131 761 3200 814 ut
3266 757 3493 816 crucifi-

75 1033 229 1088 schse
273 1031 482 1086 diebus
543 1029 959 1084 fermentatum
1010 1044 1114 1082 nec
1166 1025 1573 1081 inveniebatur
1635 1041 1741 1081 nec
1850 1025 2070 1081 minem
2097 1024 2300 1079 hunc?
2349 1024 2523 1096 (Joan.
2572 1040 2732 1091 xvm,
2781 1023 2893 1091 29.)
2943 1024 3051 1091 Qui
3096 1024 3372 1081 dixerunt
3401 1024 3493 1083 ei:

78 1121 401 1193 apparebat
426 1119 487 1173 in
522 1117 749 1173 cunctis
772 1116 1044 1172 domibus
1079 1133 1179 1171 seu
1204 1115 1422 1171 ﬁnibus
1444 1113 1641 1170 Israel.
1673 1114 1743 1168 Et

80 1209 241 1282 apud
276 1222 704 1280 quemcumque
727 1205 933 1260 fuisset
953 1205 1278 1272 inventum,
1294 1205 1460 1274 justa
1476 1203 1740 1260 animad-

78 1296 372 1366 versione,
395 1294 553 1352 velut
575 1293 940 1365 divintelegis
962 1297 1382 1365 transgressor,
1408 1292 1634 1364 absque
1658 1307 1743 1347 re-

1853 1136 1881 1164 «
1912 1113 1970 1169 Si
1996 1130 2112 1169 non
2145 1117 2298 1169 esset
2326 1112 2419 1167 hic
2449 1112 2802 1184 malefactor,
2853 1130 2968 1169 non
3016 1113 3123 1169 tibi
3148 1114 3497 1172 tradidisse-

1852 1220 1986 1259 mus
2017 1218 2151 1258 eum
2184 1202 2362 1274 (Ibid.,
2401 1202 2510 1267 30).
2546 1226 2567 1255 ι
2604 1203 2673 1257 Et
2717 1205 2848 1276 post
2894 1202 3090 1276 aliqua
3133 1203 3361 1260 dicente
3408 1203 3495 1263 eis

1854 1292 2038 1347 Pilato
2068 1308 2080 1347 :
2108 1291 2411 1364 «Accipite
2431 1307 2566 1347 eum
2587 1308 2687 1347 vos
2723 1294 2779 1347 et
2807 1292 3128 1365 cruciﬁgite
3158 1293 3334 1365 (Joan.
3368 1311 3490 1362 xxx,

86 1385 510 1441 crastinatione
537 1382 762 1455 peribat
791 1382 861 1437 de
886 1387 1033 1437 coetu
1068 1380 1481 1437 Israelitarum.
1506 1381 1668 1445 Quod
1692 1380 1740 1436 si
1850 1383 1926 1453 6).
1965 1404 1992 1429 ››
2026 1381 2509 1452 Responderunt:
2546 1402 2573 1430 «
2604 1380 2721 1435 Nos
2745 1379 2930 1453 legem
2973 1380 3283 1449 habemus,
3314 1385 3372 1439 et
3399 1397 3491 1440 se-

84 1476 389 1530 credimus
416 1473 609 1529 verbis
641 1471 915 1528 Veritatis
937 1472 1220 1528 dicentis:
1258 1494 1285 1521 ‹‹
1320 1472 1443 1528 Non
1473 1470 1602 1527 veni
1625 1468 1740 1526 sol-

84 1580 223 1619 vere
254 1563 462 1636 legem,
496 1561 596 1618 sed
629 1560 948 1632 adimplere
978 1560 1184 1632 (Matth.
1217 1578 1274 1625 v,
1307 1560 1415 1631 17),
1452 1582 1480 1609 ››
1503 1559 1739 1616 creden-

84 1655 233 1709 dum
256 1653 429 1709 etiam
454 1656 507 1707 et
532 1650 969 1724 praedicandum
984 1654 1073 1706 est
1088 1649 1401 1705 Dominum
1417 1651 1619 1705 Jesum
1638 1664 1745 1703 nec

88 1758 277 1796 unum
297 1742 415 1797 iota
430 1743 532 1795 aut
560 1756 745 1794 unum
778 1737 1000 1810 apicem
1025 1736 1172 1809 legis
1212 1737 1582 1809 praeteriisse,
1604 1740 1661 1791 et
1682 1738 1748 1791 ut

84 1828 275 1884 totius
309 1826 796 1899 transgressionis
824 1830 1117 1897 expertem
1149 1824 1592 1881 insidiatoribus
1623 1823 1745 1880 suis

1853 1469 2115 1524 cundum
2145 1467 2334 1541 legem
2365 1468 2535 1523 debet
2555 1468 2724 1539 mori,
2746 1467 2883 1541 quia
2919 1468 3130 1525 Filium
3157 1470 3261 1527 Dei
3280 1487 3343 1528 e
3360 1470 3499 1529 fecit

1854 1558 2033 1631 (112211.,
2065 1558 2141 1629 7).
2179 1580 2208 1607 »
2238 1558 2442 1614 Nonne
2471 1561 2558 1613 tot
2585 1550 2835 1614 testibus
2863 1558 3084 1631 iniquis
3113 1558 3172 1615 in
3188 1560 3501 1617 Dominum

1854 1647 2321 1720 insurgentibus,
2353 1649 2411 1702 et
2438 1645 2737 1718 iniquitati
2768 1647 3071 1703 mentienti
3094 1647 3226 1718 sibi,
3248 1648 3505 1706 suil‘ecis-

1856 1740 1944 1793 set
1962 1737 2072 1793 hoc
2093 1752 2278 1792 unum
2315 1738 2577 1791 vestrum
2605 1736 3002 1804 mendacium,
3026 1737 3078 1792 si
3107 1741 3401 1795 constaret
3420 1737 3505 1796 eis

1856 1825 2063 1883 saltem
2094 1825 2204 1882 hoc
2234 1824 2425 1881 solum
2445 1825 2473 1880 ?
2503 1825 2720 1882 Nonne
2738 1825 3022 1883 instarent
3044 1826 3245 1897 Pilato,
3273 1831 3329 1884 et
3348 1827 3505 1885 dice-

87 1916 344 1972 dixisse:
374 1939 399 1965 ‹‹
426 1916 566 1980 Quis
597 1932 665 1969 ex
693 1914 857 1970 vobis
879 1918 1084 1986 arguet
1106 1930 1197 1969 me
1221 1915 1292 1968 de
1314 1917 1547 2016 peccato
1568 1914 1744 1983 (Joan.
1778 1951 1825 2016 B
1857 1920 1986 1971 rent
2008 1932 2021 1971 :
2041 1918 2158 1970 Nos
2174 1914 2359 1988 legem
2377 1914 2687 1984 habemus,
2704 1917 2761 1971 et
2776 1915 3099 1972 secundum
3125 1914 3312 1989 legem
3331 1915 3505 1973 debet

90 2023 225 2073 vm,
253 2006 363 2076 46).
388 2027 415 2053 ››
437 2003 710 2075 Alioquin
734 2019 838 2059 nec
857 2003 981 2074 ipse
1004 2007 1239 2075 peccata
1255 2001 1745 2068 multorumtulit,

90 2112 204 2150 nec
228 2111 331 2167 pro
352 2092 890 2165 transgressoribus
914 2091 1097 2146 oravit
1117 2095 1313 2146 utnon
1343 2091 1595 2163 perirent
1615 2108 1627 2159 ;
1646 2108 1749 2146 nec

89 2201 201 2257 pro
234 2182 403 2238 nobis
434 2198 667 2253 passus,
697 2180 797 2235 sed
832 2196 935 2251 pro
957 2196 1064 2235 sua
1093 2179 1566 2253 praevaricatione
1588 2179 1749 2250 juste

90 2272 384 2346 punitus:
419 2270 738 2343 praesertim
772 2268 870 2340 qui
902 2285 1005 2324 nec
1046 2268 1206 2324 solus
1250 2268 1396 2341 legis
1419 2272 1745 2341 transgres-

89 2380 195 2418 sor
228 2361 497 2417 inventus
527 2363 633 2425 est,
664 2358 1008 2414 fermentato
1039 2359 1191 2430 apud
1221 2374 1282 2413 se
1316 2362 1454 2413 tunc
1496 2362 1744 2431 reperto,

88 2452 199 2507 sed
243 2451 484 2520 insuper
527 2447 743 2503 multos
772 2446 1093 2518 discipulos
1143 2464 1271 2502 reos
1303 2446 1507 2502 mortis
1535 2447 1743 2512 effecit,

86 2542 304 2597 cibans
333 2538 466 2594 illos
487 2537 852 2593 fermentato.
875 2536 1077 2591 Videte
1098 2552 1379 2608 quorsum
1402 2536 1607 2591 evadat
1623 2535 1745 2591 haec

84 2625 641 2699 vestradisputatio.
661 2625 879 2696 Nempe
895 2626 942 2679 si
958 2625 1014 2679 in
1031 2624 1400 2680 solemnitate
1419 2625 1742 2681 azimorum

85 2718 317 2774 dicitur
346 2715 605 2788 quolibet
629 2731 772 2770 usus
804 2714 1166 2781 fermentata,
1198 2730 1327 2769 vere
1360 2719 1628 2769 mortuus
1659 2731 1744 2769 as-

82 2807 315 2864 seritur
343 2805 401 2860 in
438 2808 671 2876 peccato
705 2820 833 2871 suo,
868 2804 967 2875 qui
1000 2807 1300 2875 peccatum
1323 2820 1439 2858 non
1464 2803 1614 2872 fecit,
1640 2820 1745 2858 nec

77 2898 368 2953 inventus
408 2903 495 2949 est
518 2892 686 2949 dolus
709 2893 766 2948 in
783 2909 879 2948 ore
893 2891 1099 2964 ipsius.
1118 2892 1364 2963 Insuper
1379 2892 1746 2948 administra-

74 2988 155 3042 tis
172 2983 399 3041 Judaais
424 2983 728 3038 materiam
752 2998 1030 3054 magnam
1055 2981 1163 3037 sibi
1184 2980 1452 3053 placendi
1477 2980 1747 3052 superin-

73 3075 429 3131 terfectione
457 3071 711 3136 Domini,
745 3076 810 3126 ut
841 3070 1223 3143 permanendi
1255 3070 1310 3124 in
1333 3086 1523 3125 errore
1541 3087 1669 3138 suo,
1693 3073 1749 3125 et

76 3167 270 3221 {idem
292 3166 554 3219 nostram
577 3160 897 3216 evacuandi
914 3176 927 3215 :
943 3159 991 3216 si
1010 3159 1329 3232 gloriantes
1346 3158 1579 3215 nomine
1590 3157 1749 3215 Chri-

1860 2004 2028 2072 mori,
2064 2003 2203 2077 quia
2235 2004 2647 2059 fermentatum
2696 2004 2756 2059 in
2806 2004 3026 2077 pascha
3063 2005 3362 2062 comedit?
3393 2008 3499 2061 aut

1858 2099 2009 2150 certe
2028 2094 2181 2166 apud
2205 2110 2338 2149 eum
2362 2093 2675 2165 apparuit?
2696 2093 2916 2150 Etforte
2945 2094 3170 2164 dicetis,
3185 2110 3319 2150 eum
3343 2093 3497 2151 clam

1856 2183 2044 2255 egisse
2074 2182 2201 2239 hoc.
2234 2182 2433 2238 Absit!
2472 2180 2618 2245 Quia
2648 2199 2764 2238 non
2794 2182 2985 2239 solum
3034 2182 3106 2239 de
3148 2183 3314 2240 factis
3345 2182 3496 2252 suis,

1853 2288 2053 2327 verum
2085 2276 2140 2327 et
2171 2272 2240 2327 de
2270 2270 2441 2326 dictis
2492 2270 2575 2327 ait
2609 2271 2725 2343 ipsi
2767 2272 3026 2343 pontiﬁci
3052 2272 3495 2345 percunctanti:

1856 2383 1883 2410 ‹‹
1915 2360 2032 2433 Ego
2057 2359 2248 2426 palam
2268 2357 2498 2415 locutus
2519 2375 2650 2415 sum
2669 2360 2909 2416 mundo.
2931 2361 3052 2433 Ego
3076 2377 3307 2434 semper
3326 2361 3503 2419 docui

1853 2449 1913 2504 in
1946 2465 2242 2522 synagoga
2270 2452 2327 2503 et
2349 2448 2409 2502 in
2439 2448 2678 2521 templo,
2713 2466 2829 2521 quo
2859 2465 3065 2506 omnes
3083 2448 3272 2505 Judaei
3297 2464 3506 2508 conve-

1856 2538 2049 2603 niunt,
2075 2540 2130 2592 et
2151 2537 2207 2591 in
2232 2535 2459 2592 occulto
2480 2535 2713 2593 locutus
2737 2554 2866 2593 sum
2890 2537 3054 2594 nihil.
3103 2538 3252 2603 Quid
3290 2555 3387 2596 me
3414 2537 3506 2595 in-

1853 2627 2156 2699 terrogas!
2195 2626 2495 2699 Interroga
2540 2643 2640 2682 eos
2690 2625 2791 2699 qui
2840 2643 2932 2683 me
2980 2628 3349 2699 audiverunt,
3378 2644 3506 2701 quas

1855 2715 2098 2771 dixerim
2132 2731 2237 2787 ego
2270 2716 2444 2787 (Joan.
2476 2732 2636 2782 xvm,
2668 2717 2759 2785 20,
2789 2717 2900 2786 21).
2936 2739 2965 2768 ››
3014 2717 3290 2790 Nunquid
3323 2717 3502 2775 etiam

1854 2804 2161 2860 dominum
2195 2804 2407 2859 domus
2437 2803 2495 2858 in
2528 2821 2645 2876 qua
2674 2804 2893 2877 pascha
2913 2805 3260 2875 celebrabat,
3285 2810 3500 2863 sanctas

1853 2893 2000 2965 legis
2032 2892 2421 2965 praevaricatio
2453 2896 2649 2966 posset
2676 2893 2854 2951 latere
2872 2894 2900 2949 ‘I
2926 2911 3101 2968 quem
3139 2899 3369 2952 constat
3397 2912 3501 2969 pa-

1854 2987 2154 3037 ternarum
2188 2981 2570 3037 traditionum
2591 2982 2988 3039 mmulatorem
3012 2984 3276 3057 apprime
3298 2984 3502 3043 fuisse.

1856 3071 2018 3137 Quod
2060 3069 2109 3125 si
2145 3070 2287 3125 forte
2315 3074 2371 3125 et
2397 3070 2555 3126 hunc
2585 3070 2767 3127 latere
2808 3072 3019 3144 potuit,
3069 3076 3170 3129 aut
3198 3077 3352 3131 certe
3380 3074 3507 3147 ipse

1856 3159 2188 3227 consensit;
2219 3160 2488 3231 nunquid
2518 3164 2575 3216 et
2600 3161 2627 3216 .l
2636 3161 2812 3217 udam
2839 3162 3184 3234 complicem
3217 3162 3505 3236 maligno-

78 3254 289 3311 stiano
337 3250 657 3323 objecerint
704 3249 933 3306 Christo
987 3249 1140 3321 quod
1187 3248 1526 3304 Judaeorum
1574 3264 1746 3304 nemo
1781 3314 1817 3325 Α
1857 3266 1989 3305 rum
2010 3246 2753 3322 Judaeorumlatcrepotuit,
2778 3250 2899 3323 qui,
2915 3250 3497 3325 juxtaPsalmistam,

70 3344 345 3414 objicere
381 3314 888 3413 p-rzesumpsitmec
919 3314 1059 3394 tunc
1091 3354 1194 3393 nec
1226 3338 1420 3403 modo,
1453 3336 1566 3392 nisi
1598 3337 1745 3393 forte
1774 3314 1817 3387 C
1856 3361 1883 3388 «
1910 3337 2216 3393 Unanimis
2245 3337 2372 3408 ejus
2403 3337 2519 3392 dux
2547 3314 2625 3394 ἐι
2671 3314 2840 3395 notus
2885 3314 3057 3411 (Paul.
3090 3356 3200 3409 LIV,
3238 3340 3344 3412 14),
3380 3361 3409 3390 ››
3441 3314 3499 3397 et

66 3436 285 3489 vestro
308 3430 548 3486 edoctus
570 3428 923 3500 magisterio.
950 3426 1225 3491 Quamvis
1255 3425 1411 3481 enim
1451 3425 1745 3498 principes

72 3520 469 3577 sacerdotum
500 3522 556 3574 et
585 3533 757 3573 omne
788 3514 1100 3571 concilium
1150 3514 1498 3586 quaesissent
1527 3513 1743 3570 falsum

73 3608 504 3667 testimonium
526 3611 727 3663 contra
739 3606 769 3661 ,Ι
777 3621 964 3673 esum,
988 3609 1053 3660 ut
1073 3620 1207 3660 eum
1230 3603 1401 3659 morti
1424 3604 1740 3671 traderent,

76 3706 139 3757 et
166 3716 286 3756 nec
317 3698 377 3753 in
407 3696 600 3753 verbis
639 3696 768 3766 ejus
810 3694 1206 3750 invenissent:
1242 3697 1437 3748 tamen
1485 3691 1600 3748 tale
1644 3691 1745 3747 ali-

76 3789 265 3863 quid,
292 3786 463 3860 quale
483 3803 582 3841 vos
608 3783 881 3855 objicitis,
902 3782 1096 3839 nullus
1113 3799 1313 3838 eorum
1332 3781 1561 3852 objecit.
1582 3781 1743 3845 Quod

65 3880 117 3935 si
155 3878 384 3935 fuisset
413 3876 731 3946 objectum,
764 3873 951 3929 solum
980 3889 1166 3928 unum
1198 3872 1495 3928 sufﬁceret
1524 3870 1594 3925 ad
1617 3886 1746 3942 per~

61 3969 348 4025 dendum
378 3964 567 4020 illum.
601 3967 717 4019 Nec
738 3963 864 4033 jam
911 3960 1096 4017 Pilato
1139 3960 1355 4016 dicenti
1387 3977 1399 4016 :
1436 3983 1463 4009 «
1495 3958 1749 4031 Accipite

55 4074 207 4115 eum
227 4073 362 4126 vos,
396 4059 453 4110 et
475 4054 804 4109 secundum
832 4052 1024 4124 legem
1048 4055 1303 4107 vestram
1325 4049 1585 4122 judicate
1614 4064 1750 4104 eum

59 4149 260 4219 (Joan.
302 4161 462 4212 xvm,
494 4143 605 4215 31),
640 4164 667 4193 »
702 4142 1010 4197 dicerent:
1044 4164 1072 4190 «
1106 4140 1285 4196 Nobis
1330 4156 1446 4195 non
1497 4137 1632 4194 licet
1660 4137 1754 4193 in-

60 4237 357 4294 terficere
402 4248 761 4305 quemquam
813 4230 1001 4303 (Ibid.)
1035 4248 1047 4298 ;
1086 4252 1114 4279 »
1165 4230 1305 4301 quia
1332 4228 1444 4300 ipsi
1467 4231 1754 4300 praecepto

60 4326 227 4399 legis
259 4321 695 4379 interfecissent
726 4318 1064 4376 fermentati
1098 4318 1460 4391 participem.
1496 4316 1757 4388 Denique

60 4421 197 4473 tota
227 4413 302 4469 in
332 4412 537 4468 Jesum
570 4410 868 4467 calumnia
916 4425 984 4463 ex
1028 4407 1481 4479 interregatione
1505 4405 1672 4461 Pilati
1704 4408 1761 4461 et

60 4501 476 4577 responsione
499 4500 837 4555 Judaeorum
868 4496 1140 4553 facillime
1166 4498 1358 4569 potest
1377 4493 1760 4551 animadverti

50 4598 251 4668 juxta
287 4589 666 4663 Evangelium
721 4587 975 4644 Matthzei
1018 4591 1076 4642 et
1123 4585 1325 4653 Marci,
1360 4584 1483 4651 ubi,
1515 4583 1758 4639 interro-

1855 3425 2178 3499 prazsertim
2216 3425 2585 3497 dispensator
2615 3426 2768 3481 fuit?
2814 3429 2993 3492 Quem
3041 3427 3167 3499 ipse
3206 3428 3494 3486 Dominus
3586 3418 3593 3421 M

1854 3514 2061 3571 dilecto
2091 3512 2303 3569 Joanni
2323 3514 2730 3570 demonstrans
2751 3515 2866 3571 ait:
2888 3537 2917 3567 «
2941 3514 3068 3588 Ipse
3089 3517 3283 3573 estcui
3313 3517 3495 3576 intin-

1854 3608 2012 3658 ctum
2044 3617 2253 3674 panem
2298 3603 2811 3675 porrexeroann.
2862 3621 2985 3674 xm,
3032 3606 3143 3678 26).
3184 3628 3213 3656 »
3265 3606 3333 3662 Et
3360 3623 3498 3664 cum

1853 3692 2200 3749 intinxisset
2227 3707 2461 3763 panem,
2484 3693 2644 3749 dedit
2659 3693 2882 3750 Simoni
2906 3694 3220 3753 Iscariotis.
3244 3695 3387 3752 Ecce
3405 3695 3502 3754 hic

1856 3782 1946 3838 bis
1974 3780 2120 3838 dixit
2153 3789 2304 3854 ἄρτον
2339 3798 2512 3852 quem
2544 3800 2648 3840 vos
2679 3800 2793 3840 non
2824 3784 2939 3841 nisi
2969 3785 3382 3842 fermentatum
3411 3802 3509 3843 ac-

1857 3871 2070 3944 cipitis.
2104 3870 2266 3937 Quod
2300 3870 2345 3926 si
2371 3871 2451 3927 ita
2472 3877 2579 3941 est,
2604 3889 2730 3944 quas
2771 3890 2862 3929 res
2892 3874 3193 3946 prohibuit
3213 3872 3506 3930 infelicem

1859 3960 2096 4030 Judam,
2128 3960 2528 4017 demonstrato
2564 3962 2691 4034 ipso
2713 3962 3081 4030 fermentato,
3113 3963 3357 4036 prodere
3378 3978 3511 4020 san-

1861 4050 2096 4122 guinem
2118 4048 2383 4122 magistri
2397 4049 2613 4122 palam,
2630 4053 3129 4124 quemadmodum
3140 4051 3371 4110 volebat
3385 4069 3516 4126 pro-

1863 4140 1997 4194 dere
2025 4137 2174 4193 clam
2194 4137 2223 4192 ?
2251 4139 2367 4193 Aut
2389 4139 2529 4211 quid
2554 4155 2794 4197 necesse
2822 4140 3030 4197 habuit
3050 4141 3413 4215 desperando
3434 4140 3519 4198 di-

1865 4243 2030 4283 cere:
2083 4250 2109 4276 ‹‹
2162 4226 2420 4294 Peccavi,
2483 4230 2725 4285 tradens
2786 4231 3135 4304 sanguinem
3174 4229 3454 4303 justum?
3485 4252 3515 4281 ››

1865 4315 2075 4383 (Matth.
2100 4333 2272 4383 xxvn,
2298 4316 2371 4388 4),
2397 4334 2531 4372 cum
2555 4319 2840 4375 tradendo
2864 4323 3359 4390 transgressorem
3372 4318 3520 4392 legis

1873 4406 2148 4461 averterit
2178 4422 2210 4460 a
2241 4422 2301 4461 se
2331 4410 2387 4461 et
2412 4423 2445 4462 a
2474 4407 2692 4479 populo
2724 4408 2985 4465 furorem
3013 4408 3267 4480 Domini,
3307 4412 3366 4465 et
3383 4423 3517 4481 gra-

1867 4494 2009 4550 tiam
2037 4495 2423 4566 promeruerit
2442 4495 2470 4549 ?
2495 4496 2567 4552 Ut
2591 4497 2744 4552 enim
2771 4502 3123 4571 praeceptum
3146 4497 3293 4571 legis
3309 4495 3516 4553 divine

1872 4600 2049 4656 super
2078 4583 2186 4640 hoc
2234 4584 2486 4640 breviter
2530 4589 2866 4659 tangamus,
2919 4586 3257 4660 perpendite
3285 4585 3427 4658 quid
3457 4583 3520 4641 in

58 4687 260 4758 gante
296 4679 489 4735 Pilato
516 4696 528 4735 ε
560 4701 579 4729 ι
604 4678 754 4745 Quid
777 4677 934 4733 enim
960 4674 1099 4732 mali
1150 4674 1284 4730 fecit
1308 4678 1331 4730 ἓ
1354 4673 1558 4745 (Matth.
1587 4690 1762 4741 XXVII,
1798 4684 1846 4749 Ι)
1876 4673 2326 4729 Deuteronomio
2361 4673 2779 4731 latiusdicatur
2801 4692 2813 4730 :
2835 4676 2929 4731 «Si
2953 4675 3235 4747 propheta
3256 4674 3523 4748 quilibet,

58 4776 188 4845 23),
221 4793 254 4821 ››
291 4768 736 4824 clamaverunt:
773 4790 800 4816 «
837 4764 1230 4837 Cruciﬁgatur
1264 4762 1471 4833 (Ibid.).
1507 4783 1535 4812 »
1567 4766 1767 4826 Porro.

64 4865 244 4918 Luca
284 4860 631 4922 attestante,
668 4854 862 4911 omnis
893 4852 1211 4909 multitudo
1240 4853 1536 4907 tradentes
1563 4851 1595 4905 J
1603 4867 1768 4907 esum

64 4951 285 5009 Pilato
322 4946 638 5002 dixerunt:
674 4968 702 4996 «
737 4945 903 4999 Hunc
946 4942 1277 4998 invenimus
1327 4941 1767 4996 subvertentem

67 5044 344 5115 gentem
375 5041 663 5101 nostram,
695 5038 751 5089 et
783 5032 1190 5106 prohibentem
1223 5030 1447 5086 tributa
1497 5029 1621 5085 dari
1653 5030 1768 5085 Cae-

70 5129 208 5190 sari
246 5130 317 5185 et
349 5125 640 5181 dicentem
664 5139 726 5180 se
749 5122 1046 5179 Christum
1069 5137 1261 5193 regem
1285 5137 1412 5176 esse
1429 5120 1578 5188 (Luc.
1604 5136 1768 5186 xxm,

66 5225 149 5293 2).
190 5241 224 5270 n
264 5214 508 5282 Quibus
541 5212 715 5286 paulo
750 5216 883 5284 post
915 5211 997 5266 ait
1020 5210 1241 5266 Pilatus
1268 5227 1280 5265 :
1310 5233 1329 5257 α
1358 5208 1513 5265 Nihil
1542 5208 1772 5264 invenio

71 5323 293 5367 causa;
354 5303 411 5357 in
446 5302 556 5358 hoc
588 5300 825 5357 homine
877 5300 1061 5372 (lbid.,
1104 5301 1155 5354 4.
1186 5321 1205 5347 ι
1252 5302 1319 5353 Et
1370 5297 1490 5353 illi:
1524 5321 1552 5348 «
1603 5298 1773 5353 Com-

77 5398 291 5456 movit
313 5391 603 5465 populum
628 5408 730 5463 per
759 5390 1093 5447 universam
1119 5388 1403 5454 Judaeum,
1435 5387 1721 5459 incipiens
1742 5404 1777 5442 a

75 5486 360 5547 Galilaea
406 5498 597 5554 usque
627 5481 743 5536 huc
780 5480 965 5553 (Ibid.,
991 5479 1067 5549 5).
1105 5500 1132 5528 ››
1177 5477 1387 5537 Deinde
1418 5482 1550 5549 post
1579 5475 1778 5549 aliqua
1822 5493 1827 5497 ‘

76 5578 246 5636 dixit
283 5572 384 5629 eis
405 5570 626 5626 Pilatus
652 5587 664 5626 :
700 5593 728 5620 ‹‹
759 5567 1066 5625 Obtulistis
1096 5566 1239 5621 mihi
1291 5565 1448 5622 hunc
1478 5565 1777 5621 hominem

78 5663 280 5744 quasi
321 5663 689 5715 avertentem
720 5657 1025 5732 populum,
1058 5660 1114 5712 et
1143 5671 1275 5711 ecce
1304 5671 1432 5728 ego,
1463 5670 1656 5711 coram
1691 5671 1780 5711 vo-

76 5743 185 5822 bis
223 5754 640 5828 interrogans,
675 5746 901 5809 nullam
931 5761 1169 5806 causam
1200 5745 1410 5807 mortis
1456 5743 1687 5806 invenio
1717 5744 1778 5805 in

1881 4762 2000 4818 sive
2030 4762 2205 4818 frater
2234 4766 2393 4830 tuus,
2447 4762 2602 4820 filius
2651 4768 2754 4819 aut
2800 4764 2939 4833 tilia,
2989 4782 3134 4821 uxor
3179 4764 3268 4821 vel
3301 4762 3528 4820 amicus

1881 4868 2055 4924 quem
2087 4851 2287 4924 diligis
2320 4856 2386 4907 ut
2416 4852 2669 4909 animam
2703 4857 2889 4923 tuam,
2918 4853 3169 4910 voluerit
3216 4852 3367 4910 clam
3398 4870 3533 4926 per-

1880 4940 2154 4997 suaderse
2182 4940 2288 4995 tibi
2320 4944 2382 4995 ut
2406 4942 2684 4998 averteris
2705 4960 2738 4999 a
2762 4942 3111 4999 caerimoniis
3133 4942 3424 5017 legis,non
3442 4958 3539 4999 ac-

1881 5030 2154 5101 quiescas
2185 5029 2257 5097 ei,
2293 5047 2398 5085 nec
2420 5031 2645 5102 audias,
2670 5049 2859 5105 neque
2879 5038 3082 5106 pareat
3100 5033 3152 5088 ei
3173 5037 3315 5090 tuus
3335 5032 3540 5089 oculus

1883 5123 1950 5174 ut
1976 5118 2310 5175 miserearis
2331 5124 2389 5175 et
2410 5121 2664 5176 occultes
2685 5138 2820 5177 eum
2846 5141 2861 5191 ;
2886 5124 2986 5177 sed
3014 5123 3218 5179 statim
3242 5123 3540 5196 proditum

1884 5208 2100 5281 p0pulo
2132 5208 2465 5278 interﬁcies,
2508 5215 2574 5265 ut
2603 5216 2896 5268 avertatur
2923 5212 3214 5269 Dominus
3243 5214 3314 5269 ab
3334 5211 3419 5267 ira
3444 5211 3534 5265 fu-

1885 5300 2034 5354 roris
2066 5299 2179 5367 sui,
2213 5303 2269 5355 et
2304 5300 2651 5356 misereatur
2678 5302 2807 5369 tibi,
2832 5302 3296 5376 multiplicetque
3340 5304 3411 5366 te,
3453 5296 3531 5354 si-

1887 5393 1983 5444 cut
1996 5389 2219 5458 juravit
2240 5389 2505 5461 patribus
2535 5390 2654 5445 tuis
2686 5393 2861 5460 (Deut.
2892 5409 3018 5458 xm,
3049 5392 3167 5457 6-8,
3200 5390 3303 5459 l7).
3339 5410 3360 5438 ι

1959 5477 2075 5532 XV.
2109 5477 2215 5533 Hic
2245 5494 2317 5532 ne
2348 5478 2490 5550 quid
2532 5480 2728 5536 minus
2779 5481 2995 5536 factum
3044 5478 3321 5541 videatur,
3352 5473 3531 5530 etiam

1885 5567 2229 5622 vestratium
2265 5566 2523 5623 ridiculae
2564 5569 2820 5642 opinioni
2871 5568 3206 5625 obviamus:
3260 5563 3381 5636 qui,
3414 5579 3532 5619 non

1889 5655 2248 5712 invenientes
2276 5673 2527 5729 quarum
2564 5664 2897 5715 sanctorum
2922 5655 3351 5727 Scripturarum
3375 5651 3536 5708 funi-

1891 5743 2022 5805 culo
2042 5745 2322 5824 scapham
2342 5747 2681 5811 assertiouis
2700 5765 2819 5809 suae
2837 5743 3169 5826 pertrahunt
3189 5743 3260 5802 ad
3282 5740 3531 5816 alicujus
