3876 6374
315 419 440 480 943

1325 417 1805 482 HUMBERTUS
1852 418 1917 478 s.
1965 418 2037 478 ἢ.
2088 417 2158 478 E.
2205 404 2706 482 CARDINALIS.

3641 415 3772 480 9η

317 547 656 606 stabilitatis
684 547 870 616 littus,
904 548 1240 606 ﬂuctuando
1287 551 1706 621 pertrahuntur
1724 549 1781 604 in
1805 547 1948 604 illud
1973 551 2030 617 Α
2058 553 2176 606 tam
2205 551 2492 607 decimam
2524 550 2725 607 lunam
2770 549 3130 607 omnimodis
3162 549 3635 610 observandam
3666 549 3770 608 de-

313 636 962 709 divinasomnipotentiaa
975 637 1501 711 pelagus.Namque
1515 637 1948 693 sciscitantibus

315 727 484 784 nobis
513 726 672 782 unde
712 724 995 781 Dominus
1039 725 1209 782 Jesus
1255 727 1663 781 fermentatum
1696 726 1754 780 in
1787 742 1948 780 ccnna

312 801 602 880 habuerit,
634 829 768 870 cum
797 813 857 868 in
888 815 1161 870 omnibus
1188 814 1404 870 finibus
1439 815 1610 869 Israel
1643 831 1756 868 non
1798 815 1947 869 inve-

309 903 554 973 niretur,
576 902 960 974 respondent:
987 902 1322 958 Sicreditur
1351 903 1736 974 omnipotens,
1762 901 1950 973 potuit

311 991 506 1048 subito
563 991 948 1062 undecunque
1012 992 1421 1046 fermentatum
1488 991 1776 1058 exhibere,
1849 994 1948 1044 aut

312 1083 465 1136 certe
484 1080 677 1152 ipsum
698 1096 965 1151 azymum
981 1079 1376 1135 benedicendo
1395 1080 1760 1135 fermentare.
1786 1078 1946 1142 Quod

313 1184 490 1240 quam
520 1167 597 1224 sit
625 1167 894 1222 frivolum
917 1184 1086 1223 nemo
1119 1184 1234 1223 non
1271 1167 1578 1237 intelligit;
1613 1167 1772 1237 quia,
1805 1182 1946 1237 quo-

313 1273 543 1330 cunque
573 1257 747 1312 modo
774 1257 930 1328 apud
956 1272 1091 1312 eum
1136 1256 1194 1310 in
1245 1256 1374 1327 ipsa
1423 1254 1790 1310 solemnitate
1839 1255 1947 1307 fer-

313 1337 638 1420 mentatum
688 1345 1076 1416 apparuisset,
1132 1343 1277 1416 legis
1327 1349 1722 1415 transgressor
1766 1344 1948 1410 ﬁeret,

311 1433 486 1506 plane
512 1433 728 1506 dignus
758 1432 974 1505 puniri,
1006 1432 1105 1504 qui
1134 1431 1195 1486 in
1227 1437 1436 1487 sanctae
1474 1431 1618 1502 legis
1649 1436 1948 1486 contume-

312 1521 454 1578 liam
465 1513 876 1578 fermentatum
889 1524 1214 1576 tractasset.
1229 1521 1360 1585 Sed,
1379 1521 1484 1575 etsi
1501 1520 1756 1591 quolibet
1778 1520 1948 1574 modo

313 1605 374 1666 id
433 1599 640 1666 fuisset
668 1609 906 1676 factum,
952 1607 1165 1680 aliquis
1197 1607 1689 1680 Evangelistarum
1722 1611 1948 1661 tantum

313 1701 576 1754 narraret
596 1695 966 1766 miraculum,
989 1713 1104 1752 non
1125 1697 1366 1752 inferius
1392 1695 1487 1750 illo
1515 1712 1628 1766 quo
1649 1711 1800 1766 aqua
1813 1712 1949 1750 con-

313 1803 479 1843 versa
507 1790 780 1842 narratur
826 1785 884 1839 in
927 1785 1147 1840 vinum.
1198 1789 1265 1839 Et
1309 1801 1442 1839 cum
1491 1788 1611 1838 tam
1659 1784 1951 1839 subtiliter

313 1879 477 1948 gesta
503 1871 624 1930 sive
653 1875 809 1930 dicta
836 1874 895 1928 in
933 1873 1062 1946 ipsa
1104 1890 1266 1928 ccena
1310 1873 1648 1928 describunt
1679 1877 1742 1928 ut
1773 1873 1948 1931 etiam

314 1960 510 2036 aliqua
538 1961 694 2018 velut
723 1962 920 2018 minus
959 1963 1288 2017 necessaria
1331 1962 1635 2017 videantur
1687 1962 1946 2030 recitare,

313 2051 466 2108 sicut
488 2047 633 2106 illud
665 2057 754 2106 est
773 2051 845 2106 de
868 2051 1238 2106 contentione
1276 2052 1568 2122 prioratus
1608 2050 1757 2105 inter
1777 2049 1950 2104 disci-

313 2138 482 2212 pulos
527 2135 694 2207 facta,
743 2139 863 2194 sive
911 2139 1065 2210 quod
1113 2139 1395 2194 Dominus
1445 2139 1570 2210 ipse
1617 2138 1953 2210 praeceperit

311 2225 481 2284 vendi
503 2227 764 2284 tunicam
785 2231 842 2283 et
861 2227 975 2282 emi
997 2227 1256 2300 gladium
1284 2245 1296 2295 ;
1323 2228 1612 2298 quomodo
1632 2233 1747 2281 tam
1771 2227 1950 2282 obsti-

315 2313 450 2372 nato
481 2314 717 2373 silentio
747 2314 1027 2373 reticuero
1072 2319 1194 2371 tam
1245 2317 1555 2370 necessarii
1603 2315 1950 2371 sacramenti

315 2403 571 2481 initium,
607 2407 664 2460 et
689 2407 754 2460 ut
781 2403 864 2460 ita
892 2405 1178 2472 dicamus,
1209 2404 1604 2459 omnimodam
1637 2409 1952 2458 metamor-

317 2491 570 2566 phosim,
589 2490 1000 2565 etqualemvos
1015 2493 1569 2564 somniatis?l\'eque
1590 2493 1745 2547 enim
1770 2492 1955 2547 fuerat

317 2579 676 2654 negligenter
694 2581 1290 2647 commemorandum,
1315 2582 1468 2652 quod
1491 2581 1668 2636 totius
1692 2579 1954 2635 Ecclesiae

313 2673 502 2727 exstat
520 2667 1049 2738 fundamentum,et
1070 2685 1254 2741 usque
1279 2670 1598 2725 secundum
1620 2667 1830 2724 Christi
1853 2669 1954 2724 ad-

314 2762 550 2816 ventum
583 2757 850 2814 retinebit
881 2757 1336 2813 Christianitatis
1382 2763 1622 2827 statum,
1668 2774 1769 2828 per
1799 2758 1954 2828 quod

315 2847 374 2904 in
405 2845 634 2904 Christo
663 2863 990 2914 manemus,
1025 2850 1080 2901 et
1118 2847 1244 2918 ipse
1288 2846 1346 2900 in
1398 2847 1587 2902 nobis.
1637 2845 1801 2902 Unde
1830 2863 1952 2912 vos,

317 2933 658 2992 assertionis
675 2939 876 2992 vestrae
897 2934 1298 2990 difﬁcultatem
1337 2935 1518 3006 passi,
1547 2933 1826 2989 laboratis
1847 2951 1956 2988 no-

319 3022 410 3080 bis
427 3021 832 3096 preejudicium
854 3023 1038 3079 facere
1059 3039 1126 3078 ex
1145 3022 1562 3094 omnipotentia
1583 3022 1817 3078 Christi.
1844 3022 1964 3087 Sed,

319 3110 483 3169 vobis
503 3109 748 3166 ﬁdeliter
776 3114 836 3166 et
855 3115 1186 3167 constanter
1205 3112 1625 3183 respondemus
1647 3129 1658 3166 :
1683 3111 1956 3174 Quamvis

323 3199 523 3258 omnia
543 3216 902 3274 quascunque
937 3199 1120 3256 voluit
1148 3199 1343 3256 fecerit
1377 3205 1434 3255 et
1467 3201 1638 3254 faciat
1675 3199 1957 3255 Dominus

2054 639 2304 694 nuntiat.
2321 641 2390 694 Et
2403 640 2638 695 mundis
2655 639 2894 711 quidem
2906 644 3185 712 quartam
3197 640 3518 697 decimam
3542 638 3764 696 lunam

2058 727 2232 798 primi
2263 729 2504 796 mensis,
2526 727 2855 784 immundis
2883 733 3084 785 autem
3117 733 3409 801 quartam
3443 727 3762 784 decimam

2063 817 2300 870 secundi
2319 817 2559 872 mensis.
2588 818 2650 872 Et
2685 817 3025 889 quicunque
3043 817 3222 874 aliter
3248 817 3765 890 prmsumpisset,

2055 905 2126 959 de
2148 905 2335 960 medio
2359 905 2554 976 populi
2579 905 2670 960 sui
2691 905 2925 976 periret.
2953 905 3118 968 Quod
3141 905 3193 961 si
3228 904 3546 977 queritur
3569 920 3764 977 quam

2053 994 2306 1048 Joannes
2337 993 2624 1049 decimam
2655 993 2924 1064 quintam
2955 992 3184 1060 lunam,
3217 993 3280 1048 id
3313 997 3435 1059 est,
3462 1011 3502 1048 a
3523 993 3764 1065 pascha

2056 1081 2372 1136 secundam
2395 1081 2604 1136 dixerit
2618 1081 2829 1152 pascha
2852 1085 2878 1136 .9
2899 1097 3036 1137 cum
3081 1081 3362 1137 videatur
3403 1081 3625 1138 dicere
3655 1082 3760 1138 de-

2057 1169 2236 1225 fuisse
2275 1173 2379 1225 :Et
2399 1169 2510 1240 ipsi
2533 1186 2646 1224 non
2667 1169 3021 1226 introierunt
3040 1168 3100 1225 in
3121 1169 3483 1242 praetorium
3511 1176 3593 1226 ut-
3633 1184 3759 1227 non

2056 1257 2612 1324 contaminarentur,
2646 1259 2746 1313 sed
2780 1263 2843 1313 ut
2873 1258 3304 1314 manducarent
3326 1275 3582 1332 azyma,
3607 1271 3760 1332 quo-

2057 1362 2187 1400 rum
2219 1346 2407 1417 prima
2437 1350 2559 1402 erat
2582 1347 2706 1402 dies
2736 1346 2901 1418 ipsa:
2955 1347 3162 1403 sciatis
3209 1347 3650 1404 indiilerenter
3679 1349 3758 1404 ab

2058 1434 2436 1506 Evangelistis
2467 1435 2579 1489 dici
2609 1435 2811 1506 pascha
2839 1440 2896 1491 et
2937 1435 3319 1508 azyma.Nam
3351 1435 3504 1492 licet
3539 1436 3758 1493 Domi-

2059 1540 2170 1578 nus
2201 1523 2502 1593 discipulis
2533 1524 2780 1579 dixerit:
2814 1547 2842 1573 «
2875 1524 3052 1580 Scitis
3099 1525 3245 1596 quia
3292 1529 3440 1596 post
3479 1525 3757 1582 biduum

2058 1610 2273 1681 pascha
2297 1613 2391 1666 fiet
2412 1611 2616 1682 (Μαιιή.
2639 1629 2797 1677 xxvr,
2811 1613 2890 1682 2).
2920 1633 2948 1661 »
2973 1611 3288 1670 Mattheus
3307 1617 3526 1670 tamen
3553 1612 3762 1685 ipsius

2057 1699 2170 1754 dici
2203 1699 2260 1753 in
2308 1701 2477 1770 cujus
2524 1717 2760 1772 vespere
2809 1701 2910 1756 fiat
2957 1700 3184 1773 pascha
3229 1701 3624 1758 mentionem
3675 1702 3760 1760 fa-

2058 1788 2235 1854 ciens,
2271 1787 2494 1859 inquit:
2531 1811 2558 1838 «
2594 1788 2788 1843 Prima
2836 1793 3034 1844 autem
3073 1803 3426 1862 azymorum
3461 1803 3756 1848 accesse-

2058 1880 2196 1931 runt
2223 1876 2491 1948 discipuli
2516 1877 2586 1932 ad
2604 1881 2828 1944 Jesum,
2861 1877 3162 1934 dicentes:
3196 1878 3300 1934 ubi
3327 1878 3418 1934 vis
3451 1891 3762 1952 paremus

2061 1964 2164 2018 tibi
2195 1965 2413 2035 pascha
2447 1967 2749 2021 comedere
2776 1966 2960 2036 (Ibid.,
2992 1967 3106 2036 17).
3143 1989 3172 2016 ››
3203 1966 3311 2022 Cui
3352 1969 3761 2026 concordans

2061 2053 2287 2107 Marcus
2314 2053 2426 2107 ait:
2463 2077 2488 2101 ‹‹
2526 2055 2656 2108 Erat
2688 2054 2906 2126 pascha
2953 2060 3014 2110 et
3057 2071 3266 2127 azyma
3305 2060 3442 2129 post
3473 2057 3756 2113 biduum

2061 2142 2253 2210 (Marc.
2305 2143 2520 2206 x1v,l).
2554 2163 2581 2190 »
2636 2142 2703 2196 Et
2750 2148 2883 2214 post
2925 2159 3150 2214 pauca:
3205 2166 3227 2194 ι
3258 2145 3328 2199 Et
3372 2143 3591 2216 prima
3647 2145 3758 2202 die

2061 2246 2415 2300 azymorum,
2438 2231 2672 2300 quando
2695 2230 2914 2302 pascha
2929 2230 3312 2288 immolabant
3331 2231 3526 2304 (Ibid-.,
3557 2233 3687 2306 12).
3720 2255 3760 2284 ››

2062 2318 2167 2373 Ubi
2213 2317 2261 2372 si
2329 2317 2723 2373 indifferenter
2791 2336 2909 2375 non
2982 2319 3349 2392 accipiuntur
3393 2321 3648 2392 pascha
3690 2325 3765 2378 et-

2061 2423 2280 2478 azyma,
2306 2410 2370 2460 ut
2391 2407 2562 2461 modo
2585 2406 2802 2478 pascha
2823 2423 2928 2479 pro
2958 2408 3106 2464 festo
3147 2425 3518 2482 azymorum,
3557 2410 3764 2468 modo

2062 2496 2273 2550 festum
2297 2511 2631 2566 azymorum
2655 2495 3020 2568 intelligatur
3048 2513 3155 2569 pro
3173 2497 3397 2570 pascha
3427 2499 3764 2570 quomodo

2063 2583 2240 2637 stabit
2262 2601 2308 2637 ;‹‹
2336 2584 2469 2637 Erat
2492 2583 2706 2654 pascha
2724 2589 2780 2639 et
2801 2601 3008 2656 azyma
3025 2586 3435 2657 postbiduum
3451 2585 3518 2642 ‘2»
3547 2587 3752 2657 (Ibid.,

2065 2673 2140 2742 .1.)
2169 2671 2312 2726 Nam
2331 2673 2497 2742 juxta
2527 2672 2861 2743 opinionem
2882 2678 3140 2730 vestram
3162 2674 3374 2730 debuit
3387 2675 3480 2731 sic
3507 2675 3706 2731 scribi
3731 2693 3748 2730 :

2063 2763 2196 2813 Erat
2213 2759 2424 2830 pascha
2443 2767 2570 2831 post
2585 2761 2916 2832 biduum,et
2939 2779 3144 2834 azyma
3164 2767 3302 2836 post
3321 2763 3609 2820 biduum.
3626 2764 3752 2820 Sed

2065 2848 2270 2902 beatus
2297 2849 2479 2902 Lucas
2501 2865 2734 2904 omnem
2753 2849 3103 2919 hujusmodi
3136 2849 3476 2908 dissolvens
3495 2856 3749 2908 contro-

2063 2936 2310 2990 versiam
2337 2935 2560 3007 inquit:
2594 2960 2620 2986 ‹‹
2656 2938 3183 3010 Appropinquabat
3202 2939 3332 2996 dies
3356 2953 3750 3012 azymorum,

2065 3024 2163 3095 qui
2195 3024 2408 3079 dicitur
2429 3025 2646 3096 pascha
2671 3026 2820 3096 (Luc.
2867 3043 3009 3094 xxu,
3044 3027 3119 3098 1).
3155 3050 3186 3078 »
3215 3028 3284 3084 Et
3315 3027 3462 3101 quia
3491 3045 3642 3086 cum
3677 3045 3751 3086 eo

2065 3113 2160 3183 qui
2186 3113 2414 3184 proprie
2433 3113 2734 3168 dicebatur
2760 3113 3000 3186 pascha,
3023 3115 3468 3188 subsequentes
3490 3132 3752 3190 quoque

2064 3205 2287 3272 septem
2316 3201 2439 3256 dies
2461 3217 2796 3273 azymorum
2818 3203 3058 3259 abusive
3077 3205 3597 3276 nuncupabantur
3637 3223 3753 3278 pa-

319 3291 514 3356 Jesus,
537 3289 646 3346 hoc
665 3289 852 3345 facere
872 3306 986 3345 non
1009 3288 1216 3360 potuit,
1246 3289 1703 3360 sicutquondam
1727 3289 1796 3343 de
1820 3288 1960 3361 lapi-
1987 3277 2028 3344 C
2067 3289 2226 3358 scha,
2257 3306 2430 3360 quem
2463 3289 2617 3344 diem
2647 3289 2818 3346 vellet
2861 3290 3196 3363 specialiter
3229 3291 3516 3366 intelligi,
3551 3294 3616 3348 in
3640 3277 3754 3350 se-

323 3377 497 3435 dibus
517 3389 724 3452 panem
759 3377 946 3436 facere
985 3393 1098 3432 non
1139 3376 1346 3449 potuit.
1387 3378 1446 3432 Si
1485 3377 1782 3448 quaeritur,
1819 3379 1960 3434 cur?
2067 3378 2382 3449 quentibus
2427 3377 2555 3432 lucc
2601 3377 2818 3435 clarius
2867 3381 3144 3447 ostendit,
3195 3380 3446 3437 dicens:
3475 3403 3508 3432 «
3560 3381 3764 3438 Venit

323 3467 578 3524 Breviter
598 3467 1002 3540 respondetur,
1034 3465 1172 3538 quia
1201 3465 1407 3521 noluit.
1452 3466 1560 3521 Sed
1592 3467 1746 3521 unde
1775 3466 1960 3522 scitur
2067 3471 2260 3522 autem
2293 3465 2416 3521 dies
2444 3483 2802 3538 azymorum,
2835 3466 2894 3522 in
2946 3484 3066 3540 qua
3104 3485 3349 3526 necesse
3378 3473 3515 3526 erat
3547 3471 3758 3526 occidi

321 3555 461 3629 quia
488 3553 720 3612 noluit?
749 3557 887 3627 quia
917 3572 1033 3611 non
1063 3555 1388 3627 transgredi
1422 3555 1611 3626 potuit
1640 3572 1743 3610 nec
1775 3561 1958 3611 trans-

318 3641 556 3718 gressus
577 3643 884 3716 estlegem,
903 3660 1082 3716 quam
1097 3661 1212 3699 non
1233 3644 1388 3700 venit
1409 3643 1644 3710 solvere,
1661 3643 1760 3698 sed
1776 3643 1956 3698 adim-

314 3733 493 3805 plere.
525 3731 729 3805 Itaque
760 3749 944 3788 unum
975 3747 1006 3787 e
1036 3732 1267 3787 duobus
1296 3731 1525 3802 eligatis
1579 3748 1814 3787 necesse
1843 3737 1950 3789 est.

310 3813 428 3878 Aut
445 3819 601 3877 enim
622 3819 964 3878 fermentato
986 3821 1208 3892 abjecto
1231 3820 1291 3874 in
1327 3819 1693 3876 solemnitate
1722 3837 1950 3890 azymo-

309 3926 442 3966 rum
464 3908 650 3983 legem
675 3908 956 3982 implevit,
984 3914 1086 3964 aut
1107 3913 1376 3981 suscepto
1400 3910 1742 3964 fermentato
1765 3907 1951 3980 legem

311 3993 500 4068 solvit,
532 4003 770 4072 propter
788 4015 965 4071 quam
988 3997 1422 4070 adimplendam
1462 4013 1524 4052 se
1548 3997 1772 4052 venisse
1797 4015 1952 4053 men-

308 4087 454 4144 titus
482 4085 825 4156 invenietur,
857 4086 1012 4159 quod
1040 4086 1192 4142 absit
1217 4084 1228 4139 l
1254 4086 1428 4141 Porro
1451 4086 1519 4140 de
1540 4086 1950 4158 omnipotentis

309 4172 413 4234 Dei
427 4173 892 4248 coomnipotente
907 4173 1154 4241 Filio,ita
1165 4174 1410 4230 habetur
1429 4174 1485 4228 in
1507 4175 1750 4231 Joannis
1775 4179 1952 4232 Evan-

311 4263 501 4337 gelio:
554 4286 583 4316 «
614 4262 742 4320 Non
793 4267 984 4336 potest
1023 4261 1204 4320 Filius
1248 4264 1433 4320 facere
1477 4263 1796 4336 quidquam
1829 4281 1863 4320 a
1890 4281 1953 4322 se

312 4344 536 4427 (Matth.
567 4371 622 4420 v,
654 4353 764 4424 19).
793 4375 822 4402 υ
852 4351 958 4418 Qui
998 4351 1195 4420 etiam,
1227 4352 1552 4408 secundum
1580 4356 1858 4421 Marcum,
1890 4353 1948 4408 in

310 4438 500 4516 patria
527 4458 638 4499 sua
665 4458 780 4498 non
811 4445 1036 4514 poterat
1063 4440 1307 4496 virtutes
1340 4440 1556 4496 multas
1580 4442 1784 4496 facere.

379 4528 524 4588 XVI.
552 4530 697 4588 Hinc
716 4529 798 4586 nil
822 4529 1363 4603 tergiversationum
1383 4535 1708 4586 vestrarum
1727 4535 1954 4602 practer-

2064 3555 2281 3626 pascha
2311 3554 2492 3624 (Ibid.,
2526 3555 2600 3625 7).
2633 3575 2660 3605 ››
2695 3555 2857 3618 Quod
2905 3555 3078 3628 plane
3121 3557 3185 3612 in
3232 3562 3449 3629 quarta
3502 3558 3765 3616 decima

2064 3644 2202 3698 luna
2223 3645 2395 3699 ﬁebat
2411 3644 2479 3700 ad
2499 3661 2824 3715 vesperum,
2844 3645 3081 3716 quando
3099 3661 3294 3718 agnus
3309 3646 3756 3717 occidebatur;

2061 3746 2236 3803 quem
2267 3729 2441 3786 etiam
2473 3732 2688 3802 pascha
2715 3731 2830 3787 dici
2862 3732 2947 3788 sic
2983 3731 3360 3805 Evangelista
3401 3733 3762 3806 perhibuit,

2061 3819 2331 3891 utipsum
2365 3819 2581 3890 pascha
2609 3819 2993 3888 occidendum
3011 3820 3258 3877 diceret.
3295 3821 3459 3877 Idem
3490 3839 3763 3898 quoque

2061 3909 2119 3962 in
2131 3907 2370 3963 Actibus
2383 3907 2781 3979 apostolorum
2798 3912 2998 3964 narrat
3023 3908 3182 3980 quod
3195 3909 3458 3965 Herodes
3481 3916 3764 3984 captum

2061 3996 2292 4051 Petrum
2325 3994 2486 4050 misit
2514 3995 2573 4050 in
2604 4011 2918 4065 carcerem,
2949 3995 3153 4054 volens
3179 4001 3316 4071 post
3344 3999 3586 4071 pascha
3606 4018 3764 4074 pro-

2060 4084 2270 4139 ducere
2300 4099 2436 4138 cum
2464 4083 2700 4156 p0pulo.
2749 4083 2857 4148 Qui
2904 4085 3062 4158 quod
3111 4085 3336 4158 pascha
3383 4087 3558 4144 dicat
3601 4105 3762 4148 mox

2059 4172 2424 4243 subjungens
2445 4171 2698 4228 declarat
2723 4190 2736 4229 :
2765 4193 2794 4224 «
2815 4173 2997 4228 Erant
3018 4180 3217 4231 autem
3230 4174 3360 4231 dies
3375 4192 3760 4249 azymorum

2059 4264 2192 4329 (Act.
2224 4277 2327 4331 xu,
2359 4259 2435 4331 3).
2471 4282 2498 4308 »
2529 4260 2644 4316 Nec
2671 4260 2908 4316 mirum.
2939 4265 3086 4317 Cum
3108 4263 3291 4318 etiam
3327 4263 3523 4320 Exodi
3560 4265 3762 4324 tertio

2061 4349 2361 4416 Dominus,
2391 4349 2504 4404 tria
2533 4349 2678 4405 festa
2715 4349 3076 4424 praecipiens,
3108 4351 3336 4424 pascha
3377 4353 3605 4422 tacuit,
3647 4373 3760 4414 so-

2056 4438 2417 4494 lemnitatem
2434 4455 2770 4510 azymorum
2793 4443 3025 4494 tantum
3045 4439 3334 4496 custodiri
3346 4440 3574 4512 jussit,
3607 4461 3762 4518 qua

2060 4525 2446 4600 praetermisso
2469 4526 2688 4598 pascha
2708 4527 3004 4584 observari
3017 4528 3243 4600 nequit.
3258 4529 3442 4586 Porro
3461 4529 3764 4593 Joannes

307 4615 626 4692 mittentes,
659 4619 798 4694 quia
827 4617 1204 4708 consideratis
1255 4623 1441 4674 vestro
1489 4619 1832 4708 fermentato
1861 4636 1949 4676 se-
1979 4644 2026 4708 D
2059 4616 2308 4708 qualiter
2336 4614 2588 4708 intelligi
2625 4613 2997 4708 vellet_quod
3047 4617 3163 4673 ait:
3198 4617 3497 4708 «‘Utnon
3527 4628 3764 4681 conta-

307 4709 566 4766 cu'ndum
577 4709 763 4782 legem
777 4707 1245 4780 etEvangeliumj
1256 4713 1384 4762 uste
1395 4707 1711 4763 contradici
1723 4713 1947 4765 astrue-

306 4815 368 4854 re
387 4799 680 4855 conamini
712 4798 1025 4854 Dominum
1058 4813 1174 4852 non
1209 4796 1534 4852 celebrasse
1564 4797 1779 4869 pascha
1808 4815 1942 4854 cum

307 4886 524 4942 Judeels
541 4891 749 4957 quarta
767 4886 995 4942 decima
1015 4885 1155 4941 luna
1177 4886 1397 4942 mensis
1419 4885 1611 4958 primi,
1636 4887 1732 4941 sed
1759 4887 1944 4960 prius-

305 4989 484 5046 quam
507 4972 659 5028 lierit
689 4973 892 5045 legalis
914 4973 1158 5045 abjectio
1179 4975 1531 5030 fermentati.
1570 4977 1638 5030 Et
1672 4975 1779 5030 hoc
1815 4994 1944 5048 pro-

306 5063 444 5117 bare
473 5060 822 5116 contenditis
847 5078 917 5117 ex
956 5062 1264 5134 Evangelia
1293 5062 1539 5117 Joannis
1569 5063 1669 5132 qui
1692 5063 1800 5118 ait:
1833 5086 1859 5113 «
1879 5067 1947 5120 Et

310 5148 424 5228 ipsi
447 5165 564 5206 non
603 5148 911 5204 introivere
942 5149 999 5203 in
1032 5150 1386 5221 praeterium,
1419 5153 1484 5204 ut
1514 5166 1627 5203 non
1659 5153 1943 5206 contami-

307 5241 607 5308 narentur,
641 5236 742 5293 sed
787 5243 852 5291 ut
881 5238 1299 5292 manducarent
1329 5235 1544 5307 pascha
1576 5236 1752 5304 (Joan.
1781 5255 1939 5308 xvm,

305 5313 419 5396 28).
456 5348 484 5376 ι)
515 5323 676 5390 Quod
707 5328 928 5396 quanta
959 5323 1316 5380 absurditate
1353 5321 1601 5387 dicatur,
1642 5321 1849 5378 saltem
1873 5342 1943 5382 ex

308 5416 418 5472 hoc
437 5411 792 5488 perpendite,
809 5411 960 5486 quod
979 5411 1270 5468 Christum
1287 5414 1775 5480 transgressorem
1798 5411 1940 5486 legis

311 5518 428 5558 non
473 5503 684 5558 cavetis
727 5503 918 5558 denuo
967 5499 1376 5572 pronuntiare:
1430 5499 1536 5562 Qui
1589 5515 1757 5555 «cum
1788 5501 1940 5560 facta

310 5583 466 5644 esset
478 5587 638 5659 hora,
654 5587 952 5646 discubuit
971 5589 1119 5659 (Luc.
1143 5603 1281 5653 XXII,
1305 5585 1412 5657 Μ).
1437 5609 1457 5636 ι
1493 5585 1935 5649 Quamvisenim

306 5673 401 5733 bis
417 5689 588 5750 posse
607 5675 876 5739 celebrari
897 5671 1219 5754 paschalex
1237 5673 1531 5745 concedat,
1553 5676 1748 5732 tamen
1769 5692 1938 5748 quar-

2059 4705 2441 4774 minarentur,
2461 4703 2562 4759 sed
2577 4708 2642 4759 ut
2658 4704 3080 4761 manducarent
3094 4703 3322 4778 pascha
3343 4706 3539 4779 (locu.
3565 4725 3762 4780 xvm,

2052 4795 2140 4864 '28)
2165 4811 2179 4862 ;
2200 4813 2227 4842 »
2252 4790 2424 4864 paulo
2437 4797 2568 4864 post
2587 4792 2697 4848 ait:
2721 4793 2898 4848 «Erat
2909 4797 3107 4849 autem
3125 4810 3442 4866 parasceve
3455 4799 3762 4870 pascha,

2058 4883 2202 4938 hora
2229 4881 2398 4953 quasi
2429 4886 2590 4936 sexta
2609 4882 2786 4954 (Joan.
2810 4899 2926 4951 xxx,
2954 4883 3065 4954 14),
3096 4904 3126 4932 »
3147 4900 3465 4956 parascere
3485 4889 3762 4959 pascha

2051 4971 2386 5043 pra’paratio
2413 4969 2644 5041 paschae
2673 4969 3130 5042 interpretatur;
3163 4972 3406 5044 quando
3420 4973 3568 5046 jam
3593 4995 3770 5050 pro-

2055 5061 2369 5132 parabatur
2389 5057 2474 5112 vel
2499 5058 2753 5114 instabat
2769 5059 3077 5116 celebritas
3095 5060 3430 5134 magnidiei
3451 5063 3766 5140 Sabbati,

2052 5148 2153 5221 qui
2183 5146 2463 5203 celebrior
2484 5146 2724 5218 reliquis
2754 5147 3132 5220 paschalibus
3175 5149 3391 5206 diebus
3421 5155 3604 5224 apud
3640 5157 3768 5215 Ju-

2051 5241 2204 5293 deeos
2234 5236 2576 5304 habebatur,
2608 5236 2750 5292 adeo
2773 5241 2856 5306 ut,
2885 5238 2958 5294 ob
2987 5238 3374 5296 reverentiam
3394 5240 3561 5312 ejus,
3590 5261 3763 5319 gen-

2049 5325 2170 5381 tilis
2199 5323 2456 5382 hominis
2503 5324 2954 5397 cohabitatione,
3002 5326 3094 5384 vel
3143 5327 3394 5385 introitu
3445 5337 3762 5403 prator-ii

2047 5413 2229 5486 pollui
2248 5417 2614 5481 vererentur;
2637 5418 2694 5469 et
2709 5413 2950 5488 insuper
2970 5433 3044 5473 ne
3059 5416 3120 5472 in
3139 5433 3315 5475 cruce
3329 5432 3774 5484 remanerent

2047 5519 2290 5574 corpora
2333 5501 2392 5557 in
2442 5501 2716 5572 Sabbato,
2784 5509 3195 5576 praecaverent.
3243 5504 3362 5562 Nec
3410 5522 3764 5586 repugnat

2047 5609 2174 5650 vero
2200 5592 2353 5666 quod
2401 5591 2620 5666 pascha
2666 5591 3010 5651 solemnitas
3056 5612 3402 5670 azymorum
3457 5599 3767 5664 dicitur:

2043 5679 2517 5758 quandoquidem
2532 5678 2727 5756 ipsum
2747 5683 2970 5758 pascha
2987 5701 3125 5746 cum
3148 5683 3378 5761 azymis
3399 5686 3702 5755 edebatu
3712 5715 3768 5762 ιι,
