3876 6356
114 462 243 531 ’915

1103 462 1516 527 ADVERSUS
1563 456 2019 525 GRECORUM
2064 455 2542 525 GALUMNIAS.

3378 452 3511 523 ιθιθ

130 616 233 659 nec
261 600 563 674 portatum
585 596 743 657 diem
761 595 953 669 illum,
973 595 1125 656 sicut
1143 599 1424 671 scriptum
1447 602 1555 663 est,
1582 613 1762 668 appa-
1794 596 1848 659 Α
1875 599 2176 657 diseeretis
2206 597 2530 673 plurimum
2553 586 3036 670 distarelapidem
3052 586 3423 679 sivelaterera
3438 596 3514 653 ab

125 691 286 747 rebat
314 691 730 747 fermentatum
762 689 823 745 in
856 688 1072 746 ﬁnibus
1099 688 1219 746 illis
1252 704 1437 760 usque
1455 688 1525 743 ad
1557 701 1764 758 veSpe-

125 796 256 836 rum
288 784 496 835 octavas
529 779 662 846 dici,
693 796 872 851 quam
904 779 1197 834 habebant
1227 777 1685 833 celeberrimam.

199 868 364 925 XVII.
394 870 650 940 Insuper
678 868 889 923 harum
919 868 1097 922 trium
1123 867 1559 923 solemuitatum
1583 863 1767 920 conti-

126 959 286 1013 nuati
319 962 447 1013 octo
479 958 603 1012 dies
625 974 727 1029 pro
760 974 875 1012 uno
909 957 1001 1011 die
1044 961 1185 1012 sunt
1240 956 1444 1021 habiti,
1503 954 1655 1009 sicut
1698 954 1768 1008 de

123 1048 479 1118 seenOpegiee
512 1047 728 1101 diebus
762 1046 1046 1101 Dominus
1076 1046 1246 1101 dicit:
1282 1068 1309 1095 ‹‹
1342 1045 1456 1099 Vos
1474 1042 1770 1099 ascendite

126 1136 199 1189 ad
233 1134 387 1189 diem
421 1134 635 1189 festum
658 1134 832 1201 hunc,
862 1151 967 1206 ego
998 1139 1190 1189 autem
1217 1151 1333 1189 non
1364 1133 1675 1189 ascendam
1698 1131 1768 1185 ad

124 1224 284 1281 diem
316 1225 529 1279 festum
562 1225 715 1279 hunc
748 1224 911 1295 (Joan
933 1242 1030 1291 v11,
1065 1228 1141 1292 8).
1178 1245 1206 1273 ››
1231 1224 1335 1289 Qui
1358 1228 1548 1278 tamen
1572 1225 1773 1294 postea

115 1314 249 1384 jam
293 1314 385 1369 die
416 1313 565 1367 festo
599 1313 891 1368 mediante
944 1312 1159 1368 dicitur
1201 1313 1556 1377 ascendisse,
1599 1316 1655 1366 et
1711 1309 1770 1362 in

127 1402 448 1458 novissimo
468 1418 690 1474 magnae
714 1401 1045 1458 festivitatis
1064 1402 1155 1457 die
1174 1402 1405 1457 stetisse
1445 1405 1501 1455 et
1519 1400 1769 1455 clamas-

127 1486 216 1546 se:
252 1514 279 1541 α
312 1490 366 1546 Si
398 1491 530 1562 quis
563 1490 903 1556 sitit,veniat
932 1491 1002 1546 ad
1027 1507 1117 1545 me
1134 1494 1192 1545 et
1220 1490 1587 1561 bibat(lbid.,
1619 1488 1770 1557 37.»)

201 1579 394 1634 XVIII.
426 1580 570 1635 Ecce
599 1580 809 1634 vestris
831 1579 1213 1651 opinionibus
1236 1578 1503 1634 reluctati
1525 1575 1770 1632 forsitan

124 1667 259 1738 plus
291 1668 621 1723 necessario
652 1668 874 1724 fuimus
903 1668 1129 1723 verbosi
1156 1684 1170 1735 ;
1205 1668 1305 1722 sed
1337 1667 1474 1721 hinc
1530 1664 1774 1720 minime

124 1756 407 1811 debemus
439 1756 809 1827 reprehendi,
843 1756 985 1828 quia
1008 1773 1247 1812 causam
1278 1756 1537 1810 humano
1578 1751 1772 1824 generi

123 1860 305 1915 super
337 1845 537 1899 omnia
579 1846 976 1900 necessariam
1033 1844 1327 1900 voluimus
1375 1841 1663 1898 evacuari.
1715 1840 1774 1895 Si

132 1931 417 1986 Dominus
447 1931 620 1988 Jesus
650 1932 835 2005 legem
869 1934 1156 2005 potuisset
1201 1932 1554 2004 transgredi,
1583 1929 1777 1985 inanis

129 2019 291 2077 enim
313 2025 467 2075 esset
486 2021 631 2075 fides
650 2026 869 2090 nostra,
883 2023 1078 2078 inanis
1096 2021 1493 2094 etpraadicatio
1538 2023 1735 2074 nostra
1758 2035 1770 2084 ;

131 2108 275 2180 quia
305 2113 504 2180 posset
532 2110 722 2164 doceri
757 2114 1058 2182 peccatum
1088 2111 1222 2164 Adae
1240 2109 1498 2165 obfuisse
1517 2107 1774 2162 humano

128 2198 355 2271 generi,
389 2202 635 2253 mortem
659 2204 856 2254 autem
877 2198 1091 2255 Christi
1119 2199 1264 2253 nihil
1282 2198 1591 2270 profuisse.
1614 2197 1777 2252 Nunc

128 2286 443 2358 sequentia
470 2286 775 2343 videamus
800 2305 813 2343 :
847 2288 947 2342 ubi
976 2293 1285 2360 postquam
1307 2288 1471 2342 vanis
1490 2286 1777 2342 declama-

127 2375 417 2441 tionibus,
452 2381 517 2430 ut
567 2393 745 2447 supra
800 2380 1181 2442 monstratur,
1212 2387 1360 2448 ἄρτον
1416 2374 1779 2447 interpretati

129 2464 333 2519 fuistis
361 2462 649 2518 elevatum
681 2469 737 2519 et
766 2481 1003 2519 sursum
1037 2470 1326 2537 portatum
1359 2483 1392 2519 a
1422 2466 1703 2520 fermento
1722 2468 1780 2518 et

128 2551 279 2617 sale,
307 2551 560 2609 calorem
593 2558 649 2607 et
679 2552 1055 2609 elevationem
1104 2554 1439 2619 habentem,
1489 2553 1780 2608 horrenda

128 2642 414 2708 caacitate,
440 2642 757 2697 abominati
788 2660 1007 2715 azyma,
1044 2644 1298 2699 dixistis:

206 2730 354 2786 XIX.
386 2730 1121 2787 Cossnu'rmorou'rwus.
1154 2736 1371 2801 Azyma
1403 2734 1597 2785 autem
1629 2729 1777 2784 nihil

128 2818 360 2875 distant
387 2836 421 2873 a
450 2819 640 2891 lapide
671 2818 797 2874 sine
827 2820 1023 2875 anima
1048 2826 1104 2875 et
1133 2820 1254 2875 luto
1287 2820 1482 2875 lateris
1507 2820 1779 2874 deorsum

127 2908 454 2979 conjuncta
477 2912 662 2969 terra}.
696 2913 753 2963 et
779 2908 862 2963 sic
892 2908 1015 2963 luto
1045 2913 1398 2980 comparata.

204 2996 326 3053 XX.
362 2996 664 3051 ROMANUS.
699 2997 854 3052 Heu!
922 2995 1063 3051 heu!
1100 2997 1249 3052 heul
1306 2996 1551 3051 Domine
1598 2993 1781 3051 Deus!

127 3102 270 3142 ecce
299 3084 577 3157 compleri
606 3085 874 3140 videmus
906 3086 1189 3157 principis
1211 3085 1611 3157 apostolorum
1642 3102 1784 3156 pra:-

129 3174 375 3246 sagium
417 3173 634 3231 nostris
692 3173 1080 3245 temporibus.
1106 3198 1131 3225 ‹‹
1168 3176 1249 3229 Ex
1276 3176 1460 3244 vobis,
1497 3196 1525 3224 ››
1574 3173 1784 3245 inquit,

127 3287 161 3316 ‹‹
196 3267 375 3320 erunt
405 3262 669 3333 magistri
716 3264 1049 3331 mendaces,
1110 3264 1210 3335 qui
1259 3264 1541 3319 inducent
1598 3266 1788 3318 sectas

1876 690 2114 763 azymis,
2135 693 2192 745 et
2221 689 2374 761 quod
2398 685 2695 759 lapidibus
2722 703 2826 743 seu
2848 685 3132 745 lateribus
3153 675 3363 761 paries,
3388 702 3517 761 azy-

1878 781 1989 835 mis
2021 784 2215 835 autem
2247 776 2626 833 conﬁrmetur
2644 793 2745 833 eor
2772 768 3048 834 hominis.
3083 778 3206 843 Que
3251 768 3518 850 quamvis

1874 869 2195 925 humanam
2226 867 2405 921 vitam
2463 864 2862 937 temporaliter
2917 854 3270 934 sustentant,
3320 868 3519 924 tamen

1878 958 2000 1013 sine
2021 958 2217 1013 anima
2238 941 2383 1021 esse,
2412 954 2563 1009 sicut
2574 958 2630 1009 et
2652 953 3294 1021 fermentatum,nullus
3307 970 3522 1028 negare

1878 1047 2075 1115 audet,
2107 1046 2219 1101 nisi
2251 1044 2606 1100 Manichacus
2639 1043 2899 1098 demens.
2933 1044 3081 1098 Nam
3140 1044 3202 1098 in
3256 1044 3521 1116 corporis

1878 1136 2087 1191 Christi
2117 1134 2390 1206 mysterio
2421 1132 2822 1188 indubitanter
2848 1131 3044 1188 vitalis
3065 1149 3200 1189 esca
3224 1133 3292 1188 ﬁt
3312 1149 3520 1207 perpe-

1877 1230 1999 1280 tuo.
2033 1225 2144 1279 Sed
2189 1224 2328 1278 dum
2376 1221 2630 1277 nitimini
2686 1221 3011 1294 apostolica:
3064 1221 3188 1279 sedi
3234 1223 3519 1296 derogare

1881 1330 2059 1385 super
2090 1314 2331 1384 azymis,
2381 1311 2686 1383 putredine
2734 1311 3060 1367 inveteratae
3119 1298 3517 1367 haeresis‘vos

1881 1408 2101 1459 scatere
2135 1389 2841 1467 monstratisfasserendo
2869 1399 3120 1472 panibus
3146 1399 3343 1456 inesse
3388 1400 3515 1457 ami-

1880 1508 2038 1547 mam
2061 1489 2445 1557 fermentatis,
2478 1488 2656 1543 etiam
2687 1488 2908 1561 absque
2924 1487 3198 1561 mysterio
3210 1488 3518 1561 aliquodo-

1880 1580 2107 1636 miniesa
2139 1579 2453 1651 passionis.
3224 1568 3227 1573 ’
3294 1566 3299 1575 ’
3388 1568 3391 1571 ’

1951 1669 2091 1724 XXI.
2128 1669 2291 1733 Quod
2323 1672 2519 1724 autem
2550 1666 2994 1723 calumniamini
3027 1682 3233 1740 azyma
3250 1668 3525 1724 deorsum

1880 1764 2045 1815 terrae
2077 1759 2407 1830 conjuncta,
2444 1774 2559 1813 non
2587 1772 2874 1829 negamus
2914 1756 3091 1829 vulgo
3138 1756 3271 1813 {haec
3321 1757 3525 1814 eadem

1885 1848 1967 1903 sic
1997 1847 2190 1919 parari
2220 1846 2517 1919 lapidibus
2543 1850 2644 1901 aut
2681 1845 2887 1918 argilla
2912 1846 3425 1918 superposita,-non
3442 1842 3526 1902 si-

1886 1940 1985 1993 cut
2012 1935 2224 2001 dicitis,
2258 1939 2423 1990 terras
2455 1935 2787 2006 conjuncta.
2822 1935 3034 1991 Verum
3062 1934 3188 1990 hac
3232 1924 3305 1989 ad
3346 1950 3525 1991 com-

1886 2042 2094 2082 munes
2108 2042 2249 2080 usus
2261 2024 2565 2079 hominum
2583 2027 2642 2079 et
2653 2030 2988 2079 eaaterorum
3000 2023 3346 2080 animalium
3363 2027 3524 2078 tma-

1883 2117 2088 2181 seuut;
2122 2130 2258 2169 nam
2289 2114 2361 2168 ad
2393 2128 2666 2185 magnam
2694 2111 2911 2168 Christi
2939 2127 3334 2169 mensamnen
3358 2104 3527 2169 acoe-

1884 2204 2034 2258 dunt
2053 2221 2065 2270 ;
2086 2202 2188 2258 sed
2209 2201 2354 2257 illud
2368 2201 2558 2257 solum
2572 2201 2728 2273 quod
2741 2201 2967 2257 diaconi
2988 2217 3123 2257 cum
3146 2196 3526 2257 subdiaconis

1886 2309 1989 2347 seu
2020 2292 2131 2364 ipsi
2162 2292 2517 2358 sacerdotes,
2568 2289 2753 2346 sacris
2800 2290 3003 2345 amicti
3056 2282 3351 2357 vestibus,»
3386 2304 3527 2346 cum

1886 2378 2138 2436 melodia
2150 2378 2511 2451 psalmorum
2542 2393 2923 2449 conspersum
2935 2377 3060 2434 etin
3086 2377 3238 2435 ferro
3258 2368 3533 2449 paratum

1886 2487 1956 2525 ex
1986 2467 2296 2525 secretario
2317 2466 2885 2539 proferunt.Nempe,
2916 2465 3072 2523 sicut
3090 2463 3399 2538 apostolici
3424 2466 3538 2521 Ac-

1886 2563 1984 2614 tus
2014 2558 2296 2622 indicant,
2330 2555 2560 2611 diaconi
2590 2554 2922 2627 specialiter
2950 2554 3253 2615 constituti
3276 2546 3536 2613 suntm-

1888 2664 1992 2720 per
2022 2648 2131 2702 hoc
2171 2663 2339 2719 opus,
2400 2650 2567 2701 Petro
2623 2644 2882 2701 dicente:
2917 2667 2947 2695 «
2976 2645 3103 2701 Non
3158 2648 3249 2701 est
3300 2660 3536 2717 aquum

1888 2736 2217 2807 relinquere
2240 2753 2347 2791 nos
2375 2734 2617 2790 verbum
2648 2734 2773 2802 Dei,
2804 2737 2863 2789 et
2917 2733 3255 2790 ministrare
3310 2731 3535 2792 mensis

1888 2826 2035 2897 (Act.
2068 2842 2145 2893 v1,
2176 2827 2252 2891 2).
2288 2845 2316 2873 »
2347 2824 2463 2879 Vos
2494 2827 2712 2889 autem,
2745 2822 2900 2879 sicut
2928 2822 3115 2878 facere
3173 2838 3281 2877 nos
3336 2814 3533 2893 repre-

1890 2913 2165 2981 henditis,
2190 2929 2294 2967 nec
2315 2913 2376 2966 in
2395 2912 2589 2983 lapide
2604 2914 2706 2966 aut
2725 2910 2934 2983 argilla
2953 2922 3058 2967 seu
3078 2908 3277 2982 aliquo
3294 2900 3532 2966 metallo

1890 3006 2148 3057 vestrum
2180 3001 2591 3057 fermentatum
2622 2999 2864 3072 paratis.
2912 2999 3060 3072 Ergo
3120 3002 3222 3054 aut
3272 2997 3338 3054 in
3383 2994 3539 3071 aqua

1894 3091 2134 3163 paratis,
2167 3096 2266 3145 aut
2284 3091 2356 3145 de
2387 3088 2529 3145 coelo
2563 3105 2783 3145 manna
2808 3087 2967 3143 venit
3020 3086 3205 3155 vobis,
3250 3086 3413 3159 quod
3460 3078 3537 3143 ad

1895 3179 2188 3235 humanos
2217 3182 2273 3234 et
2302 3178 2534 3234 divinos
2564 3195 2709 3239 usus
2732 3176 2984 3233 habetis.
3134 3170 3137 3175 ’

1970 3267 2141 3322 XXII.
2173 3268 2281 3322 Sed
2315 3266 2388 3321 ad
2423 3266 2689 3337 relinqua
2734 3264 2939 3319 frivola
2991 3268 3188 3320 vestra
3202 3262 3532 3321 veniamus.

127 3351 507 3425 perditionis,
542 3356 597 3406 et
626 3368 761 3406 eum
793 3352 894 3422 qui
926 3350 1077 3407 eruit
1105 3368 1203 3407 eos
1218 3352 1531 3407 Dominum
1548 3355 1779 3423 negant.
1815 3335 1859 3402 C
1896 3356 2019 3411 Non
2051 3354 2343 3410 invenitur
2365 3335 2825 3423 Moyses—dixisse
2845 3346 3534 3423 azymamalaspassionis

126 3440 607 3513 Superducentes
639 3440 750 3495 sibi
781 3440 1026 3496 celerem
1061 3439 1467 3512 perditionem,
1500 3445 1557 3496 et
1614 3438 1783 3495 multi

127 3533 468 3601 sequentur
497 3545 700 3584 eorum
728 3528 1009 3594 luxurias,
1043 3545 1145 3600 per
1175 3546 1321 3599 quos
1369 3529 1461 3584 via
1524 3527 1784 3583 veritatis

128 3618 610 3691 blasphematur,
642 3622 699 3673 et
727 3617 785 3671 in
819 3617 1061 3673 avaritia
1090 3617 1244 3673 fictis
1290 3618 1480 3673 verbis
1513 3618 1583 3672 de
1623 3616 1783 3672 vobis

126 3708 618 3781 negotiabuutur.
636 3706 858 3769 Quibus
881 3706 1169 3777 judicium
1191 3707 1318 3775 jam
1340 3704 1480 3762 olim
1502 3723 1623 3761 nun
1660 3721 1785 3761 ces-

114 3802 256 3867 sat,
288 3800 346 3852 et
370 3794 617 3867 perditio
677 3812 880 3850 eorum
938 3812 1053 3850 non
1111 3795 1394 3850 dormitat
1422 3794 1492 3865 (11
1521 3796 1665 3849 Patr.
1720 3810 1782 3861 ιι,

128 3886 289 3955 1-3).
318 3906 348 3937 ››
381 3883 564 3955 Cujus
595 3884 895 3939 sententiae
927 3884 1284 3939 concordans
1302 3884 1507 3938 ductor
1524 3882 1787 3955 gentium

34 3991 47 4002 '
122 3974 223 4033 ait
258 3972 598 4029 Timotheo:
634 3996 661 4023 «
696 3971 850 4028 Scito
882 3974 1038 4044 quod
1070 3972 1131 4026 in
1190 3971 1524 4027 novissimis
1580 3972 1790 4027 diebus

128 4062 454 4121 instabunt
482 4065 749 4132 tempora
803 4060 1149 4132 periculosa,
1189 4065 1246 4115 et
1299 4065 1470 4116 erunt
1524 4060 1792 4116 homines

128 4152 377 4223 seipsos
410 4153 695 4217 amantes,
719 4148 937 4222 cupidi,
970 4150 1126 4218 elati,
1160 4149 1418 4222 superbi,
1466 4149 1793 4221 blasphemi

132 4242 218 4312 (11
271 4240 405 4295 Tim.
466 4255 551 4305 III,
612 4240 742 4309 1-2),
778 4261 807 4288 »
863 4242 920 4293 et
972 4243 1197 4294 caetera.
1255 4240 1324 4293 Et
1384 4244 1516 4309 post
1573 4254 1790 4309 pauca:

133 4352 165 4379 «
205 4326 725 4394 Quemadmodum
755 4326 998 4383 Jamnes
1029 4332 1085 4382 et
1109 4327 1403 4383 Mambres
1463 4327 1797 4382 restiterunt

127 4415 355 4489 Moysi,
398 4414 479 4470 ita
510 4419 567 4471 et
598 4415 695 4470 isti
720 4416 1002 4471 resistunt
1031 4415 1281 4479 veritati,
1316 4414 1582 4471 homines
1599 4432 1796 4470 corru-

126 4506 229 4579 pti
267 4507 485 4571 mente,
512 4504 741 4574 reprobi
760 4503 911 4559 circa
933 4504 1130 4559 ﬁdem.
1165 4504 1275 4559 Sed
1300 4505 1454 4559 ultra
1470 4520 1583 4558 non
1630 4504 1800 4575 proﬁ-

33 4590 44 4599 ’
130 4594 331 4653 cient.
354 4592 699 4664 Insipientia
727 4593 883 4649 enim
915 4609 1117 4648 eorum
1150 4593 1456 4648 manifesta
1486 4592 1799 4648 eritomni-

1892 3448 1952 3499 et
1977 3441 2375 3497 tribulationis
2396 3440 2663 3513 symbola
2693 3439 2894 3505 fuisse,
2921 3440 3024 3495 sed
3054 3439 3259 3494 lechem
3302 3439 3417 3506 om',
3454 3437 3524 3494 id

1890 3536 1979 3587 est
2006 3546 2205 3601 panem
2220 3531 2568 3600 afﬂictionis:
2603 3545 2718 3583 non
2746 3528 2905 3598 quod
2931 3526 3281 3585 naturaliter
3307 3526 3532 3600 aliquid

1892 3617 2227 3675 afﬂictionis
2257 3618 2315 3672 in
2348 3634 2410 3674 se
2440 3617 2670 3682 habeat,
2702 3617 2801 3672 sed
2831 3616 2983 3687 quod
3014 3614 3272 3672 Hebraeis
3300 3616 3374 3672 ad
3404 3610 3536 3673 me-

1894 3707 2142 3763 moriam
2170 3709 2396 3762 revocet
2425 3705 2584 3777 quia,
2617 3704 2688 3761 ab
2719 3705 3007 3777 Egyptiis
3036 3704 3203 3775 exire,
3221 3698 3534 3778 compulsi,

1896 3811 2271 3867 consparsam
2328 3793 2599 3864 farinam,
2668 3797 2980 3866 antequam
3066 3794 3536 3861 fermentaretur,

1899 3883 2221 3955 aportarint
2250 3883 2309 3937 in
2330 3882 2622 3949 humeris;
2648 3886 2875 3954 quae,ut
2891 3881 3541 3955 superiussuﬂioienter

1901 3972 2308 4037 disseruimus,
2368 3971 2512 4026 nihil
2562 3989 2671 4028 nos
2724 3974 2976 4044 tangunt
3029 3972 3202 4043 juxta
3270 3969 3539 4028 voarnalis

1901 4060 2328 4118 observantiam
2385 4060 2553 4116 ritus.
2606 4061 2737 4117 Ideo
2794 4060 3185 4119 discutiamus
3238 4061 3399 4133 quod
3449 4072 3541 4116 se-

1904 4150 2121 4222 quitur.

1976 4239 2167 4295 XXIII.
2201 4241 2937 4296 Cousmmmorourmus.
2970 4243 3252 4297 Nostrum
3277 4252 3413 4296 vero
3442 4255 3547 4312 pa-

1906 4327 2051 4384 scha
2072 4327 2351 4399 gaudium
2384 4331 2441 4382 et
2458 4327 2658 4383 laetitia
2672 4332 2864 4385 totum
2893 4333 3000 4398 est,
3020 4333 3080 4387 et
3108 4327 3331 4385 extollit
3352 4327 3545 4383 nosab

1908 4417 2088 4472 humo
2111 4422 2343 4488 propter
2371 4416 2654 4488 gaudium
2685 4418 2758 4472 ad
2790 4417 3021 4486 emlum,
3047 4417 3274 4474 sicutet
3300 4416 3547 4472 fermen-

1907 4510 2056 4574 tum,
2088 4510 2322 4576 propter
2351 4505 2652 4576 proprium
2681 4505 2954 4573 calorem,
2986 4521 3226 4578 panem;
3254 4503 3354 4576 qui
3376 4496 3548 4576 panis

1911 4593 2070 4650 omni
2103 4594 2387 4649 suavitate
2420 4594 2675 4665 repletus
2705 4598 2812 4650 est.
2845 4597 3124 4668 Azymum
3154 4609 3309 4661 vero,
3352 4608 3547 4665 neque

125 4684 285 4749 bus,
318 4680 475 4738 sicut
502 4684 560 4735 et
601 4679 836 4735 illorum
895 4682 1007 4736 fuit
1063 4682 1247 4752 (Ibid.,
1277 4682 1333 4749 8,
1361 4681 1438 4751 9).
1476 4704 1503 4729 ››
1536 4680 1698 4737 Unde
1744 4685 1801 4736 et
1828 4698 1876 4762 υ
1908 4683 1996 4738 sal
2029 4699 2217 4753 neque
2237 4682 2585 4738 fermentum
2608 4682 3048 4751 babens,lutum
3072 4685 3162 4738 est
3179 4678 3554 4738 aridumth

121 4787 244 4829 vos
279 4768 658 4841 impudenter
678 4768 1052 4825 detrahentes
1083 4770 1310 4842 azymis
1341 4769 1519 4824 etiam
1550 4768 1637 4823 illi
1668 4768 1802 4824 vivi-

122 4861 254 4923 βω
290 4855 566 4929 mysterio
600 4858 1018 4929 redemptionis
1049 4863 1259 4914 nostra:
1291 4858 1588 4913 inauditas
1646 4858 1699 4911 in
1702 4859 1799 4927 ju-

122 4949 266 5009 rias
300 4946 557 5018 irrogare
588 4962 704 5002 nou
741 4946 983 5002 timetis.
1017 4947 1132 5003 Nec
1156 4947 1373 5002 mirum
1404 4946 1453 5002 si
1488 4946 1548 5001 in
1563 4946 1801 5002 secretis

107 5034 488 5095 vowlestibus
517 5034 670 5091 acies
701 5036 917 5092 mentis
948 5040 1151 5093 vestrm
1182 5035 1413 5108 caligat,
1433 5033 1804 5106 quandoqui-

114 5128 284 5187 dem
309 5123 370 5180 in
390 5124 639 5180 terrenis
680 5129 799 5180 tam
860 5141 1125 5196 perverse
1178 5129 1351 5192 errat;
1410 5130 1474 5179 ut
1534 5139 1798 5195 azynum,

120 5212 308 5289 quod
335 5211 463 5269 visu
493 5217 550 5269 et
576 5217 735 5268 tactu
768 5217 940 5285 atque
971 5218 1146 5286 gustu
1178 5210 1353 5267 simul
1387 5216 1444 5267 et
1474 5229 1581 5267 usu
1617 5212 1801 5283 quoti-

110 5304 328 5365 αἰειηο
359 5317 570 5373 panem
589 5302 954 5372 comprobat,
981 5300 1233 5372 lapidem
1253 5316 1355 5355 seu
1375 5300 1594 5356 siccum
1611 5299 1799 5354 lutum

120 5388 353 5450 lateris
382 5389 597 5445 credat.
633 5390 722 5456 Et,
756 5407 788 5444 o
820 5406 1000 5461 quam
1023 5390 1259 5461 dignam
1285 5390 1497 5444 erroris
1521 5389 1611 5443 sui
1646 5404 1799 5443 nier-

116 5480 354 5539 cedem
385 5481 579 5533 vestra
610 5478 848 5534 vesania
877 5478 1177 5549 reciperet,
1203 5477 1252 5533 si
1272 5477 1435 5532 vobis
1453 5476 1719 5543 retrusis,
1743 5480 1800 5532 et

114 5565 315 5631 omni
339 5564 739 5622 consolatione
758 5566 1002 5622 humani
1031 5568 1218 5622 victus
1232 5564 1795 5636 fraudatis,lapidem

120 5675 246 5719 seu
285 5654 517 5711 siccum
566 5654 757 5711 lutum
806 5655 1031 5717 lateris,
1061 5658 1377 5727 apponeret
1430 5652 1644 5725 aliquis
1694 5671 1795 5726 pro

108 5742 379 5821 azymis
394 5742 415 5799 ιη
428 5741 511 5798 Ibi
526 5742 728 5815 procul
746 5743 995 5802 duhlioiu
1011 5759 1245 5801 summo
1262 5741 1595 5799 discrimine
1607 5748 1799 5800 vestro

1913 4788 2029 4826 non
2062 4769 2310 4826 audistis
2325 4770 2527 4827 Jesum
2545 4770 2831 4826 dicentem
2850 4770 3159 4843 discipulis
3180 4770 3305 4827 suis
3328 4786 3342 4825 :
3380 4792 3404 4821 ι
3435 4774 3555 4826 ἓνοε

1912 4859 2051 4915 estis
2084 4858 2168 4915 sal
2198 4862 2363 4914 terras
2387 4859 2415 4913 ‘?
2449 4882 2469 4907 η
2506 4859 2702 4917 Matth.
2760 4876 2815 4915 v.
2850 4860 2964 4932 13.)
3020 4861 3124 4916 Et:
3150 4881 3180 4911 «
3212 4858 3420 4916 Simile
3454 4862 3561 4915 est

1913 4964 2158 5020 regnum
2189 4946 2467 5003 cmlorum
2498 4947 2803 5015 fermento,
2836 4949 2992 5020 quod
3021 4948 3318 5021 accipiens
3347 4946 3565 5004 muli-er

1915 5036 2299 5092 absconditin
2326 5035 2522 5090 farinae
2556 5037 2699 5093 satis
2720 5036 2934 5106 tribus,
2968 5028 3563 5094 donec-fermentare-

1914 5128 2011 5178 tur
2038 5124 2264 5179 totum?
2294 5124 2501 5193 (Matth.
2538 5142 2661 5190 x111,
2717 5125 2834 5194 33.)
2867 5147 2895 5175 ››
2925 5122 3234 5182 Mulierem
3298 5128 3563 5183 sanatum

1917 5212 2232 5268 Ecclesiam
2261 5220 2464 5269 vocat:
2498 5213 2639 5269 satis
2669 5230 2802 5269 vero
2832 5214 3045 5284 tribus,
3075 5215 3187 5272 hoc
3215 5218 3321 5281 est,
3370 5208 3560 5266 tribus

1917 5301 2131 5356 modiis
2156 5301 2415 5373 repletis,
2448 5303 2675 5357 Patrem
2707 5308 2767 5358 et
2796 5303 3006 5360 Filium
3034 5307 3093 5359 et
3120 5294 3396 5375 Spiritum
3426 5314 3559 5353 san-

1916 5395 2100 5458 ctum,
2133 5408 2383 5461 quorum
2412 5408 2786 5462 nequaquam
2807 5389 3161 5449 lutulentum
3182 5387 3558 5459 azymumest

1913 5478 2228 5550 particeps.

1984 5566 2176 5621 XXIV.
2214 5568 2511 5625 Romanus.
2566 5563 3202 5640 Optamus'vobiscum
3256 5560 3555 5618 celebrare

1912 5655 2153 5726 pascha,
2182 5658 2339 5728 quod
2361 5662 2547 5713 totum
2579 5658 2657 5713 sit
2676 5656 2897 5725 laetitia,
2926 5658 2983 5711 et
3009 5652 3248 5726 plenum
3264 5648 3545 5724 gaudii‘in

1908 5747 2065 5800 terra
2093 5745 2314 5801 scilicet
2337 5746 2673 5813 viventium,
2706 5745 2844 5817 quia
2898 5743 3007 5801 hoc
3032 5738 3255 5799 homini
3278 5731 3284 5737 ’
3316 5752 3559 5795 concas-
