3876 6380
365 437 486 508 θυι
1377 443 1858 513 HUMBERTUS

2282 439 2744 506 iARDINALIS.
3669 479 3672 482 λ
3706 440 3813 504 948

371 596 505 636 sum
527 581 614 636 est
639 577 697 634 in
721 581 874 636 terra
903 577 1297 650 morientium,
1343 581 1442 637 ubi
1473 585 1529 637 et
1567 581 1638 636 de
1695 575 1998 650 praeteritis
2026 571 2083 640 Α
2112 573 2316 644 farina,
2351 576 2407 631 id
2441 579 2546 642 est,
2581 577 2760 632 totius
2790 573 3034 633 humani
3056 575 3292 651 generis
3318 591 3588 633 masa:
3613 573 3678 630 in
3705 593 3814 649 qua

367 668 660 726 scandalis
710 671 912 726 subest
960 670 1230 741 gemitus,
1279 675 1334 724 et
1391 671 1460 725 de
1519 667 1730 724 futuris
1786 669 1997 722 metus.
2113 664 2310 736 utique
2334 665 2562 729 mulier,
2596 665 2652 720 id
2681 669 2768 722 est
2797 671 3082 723 cozeterna
3113 667 3233 722 Deo
3257 666 3426 739 patri
3453 665 3804 738 Sapientia,

366 759 551 824 Unde,
582 757 631 813 si
661 757 872 828 cupitis
920 760 989 813 de
1022 761 1294 814 continuo
1353 758 1571 828 pascha
1627 756 2001 829 postmodum
2111 753 2258 808 facta
2287 770 2355 808 ex
2415 754 2675 818 muliere,
2727 756 3056 811 doctrinam
3111 755 3560 828 apostolicam,
3625 755 3798 826 quasi

373 847 646 920 gaudere,
677 846 736 900 in
767 846 878 901 isto
909 847 1102 902 animo
1134 864 1246 901 non
1306 847 1435 902 sitis
1491 847 1722 901 interim
1784 845 1908 900 sine
1941 843 2006 897 ti-
2113 843 2464 897 fermentum
2501 844 2843 912 recondidit,
2869 849 2925 899 et
2955 861 3204 917 regnum
3243 844 3590 912 caelorum,
3629 844 3690 899 id
3733 851 3812 900 est

374 952 554 992 more.
581 935 711 1002 Sed,
746 935 896 989 sicut
925 934 1239 990 Psalmista
1297 941 1527 990 monet:
1567 960 1590 984 ((
1625 935 1841 989 Servite
1899 933 2007 987 Do-
2113 936 2455 1002 praesentem
2489 931 2898 1000 Ecclesiam,ex
2927 932 3174 988 diversis
3189 933 3572 989 nationibus
3589 934 3808 989 coadu-

376 1023 535 1080 mino
564 1023 623 1078 in
645 1022 932 1087 timore,et
953 1024 1233 1078 exsultate
1251 1025 1300 1078 ei
1324 1041 1457 1078 cum
1480 1029 1728 1079 tremore
1774 1022 2004 1094 (Psalm.
2116 1020 2293 1074 navit.

373 1131 437 1181 ιι,
471 1112 575 1184 11).
598 1133 625 1160 ››
655 1113 721 1166 Et
741 1111 1026 1168 instanter
1054 1129 1186 1167 cum
1219 1113 1498 1184 apostolis
1543 1113 1714 1183 petite
1745 1115 1809 1166 ut
1863 1127 2006 1182 gau-
2185 1107 2429 1163 XXVIII.
2461 1109 2593 1164 Jam
2623 1110 2780 1181 quia,
2814 1115 2945 1182 post
3005 1110 3375 1183 multiplices
3437 1129 3806 1184 azymorum

376 1202 540 1258 dium
569 1203 823 1256 vestrum
856 1201 930 1256 sit
961 1201 1218 1272 plenum.
1255 1200 1424 1256 Illum
1456 1202 1630 1257 etiam
1665 1201 1816 1272 quod
1851 1215 2007 1254 asse-
2116 1197 2582 1264 obtrectationes,
2615 1199 2684 1252 ad
2717 1197 2825 1254 hoc
2854 1199 3122 1270 prorupit
3138 1203 3334 1256 vestra
3353 1200 3732 1266 insolentia,
3755 1207 3812 1256 ut

376 1290 591 1358 ritis,id
623 1290 1062 1361 est,pascbavos
1083 1291 1152 1344 ab
1167 1290 1345 1344 humo
1370 1290 1673 1345 sustollere
1688 1290 1756 1344 ad
1792 1289 2002 1344 omium
2115 1285 2174 1340 in
2197 1285 2616 1356 ipsaterribilia
2637 1286 2926 1343 etvivifica
2948 1292 3323 1344 sacramenta
3349 1289 3808 1362 redemptionis

377 1397 492 1453 prae
523 1379 755 1451 gaudio,
787 1379 868 1433 ita
896 1396 1063 1450 agere
1094 1380 1264 1434 debet
1311 1380 1566 1434 omnino.
1601 1380 1744 1444 Quia
1773 1379 1822 1433 si
1876 1395 2008 1432 con-
2119 1377 2324 1430 nostrae
2355 1376 2569 1446 apertis
2601 1375 2970 1431 contumeliis
3029 1377 3432 1433 irreverenter
3497 1379 3808 1450 insurgat,

378 1467 719 1524 sum-existis
751 1483 882 1521 cum
905 1467 1150 1532 Christo,
1179 1484 1302 1538 quae
1329 1485 1560 1522 sursum
1583 1471 1719 1522 sunt
1749 1466 2006 1538 quaerite,
2117 1467 2173 1518 et
2238 1479 2504 1534 azymum
2561 1463 2840 1518 exclamet
2883 1463 3266 1531 lutulentum,
3318 1469 3383 1519 et
3437 1481 3806 1536 nequaqum

379 1557 481 1612 ubi
512 1556 777 1612 Christus
794 1560 882 1610 est
911 1556 967 1609 in
1000 1556 1305 1611 dextraDei
1331 1557 1538 1611 sedens
1568 1575 1579 1611 :
1612 1573 1737 1627 quae
1773 1571 2007 1610 sursum
2118 1555 2330 1607 sanctae
2358 1550 2658 1606 Trinitatis
2689 1551 2980 1624 particeps
3011 1569 3164 1620 esse,
3223 1554 3612 1618 respondere
3647 1555 3806 1625 cogi-

381 1648 522 1702 sunt
549 1644 753 1715 sapite,
789 1660 902 1698 non
931 1659 1054 1714 quae
1080 1661 1255 1714 super
1283 1648 1524 1699 terram:
1551 1645 1642 1699 sin
1675 1643 1840 1709 alias,
1883 1644 2008 1712 jam
2120 1657 2253 1694 mur
2284 1640 2553 1711 deinceps
2577 1640 2739 1696 vobis
2761 1640 3484 1712 stultisjuxtastultitiam
3505 1647 3805 1708 vestram,

382 1751 499 1790 non
523 1734 744 1789 levatur
778 1732 974 1787 anima
1028 1737 1218 1786 vestra
1273 1734 1342 1787 ad
1385 1733 1585 1800 Deum,
1647 1734 1747 1788 sed
1812 1737 2010 1788 contra
2119 1745 2192 1784 ne
2211 1729 2373 1783 vobis
2395 1728 2684 1800 sapientes
2705 1745 2832 1784 esse
2849 1728 3576 1786 videamini.Certissime
3597 1731 3806 1786 sciatis

383 1827 587 1880 Deum.
2119 1818 2275 1888 quod
2305 1816 2566 1888 gloriatio
2593 1822 2784 1873 vestra
2813 1821 3040 1874 stercus
3071 1823 3165 1874 est
3197 1823 3254 1874 et
3297 1819 3562 1887 vermis,
3635 1819 3810 1875 hodie

454 1911 618 1967 XXV.
653 1911 800 1965 Sane
833 1910 1107 1981 quoniam
1137 1915 1394 1965 vestrum
1427 1911 1705 1982 gaudium
1719 1927 2012 1983 compara—
2044 1941 2092 2006 B
2121 1906 2278 1962 enim
2309 1905 2670 1972 extollimini,
2693 1911 2748 1962 et
2771 1923 2901 1960 cras
2933 1923 3046 1961 non
3093 1907 3486 1962 inveniemini
3515 1925 3530 1962 :
3569 1912 3674 1974 et,.
3715 1925 3810 1962 se—

383 2000 462 2056 tis
493 2000 797 2066 fermento,
829 2001 982 2069 quod
1015 2016 1120 2053 suo
1152 1999 1339 2054 calore
1375 2017 1579 2070 panem
1613 1999 1854 2068 extollit,
1891 2017 2013 2054 am-
2045 1993 2090 2006 “’
2125 1995 2381 2050 cundum
2413 1994 2807 2064 Psalmistam,
2833 1998 2898 2049 ut
2927 1993 3121 2066 pulvis
3165 1999 3304 2050 ante
3353 1996 3582 2052 faciem
3643 1997 3810 2052 venti

383 2087 641 2160 higimus
663 2087 790 2157 jam
822 2086 990 2157 quale
1012 2085 1155 2142 illud
1188 2088 1467 2159 gaudium
1486 2089 1584 2155 sit,
1617 2089 1754 2159 quia
1775 2089 2016 2144 fermen-
2125 2083 2626 2153 comminuemini,
2661 2087 2718 2138 et
2749 2087 2812 2138 ut
2867 2083 3062 2138 lutum
3111 2083 3362 2140 laterum
3405 2085 3814 2150 delebimini,

383 2179 512 2232 tum
543 2176 602 2230 in
632 2177 781 2231 bono
814 2175 994 2246 accipi
1016 2175 1108 2230 vix
1131 2176 1480 2243 invenimus,
1505 2193 1608 2231 nec
1635 2177 2015 2233 fermentatus
2116 2173 2285 2243 juxta
2312 2171 2680 2242 proverbium
2711 2171 3024 2244 Sapientis.
3066 2173 3139 2228 de
3167 2177 3411 2228 stercore
3431 2173 3634 2228 boum
3659 2173 3818 2246 lapi-

384 2264 555 2337 panis
583 2266 802 2335 absque
861 2264 1292 2319 consecratione
1350 2269 1438 2319 est
1481 2267 1764 2321 suavitate
1821 2266 2016 2337 aliqua
2125 2260 2324 2325 dandi,
2357 2264 2411 2314 et
2439 2259 2595 2315 velut
2623 2263 2845 2316 stercus
2871 2261 2930 2315 in
2959 2261 3057 2316 via
3085 2261 3488 2329 eonculcandi,
3524 2261 3716 2318 sicut
3762 2267 3816 2317 et

386 2352 612 2424 plenior
631 2352 847 2424 azymis
870 2351 1566 2424 panibus,quosplerique
1587 2354 1695 2409 sibi
1729 2354 2016 2409 salubrio-
2127 2354 2520 2404 antecessores
2547 2349 2724 2404 vestri
2753 2349 3006 2404 haeretici
3059 2367 3126 2404 ac
3183 2366 3592 2421 praecursores
3649 2352 3810 2406 anti-

387 2457 480 2497 res
509 2445 566 2496 et
595 2441 913 2513 sapidiores
944 2441 1332 2507 arbitrantur;
1367 2442 1465 2496 sed
1489 2443 1679 2513 qualis
1700 2443 1868 2498 fuerit
1890 2461 2020 2514 pro-
2128 2437 2347 2493 Christi.
2381 2438 2453 2493 Ut
2481 2438 2636 2493 enim
2667 2437 2726 2491 in
2775 2436 2922 2492 libro
2970 2437 3126 2493 beati
3177 2438 3286 2494 Job
3346 2437 3624 2494 dicitur:
3665 2463 3696 2490 α
3731 2444 3812 2494 Ex

387 2529 616 2602 positio,
652 2529 837 2601 aperit
863 2528 985 2582 haec
1012 2533 1204 2583 vestra
1235 2528 1556 2584 conclusio.
2129 2545 2242 2598 quo
2274 2527 2467 2598 posuit
2495 2527 2648 2582 Deus
2677 2525 2984 2581 hominem
3015 2543 3196 2598 super
3209 2531 3456 2594 terram,
3483 2529 3806 2599 cognosci-

458 2617 652 2673 XXVI.
712 2617 1426 2672 Consummoromrmus.
1511 2619 1784 2686 Azymum
1865 2637 2016 2686 vero,
2129 2620 2225 2670 tur
2243 2615 2370 2670 laus
2402 2615 2713 2687 impiorum
2745 2613 2936 2670 brevis
2965 2631 3117 2684 esse,
3151 2619 3208 2670 et
3251 2615 3553 2688 gaudium
3619 2617 3808 2690 hypo-

389 2722 578 2779 neque
603 2706 690 2762 sal
711 2721 898 2777 neque
931 2706 1278 2761 fermentum
1295 2706 1536 2773 habens,
1571 2705 1760 2762 lutum
1787 2711 1875 2763 est
1907 2708 2018 2762 ari-
2129 2705 2283 2759 critze
2315 2704 2384 2757 ad
2417 2703 2601 2758 instar
2656 2703 2856 2774 puncti
2889 2703 3026 2774 (Job.
3087 2722 3182 2772 xx,
3214 2705 3294 2769 5).
3331 2727 3360 2753 ››
3405 2703 3609 2769 Unde,
3669 2707 3813 2777 quia

391 2797 554 2851 dum.
2131 2793 2188 2847 in
2219 2809 2282 2848 eo
2315 2792 2532 2863 putatis
2563 2808 2662 2846 vos
2694 2791 2988 2864 sapientes
3021 2793 3072 2847 si
3104 2791 3364 2848 aliorum
3395 2792 3812 2849 institutioni-

463 2883 681 2938 XXVII.
715 2884 1013 2939 Romanus.
1046 2884 1273 2938 Iteratis
1305 2884 1671 2939 contumeliis
1696 2884 1752 2938 in
1791 2888 2016 2940 tantum
2132 2883 2242 2936 bus
2273 2879 2748 2946 detrahitis,hinc
2782 2897 2888 2951 par
2915 2881 3042 2951 pari
3075 2881 3428 2948 referemus,
3497 2883 3668 2954 quod
3715 2899 3814 2938 ve-

400 2987 604 3043 azyma
633 2970 938 3036 lacessitis,
985 2975 1050 3026 ut
1073 2987 1218 3042 pene
1258 2971 1531 3026 omnibus
1588 2973 1918 3028 visibilibus
1959 2979 2025 3029 ~et
2134 2975 2313 3025 stram
2345 2967 2765 3040 impudentiam
2790 2968 3078 3024 mordebit
3103 2988 3115 3037 ;
3143 2975 3208 3024 ut
3235 2969 3512 3026 retrahat
3539 2971 3707 3042 [eam
3731 2972 3810 3026 vet

343 3119 346 3122 Α
399 3057 791 3114 invisibilibus
823 3058 1048 3113 naturis
1076 3059 1353 3128 injuriam
1413 3060 1698 3131 irrogetis.
1733 3061 1790 3114 Si
1845 3062 2022 3128 enim,
2133 3059 2302 3126 vos]a
2329 3057 2774 3112 reverendorum
2805 3063 3314 3114 sacramentorum
3347 3059 3632 3130 injuriis.

401 3149 467 3202 ut
497 3145 802 3213 deﬁnistis,
835 3145 1024 3200 lutum
1056 3147 1283 3200 aridum
1307 3151 1394 3201 est
1424 3147 1709 3219 quidquid
1734 3166 1919 3220 neque
1941 3149 2026 3205 sal
2207 3145 2393 3201 XXIX.
2455 3143 2624 3200 Salva
2680 3161 2836 3217 ergo,
2871 3150 2934 3200 ut
2985 3146 3234 3218 dignum
3284 3151 3398 3214 est,
3473 3149 3814 3204 reverentia

401 3250 590 3305 neque
621 3235 968 3290 fermentum
1018 3235 1222 3302 habet;
1283 3251 1417 3307 ergo
1475 3236 1624 3290 beati
1682 3238 1925 3307 spiritus
1976 3243 2031 3294 et
2073 3302 2102 3307 Α,
2140 3235 2394 3306 corporis
2419 3233 2644 3290 Domini
2679 3233 2863 3290 nostri
2890 3235 3032 3290 Jesu
3065 3235 3304 3302 Christi,
3349 3239 3432 3301 et,
3461 3237 3525 3292 in
3553 3238 3811 3293 fermen-

401 3323 610 3378 animae
632 3323 950 3394 justorum,
985 3323 1103 3378 sive
1149 3323 1276 3394 ipsa
1331 3327 1579 3395 quatuor
1625 3323 1928 3392 elementa,
1965 3345 2032 3382 ex
2061 3302 2103 3368 (ἶ
2141 3327 2259 3380 tato
2291 3323 2430 3378 etin
2463 3339 2682 3394 azymo,
2716 3323 3128 3394 perquiramus
3183 3341 3258 3380 an
3322 3325 3710 3382 fermentum
3745 3328 3812 3382 ad

400 3411 614 3484 quibus
627 3410 824 3466 omnia
849 3411 1096 3466 visibilis
1131 3411 1404 3476 existunt,
1437 3411 1624 3466 lutum
1649 3417 1787 3467 sunt
1813 3432 1824 3468 :
1885 3431 2026 3486 quo-
2138 3412 2426 3467 humanas
2453 3427 2684 3466 mensas
2707 3416 3094 3482 praeparatum
3111 3411 3406 3469 sincerius
3421 3430 3493 3469 ac
3513 3417 3812 3471 mundius

399 3499 558 3554 niam
576 3515 762 3570 neque
793 3498 876 3554 sal
898 3515 1087 3570 neque
1109 3499 1456 3554 fermentum
1479 3499 1842 3556 habent.Nec
1856 3503 2026 3557 suffe-
2137 3501 2214 3556 sit
2245 3499 2467 3571 plebeio
2495 3515 2714 3570 azyma.
2739 3500 2806 3554 Et
2837 3500 3024 3571 primo
3055 3501 3328 3556 omnium
3363 3501 3812 3558 fermentatum

395 3587 474 3642 cit
501 3587 664 3641 vobis
693 3590 922 3642 tantum
945 3587 1592 3651 nefasevomuisse,nisi
1643 3588 1882 3660 insuper
1913 3590 2022 3647 Do-
2134 3593 2484 3660 repetamus,
2519 3591 2583 3640 ut
2607 3592 2911 3659 perspecta
2932 3588 3246 3661 diligenter
3275 3590 3410 3660 ejus
3429 3591 3812 3664 scaturigine

397 3676 624 3731 minum
655 3679 862 3758 testem
891 3680 1091 3730 vestrae
1122 3676 1412 3747 opinionis
1443 3677 2020 3749 produceritis,quasi
2131 3695 2304 3733 verax
2325 3675 2614 3748 judicium
2655 3676 2726 3731 de
2757 3677 3008 3747 puritate
3037 3678 3375 3734 fermentati
3439 3679 3812 3736 habeamus.

394 3781 496 3836 pro
519 3762 646 3819 sola
674 3763 1174 3818 commendatione
1195 3767 1252 3818 et
1280 3763 1636 3819 confectione
1677 3766 1848 3821 vestri
1908 3767 2021 3822 fer-
2130 3767 2371 3821 Necesse
2389 3769 2476 3819 est
2505 3765 2660 3819 enim
2695 3769 2756 3818 ut
2787 3764 2946 3820 rivus
2995 3766 3174 3822 fontis
3203 3767 3570 3838 qualitatem
3605 3773 3674 3824 et
3709 3788 3814 3824 na-

333 3891 336 3895 λ
395 3853 636 3908 mentati
664 3850 1193 3922 dixeritdiscipulis
1215 3851 1374 3906 suis:
1415 3873 1435 3901 ι
1469 3851 1583 3906 Vos
1621 3853 1760 3908 estis
1789 3853 1874 3909 sal
1906 3859 2020 3910 ter-
2129 3858 2322 3909 turam
2353 3857 2647 3923 sequatur.
2683 3853 2768 3908 Ita
2797 3852 2954 3908 enim
2987 3855 3278 3926 originem
3311 3855 3609 3912 fermenti
3647 3859 3814 3913 inve-

337 3997 340 4000 _
391 3959 466 3995 rae
499 3941 710 4008 (Matth.
742 3957 796 3994 v.
828 3940 937 4005 43),
969 3943 1026 3994 et
1081 3938 1272 3994 simile
1319 3944 1406 3995 est
1453 3955 1696 4010 regnum
1743 3942 2017 3999 caelorum
2129 3942 2252 3997 nire
2275 3941 2546 4012 cupinus,
2598 3941 2750 3996 sicut
2805 3941 3063 3997 hominis
3112 3942 3442 4013 cujuslibet
3501 3947 3814 4018 originem

337 4075 344 4079 .
389 4029 670 4084 fermento
693 4028 896 4099 (Matth.
938 4044 1060 4094 xm,
1094 4027 1203 4094 33).
1239 4049 1267 4075 ››
1299 4028 1447 4099 Ergo
1481 4029 1617 4098 quia
1661 4031 1835 4086 verba
1892 4049 2018 4102 qum
2126 4031 2316 4103 ipsam
2349 4035 2594 4085 matrem
2625 4030 2891 4085 omnium
2925 4035 3139 4086 terram
3172 4032 3547 4088 invenimus.
3577 4035 3740 4092 Nam
3768 4038 3814 4091 si

389 4119 527 4171 sunt
556 4115 796 4186 spiritus
827 4120 882 4169 et
910 4114 1042 4176 vita,
1081 4113 1149 4167 ad
1180 4113 1433 4169 litteram
1468 4115 1654 4186 placet
1669 4117 2015 4174 vobisintel-
2125 4118 2380 4173 hominis
2412 4117 2694 4190 originem
2726 4117 2906 4173 alium
2937 4119 3240 4175 hominem
3271 4121 3648 4191 dixerimus,
3677 4125 3810 4196 jam

385 4201 564 4275 ligere
585 4222 604 4256 :
623 4201 845 4272 placeat
871 4201 1045 4256 etiam
1075 4204 1262 4255 vestro
1295 4202 1634 4258 fermentato
1653 4204 1872 4275 aliquid
1897 4207 2014 4278 pal-
2125 4222 2401 4279 propago,
2433 4223 2546 4261 non
2569 4205 2750 4278 origo,
2783 4207 2890 4262 erit
2915 4232 2928 4275 ς
2961 4209 3260 4278 quomodo
3285 4225 3396 4264 nec
3423 4210 3812 4268 fermentum

387 4291 598 4346 mitum
621 4293 677 4345 et
700 4289 886 4360 sinapi
906 4290 1244 4360 adjungere.
1274 4290 1419 4344 Nam
1441 4291 1597 4346 idem
1625 4292 1906 4349 Dominus
1927 4296 2010 4350 di-
2124 4295 2390 4350 fermenti
2426 4295 2584 4366 origo
2615 4311 2746 4350 esse
2775 4295 3002 4365 poterit.
3037 4297 3204 4351 Sicut
3259 4296 3426 4352 enim
3489 4303 3814 4358 sententia

385 4379 464 4436 cit
491 4378 823 4450 discipulis:
849 4378 1004 4434 «Vos
1025 4377 1165 4432 estis
1194 4377 1463 4448 palmites
1513 4379 1688 4450 (Joan.
1747 4399 1838 4449 xv,
1871 4383 1945 4454 5).
1983 4406 2012 4432 ››
2119 4382 2274 4454 vulgi
2306 4387 2510 4448 exstat,
2545 4383 2810 4438 fermenti
2845 4383 3007 4456 origo
3057 4384 3142 4451 ﬁt,
3205 4401 3342 4440 cum
3405 4391 3520 4442 aut
3583 4407 3812 4462 spuma

382 4469 489 4524 Et:
523 4491 551 4518 «
583 4466 782 4523 Simile
811 4471 900 4523 est
945 4482 1190 4538 regnum
1224 4465 1500 4522 caelorum
1561 4484 1740 4538 grano
1787 4469 2008 4542 sinapis
2121 4471 2298 4526 musti
2322 4488 2423 4527 seu
2453 4471 2558 4525 fzex
2579 4471 2886 4543 cujusdam
2920 4471 3152 4527 rustica
3173 4474 3438 4546 potionis
3461 4493 3608 4548 quin
3645 4481 3810 4550 apud

381 4556 610 4629 (Matth.
643 4574 767 4624 χιιι,
802 4557 912 4628 3|).
937 4577 964 4606 »
989 4555 1150 4618 Quod
1183 4554 1402 4610 scilicet
1455 4555 1704 4612 calorem
1763 4559 2009 4614 admini-
2121 4559 2315 4615 Gallos
2369 4561 2597 4614 cervisia
2653 4559 2884 4628 dicitur,
2934 4560 3023 4615 vel
3083 4565 3240 4617 certe
3299 4562 3526 4619 elexati
3567 4566 3808 4623 hordei

379 4648 546 4716 strat,
578 4661 752 4717 quem
783 4647 1081 4715 tantopere
1103 4646 1224 4698 tota
1253 4646 1443 4698 vestra
1471 4642 1766 4700 calumnia
1793 4645 1852 4700 in
1895 4647 2007 4703 fer-
2041 4661 2088 4724 D
2119 4651 2220 4702 aut
2235 4647 2582 4714 ciceris,sive
2602 4647 2690 4702 lac
2711 4647 2970 4703 ﬁculneaa
2986 4647 3075 4705 vel
3093 4665 3406 4721 peccorum
3429 4659 3810 4727 corruptum

379 4731 1188 4791 mentocollaudat.Noveritis
1209 4735 1404 4786 tamen
1423 4732 1611 4803 ipsam
1635 4734 1704 4789 de
1725 4735 2005 4792 fermento
2119 4736 2380 4806 injicitur
2404 4753 2726 4807 conspersae
2759 4737 2978 4792 farinae.
3013 4741 3156 4793 Cum
3199 4755 3338 4810 ergo
3361 4757 3625 4812 spuma,
3679 4745 3810 4811 faex,

379 4822 661 4878 absconso
690 4821 1107 4893 expositionem
1137 4822 1388 4875 vestram
1419 4819 1700 4876 catholico
1749 4823 2007 4895 dogmati
2118 4823 2395 4879 elixatum
2426 4823 2812 4896 leguminum,
2842 4829 2900 4880 et
2929 4823 3018 4882 lac
3051 4827 3198 4883 ficus
3228 4827 3320 4883 vel
3353 4845 3668 4900 pecorum
3682 4851 3812 4889 cor-

377 4909 747 4963 contrariam.
779 4909 833 4963 Si
868 4908 1020 4963 enim
1055 4907 1265 4962 mulier
1291 4907 1388 4963 illa
1421 4909 1732 4966 Ecclesiam
1793 4911 2004 4984 signat,
2117 4917 2352 4983 ruptum
2389 4913 2542 4984 apud
2575 4912 2839 4968 homines
2869 4918 3289 4986 computentur
3323 4916 3488 4972 inter
3523 4921 3810 4985 sordida,

377 4999 434 5051 et
452 4996 566 5049 tria
595 4998 722 5050 sata
750 4999 1010 5050 sanctam
1035 4995 1501 5060 Trinitatem,ubi
1528 5003 1585 5052 et
1605 5001 1837 5070 quando
1859 5005 1915 5056 et
1935 5002 2006 5056 ad
2117 5005 2342 5056 constat
2371 5001 2718 5056 fermentum
2749 5002 3024 5058 sordibus
3055 5019 3171 5058 non
3195 5020 3394 5060 carere
3429 5023 3546 5077 per
3569 5011 3810 5065 omnia.

377 5081 518 5154 quid
553 5080 806 5137 Ecclesia
835 5083 893 5136 in
919 5083 1048 5152 ipsa
1093 5083 1263 5137 beata
1318 5083 1596 5140 Trinitate
1653 5087 2004 5145 fermentum
2116 5089 2318 5144 Massa:
2347 5093 2540 5144 autem
2571 5089 2895 5162 cuicunque
2921 5091 3280 5147 fermentum
3313 5093 3630 5164 injicitur,
3703 5117 3808 5156 ne-

373 5168 718 5228 abscondit?
748 5173 837 5223 An
869 5169 1012 5223 forte
1041 5170 1352 5240 quisquam
1409 5189 1640 5226 summo
1684 5177 1740 5226 et
1783 5174 2004 5230 incom-
2115 5194 2273 5231 cesso
2304 5181 2391 5230 est
2448 5181 2874 5248 corrumpatur,
2935 5178 3087 5234 sicut
3149 5179 3230 5235 ait
3287 5181 3810 5253 sapientissimus

371 5257 640 5317 mutabili
662 5257 813 5313 bono
837 5257 951 5312 Deo
983 5256 1302 5326 quidquam
1335 5260 1632 5330 augmenti
1687 5259 2000 5331 aliquando
2111 5263 2360 5320 Paulus:
2399 5287 2425 5314 «
2461 5265 2750 5320 Modicum
2771 5265 3124 5323 fermentum
3147 5272 3335 5324 totam
3357 5287 3654 5331 massam
3676 5295 3810 5333 cor-

372 5348 630 5439 conferre
658 5346 848 5439 potuit
867 5345 1228 5439 autpoterit?
1259 5345 1614 5439 QuaprOpter
1661 5350 2002 5406 convenien-
2110 5353 2333 5424 rumpit
2362 5353 2500 5424 (Gal.
2535 5370 2588 5420 ν,
2621 5354 2695 5424 9).
2735 5377 2762 5402 ››
2810 5354 3177 5428 Ubicumque
3207 5363 3412 5415 autem
3475 5369 3806 5439 corruptio
3873 5379 3876 5439 ι

369 5437 488 5492 tius
517 5435 851 5509 parabolam
888 5435 1034 5489 hanc
1065 5433 1497 5504 exposuissetis,
1531 5435 1578 5490 si
1611 5452 1853 5508 regnum
1886 5456 1998 5494 coe-
2108 5445 2230 5496 tam
2263 5440 2324 5495 in
2349 5442 2560 5496 divinis
2587 5459 2760 5512 quam
2795 5447 2850 5498 et
2879 5443 2936 5498 in
2973 5444 3254 5503 humanis
3282 5447 3516 5506 litteris
3543 5433 3805 5524 dicitur,

371 5521 563 5577 lorum
607 5527 868 5580 sanctam
919 5521 1236 5577 Ecclesiam
1286 5522 1613 5593 significare
1659 5525 1951 5581 dixissetis
1982 5546 1994 5596 ;
2109 5528 2188 5582 ibi
2221 5530 2396 5586 etiam
2423 5529 2790 5586 deterioratio
2819 5549 2924 5588 seu
2949 5533 3239 5592 vitiositas
3258 5535 3468 5609 aliqua
3503 5521 3806 5602 substan;

373 5607 720 5701 fermentum
751 5615 944 5667 autem
969 5609 1290 5665 doctrinam
1309 5611 1680 5680 apostolicam
1707 5630 1718 5677 ;
1741 5613 1850 5667 tria
1872 5620 1994 5670 sata
2107 5617 2196 5670 tia:
2229 5619 2506 5674 accidisse
2539 5621 2972 5691 comprobatur.
3005 5623 3195 5696 Unde,
3221 5625 3270 5680 si
3297 5607 3420 5682 non
3457 5635 3684 5701 potest
3710 5635 3807 5690 ali-

319 5735 342 5746 ..
371 5698 490 5750 tres
521 5695 668 5754 ﬁlios
697 5699 834 5770 Noe,
863 5697 1077 5770 quibus
1111 5702 1240 5768 post
1287 5697 1568 5755 diluvium
1627 5705 1997 5756 mensuratur
2106 5707 2337 5775 quando
2355 5707 2648 5778 corruptio
2677 5707 2737 5762 in
2759 5708 2972 5766 bonam
3003 5695 3232 5784 partem
3282 5695 3580 5792 intelligi,
3653 5725 3802 5781 nulli
