3876 6354
218 427 342 496 949

1210 428 1625 497 ADVERSUS
1672 422 2127 493 GRIEGORUM
2171 423 2654 499 ΟΑΕΠΜΝῙΔΞδ

3432 416 3620 497 ηΰδο

220 564 468 623 dubium
497 568 584 623 est
612 560 755 639 quin
786 564 1130 624 fermentato
1162 582 1430 641 azymum
1452 567 1731 624 mundius
1763 566 1858 636 sit,
1891 563 1945 629 Α
1973 555 2219 620 oretario
2250 564 2579 621 confectum
2610 563 2779 621 oﬁ‘ert
2808 575 3101 638 azymnm,
3141 560 3296 637 quod
3336 577 3406 621 ex
3432 576 3617 638 grano

223 656 398 724 quod,
432 654 653 712 nullam
677 657 1105 730 corruptionem
1136 656 1399 712 fermenti
1420 657 1767 723 admittens,
1797 673 1866 712 ex

222 746 441 803 munda
470 744 658 801 farina
687 749 919 802 tantum
943 751 999 801 et
1020 763 1166 818 pura
1186 764 1337 818 aqua
1367 747 1693 803 conficitur.
1730 748 1865 803 Fer-

220 839 481 890 mentum
506 852 739 907 quoque
762 835 808 891 si
843 834 1188 906 aliquandiu
1217 835 1275 889 in
1310 853 1505 891 massa
1524 835 1861 908 negligitur,

222 929 382 979 tanto
415 941 614 979 acrore
643 940 770 979 eam
806 926 1129 995 corrumpit
1160 928 1223 979 ut
1255 924 1406 980 ultra
1436 924 1712 980 humanis
1744 925 1863 980 usi-

219 1013 329 1068 bus
352 1031 467 1068 non
492 1013 698 1084 prosit.
719 1012 931 1068 Deinde
957 1014 1127 1085 panis
1142 1014 1524 1068 fermentatus
1547 1030 1721 1085 parvo
1745 1013 1862 1068 situ

221 1100 473 1156 efficitur
504 1100 796 1167 mucidus,
820 1103 975 1173 quod
1008 1102 1307 1157 rarissime
1328 1101 1574 1157 incurrit
1603 1119 1865 1174 azymus,

222 1194 422 1261 utpote
449 1189 657 1261 plenus
686 1194 742 1245 et
771 1190 1013 1257 solidus,
1049 1208 1164 1245 non
1198 1191 1462 1245 tumidus
1507 1194 1563 1246 et
1592 1207 1865 1245 caverno-

226 1296 348 1345 sus,
385 1279 467 1333 uti
501 1282 900 1335 fermentatus.
933 1280 1039 1344 Qui
1074 1279 1204 1334 licet
1229 1296 1443 1351 magna
1473 1296 1539 1334 ex
1570 1284 1734 1352 parte
1764 1279 1869 1334 im-

225 1384 329 1438 par
360 1368 435 1421 sit
466 1367 682 1423 nostris
712 1366 1006 1435 laudibus,
1039 1372 1235 1423 tamen
1288 1385 1389 1440 per
1418 1368 1615 1424 omnia
1644 1385 1750 1439 par
1777 1373 1867 1423 est

220 1456 427 1511 vestris
459 1454 740 1512 moribus.
762 1457 890 1528 ipse
911 1457 1089 1521 enim,
1119 1456 1400 1512 fermento
1420 1457 1598 1512 veteri
1631 1474 1865 1528 corrup-

223 1550 338 1613 tus,
373 1544 830 1616 deprehenditur
846 1545 1067 1611 acidus,
1088 1562 1439 1602 cavernosos
1472 1550 1529 1600 et
1558 1546 1822 1601 tumidus
1849 1563 1861 1600 :

220 1638 276 1688 et
306 1651 404 1689 vos
436 1634 590 1688 haud
643 1649 834 1700 secus,
867 1634 1126 1689 humana
1155 1634 1431 1705 opinione
1470 1634 1748 1706 corrupti,
1780 1634 1863 1689 lo-

221 1723 511 1793 quacitate
560 1722 853 1794 apparetis
892 1723 1063 1791 acidi,
1114 1722 1405 1778 caliditate
1451 1722 1766 1780 cavernosi.
1800 1724 1867 1777 Et

222 1814 286 1863 ut
315 1810 523 1864 divinae
568 1811 824 1865 scientiae
855 1811 1043 1879 vacui,
1084 1811 1345 1867 humana
1374 1812 1617 1867 scicntia
1645 1811 1865 1866 incedi-

222 1897 531 1993 tisminfl‘atih,
559 1898 728 1969 juxta
772 1898 917 1953 illud
948 1899 1171 1993 dictum
1197 1900 1460 1993 ‘Apostoli
1492 1918 1505 1956 :
1553 1924 1580 1993 (ξ
1613 1900 1865 1956 Scientia
1892 1929 1941 1993 B

221 1984 388 2041 inflat
417 1987 462 2056 (l
491 1986 612 2041 Cor.
663 2004 791 2054 VIII,
826 1990 899 2053 1).
937 2010 963 2035 ››
1000 1988 1101 2042 Cui
1134 1988 1309 2042 etiam
1346 1988 1679 2060 supradicta
1723 1989 1866 2044 vitia

222 2072 413 2128 inesse
448 2074 665 2128 ibidem
719 2074 1029 2146 Apostolus
1077 2079 1404 2141 attestatur,
1438 2076 1741 2132 Timotheo
1783 2077 1863 2131 di-

223 2179 360 2218 cens
412 2179 424 2217 :
480 2186 505 2211 ‹‹
541 2163 595 2216 Si
624 2163 758 2234 quis
789 2164 957 2218 aliter
988 2165 1221 2234 docens,
1254 2169 1312 2220 et
1341 2182 1455 2220 non
1488 2167 1862 2237 acquiescens

221 2250 381 2308 sanis
414 2252 783 2307 sermonibus
818 2252 1043 2308 Domini
1077 2253 1258 2308 nostri
1290 2254 1428 2309 Jesu
1459 2254 1690 2321 Christi,
1724 2260 1781 2310 et
1811 2255 1862 2309 ei

223 2356 350 2412 qua!
364 2341 687 2396 secundum
707 2340 981 2411 pietatem
1002 2342 1863 2416 estdoctrinas,superbus,nihil

221 2428 432 2495 sciens,
480 2430 580 2484 sed
636 2429 920 2501 languens
970 2430 1122 2486 circa
1154 2432 1487 2503 questiones
1532 2437 1588 2487 et
1634 2449 1862 2505 pugnas

220 2518 550 2585 verborum,
575 2519 869 2589 exquibus
892 2520 1419 2588 oriunturinvidiaa,
1436 2522 1861 2589 contentiones,

218 2605 619 2678 blasphemiae,
653 2607 1014 2679 suspiciones
1047 2608 1233 2675 malae,
1266 2610 1725 2665 conﬂictationes
1758 2610 1860 2665 ho-

220 2694 447 2750 minum
494 2698 685 2750 mente
710 2700 1135 2768 corruptorum,
1169 2702 1225 2752 et
1255 2698 1350 2768 qui
1385 2698 1623 2753 veritate
1653 2698 1861 2770 privati

218 2788 360 2840 sunt
408 2786 456 2855 (I
501 2785 631 2838 Tim.
666 2801 743 2854 vx,
776 2784 831 2852 3,
864 2786 916 2851 4,
949 2786 1025 2856 5).
1064 2808 1084 2834 ι
1121 2786 1283 2849 Quod
1330 2803 1464 2841 vero
1507 2787 1857 2842 fermentum

217 2872 371 2929 sicut
400 2872 621 2945 praefati
654 2890 889 2940 sumus,
921 2872 978 2927 in
1009 2874 1220 2929 divinis
1242 2878 1299 2929 et
1327 2874 1603 2931 humanis
1625 2876 1856 2942 litteris,

216 2959 276 3015 in
302 2960 523 3016 malum
548 2967 820 3033 ponatur,
850 2960 1133 3018 Dominus
1157 2963 1215 3018 in
1247 2963 1556 3035 Evangelio
1575 2968 1819 3019 testatur
1844 2982 1855 3019 :

216 3074 245 3101 κ
280 3050 507 3117 Cavete,
542 3072 569 3099 »
605 3049 903 3121 inquiens,
940 3072 965 3099 ‹‹
1007 3068 1041 3105 a
1086 3052 1370 3107 fermento
1413 3052 1858 3119 Pharisaeorum,

215 3139 373 3212 quod
395 3143 485 3193 est
502 3138 997 3210 hypocrisis(Luc.
1018 3157 1118 3204 x11,
1153 3140 1274 3209 1).»
1307 3141 1373 3194 Et
1405 3140 1656 3197 Paulus:
1690 3165 1716 3192 «
1751 3143 1859 3197 Ex-

213 3232 480 3301 purgate,
514 3227 724 3297 inquit,
758 3232 925 3283 vetus
957 3228 1307 3284 fermentum
1354 3229 1402 3300 (I
1446 3230 1567 3286 Cor.
1614 3248 1669 3300 v,
1717 3232 1793 3302 7).
1832 3253 1859 3280 ››

216 3294 286 3373 Et
316 3294 493 3371 Paulo
522 3294 655 3388 post
689 3334 701 3371 :
728 3338 753 3364 ‹‹
782 3315 1097 3387 Epulemur
1126 3334 1241 3373 non
1266 3317 1322 3372 in
1349 3294 1632 3374 fermento
1655 3294 1858 3388 veteri,
1892 3294 1935 3360 (ἶ

216 3421 407 3476 neque
439 3403 497 3458 in
530 3404 813 3459 termento
847 3404 1084 3459 malitiae
1116 3409 1172 3459 et
1204 3406 1475 3476 nequitia;
1507 3408 1687 3477 (Ibz'd.,
1720 3410 1796 3476 8).
1831 3430 1858 3458 ))

218 3494 286 3550 In
317 3492 697 3549 saecularibus
727 3492 1183 3564 quoquelitteris
1204 3494 1510 3566 satyricus,
1570 3497 1863 3551 effemina-

217 3580 441 3637 tionem
498 3586 555 3637 et
609 3586 910 3653 corruptos
960 3597 1151 3636 mores
1207 3582 1603 3638 Romanorum
1661 3585 1865 3639 redar-

219 3686 434 3745 guens,
464 3668 547 3726 ait
577 3687 589 3725 :

287 3783 425 3850 Quid
449 3783 735 3833 didicisse?
756 3785 857 3850 nisi
878 3784 980 3834 hoc
1003 3784 1339 3850 fermentum,
1363 3791 1533 3850 etquo
1546 3788 1709 3837 semel
1721 3789 1866 3839 intus

286 3848 475 3896 lunata
504 3850 603 3908 est,
637 3852 797 3910 rupto
822 3846 1017 3910 jecore,
1042 3848 1228 3897 exierit
1258 3846 1536 3913 capriﬁcus
1558 3854 1581 3898 ?

1415 3913 1577 3973 (Pass.
1608 3928 1639 3972 ι,
1672 3913 1773 3975 2i.)

297 4024 460 4080 ΧΧΧ.
486 4024 573 4094 Et,
597 4025 644 4079 si
674 4042 879 4080 omnes
901 4025 1233 4098 Scripturas
1250 4028 1596 4099 perscrutati
1621 4029 1867 4094 fueritis,

221 4129 533 4185 nunquam
556 4118 612 4169 et
634 4130 927 4186 nusquam
952 4115 1303 4170 fermentum
1331 4114 1617 4185 inbonam
1648 4116 1868 4189 signifi-

221 4203 516 4260 cationem
535 4203 671 4274 poni
696 4203 1024 4270 invenietis,
1046 4204 1159 4259 nisi
1184 4204 1242 4259 in
1266 4221 1383 4260 uno
1408 4204 1531 4261 loco
1559 4204 1869 4277 Evangelii,

224 4291 327 4347 ubi
362 4306 607 4363 regnum
635 4289 911 4346 caelorum
943 4292 1227 4347 fermento
1248 4292 1441 4349 simile
1472 4294 1755 4349 Dominus
1787 4294 1871 4348 di-

227 4380 328 4449 cit,
360 4378 686 4435 doctrinam
716 4379 983 4436 videlicet
1012 4380 1391 4452 apostolicam
1422 4382 1781 4455 signiﬁcans.
1815 4383 1873 4439 Si

223 4484 363 4524 vero
394 4483 599 4524 omnes
621 4467 923 4524 revolvatis
942 4469 1290 4540 Scripturas,
1326 4487 1627 4541 nunquam
1660 4476 1717 4526 et
1745 4488 1878 4527 nus-

230 4573 410 4630 quam
469 4556 774 4612 invenietis
819 4573 1021 4630 azyma
1068 4557 1205 4630 poni
1263 4557 1323 4612 in
1387 4559 1875 4631 significationem

1974 652 2249 709 frumenti
2282 658 2340 709 et
2371 654 2611 726 limpida
2641 653 2885 728 lympha
2914 670 3018 727 per
3045 654 3241 728 ignem
3272 652 3445 711 fuerit
3474 671 3620 727 pras-

1971 746 2262 814 paratum,
2296 741 2639 815 signiﬁcans
2684 760 2747 799 se
2776 744 2836 799 in
2868 760 2988 799 una
3016 742 3353 800 mediatoris
3408 742 3512 799 Dei
3565 746 3623 799 et

1973 830 2298 897 hominum,
2333 831 2589 887 hominis
2628 832 2729 887 Dei
2758 833 2900 888 Jesu
2928 831 3165 900 Christi,
3200 847 3470 905 persona,
3502 834 3621 887 tres

1974 920 2257 991 perfectas
2288 920 2520 975 credere
2551 923 2607 974 et
2636 920 2899 976 venerari
2952 920 3316 977 substantias
3363 936 3377 976 :
3412 920 3620 976 huma-

1974 1024 2111 1063 nam
2158 1008 2376 1063 scilicet
2428 1026 2683 1075 carnem,
2714 1009 2973 1065 animam
3005 1009 3371 1079 rationalem,
3403 1013 3463 1066 et
3490 1009 3626 1065 Ver-

1974 1098 2115 1152 bum
2136 1098 2236 1152 Dei
2261 1098 2464 1153 Deum.
2488 1099 2557 1153 Et
2577 1115 2824 1170 granum
2838 1098 3076 1170 quidem
3091 1097 3411 1155 assimilari
3432 1098 3619 1168 carni,

1977 1203 2155 1258 quam
2183 1188 2253 1241 de
2274 1186 2398 1242 sola
2426 1187 2682 1259 Virginis
2704 1203 2898 1255 carne,
2931 1186 3097 1261 quasi
3120 1205 3186 1244 ex
3207 1204 3391 1260 grano
3408 1188 3619 1244 matris

1974 1280 2163 1339 terrae,
2195 1275 2320 1330 sola
2348 1275 2557 1330 virtute
2587 1276 2825 1344 caelesti,
2857 1292 2973 1331 non
3003 1279 3196 1331 autem
3221 1274 3422 1347 aliqua
3451 1292 3615 1332 com-

1976 1363 2250 1418 mistione
2267 1362 2415 1417 virili
2441 1364 2649 1418 factam
2675 1365 3046 1436 omnipotens
3072 1362 3355 1421 Divinitas
3386 1362 3615 1419 anima-

1973 1452 2073 1517 vit,
2114 1452 2405 1523 puriorem
2438 1451 2852 1519 substantiam,
2881 1452 2941 1507 id
2971 1455 3060 1508 est
3103 1452 3380 1519 animam,
3441 1452 3613 1524 quasi

1974 1557 2189 1613 aquam
2241 1540 2578 1612 praeclaram
2617 1545 2673 1595 et
2704 1540 2959 1597 nobilem
2990 1540 3043 1596 ei
3072 1541 3404 1596 infundens.
3453 1542 3611 1605 Quas

1973 1630 2238 1702 geminas
2268 1628 2629 1685 substantias
2658 1630 2732 1684 ab
2749 1629 2937 1701 ipsius
2959 1628 3259 1701 virginalis
3289 1629 3619 1701 conceptio-

1974 1718 2064 1774 nis
2094 1718 2327 1773 exordio
2358 1718 2614 1773 Verbum
2637 1718 2738 1774 Dei
2771 1718 2881 1774 rite
2903 1718 3181 1789 suscepit,
3214 1721 3291 1785 et,
3328 1717 3618 1774 mediante

1974 1824 2093 1862 suae
2146 1806 2467 1865 divinitatis
2513 1806 2722 1870 calore,
2773 1811 3057 1877 tanquam
3107 1806 3261 1879 igne,
3312 1804 3425 1862 sibi
3455 1822 3620 1863 cons-

1972 1896 2153 1950 truxit
2183 1899 2239 1951 et
2276 1894 2676 1951 consolidavit.
2728 1895 2945 1951 Taliter
2980 1898 3341 1967 preparatus
3377 1907 3617 1968 azymus

1971 1982 2127 2039 fideli
2157 1982 2517 2039 invocatione
2536 1985 2716 2040 totius
2736 1984 3057 2052 Trinitatis,
3092 1983 3156 2039 fit
3183 1999 3384 2039 verum
3407 1987 3465 2038 et
3491 1982 3614 2039 sin-

1970 2072 2170 2145 gulare
2190 2089 2400 2145 corpus
2430 2073 2669 2141 Christi;
2704 2089 2840 2141 non,
2860 2073 3013 2128 sicut
3033 2071 3482 2145 Theupaschitas
3510 2088 3615 2127 vo-

1972 2162 2120 2228 lunt,
2151 2178 2363 2233 corpus
2392 2162 2575 2217 Patris
2605 2167 2663 2218 et
2684 2161 2811 2217 Filii
2839 2164 2897 2218 et
2925 2161 3178 2234 Spiritus
3202 2161 3415 2218 sancti.
3448 2160 3613 2227 Quod

1971 2255 2025 2305 et
2048 2267 2149 2305 vos
2173 2249 2451 2306 videmini
2489 2250 2724 2321 sentire,
2769 2250 3028 2306 dicentes
3075 2250 3262 2306 Patris
3301 2254 3359 2305 et
3398 2248 3528 2304 Filii
3558 2251 3617 2304 et

1970 2339 2225 2411 Spiritus
2277 2338 2464 2394 sancti
2508 2339 2797 2411 particeps
2845 2356 2961 2395 non
3021 2354 3149 2395 esse
3188 2354 3480 2410 azymum,
3510 2337 3615 2393 sed

1971 2428 2378 2495 subaudiatur,
2412 2428 2564 2483 sicut
2584 2429 2935 2484 fermentum
2965 2430 3054 2483 est
3070 2426 3363 2499 particeps
3386 2442 3614 2482 eorum.

1970 2516 2052 2571 Ex
2099 2532 2216 2587 qua
2268 2532 2445 2587 prava
2501 2516 2789 2571 sententia
2818 2516 2867 2571 si
2899 2532 3016 2571 non
3045 2514 3222 2571 vultis
3267 2530 3402 2570 cum
3433 2510 3619 2570 Theu-

1971 2604 2252 2675 paschitis
2284 2604 2573 2672 damnari,
2607 2605 2787 2660 nolite
2816 2604 2877 2659 in
2907 2605 3036 2677 ipsa
3065 2601 3617 2660 commemoratione

1967 2693 2279 2748 Dominicae
2310 2692 2603 2764 passionis
2638 2692 2873 2764 aliquod
2904 2692 3280 2766 participium
3311 2707 3416 2748 seu
3448 2706 3613 2747 com-

1967 2782 2329 2847 munionem,
2362 2785 2570 2853 praeter
2599 2781 2786 2838 solam
2816 2780 3312 2837 consecrationem
3342 2778 3431 2835 vel
3477 2793 3610 2835 coo-

1966 2870 2346 2941 perationem,
2378 2871 2692 2926 concedere
2715 2874 2926 2926 sancta:
2957 2874 3015 2926 et
3034 2868 3386 2942 impassibili
3416 2867 3610 2925 Trini-

1966 2959 2071 3013 tati
2096 2977 2109 3026 ;
2142 2960 2279 3031 quia
2310 2976 2469 3015 mors
2500 2960 2683 3016 solius
2712 2959 3098 3016 humanitatis
3128 2957 3258 3014 Filii
3286 2957 3388 3014 Dei
3416 2958 3478 3013 in
3507 2955 3610 3013 illo

1970 3052 2330 3104 sacramento
2358 3047 2576 3104 visibili
2623 3048 2969 3119 [recolitur],
3010 3051 3079 3103 ut
3119 3045 3435 3119 Apostolus
3483 3045 3609 3102 ait:

1970 3161 1999 3187 ‹‹
2033 3137 2503 3209 Quotiescunque
2533 3137 2966 3193 manducabitis
2996 3152 3206 3210 panem
3236 3136 3396 3192 hunc
3436 3138 3497 3191 et
3522 3150 3615 3190 ca-

1973 3226 2143 3282 licem
2173 3225 2404 3293 bibetis,
2436 3230 2684 3282 mortem
2719 3225 2945 3282 Domini
2975 3224 3401 3281 annuntiabitis
3429 3223 3612 3279 donec

1972 3317 2166 3370 veniat
2194 3316 2241 3385 (1
2270 3314 2389 3371 Cor.
2414 3332 2493 3381 xx,
2518 3316 2631 3385 26).
2665 3337 2693 3364 ››
2717 3315 2843 3386 Ipse
2873 3328 3106 3385 quoque
3124 3311 3409 3368 Dominus
3434 3306 3610 3366 Jesus

1972 3405 2033 3459 in
2063 3402 2302 3474 speciali
2336 3402 2908 3457 commemorationis
2952 3417 3072 3456 suae
3102 3397 3400 3471 privilegio
3429 3397 3610 3453 disci-

1970 3492 2127 3565 pulis
2141 3490 2502 3547 distribuens
2516 3505 2748 3562 panem,
2768 3489 2849 3544 ait
2866 3505 2879 3544 :
2896 3488 3049 3543 «Hoc
3065 3492 3152 3543 est
3163 3502 3375 3558 corpus
3387 3500 3610 3554 meum,

1970 3583 2125 3654 quod
2176 3597 2278 3653 pro
2330 3579 2490 3635 vobis
2528 3578 2789 3634 tradetur
2828 3576 3011 3650 (Ibid.,
3050 3577 3168 3645 24).
3218 3597 3248 3626 »
3288 3576 3484 3642 Meum,
3526 3575 3616 3632 in-

1971 3688 2172 3744 quam,
2197 3669 2372 3742 quod,
2395 3667 2650 3740 Spiritus
2679 3666 2865 3723 sancti
2880 3665 3245 3739 septemplici
3265 3665 3453 3739 gratia
3480 3665 3618 3722 sub-

1971 3762 2197 3829 nixum,
2230 3760 2360 3832 ipsa
2389 3757 2679 3830 sapientia
2708 3756 2809 3812 Dei
2852 3756 3039 3812 Patris
3077 3760 3290 3811 mterne
3340 3754 3618 3812 aedificavi

1974 3849 2122 3905 mihi
2154 3846 2439 3920 templum
2462 3844 2851 3917 quadraginta
2870 3850 2924 3899 et
2945 3860 3044 3899 sex
3063 3843 3270 3899 diebus
3288 3842 3350 3899 in
3375 3849 3541 3899 utero
3560 3846 3621 3899 et

1973 3956 2045 3997 ex
2075 3943 2240 3993 utero
2270 3936 2500 3991 intactae
2522 3932 2777 4005 Virginis
2800 3932 3125 4004 :quodque,
3158 3947 3293 3988 mox
3320 3947 3425 4004 pro
3451 3930 3622 3988 vobis

1978 4032 2034 4084 et
2064 4044 2168 4100 pro
2198 4024 2400 4081 multis
2429 4039 2531 4096 per
2560 4021 2891 4093 passionem
2934 4019 3123 4076 crucis
3160 4019 3222 4075 in
3251 4023 3500 4077 mortem
3530 4035 3622 4076 re-

1978 4116 2344 4180 solvendum,
2374 4112 2742 4183 omnipotens
2763 4108 3018 4165 Trinitas
3037 4111 3171 4180 post
3186 4108 3476 4164 Triduum
3492 4124 3624 4164 sus-

1981 4206 2206 4270 citabit,
2239 4219 2352 4257 non
2382 4199 2726 4273 permittens
2758 4202 3031 4254 sanctum
3078 4214 3254 4254 suum
3283 4195 3477 4253 videre
3506 4212 3627 4253 cor-

1983 4294 2336 4366 ruptionem.
2369 4291 2566 4357 Meum,
2598 4288 2865 4359 inquam,
2888 4287 2997 4342 hoc
3020 4290 3128 4354 est,
3151 4285 3277 4342 Filii
3299 4285 3402 4342 Dei
3422 4289 3480 4342 et
3498 4284 3626 4342 Filii

1985 4381 2263 4451 hominis,
2296 4378 2395 4450 qui
2428 4376 2587 4433 vadit
2616 4378 2770 4431 sicut
2799 4378 3086 4447 scriptum
3115 4378 3206 4431 est
3223 4374 3295 4430 de
3322 4372 3443 4429 illo.
3474 4375 3639 4440 Qua-‘

1986 4476 2241 4543 propter,
2283 4467 2435 4523 sicut
2476 4464 2872 4536 praediximus,
2906 4466 3026 4519 tota
3066 4463 3238 4518 beata
3277 4459 3532 4516 Trinitas
3562 4460 3621 4517 in

1987 4558 2388 4615 conseratione
2408 4552 2785 4609 Eucharistiie
2803 4555 3164 4623 cooperatur,
3190 4549 3290 4605 sed
3312 4547 3441 4604 sola
3466 4563 3626 4605 mors

230 4645 609 4711 contrariam,
642 4645 743 4701 sed
775 4649 875 4701 aut
907 4646 1304 4702 sinceritatem
1336 4652 1439 4702 aut
1465 4647 1762 4703 veritatem
1798 4648 1870 4702 si-
1908 4662 1954 4725 Ι)
1983 4646 2199 4703 Christi
2230 4645 2289 4700 in
2322 4643 2597 4699 tractione
2629 4642 2757 4712 ejus
2787 4644 2845 4696 et
2878 4640 2936 4695 in
2970 4655 3081 4695 usu
3111 4636 3513 4694 annuntiatur.

231 4733 501 4807 gnifiare,
536 4734 689 4789 sicut
715 4734 1030 4807 Apostolus
1058 4734 1140 4789 ait
1172 4751 1185 4789 :
1220 4756 1249 4785 «
1283 4734 1598 4806 Epulemur
1644 4736 1703 4791 in
1758 4755 1881 4809 azy-

235 4822 352 4878 mis
383 4822 738 4879 sinceritatis
764 4826 820 4879 et
840 4823 1103 4879 veritatis
1126 4823 1172 4895 (I
1190 4822 1310 4879 Cor.
1345 4843 1398 4893 ν,
1431 4825 1506 4896 8).
1544 4848 1571 4874 υ
1603 4825 1765 4881 Unde
1794 4842 1882 4880 ve-

236 4915 362 4967 stra
374 4911 450 4967 du
457 4911 707 4984 plicitas,
724 4928 831 4968 suo
857 4912 1201 4968 fermentato
1219 4917 1507 4982 contenta,
1534 4914 1805 4970 Romana:
1826 4918 1883 4970 et

238 5000 457 5056 Latinae
476 4999 840 5072 simplicitati
861 5017 1128 5073 azymum
1142 5004 1483 5073 extorquere
1495 5003 1742 5059 desinat.
1776 5004 1880 5069 Ne,

238 5088 289 5145 si
322 5088 497 5144 fuerit
526 5089 811 5162 pertinax,
844 5088 1175 5156 anathema,
1210 5091 1559 5145 maranatha
1601 5108 1734 5146 cum
1776 5108 1881 5146 suo

237 5177 586 5233 fermentato
616 5177 735 5245 ﬁat,
786 5182 842 5233 et
877 5177 1221 5249 prophetam
1271 5177 1382 5232 sibi
1434 5180 1884 5250 exprobrantem

171 5293 182 5303 ο
240 5266 443 5322 audiat
474 5283 487 5320 :
525 5290 552 5317 «
588 5267 668 5321 Ite
701 5267 770 5322 ad
804 5266 1021 5333 Bethel,
1055 5271 1113 5321 et
1142 5265 1319 5337 impie
1350 5267 1520 5337 agite,
1554 5281 1613 5324 et
1662 5272 1884 5326 sacriﬁ-

242 5359 367 5411 cate
398 5356 470 5411 de
499 5355 845 5411 fermentato
871 5354 1103 5410 laudem
1145 5354 1283 5425 (Am.
1313 5372 1390 5421 IV,
1422 5356 1499 5425 5).
1533 5379 1560 5405 »

312 5443 500 5500 XXXI.
531 5442 696 5498 Nunc
724 5444 991 5499 videatur
1028 5459 1294 5514 quaenam
1338 5443 1729 5501 Ecclesiarum
1762 5465 1884 5503 ma-

232 5532 355 5606 jori
385 5531 690 5605 diligentia
717 5537 776 5588 et
804 5531 1093 5588 subtiliori
1141 5531 1568 5603 significatione
1598 5534 1884 5591 Dominici

241 5620 503 5692 corporis
532 5621 946 5692 proprietatem
975 5619 1253 5675 imitetur.
1286 5620 1551 5676 Romana
1581 5623 1798 5695 quippe
1829 5629 1885 5679 et

242 5707 636 5766 Occidentalis
666 5709 921 5767 Ecclesia
946 5707 1281 5766 aministris
1302 5709 1452 5765 sacri
1477 5709 1683 5768 altaris
1704 5712 1764 5768 in
1796 5729 1884 5768 se-

2060 4735 2271 4791 ΧΧΧΙΙ.
2306 4732 2448 4788 Hinc
2471 4732 2596 4802 jam
2642 4746 2771 4801 qua:
2800 4728 2955 4800 apud
2990 4743 3094 4783 vos
3141 4726 3423 4783 habeatur
3453 4723 3628 4781 disci-

1988 4824 2152 4898 plina
2173 4828 2229 4879 et
2257 4820 2482 4878 cautela
2510 4836 2690 4891 supra
2720 4821 2877 4874 tanto
2919 4815 3196 4886 mysterio
3226 4815 3625 4871 advertamus.

1987 4914 2105 4969 Vos
2154 4910 2468 4983 aliquando
2520 4907 2704 4980 pretio
2756 4906 3171 4962 fermentatum
3214 4920 3250 4960 a
3284 4917 3637 4976 quocunque

1987 5001 2109 5058 viro
2141 5016 2244 5056 seu
2275 4997 2491 5053 femina
2521 4998 2912 5069 praaparatum
2933 4992 3187 5061 habetis,
3216 4991 3280 5048 in
3308 4993 3540 5047 tantum
3569 4993 3632 5046 nt

1993 5104 2415 5159 nonnunquam
2434 5087 2504 5141 ab
2536 5084 2680 5157 ipsis
2709 5082 2962 5156 publicis
2983 5082 3419 5153 negotiatorum
3447 5081 3636 5137 taber-

1994 5181 2086 5236 nis
2108 5183 2372 5250 emptum
2394 5190 2604 5247 panem
2623 5173 2693 5228 ad
2721 5172 3081 5228 Dominicam
3097 5170 3365 5227 mensam
3387 5166 3636 5224 transfe-

1998 5270 2177 5336 ratis;
2212 5282 2386 5338 quem
2426 5266 2737 5318 tractatum
2768 5261 2949 5316 illotis
2979 5264 3038 5315 et
3065 5258 3316 5315 sordidis
3355 5271 3636 5327 quorum-

1995 5357 2138 5412 libet
2174 5354 2447 5409 manibus
2472 5367 2684 5423 negare
2714 5366 2829 5404 non
2861 5349 3123 5423 potestis.
3147 5344 3252 5411 Qui
3281 5358 3439 5410 sane,
3463 5343 3638 5414 juxta

1996 5448 2256 5501 nostram
2284 5441 2699 5507 narrationem,
2734 5438 2992 5510 quinque
3021 5430 3477 5491 substantiarum
3506 5446 3636 5502 par—

1992 5534 2180 5603 ticeps
2209 5535 2321 5598 est,
2364 5529 2422 5584 id
2454 5533 2563 5593 est,
2597 5527 2884 5592 fermenti,
2924 5523 3140 5589 farinae,
3174 5518 3333 5585 salis,
3383 5533 3548 5589 aqua:
3577 5522 3636 5573 et

1993 5620 2170 5693 ignis.
2200 5620 2456 5684 Quorum
2488 5615 2752 5672 omnium
2776 5608 3226 5685 signiﬁcationes
3247 5621 3538 5679 congruas
3568 5604 3631 5661 in

1992 5692 2097 5766 illa
2142 5705 2396 5778 simplici
2426 5708 2482 5760 et
2510 5704 2913 5760 sinceracarne
2930 5694 3266 5764 Salvatoris,
3294 5694 3346 5751 si
3376 5692 3627 5762 habetis,
