  <div class='ocr_page' id='page_1' title='image "/cluster/home/n/w/nwhite01/storage/ocr_20150623/142-143/uc1.31175018423130/1215.png"; bbox 0 0 3876 6362; ppageno 0'>
   <div class='ocr_carea' id='block_1_1' title="bbox 501 371 582 378">
    <p class='ocr_par' dir='ltr' id='par_1_1' title="bbox 501 371 582 378">
     <span class='ocr_line' id='line_1_1' title="bbox 501 371 582 378; baseline -0.012 0"><span class='ocrx_word' id='word_1_1' title='bbox 501 371 538 378; x_wconf 54' lang='grc' dir='ltr'>-οφ</span> <span class='ocrx_word' id='word_1_2' title='bbox 575 373 582 377; x_wconf 90' lang='grc'><em>.</em></span> 
     </span>
    </p>
   </div>
   <div class='ocr_carea' id='block_1_2' title="bbox 317 401 447 470">
    <p class='ocr_par' dir='ltr' id='par_1_2' title="bbox 317 401 447 470">
     <span class='ocr_line' id='line_1_2' title="bbox 317 401 447 470; baseline 0.008 -2"><span class='ocrx_word' id='word_1_3' title='bbox 317 401 447 470; x_wconf 73' lang='grc'>’951</span> 
     </span>
    </p>
   </div>
   <div class='ocr_carea' id='block_1_3' title="bbox 1233 399 2713 482">
    <p class='ocr_par' dir='ltr' id='par_1_3' title="bbox 1233 399 2713 482">
     <span class='ocr_line' id='line_1_3' title="bbox 1233 399 2713 482; baseline -0.002 -14"><span class='ocrx_word' id='word_1_4' title='bbox 1233 469 1244 482; x_wconf 80' lang='grc'><strong><em>,</em></strong></span> <span class='ocrx_word' id='word_1_5' title='bbox 1339 399 1822 472; x_wconf 81' lang='lat' dir='ltr'>HUMBERTUS</span> <span class='ocrx_word' id='word_1_6' title='bbox 1868 403 1932 464; x_wconf 90' lang='lat' dir='ltr'>s.</span> <span class='ocrx_word' id='word_1_7' title='bbox 1979 402 2056 464; x_wconf 72' lang='grc' dir='ltr'><strong>η.</strong></span> <span class='ocrx_word' id='word_1_8' title='bbox 2099 399 2172 466; x_wconf 80' lang='lat' dir='ltr'>a.</span> <span class='ocrx_word' id='word_1_9' title='bbox 2217 403 2713 468; x_wconf 70' lang='lat' dir='ltr'>CARDINALIS.</span> 
     </span>
    </p>
   </div>
   <div class='ocr_carea' id='block_1_4' title="bbox 313 533 3774 608">
    <p class='ocr_par' dir='ltr' id='par_1_4' title="bbox 313 533 3774 608">
     <span class='ocr_line' id='line_1_4' title="bbox 313 533 3774 608; baseline -0.001 -12"><span class='ocrx_word' id='word_1_10' title='bbox 313 539 466 596; x_wconf 65' lang='lat' dir='ltr'>«date</span> <span class='ocrx_word' id='word_1_11' title='bbox 495 535 683 596; x_wconf 84' lang='lat' dir='ltr'>nobis.</span> <span class='ocrx_word' id='word_1_12' title='bbox 722 537 833 594; x_wconf 91' lang='lat' dir='ltr'>Par</span> <span class='ocrx_word' id='word_1_13' title='bbox 857 541 947 596; x_wconf 89' lang='lat' dir='ltr'>est</span> <span class='ocrx_word' id='word_1_14' title='bbox 975 538 1130 596; x_wconf 89' lang='lat' dir='ltr'>enim</span> <span class='ocrx_word' id='word_1_15' title='bbox 1170 543 1232 594; x_wconf 92' lang='lat' dir='ltr'>ut</span> <span class='ocrx_word' id='word_1_16' title='bbox 1251 542 1323 596; x_wconf 89' lang='lat' dir='ltr'>de</span> <span class='ocrx_word' id='word_1_17' title='bbox 1353 541 1632 596; x_wconf 88' lang='lat' dir='ltr'>fermento</span> <span class='ocrx_word' id='word_1_18' title='bbox 1665 536 1830 592; x_wconf 87' lang='lat' dir='ltr'>nobis</span> <span class='ocrx_word' id='word_1_19' title='bbox 1862 552 1956 590; x_wconf 85' lang='lat' dir='ltr'>ra-</span> <span class='ocrx_word' id='word_1_20' title='bbox 1983 533 2040 602; x_wconf 76' lang='grc' dir='ltr'>Α,</span> <span class='ocrx_word' id='word_1_21' title='bbox 2067 537 2245 594; x_wconf 66' lang='grc' dir='ltr'>(ἑνωςί</span> <span class='ocrx_word' id='word_1_22' title='bbox 2274 541 2492 606; x_wconf 88' lang='lat' dir='ltr'>autem,</span> <span class='ocrx_word' id='word_1_23' title='bbox 2515 538 2912 596; x_wconf 82' lang='lat' dir='ltr'>cohabitantes</span> <span class='ocrx_word' id='word_1_24' title='bbox 2933 536 3042 608; x_wconf 87' lang='lat' dir='ltr'>eis,</span> <span class='ocrx_word' id='word_1_25' title='bbox 3067 537 3310 608; x_wconf 77' lang='lat' dir='ltr'>aliisin,</span> <span class='ocrx_word' id='word_1_26' title='bbox 3345 535 3458 594; x_wconf 82' lang='lat' dir='ltr'>alii</span> <span class='ocrx_word' id='word_1_27' title='bbox 3495 535 3774 608; x_wconf 78' lang='lat' dir='ltr'>qualiter</span> 
     </span>
    </p>
   </div>
   <div class='ocr_carea' id='block_1_5' title="bbox 334 625 1960 699">
    <p class='ocr_par' dir='ltr' id='par_1_5' title="bbox 334 625 1960 699">
     <span class='ocr_line' id='line_1_5' title="bbox 334 625 1960 699; baseline -0.002 -15"><span class='ocrx_word' id='word_1_28' title='bbox 334 628 550 684; x_wconf 80' lang='lat' dir='ltr'>tionem</span> <span class='ocrx_word' id='word_1_29' title='bbox 583 627 858 694; x_wconf 89' lang='lat' dir='ltr'>reddatis,</span> <span class='ocrx_word' id='word_1_30' title='bbox 883 630 1372 699; x_wconf 85' lang='lat' dir='ltr'>quemadmodum</span> <span class='ocrx_word' id='word_1_31' title='bbox 1407 645 1513 683; x_wconf 90' lang='lat' dir='ltr'>nos</span> <span class='ocrx_word' id='word_1_32' title='bbox 1533 629 1602 682; x_wconf 89' lang='lat' dir='ltr'>de</span> <span class='ocrx_word' id='word_1_33' title='bbox 1625 625 1841 697; x_wconf 90' lang='lat' dir='ltr'>azymis</span> <span class='ocrx_word' id='word_1_34' title='bbox 1871 642 1960 680; x_wconf 88' lang='lat' dir='ltr'>vo-</span> 
     </span>
    </p>
   </div>
   <div class='ocr_carea' id='block_1_6' title="bbox 331 715 1957 788">
    <p class='ocr_par' dir='ltr' id='par_1_6' title="bbox 331 715 1957 788">
     <span class='ocr_line' id='line_1_6' title="bbox 331 715 1957 788; baseline -0.003 -15"><span class='ocrx_word' id='word_1_35' title='bbox 331 717 450 773; x_wconf 85' lang='lat' dir='ltr'>bis:</span> <span class='ocrx_word' id='word_1_36' title='bbox 469 735 540 772; x_wconf 91' lang='lat' dir='ltr'>ne</span> <span class='ocrx_word' id='word_1_37' title='bbox 564 717 728 784; x_wconf 83' lang='lat' dir='ltr'>forte,</span> <span class='ocrx_word' id='word_1_38' title='bbox 745 718 898 787; x_wconf 90' lang='lat' dir='ltr'>quod</span> <span class='ocrx_word' id='word_1_39' title='bbox 916 718 1096 772; x_wconf 86' lang='lat' dir='ltr'>absit!</span> <span class='ocrx_word' id='word_1_40' title='bbox 1121 718 1464 788; x_wconf 81' lang='lat' dir='ltr'>perversitas</span> <span class='ocrx_word' id='word_1_41' title='bbox 1487 715 1957 782; x_wconf 62' lang='lat' dir='ltr'>Manichaeorum,</span> 
     </span>
    </p>
   </div>
   <div class='ocr_carea' id='block_1_7' title="bbox 327 805 1962 877">
    <p class='ocr_par' dir='ltr' id='par_1_7' title="bbox 327 805 1962 877">
     <span class='ocr_line' id='line_1_7' title="bbox 327 805 1962 877; baseline -0.003 -15"><span class='ocrx_word' id='word_1_42' title='bbox 327 808 402 862; x_wconf 83' lang='lat' dir='ltr'>ad</span> <span class='ocrx_word' id='word_1_43' title='bbox 435 805 790 860; x_wconf 88' lang='lat' dir='ltr'>fulciendum</span> <span class='ocrx_word' id='word_1_44' title='bbox 815 821 1065 860; x_wconf 88' lang='lat' dir='ltr'>errorem</span> <span class='ocrx_word' id='word_1_45' title='bbox 1097 823 1290 866; x_wconf 87' lang='lat' dir='ltr'>suum.</span> <span class='ocrx_word' id='word_1_46' title='bbox 1323 811 1544 861; x_wconf 80' lang='lat' dir='ltr'>asserat</span> <span class='ocrx_word' id='word_1_47' title='bbox 1567 807 1670 860; x_wconf 88' lang='lat' dir='ltr'>has</span> <span class='ocrx_word' id='word_1_48' title='bbox 1703 806 1962 877; x_wconf 89' lang='lat' dir='ltr'>quinque</span> 
     </span>
    </p>
   </div>
   <div class='ocr_carea' id='block_1_8' title="bbox 331 893 1958 952">
    <p class='ocr_par' dir='ltr' id='par_1_8' title="bbox 331 893 1958 952">
     <span class='ocr_line' id='line_1_8' title="bbox 331 893 1958 952; baseline -0.002 0"><span class='ocrx_word' id='word_1_49' title='bbox 331 895 691 952; x_wconf 88' lang='lat' dir='ltr'>ubstantias</span> <span class='ocrx_word' id='word_1_50' title='bbox 738 893 796 948; x_wconf 91' lang='lat' dir='ltr'>in</span> <span class='ocrx_word' id='word_1_51' title='bbox 847 895 1195 949; x_wconf 82' lang='lat' dir='ltr'>sacriﬁcium</span> <span class='ocrx_word' id='word_1_52' title='bbox 1243 895 1704 950; x_wconf 85' lang='lat' dir='ltr'>Christianorum</span> <span class='ocrx_word' id='word_1_53' title='bbox 1737 895 1958 948; x_wconf 84' lang='lat' dir='ltr'>assumi</span> 
     </span>
    </p>
   </div>
   <div class='ocr_carea' id='block_1_9' title="bbox 333 983 1963 1057">
    <p class='ocr_par' dir='ltr' id='par_1_9' title="bbox 333 983 1963 1057">
     <span class='ocr_line' id='line_1_9' title="bbox 333 983 1963 1057; baseline 0 -18"><span class='ocrx_word' id='word_1_54' title='bbox 333 989 566 1057; x_wconf 80' lang='lat' dir='ltr'>propter</span> <span class='ocrx_word' id='word_1_55' title='bbox 613 983 869 1054; x_wconf 90' lang='lat' dir='ltr'>quinque</span> <span class='ocrx_word' id='word_1_56' title='bbox 917 988 1080 1038; x_wconf 87' lang='lat' dir='ltr'>antra</span> <span class='ocrx_word' id='word_1_57' title='bbox 1131 985 1523 1050; x_wconf 84' lang='lat' dir='ltr'>tenebrarum,</span> <span class='ocrx_word' id='word_1_58' title='bbox 1579 1003 1702 1055; x_wconf 68' lang='lat' dir='ltr'>quae</span> <span class='ocrx_word' id='word_1_59' title='bbox 1737 986 1963 1056; x_wconf 76' lang='lat' dir='ltr'>fingunt</span> 
     </span>
    </p>
   </div>
   <div class='ocr_carea' id='block_1_10' title="bbox 334 1072 1959 1144">
    <p class='ocr_par' dir='ltr' id='par_1_10' title="bbox 334 1072 1959 1144">
     <span class='ocr_line' id='line_1_10' title="bbox 334 1072 1959 1144; baseline -0.002 -14"><span class='ocrx_word' id='word_1_60' title='bbox 334 1073 663 1130; x_wconf 88' lang='lat' dir='ltr'>mentiendo</span> <span class='ocrx_word' id='word_1_61' title='bbox 694 1072 824 1127; x_wconf 87' lang='lat' dir='ltr'><strong>sibi.</strong></span> <span class='ocrx_word' id='word_1_62' title='bbox 859 1072 997 1126; x_wconf 89' lang='lat' dir='ltr'>Date</span> <span class='ocrx_word' id='word_1_63' title='bbox 1023 1089 1248 1144; x_wconf 77' lang='lat' dir='ltr'>quoque</span> <span class='ocrx_word' id='word_1_64' title='bbox 1273 1073 1592 1128; x_wconf 80' lang='lat' dir='ltr'>evidentem</span> <span class='ocrx_word' id='word_1_65' title='bbox 1625 1090 1860 1128; x_wconf 82' lang='lat' dir='ltr'>causam</span> <span class='ocrx_word' id='word_1_66' title='bbox 1893 1074 1959 1127; x_wconf 92' lang='lat' dir='ltr'>i1-</span> 
     </span>
    </p>
   </div>
   <div class='ocr_carea' id='block_1_11' title="bbox 331 1159 1959 1232">
    <p class='ocr_par' dir='ltr' id='par_1_11' title="bbox 331 1159 1959 1232">
     <span class='ocr_line' id='line_1_11' title="bbox 331 1159 1959 1232; baseline -0.002 -14"><span class='ocrx_word' id='word_1_67' title='bbox 331 1162 447 1218; x_wconf 90' lang='lat' dir='ltr'>lius</span> <span class='ocrx_word' id='word_1_68' title='bbox 478 1159 956 1226; x_wconf 89' lang='lat' dir='ltr'>circumcisionis,</span> <span class='ocrx_word' id='word_1_69' title='bbox 1003 1177 1120 1230; x_wconf 86' lang='lat' dir='ltr'>qua</span> <span class='ocrx_word' id='word_1_70' title='bbox 1157 1161 1490 1216; x_wconf 87' lang='lat' dir='ltr'>coronulam</span> <span class='ocrx_word' id='word_1_71' title='bbox 1523 1162 1690 1232; x_wconf 88' lang='lat' dir='ltr'>panis</span> <span class='ocrx_word' id='word_1_72' title='bbox 1721 1164 1790 1216; x_wconf 90' lang='lat' dir='ltr'>ad</span> <span class='ocrx_word' id='word_1_73' title='bbox 1827 1180 1959 1218; x_wconf 88' lang='lat' dir='ltr'>san-</span> 
     </span>
    </p>
   </div>
   <div class='ocr_carea' id='block_1_12' title="bbox 332 1249 1960 1314">
    <p class='ocr_par' dir='ltr' id='par_1_12' title="bbox 332 1249 1960 1314">
     <span class='ocr_line' id='line_1_12' title="bbox 332 1249 1960 1314; baseline 0 -9"><span class='ocrx_word' id='word_1_74' title='bbox 332 1254 489 1306; x_wconf 86' lang='lat' dir='ltr'>ctum</span> <span class='ocrx_word' id='word_1_75' title='bbox 512 1249 860 1304; x_wconf 84' lang='lat' dir='ltr'>sacrificium</span> <span class='ocrx_word' id='word_1_76' title='bbox 878 1249 1024 1302; x_wconf 88' lang='lat' dir='ltr'>ferro</span> <span class='ocrx_word' id='word_1_77' title='bbox 1047 1249 1270 1314; x_wconf 80' lang='lat' dir='ltr'>levatis,</span> <span class='ocrx_word' id='word_1_78' title='bbox 1294 1267 1423 1303; x_wconf 91' lang='lat' dir='ltr'>cum</span> <span class='ocrx_word' id='word_1_79' title='bbox 1445 1250 1817 1305; x_wconf 88' lang='lat' dir='ltr'>immaculata</span> <span class='ocrx_word' id='word_1_80' title='bbox 1833 1252 1960 1306; x_wconf 84' lang='lat' dir='ltr'>hos-</span> 
     </span>
    </p>
   </div>
   <div class='ocr_carea' id='block_1_13' title="bbox 329 1337 1960 1408">
    <p class='ocr_par' dir='ltr' id='par_1_13' title="bbox 329 1337 1960 1408">
     <span class='ocr_line' id='line_1_13' title="bbox 329 1337 1960 1408; baseline 0 -14"><span class='ocrx_word' id='word_1_81' title='bbox 329 1338 410 1394; x_wconf 87' lang='lat' dir='ltr'>tia</span> <span class='ocrx_word' id='word_1_82' title='bbox 441 1337 880 1392; x_wconf 79' lang='lat' dir='ltr'>immaculatum</span> <span class='ocrx_word' id='word_1_83' title='bbox 906 1353 1115 1408; x_wconf 91' lang='lat' dir='ltr'>corpus</span> <span class='ocrx_word' id='word_1_84' title='bbox 1137 1337 1362 1392; x_wconf 87' lang='lat' dir='ltr'>Domini</span> <span class='ocrx_word' id='word_1_85' title='bbox 1387 1339 1578 1408; x_wconf 81' lang='lat' dir='ltr'>aptius</span> <span class='ocrx_word' id='word_1_86' title='bbox 1601 1338 1861 1392; x_wconf 87' lang='lat' dir='ltr'>videatur</span> <span class='ocrx_word' id='word_1_87' title='bbox 1891 1341 1960 1394; x_wconf 80' lang='lat' dir='ltr'>si-</span> 
     </span>
    </p>
   </div>
   <div class='ocr_carea' id='block_1_14' title="bbox 327 1424 1957 1499">
    <p class='ocr_par' dir='ltr' id='par_1_14' title="bbox 327 1424 1957 1499">
     <span class='ocr_line' id='line_1_14' title="bbox 327 1424 1957 1499; baseline -0.001 -17"><span class='ocrx_word' id='word_1_88' title='bbox 327 1427 625 1499; x_wconf 81' lang='lat' dir='ltr'>gniﬁcare,</span> <span class='ocrx_word' id='word_1_89' title='bbox 657 1429 713 1479; x_wconf 88' lang='lat' dir='ltr'>et</span> <span class='ocrx_word' id='word_1_90' title='bbox 733 1424 1036 1495; x_wconf 81' lang='lat' dir='ltr'>integritas</span> <span class='ocrx_word' id='word_1_91' title='bbox 1060 1427 1226 1495; x_wconf 89' lang='lat' dir='ltr'>panis</span> <span class='ocrx_word' id='word_1_92' title='bbox 1259 1426 1647 1496; x_wconf 76' lang='lat' dir='ltr'>integritatem</span> <span class='ocrx_word' id='word_1_93' title='bbox 1669 1427 1957 1492; x_wconf 62' lang='lat' dir='ltr'>Ecclesia},</span> 
     </span>
    </p>
   </div>
   <div class='ocr_carea' id='block_1_15' title="bbox 329 1512 1958 1586">
    <p class='ocr_par' dir='ltr' id='par_1_15' title="bbox 329 1512 1958 1586">
     <span class='ocr_line' id='line_1_15' title="bbox 329 1512 1958 1586; baseline 0.001 -17"><span class='ocrx_word' id='word_1_94' title='bbox 329 1532 456 1586; x_wconf 67' lang='lat' dir='ltr'>quae</span> <span class='ocrx_word' id='word_1_95' title='bbox 477 1531 686 1584; x_wconf 88' lang='lat' dir='ltr'>corpus</span> <span class='ocrx_word' id='word_1_96' title='bbox 698 1512 910 1568; x_wconf 88' lang='lat' dir='ltr'>Christi</span> <span class='ocrx_word' id='word_1_97' title='bbox 928 1513 992 1566; x_wconf 81' lang='lat' dir='ltr'>fit</span> <span class='ocrx_word' id='word_1_98' title='bbox 1005 1514 1202 1583; x_wconf 87' lang='lat' dir='ltr'>partici</span> <span class='ocrx_word' id='word_1_99' title='bbox 1215 1514 1442 1584; x_wconf 88' lang='lat' dir='ltr'>patione</span> <span class='ocrx_word' id='word_1_100' title='bbox 1454 1516 1502 1584; x_wconf 83' lang='lat' dir='ltr'>ej</span> <span class='ocrx_word' id='word_1_101' title='bbox 1515 1532 1582 1568; x_wconf 90' lang='lat' dir='ltr'>us</span> <span class='ocrx_word' id='word_1_102' title='bbox 1600 1515 1958 1584; x_wconf 79' lang='lat' dir='ltr'>integerrimi</span> 
     </span>
    </p>
   </div>
   <div class='ocr_carea' id='block_1_16' title="bbox 329 1602 1959 1674">
    <p class='ocr_par' dir='ltr' id='par_1_16' title="bbox 329 1602 1959 1674">
     <span class='ocr_line' id='line_1_16' title="bbox 329 1602 1959 1674; baseline 0 -15"><span class='ocrx_word' id='word_1_103' title='bbox 329 1603 774 1674; x_wconf 88' lang='lat' dir='ltr'>corporis.Quod</span> <span class='ocrx_word' id='word_1_104' title='bbox 789 1602 1039 1672; x_wconf 82' lang='lat' dir='ltr'>qualiter</span> <span class='ocrx_word' id='word_1_105' title='bbox 1055 1603 1174 1655; x_wconf 86' lang='lat' dir='ltr'>ﬁeri</span> <span class='ocrx_word' id='word_1_106' title='bbox 1194 1603 1636 1669; x_wconf 87' lang='lat' dir='ltr'>debeat,Paulus</span> <span class='ocrx_word' id='word_1_107' title='bbox 1649 1605 1959 1660; x_wconf 90' lang='lat' dir='ltr'>Corinthiis</span> 
     </span>
    </p>
   </div>
   <div class='ocr_carea' id='block_1_17' title="bbox 327 1691 1958 1764">
    <p class='ocr_par' dir='ltr' id='par_1_17' title="bbox 327 1691 1958 1764">
     <span class='ocr_line' id='line_1_17' title="bbox 327 1691 1958 1764; baseline 0 -16"><span class='ocrx_word' id='word_1_108' title='bbox 327 1693 412 1748; x_wconf 84' lang='lat' dir='ltr'>ita</span> <span class='ocrx_word' id='word_1_109' title='bbox 439 1691 714 1763; x_wconf 73' lang='lat' dir='ltr'>praedicat</span> <span class='ocrx_word' id='word_1_110' title='bbox 746 1709 758 1745; x_wconf 92' lang='lat'>:</span> <span class='ocrx_word' id='word_1_111' title='bbox 793 1691 1014 1746; x_wconf 84' lang='lat' dir='ltr'>«Panis</span> <span class='ocrx_word' id='word_1_112' title='bbox 1037 1706 1208 1761; x_wconf 85' lang='lat' dir='ltr'>quem</span> <span class='ocrx_word' id='word_1_113' title='bbox 1239 1691 1582 1762; x_wconf 78' lang='lat' dir='ltr'>frangimus,</span> <span class='ocrx_word' id='word_1_114' title='bbox 1609 1709 1796 1748; x_wconf 88' lang='lat' dir='ltr'>nonne</span> <span class='ocrx_word' id='word_1_115' title='bbox 1829 1711 1958 1764; x_wconf 87' lang='lat' dir='ltr'>par-</span> 
     </span>
    </p>
   </div>
   <div class='ocr_carea' id='block_1_18' title="bbox 327 1778 1958 1852">
    <p class='ocr_par' dir='ltr' id='par_1_18' title="bbox 327 1778 1958 1852">
     <span class='ocr_line' id='line_1_18' title="bbox 327 1778 1958 1852; baseline 0 -16"><span class='ocrx_word' id='word_1_116' title='bbox 327 1780 587 1852; x_wconf 88' lang='lat' dir='ltr'>ticipatio</span> <span class='ocrx_word' id='word_1_117' title='bbox 619 1778 849 1834; x_wconf 90' lang='lat' dir='ltr'>Domini</span> <span class='ocrx_word' id='word_1_118' title='bbox 883 1779 1008 1833; x_wconf 89' lang='lat' dir='ltr'>est?</span> <span class='ocrx_word' id='word_1_119' title='bbox 1039 1779 1318 1844; x_wconf 88' lang='lat' dir='ltr'>Quoniam</span> <span class='ocrx_word' id='word_1_120' title='bbox 1367 1798 1517 1834; x_wconf 90' lang='lat' dir='ltr'>unus</span> <span class='ocrx_word' id='word_1_121' title='bbox 1551 1783 1738 1851; x_wconf 85' lang='lat' dir='ltr'>panis,</span> <span class='ocrx_word' id='word_1_122' title='bbox 1773 1800 1958 1838; x_wconf 90' lang='lat' dir='ltr'>unum</span> 
     </span>
    </p>
   </div>
   <div class='ocr_carea' id='block_1_19' title="bbox 327 1867 2037 1964">
    <p class='ocr_par' dir='ltr' id='par_1_19' title="bbox 327 1867 2037 1964">
     <span class='ocr_line' id='line_1_19' title="bbox 327 1867 2037 1964; baseline 0.002 -40"><span class='ocrx_word' id='word_1_123' title='bbox 327 1885 542 1940; x_wconf 90' lang='lat' dir='ltr'>corpus</span> <span class='ocrx_word' id='word_1_124' title='bbox 573 1867 741 1922; x_wconf 90' lang='lat' dir='ltr'>multi</span> <span class='ocrx_word' id='word_1_125' title='bbox 763 1884 970 1922; x_wconf 88' lang='lat' dir='ltr'>sumus</span> <span class='ocrx_word' id='word_1_126' title='bbox 999 1884 1220 1933; x_wconf 87' lang='lat' dir='ltr'>omnes,</span> <span class='ocrx_word' id='word_1_127' title='bbox 1245 1869 1342 1938; x_wconf 91' lang='lat' dir='ltr'>qui</span> <span class='ocrx_word' id='word_1_128' title='bbox 1365 1870 1434 1923; x_wconf 89' lang='lat' dir='ltr'>de</span> <span class='ocrx_word' id='word_1_129' title='bbox 1455 1887 1569 1924; x_wconf 91' lang='lat' dir='ltr'>uno</span> <span class='ocrx_word' id='word_1_130' title='bbox 1597 1887 1742 1941; x_wconf 89' lang='lat' dir='ltr'>pane</span> <span class='ocrx_word' id='word_1_131' title='bbox 1766 1876 1820 1926; x_wconf 92' lang='lat' dir='ltr'>et</span> <span class='ocrx_word' id='word_1_132' title='bbox 1841 1889 1956 1928; x_wconf 92' lang='lat' dir='ltr'>uno</span> <span class='ocrx_word' id='word_1_133' title='bbox 1991 1901 2037 1964; x_wconf 82' lang='lat' dir='ltr'><strong>B</strong></span> 
     </span>
    </p>
   </div>
   <div class='ocr_carea' id='block_1_20' title="bbox 329 1955 1958 2027">
    <p class='ocr_par' dir='ltr' id='par_1_20' title="bbox 329 1955 1958 2027">
     <span class='ocr_line' id='line_1_20' title="bbox 329 1955 1958 2027; baseline 0 -15"><span class='ocrx_word' id='word_1_134' title='bbox 329 1956 506 2012; x_wconf 82' lang='lat' dir='ltr'>calice</span> <span class='ocrx_word' id='word_1_135' title='bbox 535 1955 953 2026; x_wconf 89' lang='lat' dir='ltr'>participamus</span> <span class='ocrx_word' id='word_1_136' title='bbox 985 1957 1028 2026; x_wconf 84' lang='grc' dir='ltr'>(Ι</span> <span class='ocrx_word' id='word_1_137' title='bbox 1051 1960 1170 2010; x_wconf 87' lang='lat' dir='ltr'>Cor.</span> <span class='ocrx_word' id='word_1_138' title='bbox 1204 1975 1259 2022; x_wconf 84' lang='lat' dir='ltr'>x,</span> <span class='ocrx_word' id='word_1_139' title='bbox 1287 1959 1392 2027; x_wconf 84' lang='grc'>17).</span> <span class='ocrx_word' id='word_1_140' title='bbox 1429 1981 1456 2006; x_wconf 86' lang='grc'>››</span> <span class='ocrx_word' id='word_1_141' title='bbox 1493 1958 1650 2013; x_wconf 89' lang='lat' dir='ltr'>Unde</span> <span class='ocrx_word' id='word_1_142' title='bbox 1679 1963 1734 2014; x_wconf 89' lang='lat' dir='ltr'>et</span> <span class='ocrx_word' id='word_1_143' title='bbox 1765 1960 1958 2014; x_wconf 91' lang='lat' dir='ltr'>Domi-</span> 
     </span>
    </p>
   </div>
   <div class='ocr_carea' id='block_1_21' title="bbox 330 2044 1962 2117">
    <p class='ocr_par' dir='ltr' id='par_1_21' title="bbox 330 2044 1962 2117">
     <span class='ocr_line' id='line_1_21' title="bbox 330 2044 1962 2117; baseline 0.001 -17"><span class='ocrx_word' id='word_1_144' title='bbox 330 2061 442 2100; x_wconf 87' lang='lat' dir='ltr'>nus</span> <span class='ocrx_word' id='word_1_145' title='bbox 473 2061 680 2115; x_wconf 89' lang='lat' dir='ltr'>panem</span> <span class='ocrx_word' id='word_1_146' title='bbox 713 2044 1021 2114; x_wconf 89' lang='lat' dir='ltr'>accepisse,</span> <span class='ocrx_word' id='word_1_147' title='bbox 1055 2045 1418 2101; x_wconf 86' lang='lat' dir='ltr'>benedixisse</span> <span class='ocrx_word' id='word_1_148' title='bbox 1459 2049 1514 2100; x_wconf 90' lang='lat' dir='ltr'>et</span> <span class='ocrx_word' id='word_1_149' title='bbox 1545 2048 1806 2117; x_wconf 80' lang='lat' dir='ltr'>fregisse,</span> <span class='ocrx_word' id='word_1_150' title='bbox 1849 2066 1962 2102; x_wconf 89' lang='lat' dir='ltr'>non</span> 
     </span>
    </p>
   </div>
   <div class='ocr_carea' id='block_1_22' title="bbox 329 2133 1962 2206">
    <p class='ocr_par' dir='ltr' id='par_1_22' title="bbox 329 2133 1962 2206">
     <span class='ocr_line' id='line_1_22' title="bbox 329 2133 1962 2206; baseline 0.001 -17"><span class='ocrx_word' id='word_1_151' title='bbox 329 2137 524 2190; x_wconf 86' lang='lat' dir='ltr'>autem</span> <span class='ocrx_word' id='word_1_152' title='bbox 539 2133 751 2204; x_wconf 83' lang='lat' dir='ltr'>legitur</span> <span class='ocrx_word' id='word_1_153' title='bbox 772 2137 905 2187; x_wconf 86' lang='lat' dir='ltr'>ante</span> <span class='ocrx_word' id='word_1_154' title='bbox 923 2133 1012 2187; x_wconf 90' lang='lat' dir='ltr'>vel</span> <span class='ocrx_word' id='word_1_155' title='bbox 1035 2138 1234 2204; x_wconf 88' lang='lat' dir='ltr'>postea</span> <span class='ocrx_word' id='word_1_156' title='bbox 1254 2134 1545 2190; x_wconf 88' lang='lat' dir='ltr'>incidisse.</span> <span class='ocrx_word' id='word_1_157' title='bbox 1571 2136 1786 2191; x_wconf 88' lang='lat' dir='ltr'>Deinde</span> <span class='ocrx_word' id='word_1_158' title='bbox 1807 2138 1962 2206; x_wconf 90' lang='lat' dir='ltr'>quod</span> 
     </span>
    </p>
   </div>
   <div class='ocr_carea' id='block_1_23' title="bbox 331 2222 1964 2291">
    <p class='ocr_par' dir='ltr' id='par_1_23' title="bbox 331 2222 1964 2291">
     <span class='ocr_line' id='line_1_23' title="bbox 331 2222 1964 2291; baseline 0.001 -14"><span class='ocrx_word' id='word_1_159' title='bbox 331 2225 598 2277; x_wconf 86' lang='lat' dir='ltr'>sanctum</span> <span class='ocrx_word' id='word_1_160' title='bbox 645 2237 854 2291; x_wconf 88' lang='lat' dir='ltr'>panem</span> <span class='ocrx_word' id='word_1_161' title='bbox 895 2222 1022 2275; x_wconf 75' lang='lat' dir='ltr'>vitm</span> <span class='ocrx_word' id='word_1_162' title='bbox 1073 2227 1293 2276; x_wconf 65' lang='lat' dir='ltr'>aeterna:</span> <span class='ocrx_word' id='word_1_163' title='bbox 1349 2222 1408 2278; x_wconf 91' lang='lat' dir='ltr'>in</span> <span class='ocrx_word' id='word_1_164' title='bbox 1442 2223 1964 2279; x_wconf 88' lang='lat' dir='ltr'>calicemintritum</span> 
     </span>
    </p>
   </div>
   <div class='ocr_carea' id='block_1_24' title="bbox 331 2308 1964 2384">
    <p class='ocr_par' dir='ltr' id='par_1_24' title="bbox 331 2308 1964 2384">
     <span class='ocr_line' id='line_1_24' title="bbox 331 2308 1964 2384; baseline 0.001 -19"><span class='ocrx_word' id='word_1_165' title='bbox 331 2326 466 2366; x_wconf 85' lang='lat' dir='ltr'>cum</span> <span class='ocrx_word' id='word_1_166' title='bbox 495 2308 782 2364; x_wconf 87' lang='lat' dir='ltr'>cochleari</span> <span class='ocrx_word' id='word_1_167' title='bbox 813 2326 1044 2364; x_wconf 88' lang='lat' dir='ltr'>sumere</span> <span class='ocrx_word' id='word_1_168' title='bbox 1079 2311 1425 2376; x_wconf 87' lang='lat' dir='ltr'>consuestis,</span> <span class='ocrx_word' id='word_1_169' title='bbox 1460 2311 1598 2382; x_wconf 90' lang='lat' dir='ltr'>quid</span> <span class='ocrx_word' id='word_1_170' title='bbox 1630 2313 1964 2384; x_wconf 82' lang='lat' dir='ltr'>Opponitis?</span> 
     </span>
    </p>
   </div>
   <div class='ocr_carea' id='block_1_25' title="bbox 331 2395 1965 2468">
    <p class='ocr_par' dir='ltr' id='par_1_25' title="bbox 331 2395 1965 2468">
     <span class='ocr_line' id='line_1_25' title="bbox 331 2395 1965 2468; baseline 0.002 -15"><span class='ocrx_word' id='word_1_171' title='bbox 331 2398 532 2467; x_wconf 86' lang='lat' dir='ltr'>Neque</span> <span class='ocrx_word' id='word_1_172' title='bbox 559 2395 710 2450; x_wconf 89' lang='lat' dir='ltr'>enim</span> <span class='ocrx_word' id='word_1_173' title='bbox 735 2397 860 2466; x_wconf 91' lang='lat' dir='ltr'>ipse</span> <span class='ocrx_word' id='word_1_174' title='bbox 893 2397 1169 2453; x_wconf 88' lang='lat' dir='ltr'>Dominus</span> <span class='ocrx_word' id='word_1_175' title='bbox 1191 2415 1399 2468; x_wconf 85' lang='lat' dir='ltr'>panem</span> <span class='ocrx_word' id='word_1_176' title='bbox 1429 2399 1488 2452; x_wconf 91' lang='lat' dir='ltr'>in</span> <span class='ocrx_word' id='word_1_177' title='bbox 1521 2400 1695 2455; x_wconf 88' lang='lat' dir='ltr'>calice</span> <span class='ocrx_word' id='word_1_178' title='bbox 1723 2401 1838 2454; x_wconf 89' lang='lat' dir='ltr'>vini</span> <span class='ocrx_word' id='word_1_179' title='bbox 1873 2401 1965 2456; x_wconf 90' lang='lat' dir='ltr'>in-</span> 
     </span>
    </p>
   </div>
   <div class='ocr_carea' id='block_1_26' title="bbox 334 2483 1963 2558">
    <p class='ocr_par' dir='ltr' id='par_1_26' title="bbox 334 2483 1963 2558">
     <span class='ocr_line' id='line_1_26' title="bbox 334 2483 1963 2558; baseline 0.001 -16"><span class='ocrx_word' id='word_1_180' title='bbox 334 2483 512 2550; x_wconf 84' lang='lat' dir='ltr'>trivit,</span> <span class='ocrx_word' id='word_1_181' title='bbox 546 2487 602 2538; x_wconf 90' lang='lat' dir='ltr'>et</span> <span class='ocrx_word' id='word_1_182' title='bbox 633 2484 715 2538; x_wconf 90' lang='lat' dir='ltr'>sic</span> <span class='ocrx_word' id='word_1_183' title='bbox 738 2485 1013 2555; x_wconf 88' lang='lat' dir='ltr'>apostolis</span> <span class='ocrx_word' id='word_1_184' title='bbox 1035 2485 1193 2539; x_wconf 89' lang='lat' dir='ltr'>dedit</span> <span class='ocrx_word' id='word_1_185' title='bbox 1209 2487 1408 2541; x_wconf 88' lang='lat' dir='ltr'>dicens</span> <span class='ocrx_word' id='word_1_186' title='bbox 1435 2505 1446 2542; x_wconf 88' lang='lat'><strong>:</strong></span> <span class='ocrx_word' id='word_1_187' title='bbox 1479 2489 1717 2558; x_wconf 73' lang='lat' dir='ltr'>accipite</span> <span class='ocrx_word' id='word_1_188' title='bbox 1749 2493 1803 2543; x_wconf 88' lang='lat' dir='ltr'>et</span> <span class='ocrx_word' id='word_1_189' title='bbox 1831 2506 1963 2544; x_wconf 89' lang='lat' dir='ltr'>cum</span> 
     </span>
    </p>
   </div>
   <div class='ocr_carea' id='block_1_27' title="bbox 333 2572 1959 2647">
    <p class='ocr_par' dir='ltr' id='par_1_27' title="bbox 333 2572 1959 2647">
     <span class='ocr_line' id='line_1_27' title="bbox 333 2572 1959 2647; baseline 0.002 -20"><span class='ocrx_word' id='word_1_190' title='bbox 333 2572 620 2628; x_wconf 87' lang='lat' dir='ltr'>cochleari</span> <span class='ocrx_word' id='word_1_191' title='bbox 657 2573 938 2628; x_wconf 89' lang='lat' dir='ltr'>comedite</span> <span class='ocrx_word' id='word_1_192' title='bbox 990 2591 1001 2627; x_wconf 92' lang='lat'>:</span> <span class='ocrx_word' id='word_1_193' title='bbox 1055 2573 1162 2628; x_wconf 91' lang='lat' dir='ltr'>hoc</span> <span class='ocrx_word' id='word_1_194' title='bbox 1191 2578 1278 2628; x_wconf 89' lang='lat' dir='ltr'>est</span> <span class='ocrx_word' id='word_1_195' title='bbox 1309 2576 1462 2629; x_wconf 91' lang='lat' dir='ltr'>enim</span> <span class='ocrx_word' id='word_1_196' title='bbox 1493 2593 1701 2647; x_wconf 87' lang='lat' dir='ltr'>corpus</span> <span class='ocrx_word' id='word_1_197' title='bbox 1747 2593 1959 2631; x_wconf 90' lang='lat' dir='ltr'>meum.</span> 
     </span>
    </p>
   </div>
   <div class='ocr_carea' id='block_1_28' title="bbox 331 2661 1962 2734">
    <p class='ocr_par' dir='ltr' id='par_1_28' title="bbox 331 2661 1962 2734">
     <span class='ocr_line' id='line_1_28' title="bbox 331 2661 1962 2734; baseline 0.001 -16"><span class='ocrx_word' id='word_1_198' title='bbox 331 2662 465 2726; x_wconf 87' lang='lat' dir='ltr'>Sed,</span> <span class='ocrx_word' id='word_1_199' title='bbox 499 2661 652 2716; x_wconf 80' lang='lat' dir='ltr'>sicut</span> <span class='ocrx_word' id='word_1_200' title='bbox 671 2667 870 2716; x_wconf 88' lang='lat' dir='ltr'>sancta</span> <span class='ocrx_word' id='word_1_201' title='bbox 900 2661 1154 2718; x_wconf 82' lang='lat' dir='ltr'>Romana</span> <span class='ocrx_word' id='word_1_202' title='bbox 1173 2663 1424 2718; x_wconf 87' lang='lat' dir='ltr'>Ecclesia</span> <span class='ocrx_word' id='word_1_203' title='bbox 1457 2681 1640 2734; x_wconf 90' lang='lat' dir='ltr'>usque</span> <span class='ocrx_word' id='word_1_204' title='bbox 1671 2682 1827 2720; x_wconf 92' lang='lat' dir='ltr'>nunc</span> <span class='ocrx_word' id='word_1_205' title='bbox 1861 2665 1962 2720; x_wconf 92' lang='lat' dir='ltr'>ob-</span> 
     </span>
    </p>
   </div>
   <div class='ocr_carea' id='block_1_29' title="bbox 332 2751 1965 2822">
    <p class='ocr_par' dir='ltr' id='par_1_29' title="bbox 332 2751 1965 2822">
     <span class='ocr_line' id='line_1_29' title="bbox 332 2751 1965 2822; baseline 0 -15"><span class='ocrx_word' id='word_1_206' title='bbox 332 2754 540 2816; x_wconf 83' lang='lat' dir='ltr'>servat,</span> <span class='ocrx_word' id='word_1_207' title='bbox 577 2765 782 2821; x_wconf 88' lang='lat' dir='ltr'>panem</span> <span class='ocrx_word' id='word_1_208' title='bbox 829 2751 1118 2822; x_wconf 87' lang='lat' dir='ltr'>integrum</span> <span class='ocrx_word' id='word_1_209' title='bbox 1151 2752 1442 2806; x_wconf 88' lang='lat' dir='ltr'>benedixit</span> <span class='ocrx_word' id='word_1_210' title='bbox 1472 2757 1526 2808; x_wconf 90' lang='lat' dir='ltr'>et</span> <span class='ocrx_word' id='word_1_211' title='bbox 1555 2754 1803 2808; x_wconf 86' lang='lat' dir='ltr'>fractum</span> <span class='ocrx_word' id='word_1_212' title='bbox 1849 2754 1965 2808; x_wconf 91' lang='lat' dir='ltr'>sin-</span> 
     </span>
    </p>
   </div>
   <div class='ocr_carea' id='block_1_30' title="bbox 333 2837 1966 2913">
    <p class='ocr_par' dir='ltr' id='par_1_30' title="bbox 333 2837 1966 2913">
     <span class='ocr_line' id='line_1_30' title="bbox 333 2837 1966 2913; baseline 0.001 -19"><span class='ocrx_word' id='word_1_213' title='bbox 333 2839 485 2911; x_wconf 84' lang='lat' dir='ltr'>gulis</span> <span class='ocrx_word' id='word_1_214' title='bbox 515 2837 908 2909; x_wconf 82' lang='lat' dir='ltr'>particulatim</span> <span class='ocrx_word' id='word_1_215' title='bbox 953 2839 1252 2895; x_wconf 88' lang='lat' dir='ltr'>distribuit</span> <span class='ocrx_word' id='word_1_216' title='bbox 1281 2841 1479 2896; x_wconf 90' lang='lat' dir='ltr'>dicens</span> <span class='ocrx_word' id='word_1_217' title='bbox 1514 2860 1525 2895; x_wconf 90' lang='lat'><strong>:</strong></span> <span class='ocrx_word' id='word_1_218' title='bbox 1559 2865 1588 2892; x_wconf 90' lang='grc'>‹‹</span> <span class='ocrx_word' id='word_1_219' title='bbox 1617 2842 1870 2913; x_wconf 83' lang='lat' dir='ltr'>Accipite</span> <span class='ocrx_word' id='word_1_220' title='bbox 1909 2847 1966 2897; x_wconf 93' lang='lat' dir='ltr'>et</span> 
     </span>
    </p>
   </div>
   <div class='ocr_carea' id='block_1_31' title="bbox 334 2926 1963 3002">
    <p class='ocr_par' dir='ltr' id='par_1_31' title="bbox 334 2926 1963 3002">
     <span class='ocr_line' id='line_1_31' title="bbox 334 2926 1963 3002; baseline 0.001 -20"><span class='ocrx_word' id='word_1_221' title='bbox 334 2926 638 2993; x_wconf 87' lang='lat' dir='ltr'>comedite,</span> <span class='ocrx_word' id='word_1_222' title='bbox 669 2927 778 2981; x_wconf 92' lang='lat' dir='ltr'>hoc</span> <span class='ocrx_word' id='word_1_223' title='bbox 807 2931 896 2981; x_wconf 90' lang='lat' dir='ltr'>est</span> <span class='ocrx_word' id='word_1_224' title='bbox 915 2944 1124 2998; x_wconf 88' lang='lat' dir='ltr'>corpus</span> <span class='ocrx_word' id='word_1_225' title='bbox 1144 2945 1336 2984; x_wconf 91' lang='lat' dir='ltr'>meum</span> <span class='ocrx_word' id='word_1_226' title='bbox 1360 2931 1568 2996; x_wconf 70' lang='lat' dir='ltr'>(Matth.</span> <span class='ocrx_word' id='word_1_227' title='bbox 1603 2947 1758 3000; x_wconf 75' lang='lat' dir='ltr'>xxvx,</span> <span class='ocrx_word' id='word_1_228' title='bbox 1788 2932 1898 3002; x_wconf 74' lang='lat'>26).</span> <span class='ocrx_word' id='word_1_229' title='bbox 1935 2952 1963 2978; x_wconf 87' lang='grc'><strong>››</strong></span> 
     </span>
    </p>
   </div>
   <div class='ocr_carea' id='block_1_32' title="bbox 333 3014 1967 3090">
    <p class='ocr_par' dir='ltr' id='par_1_32' title="bbox 333 3014 1967 3090">
     <span class='ocr_line' id='line_1_32' title="bbox 333 3014 1967 3090; baseline 0.002 -20"><span class='ocrx_word' id='word_1_230' title='bbox 333 3014 580 3084; x_wconf 85' lang='lat' dir='ltr'>Quibus,</span> <span class='ocrx_word' id='word_1_231' title='bbox 611 3018 920 3084; x_wconf 88' lang='lat' dir='ltr'>postquam</span> <span class='ocrx_word' id='word_1_232' title='bbox 951 3021 1236 3072; x_wconf 79' lang='lat' dir='ltr'>coenatum</span> <span class='ocrx_word' id='word_1_233' title='bbox 1278 3021 1385 3082; x_wconf 90' lang='lat' dir='ltr'>est,</span> <span class='ocrx_word' id='word_1_234' title='bbox 1428 3018 1662 3073; x_wconf 87' lang='lat' dir='ltr'>calicem</span> <span class='ocrx_word' id='word_1_235' title='bbox 1713 3019 1967 3090; x_wconf 85' lang='lat' dir='ltr'>porrexit</span> 
     </span>
    </p>
   </div>
   <div class='ocr_carea' id='block_1_33' title="bbox 335 3102 1690 3176">
    <p class='ocr_par' dir='ltr' id='par_1_33' title="bbox 335 3102 1690 3176">
     <span class='ocr_line' id='line_1_33' title="bbox 335 3102 1690 3176; baseline -0.002 -18"><span class='ocrx_word' id='word_1_236' title='bbox 335 3102 538 3158; x_wconf 81' lang='lat' dir='ltr'>dicens</span> <span class='ocrx_word' id='word_1_237' title='bbox 569 3117 583 3156; x_wconf 88' lang='lat'><strong>:</strong></span> <span class='ocrx_word' id='word_1_238' title='bbox 617 3123 648 3151; x_wconf 87' lang='lat'><strong>«</strong></span> <span class='ocrx_word' id='word_1_239' title='bbox 680 3102 864 3158; x_wconf 89' lang='lat' dir='ltr'>Bibite</span> <span class='ocrx_word' id='word_1_240' title='bbox 893 3120 961 3157; x_wconf 82' lang='lat' dir='ltr'>ex</span> <span class='ocrx_word' id='word_1_241' title='bbox 981 3120 1047 3158; x_wconf 91' lang='lat' dir='ltr'>eo</span> <span class='ocrx_word' id='word_1_242' title='bbox 1069 3120 1272 3160; x_wconf 91' lang='lat' dir='ltr'>omnes</span> <span class='ocrx_word' id='word_1_243' title='bbox 1303 3106 1485 3176; x_wconf 82' lang='lat' dir='ltr'>(Ibid.,</span> <span class='ocrx_word' id='word_1_244' title='bbox 1516 3107 1627 3174; x_wconf 86' lang='lat'>27).</span> <span class='ocrx_word' id='word_1_245' title='bbox 1663 3129 1690 3155; x_wconf 84' lang='lat'>»</span> 
     </span>
    </p>
   </div>
   <div class='ocr_carea' id='block_1_34' title="bbox 408 3189 1964 3265">
    <p class='ocr_par' dir='ltr' id='par_1_34' title="bbox 408 3189 1964 3265">
     <span class='ocr_line' id='line_1_34' title="bbox 408 3189 1964 3265; baseline 0.003 -20"><span class='ocrx_word' id='word_1_246' title='bbox 408 3189 645 3246; x_wconf 85' lang='lat' dir='ltr'>XXXIII.</span> <span class='ocrx_word' id='word_1_247' title='bbox 679 3189 862 3252; x_wconf 86' lang='lat' dir='ltr'>Quam</span> <span class='ocrx_word' id='word_1_248' title='bbox 894 3192 1264 3247; x_wconf 87' lang='lat' dir='ltr'>reverendam</span> <span class='ocrx_word' id='word_1_249' title='bbox 1295 3194 1514 3265; x_wconf 87' lang='lat' dir='ltr'>angelis</span> <span class='ocrx_word' id='word_1_250' title='bbox 1545 3199 1600 3249; x_wconf 87' lang='lat' dir='ltr'>et</span> <span class='ocrx_word' id='word_1_251' title='bbox 1629 3194 1964 3249; x_wconf 90' lang='lat' dir='ltr'>hominibus</span> 
     </span>
    </p>
   </div>
   <div class='ocr_carea' id='block_1_35' title="bbox 2067 627 3768 700">
    <p class='ocr_par' dir='ltr' id='par_1_35' title="bbox 2067 627 3768 700">
     <span class='ocr_line' id='line_1_35' title="bbox 2067 627 3768 700; baseline 0.001 -20"><span class='ocrx_word' id='word_1_252' title='bbox 2067 644 2101 680; x_wconf 86' lang='lat' dir='ltr'>a</span> <span class='ocrx_word' id='word_1_253' title='bbox 2131 627 2252 680; x_wconf 86' lang='lat' dir='ltr'>suis</span> <span class='ocrx_word' id='word_1_254' title='bbox 2285 631 2648 698; x_wconf 88' lang='lat' dir='ltr'>acceperunt.</span> <span class='ocrx_word' id='word_1_255' title='bbox 2681 628 2764 682; x_wconf 80' lang='lat' dir='ltr'>Ad</span> <span class='ocrx_word' id='word_1_256' title='bbox 2787 627 2928 698; x_wconf 64' lang='lat' dir='ltr'>hac,</span> <span class='ocrx_word' id='word_1_257' title='bbox 2961 628 3013 684; x_wconf 91' lang='lat' dir='ltr'>si</span> <span class='ocrx_word' id='word_1_258' title='bbox 3039 627 3186 700; x_wconf 89' lang='lat' dir='ltr'>quid</span> <span class='ocrx_word' id='word_1_259' title='bbox 3221 644 3294 682; x_wconf 80' lang='lat' dir='ltr'>ex</span> <span class='ocrx_word' id='word_1_260' title='bbox 3329 629 3656 684; x_wconf 79' lang='lat' dir='ltr'>sanctast</span> <span class='ocrx_word' id='word_1_261' title='bbox 3679 643 3768 682; x_wconf 86' lang='lat' dir='ltr'>ve-</span> 
     </span>
    </p>
   </div>
   <div class='ocr_carea' id='block_1_36' title="bbox 2067 714 3770 788">
    <p class='ocr_par' dir='ltr' id='par_1_36' title="bbox 2067 714 3770 788">
     <span class='ocr_line' id='line_1_36' title="bbox 2067 714 3770 788; baseline 0.001 -19"><span class='ocrx_word' id='word_1_262' title='bbox 2067 715 2308 772; x_wconf 88' lang='lat' dir='ltr'>nerabili</span> <span class='ocrx_word' id='word_1_263' title='bbox 2355 715 2718 772; x_wconf 88' lang='lat' dir='ltr'>Eucharistia</span> <span class='ocrx_word' id='word_1_264' title='bbox 2765 718 2824 772; x_wconf 91' lang='lat' dir='ltr'>in</span> <span class='ocrx_word' id='word_1_265' title='bbox 2869 714 3437 788; x_wconf 86' lang='lat' dir='ltr'>Hierosolymitanis</span> <span class='ocrx_word' id='word_1_266' title='bbox 3485 715 3770 772; x_wconf 85' lang='lat' dir='ltr'>ecclesiis</span> 
     </span>
    </p>
   </div>
   <div class='ocr_carea' id='block_1_37' title="bbox 2067 805 3764 874">
    <p class='ocr_par' dir='ltr' id='par_1_37' title="bbox 2067 805 3764 874">
     <span class='ocr_line' id='line_1_37' title="bbox 2067 805 3764 874; baseline -0.001 -14"><span class='ocrx_word' id='word_1_267' title='bbox 2067 805 2436 874; x_wconf 82' lang='lat' dir='ltr'>superfuerit,</span> <span class='ocrx_word' id='word_1_268' title='bbox 2471 822 2574 860; x_wconf 91' lang='lat' dir='ltr'>nec</span> <span class='ocrx_word' id='word_1_269' title='bbox 2605 805 2924 860; x_wconf 88' lang='lat' dir='ltr'>incendunt</span> <span class='ocrx_word' id='word_1_270' title='bbox 2951 823 3060 862; x_wconf 87' lang='lat' dir='ltr'>nec</span> <span class='ocrx_word' id='word_1_271' title='bbox 3089 805 3148 860; x_wconf 89' lang='lat' dir='ltr'>in</span> <span class='ocrx_word' id='word_1_272' title='bbox 3187 806 3436 862; x_wconf 78' lang='lat' dir='ltr'>foveam</span> <span class='ocrx_word' id='word_1_273' title='bbox 3477 805 3764 870; x_wconf 88' lang='lat' dir='ltr'>mittunt,</span> 
     </span>
    </p>
   </div>
   <div class='ocr_carea' id='block_1_38' title="bbox 2067 893 3766 965">
    <p class='ocr_par' dir='ltr' id='par_1_38' title="bbox 2067 893 3766 965">
     <span class='ocr_line' id='line_1_38' title="bbox 2067 893 3766 965; baseline 0.001 -19"><span class='ocrx_word' id='word_1_274' title='bbox 2067 893 2166 948; x_wconf 89' lang='lat' dir='ltr'>sed</span> <span class='ocrx_word' id='word_1_275' title='bbox 2199 893 2256 946; x_wconf 93' lang='lat' dir='ltr'>in</span> <span class='ocrx_word' id='word_1_276' title='bbox 2291 893 2552 964; x_wconf 81' lang='lat' dir='ltr'>pyxidem</span> <span class='ocrx_word' id='word_1_277' title='bbox 2588 894 2868 948; x_wconf 85' lang='lat' dir='ltr'>mundam</span> <span class='ocrx_word' id='word_1_278' title='bbox 2889 895 3318 962; x_wconf 89' lang='lat' dir='ltr'>recondunt,et</span> <span class='ocrx_word' id='word_1_279' title='bbox 3351 893 3662 965; x_wconf 84' lang='lat' dir='ltr'>sequenti</span> <span class='ocrx_word' id='word_1_280' title='bbox 3685 893 3766 948; x_wconf 85' lang='lat' dir='ltr'>die</span> 
     </span>
    </p>
   </div>
   <div class='ocr_carea' id='block_1_39' title="bbox 2069 982 3768 1054">
    <p class='ocr_par' dir='ltr' id='par_1_39' title="bbox 2069 982 3768 1054">
     <span class='ocr_line' id='line_1_39' title="bbox 2069 982 3768 1054; baseline 0.001 -18"><span class='ocrx_word' id='word_1_281' title='bbox 2069 982 2505 1038; x_wconf 86' lang='lat' dir='ltr'>communicant</span> <span class='ocrx_word' id='word_1_282' title='bbox 2518 983 2690 1048; x_wconf 87' lang='lat' dir='ltr'>ibi,eo</span> <span class='ocrx_word' id='word_1_283' title='bbox 2705 983 2858 1054; x_wconf 90' lang='lat' dir='ltr'>quod</span> <span class='ocrx_word' id='word_1_284' title='bbox 2873 982 3394 1040; x_wconf 88' lang='lat' dir='ltr'>conveniuntilluc</span> <span class='ocrx_word' id='word_1_285' title='bbox 3407 999 3490 1038; x_wconf 79' lang='lat' dir='ltr'>ex</span> <span class='ocrx_word' id='word_1_286' title='bbox 3505 983 3768 1038; x_wconf 84' lang='lat' dir='ltr'>diversis</span> 
     </span>
    </p>
   </div>
   <div class='ocr_carea' id='block_1_40' title="bbox 2067 1069 3766 1143">
    <p class='ocr_par' dir='ltr' id='par_1_40' title="bbox 2067 1069 3766 1143">
     <span class='ocr_line' id='line_1_40' title="bbox 2067 1069 3766 1143; baseline 0.001 -19"><span class='ocrx_word' id='word_1_287' title='bbox 2067 1069 2377 1141; x_wconf 88' lang='lat' dir='ltr'>provinciis</span> <span class='ocrx_word' id='word_1_288' title='bbox 2394 1071 2729 1136; x_wconf 86' lang='lat' dir='ltr'>Christiani,</span> <span class='ocrx_word' id='word_1_289' title='bbox 2746 1072 3112 1143; x_wconf 88' lang='lat' dir='ltr'>qui,propter</span> <span class='ocrx_word' id='word_1_290' title='bbox 3129 1071 3308 1128; x_wconf 83' lang='lat' dir='ltr'>ﬁdem</span> <span class='ocrx_word' id='word_1_291' title='bbox 3323 1075 3386 1127; x_wconf 92' lang='lat' dir='ltr'>et</span> <span class='ocrx_word' id='word_1_292' title='bbox 3411 1071 3766 1127; x_wconf 80' lang='lat' dir='ltr'>maximum</span> 
     </span>
    </p>
   </div>
   <div class='ocr_carea' id='block_1_41' title="bbox 2069 1158 3768 1232">
    <p class='ocr_par' dir='ltr' id='par_1_41' title="bbox 2069 1158 3768 1232">
     <span class='ocr_line' id='line_1_41' title="bbox 2069 1158 3768 1232; baseline 0.002 -21"><span class='ocrx_word' id='word_1_293' title='bbox 2069 1175 2324 1212; x_wconf 89' lang='lat' dir='ltr'>amorem</span> <span class='ocrx_word' id='word_1_294' title='bbox 2347 1158 2474 1214; x_wconf 86' lang='lat' dir='ltr'>Filii</span> <span class='ocrx_word' id='word_1_295' title='bbox 2493 1159 2614 1224; x_wconf 88' lang='lat' dir='ltr'>Dei,</span> <span class='ocrx_word' id='word_1_296' title='bbox 2639 1161 3074 1216; x_wconf 85' lang='lat' dir='ltr'>communicare</span> <span class='ocrx_word' id='word_1_297' title='bbox 3093 1159 3176 1216; x_wconf 92' lang='lat' dir='ltr'>ibi</span> <span class='ocrx_word' id='word_1_298' title='bbox 3198 1160 3602 1224; x_wconf 86' lang='lat' dir='ltr'>desiderant,</span> <span class='ocrx_word' id='word_1_299' title='bbox 3629 1161 3768 1232; x_wconf 83' lang='lat' dir='ltr'>quia</span> 
     </span>
    </p>
   </div>
   <div class='ocr_carea' id='block_1_42' title="bbox 2069 1246 3766 1318">
    <p class='ocr_par' dir='ltr' id='par_1_42' title="bbox 2069 1246 3766 1318">
     <span class='ocr_line' id='line_1_42' title="bbox 2069 1246 3766 1318; baseline 0.002 -18"><span class='ocrx_word' id='word_1_300' title='bbox 2069 1250 2124 1300; x_wconf 90' lang='lat' dir='ltr'>et</span> <span class='ocrx_word' id='word_1_301' title='bbox 2153 1246 2312 1300; x_wconf 91' lang='lat' dir='ltr'>locus</span> <span class='ocrx_word' id='word_1_302' title='bbox 2343 1247 2466 1318; x_wconf 87' lang='lat' dir='ltr'>ipse</span> <span class='ocrx_word' id='word_1_303' title='bbox 2497 1248 2880 1302; x_wconf 88' lang='lat' dir='ltr'>venerabilior</span> <span class='ocrx_word' id='word_1_304' title='bbox 2909 1251 2966 1304; x_wconf 89' lang='lat' dir='ltr'>et</span> <span class='ocrx_word' id='word_1_305' title='bbox 2995 1249 3258 1306; x_wconf 85' lang='lat' dir='ltr'>sanctior</span> <span class='ocrx_word' id='word_1_306' title='bbox 3309 1253 3410 1304; x_wconf 86' lang='lat' dir='ltr'>est</span> <span class='ocrx_word' id='word_1_307' title='bbox 3461 1249 3766 1304; x_wconf 85' lang='lat' dir='ltr'>omnibus</span> 
     </span>
    </p>
   </div>
   <div class='ocr_carea' id='block_1_43' title="bbox 2066 1333 3764 1409">
    <p class='ocr_par' dir='ltr' id='par_1_43' title="bbox 2066 1333 3764 1409">
     <span class='ocr_line' id='line_1_43' title="bbox 2066 1333 3764 1409; baseline 0.002 -21"><span class='ocrx_word' id='word_1_308' title='bbox 2066 1333 2210 1390; x_wconf 88' lang='lat' dir='ltr'>locis</span> <span class='ocrx_word' id='word_1_309' title='bbox 2239 1335 2296 1390; x_wconf 90' lang='lat' dir='ltr'>in</span> <span class='ocrx_word' id='word_1_310' title='bbox 2327 1335 2482 1390; x_wconf 92' lang='lat' dir='ltr'>omni</span> <span class='ocrx_word' id='word_1_311' title='bbox 2517 1341 2688 1390; x_wconf 90' lang='lat' dir='ltr'>terra.</span> <span class='ocrx_word' id='word_1_312' title='bbox 2721 1341 2788 1390; x_wconf 89' lang='lat' dir='ltr'>Et</span> <span class='ocrx_word' id='word_1_313' title='bbox 2817 1337 2898 1390; x_wconf 91' lang='lat' dir='ltr'>ibi</span> <span class='ocrx_word' id='word_1_314' title='bbox 2927 1341 3019 1392; x_wconf 85' lang='lat' dir='ltr'>est</span> <span class='ocrx_word' id='word_1_315' title='bbox 3057 1337 3408 1409; x_wconf 75' lang='lat' dir='ltr'>sepulcrum</span> <span class='ocrx_word' id='word_1_316' title='bbox 3465 1342 3764 1394; x_wconf 78' lang='lat' dir='ltr'>sanctum</span> 
     </span>
    </p>
   </div>
   <div class='ocr_carea' id='block_1_44' title="bbox 2069 1422 3763 1490">
    <p class='ocr_par' dir='ltr' id='par_1_44' title="bbox 2069 1422 3763 1490">
     <span class='ocr_line' id='line_1_44' title="bbox 2069 1422 3763 1490; baseline 0.002 -12"><span class='ocrx_word' id='word_1_317' title='bbox 2069 1427 2124 1478; x_wconf 90' lang='lat' dir='ltr'>et</span> <span class='ocrx_word' id='word_1_318' title='bbox 2151 1422 2488 1478; x_wconf 90' lang='lat' dir='ltr'>honorabile</span> <span class='ocrx_word' id='word_1_319' title='bbox 2509 1424 2738 1478; x_wconf 88' lang='lat' dir='ltr'>Domini</span> <span class='ocrx_word' id='word_1_320' title='bbox 2765 1425 2948 1480; x_wconf 89' lang='lat' dir='ltr'>nostri</span> <span class='ocrx_word' id='word_1_321' title='bbox 2970 1426 3108 1482; x_wconf 87' lang='lat' dir='ltr'>Jesu</span> <span class='ocrx_word' id='word_1_322' title='bbox 3133 1425 3378 1490; x_wconf 85' lang='lat' dir='ltr'>Christi,</span> <span class='ocrx_word' id='word_1_323' title='bbox 3407 1429 3474 1482; x_wconf 88' lang='lat' dir='ltr'>et</span> <span class='ocrx_word' id='word_1_324' title='bbox 3499 1430 3763 1482; x_wconf 85' lang='lat' dir='ltr'>sanctus</span> 
     </span>
    </p>
   </div>
   <div class='ocr_carea' id='block_1_45' title="bbox 2069 1512 3760 1572">
    <p class='ocr_par' dir='ltr' id='par_1_45' title="bbox 2069 1512 3760 1572">
     <span class='ocr_line' id='line_1_45' title="bbox 2069 1512 3760 1572; baseline 0.002 -6"><span class='ocrx_word' id='word_1_325' title='bbox 2069 1512 2335 1566; x_wconf 71' lang='lat' dir='ltr'>Calvarize</span> <span class='ocrx_word' id='word_1_326' title='bbox 2361 1512 2540 1567; x_wconf 90' lang='lat' dir='ltr'>locus.</span> <span class='ocrx_word' id='word_1_327' title='bbox 2575 1515 2916 1570; x_wconf 86' lang='lat' dir='ltr'>Subterrare</span> <span class='ocrx_word' id='word_1_328' title='bbox 2939 1517 3142 1570; x_wconf 88' lang='lat' dir='ltr'>autem</span> <span class='ocrx_word' id='word_1_329' title='bbox 3169 1514 3261 1569; x_wconf 84' lang='lat' dir='ltr'>vel</span> <span class='ocrx_word' id='word_1_330' title='bbox 3293 1513 3586 1570; x_wconf 83' lang='lat' dir='ltr'>infodere</span> <span class='ocrx_word' id='word_1_331' title='bbox 3621 1533 3760 1572; x_wconf 88' lang='lat' dir='ltr'>san-</span> 
     </span>
    </p>
   </div>
   <div class='ocr_carea' id='block_1_46' title="bbox 2069 1601 3766 1674">
    <p class='ocr_par' dir='ltr' id='par_1_46' title="bbox 2069 1601 3766 1674">
     <span class='ocr_line' id='line_1_46' title="bbox 2069 1601 3766 1674; baseline 0.002 -20"><span class='ocrx_word' id='word_1_332' title='bbox 2069 1603 2222 1654; x_wconf 86' lang='lat' dir='ltr'>ctam</span> <span class='ocrx_word' id='word_1_333' title='bbox 2253 1601 2756 1656; x_wconf 88' lang='lat' dir='ltr'>Eucharistiamin</span> <span class='ocrx_word' id='word_1_334' title='bbox 2779 1605 2954 1670; x_wconf 88' lang='lat' dir='ltr'>terra,</span> <span class='ocrx_word' id='word_1_335' title='bbox 2977 1602 3104 1658; x_wconf 88' lang='lat' dir='ltr'>siou</span> <span class='ocrx_word' id='word_1_336' title='bbox 3165 1602 3420 1674; x_wconf 81' lang='lat' dir='ltr'>quidam</span> <span class='ocrx_word' id='word_1_337' title='bbox 3457 1603 3766 1658; x_wconf 84' lang='lat' dir='ltr'>dicuntur</span> 
     </span>
    </p>
   </div>
   <div class='ocr_carea' id='block_1_47' title="bbox 2067 1687 3764 1760">
    <p class='ocr_par' dir='ltr' id='par_1_47' title="bbox 2067 1687 3764 1760">
     <span class='ocr_line' id='line_1_47' title="bbox 2067 1687 3764 1760; baseline 0.004 -18"><span class='ocrx_word' id='word_1_338' title='bbox 2067 1705 2253 1759; x_wconf 87' lang='lat' dir='ltr'>agere,</span> <span class='ocrx_word' id='word_1_339' title='bbox 2285 1693 2384 1743; x_wconf 87' lang='lat' dir='ltr'>aut</span> <span class='ocrx_word' id='word_1_340' title='bbox 2413 1687 2471 1742; x_wconf 89' lang='lat' dir='ltr'>in</span> <span class='ocrx_word' id='word_1_341' title='bbox 2503 1687 2770 1760; x_wconf 86' lang='lat' dir='ltr'>lagenam</span> <span class='ocrx_word' id='word_1_342' title='bbox 2803 1690 3056 1757; x_wconf 88' lang='lat' dir='ltr'>mittere,</span> <span class='ocrx_word' id='word_1_343' title='bbox 3079 1707 3156 1746; x_wconf 90' lang='lat' dir='ltr'>au</span> <span class='ocrx_word' id='word_1_344' title='bbox 3203 1691 3524 1748; x_wconf 77' lang='lat' dir='ltr'>effundere</span> <span class='ocrx_word' id='word_1_345' title='bbox 3561 1691 3764 1756; x_wconf 85' lang='lat' dir='ltr'>illam.</span> 
     </span>
    </p>
   </div>
   <div class='ocr_carea' id='block_1_48' title="bbox 2067 1776 3764 1848">
    <p class='ocr_par' dir='ltr' id='par_1_48' title="bbox 2067 1776 3764 1848">
     <span class='ocr_line' id='line_1_48' title="bbox 2067 1776 3764 1848; baseline 0.004 -18"><span class='ocrx_word' id='word_1_346' title='bbox 2067 1776 2420 1848; x_wconf 81' lang='lat' dir='ltr'>negligentia</span> <span class='ocrx_word' id='word_1_347' title='bbox 2451 1794 2661 1848; x_wconf 89' lang='lat' dir='ltr'>magna</span> <span class='ocrx_word' id='word_1_348' title='bbox 2691 1781 2782 1832; x_wconf 91' lang='lat' dir='ltr'>est</span> <span class='ocrx_word' id='word_1_349' title='bbox 2813 1783 2870 1834; x_wconf 92' lang='lat' dir='ltr'>et</span> <span class='ocrx_word' id='word_1_350' title='bbox 2899 1777 3104 1834; x_wconf 90' lang='lat' dir='ltr'>nullus</span> <span class='ocrx_word' id='word_1_351' title='bbox 3131 1778 3317 1834; x_wconf 86' lang='lat' dir='ltr'>timor</span> <span class='ocrx_word' id='word_1_352' title='bbox 3345 1779 3482 1834; x_wconf 86' lang='lat' dir='ltr'>Dei.</span> <span class='ocrx_word' id='word_1_353' title='bbox 3509 1781 3764 1838; x_wconf 84' lang='lat' dir='ltr'>Etenim</span> 
     </span>
    </p>
   </div>
   <div class='ocr_carea' id='block_1_49' title="bbox 2071 1864 3768 1942">
    <p class='ocr_par' dir='ltr' id='par_1_49' title="bbox 2071 1864 3768 1942">
     <span class='ocr_line' id='line_1_49' title="bbox 2071 1864 3768 1942; baseline 0.005 -24"><span class='ocrx_word' id='word_1_354' title='bbox 2071 1865 2213 1920; x_wconf 80' lang='lat' dir='ltr'>fides</span> <span class='ocrx_word' id='word_1_355' title='bbox 2245 1864 2727 1934; x_wconf 88' lang='lat' dir='ltr'>Christianorum,</span> <span class='ocrx_word' id='word_1_356' title='bbox 2759 1867 2886 1938; x_wconf 89' lang='lat' dir='ltr'>ipsa</span> <span class='ocrx_word' id='word_1_357' title='bbox 2915 1867 3235 1939; x_wconf 87' lang='lat' dir='ltr'>impolluta</span> <span class='ocrx_word' id='word_1_358' title='bbox 3251 1871 3308 1922; x_wconf 88' lang='lat' dir='ltr'>et</span> <span class='ocrx_word' id='word_1_359' title='bbox 3335 1867 3556 1924; x_wconf 77' lang='lat' dir='ltr'>divina</span> <span class='ocrx_word' id='word_1_360' title='bbox 3589 1887 3768 1942; x_wconf 77' lang='lat' dir='ltr'>mys-</span> 
     </span>
    </p>
   </div>
   <div class='ocr_carea' id='block_1_50' title="bbox 2073 1953 3760 2026">
    <p class='ocr_par' dir='ltr' id='par_1_50' title="bbox 2073 1953 3760 2026">
     <span class='ocr_line' id='line_1_50' title="bbox 2073 1953 3760 2026; baseline 0.004 -19"><span class='ocrx_word' id='word_1_361' title='bbox 2073 1953 2216 2008; x_wconf 89' lang='lat' dir='ltr'>teria</span> <span class='ocrx_word' id='word_1_362' title='bbox 2265 1957 2420 2020; x_wconf 88' lang='lat' dir='ltr'>sunt,</span> <span class='ocrx_word' id='word_1_363' title='bbox 2455 1955 2777 2010; x_wconf 89' lang='lat' dir='ltr'>secundum</span> <span class='ocrx_word' id='word_1_364' title='bbox 2826 1957 2982 2026; x_wconf 90' lang='lat' dir='ltr'>quod</span> <span class='ocrx_word' id='word_1_365' title='bbox 3016 1955 3292 2012; x_wconf 88' lang='lat' dir='ltr'>Christus</span> <span class='ocrx_word' id='word_1_366' title='bbox 3321 1955 3478 2012; x_wconf 86' lang='lat' dir='ltr'>dixit</span> <span class='ocrx_word' id='word_1_367' title='bbox 3513 1975 3529 2014; x_wconf 87' lang='lat'>:</span> <span class='ocrx_word' id='word_1_368' title='bbox 3569 1981 3602 2008; x_wconf 89' lang='grc'>‹‹</span> <span class='ocrx_word' id='word_1_369' title='bbox 3641 1959 3760 2025; x_wconf 88' lang='lat' dir='ltr'>Qui</span> 
     </span>
    </p>
   </div>
   <div class='ocr_carea' id='block_1_51' title="bbox 2075 2042 3762 2118">
    <p class='ocr_par' dir='ltr' id='par_1_51' title="bbox 2075 2042 3762 2118">
     <span class='ocr_line' id='line_1_51' title="bbox 2075 2042 3762 2118; baseline 0.004 -22"><span class='ocrx_word' id='word_1_370' title='bbox 2075 2042 2387 2096; x_wconf 79' lang='lat' dir='ltr'>manducet</span> <span class='ocrx_word' id='word_1_371' title='bbox 2406 2058 2636 2097; x_wconf 90' lang='lat' dir='ltr'>carnem</span> <span class='ocrx_word' id='word_1_372' title='bbox 2665 2059 2856 2099; x_wconf 88' lang='lat' dir='ltr'>meam</span> <span class='ocrx_word' id='word_1_373' title='bbox 2877 2044 3104 2100; x_wconf 89' lang='lat' dir='ltr'>etbibit</span> <span class='ocrx_word' id='word_1_374' title='bbox 3121 2044 3480 2118; x_wconf 86' lang='lat' dir='ltr'>sanguinem</span> <span class='ocrx_word' id='word_1_375' title='bbox 3507 2062 3762 2116; x_wconf 86' lang='lat' dir='ltr'>meum,</span> 
     </span>
    </p>
   </div>
   <div class='ocr_carea' id='block_1_52' title="bbox 2073 2129 3768 2202">
    <p class='ocr_par' dir='ltr' id='par_1_52' title="bbox 2073 2129 3768 2202">
     <span class='ocr_line' id='line_1_52' title="bbox 2073 2129 3768 2202; baseline 0.004 -18"><span class='ocrx_word' id='word_1_376' title='bbox 2073 2129 2187 2184; x_wconf 87' lang='lat' dir='ltr'>vita</span> <span class='ocrx_word' id='word_1_377' title='bbox 2231 2129 2382 2185; x_wconf 90' lang='lat' dir='ltr'>vivet</span> <span class='ocrx_word' id='word_1_378' title='bbox 2428 2130 2486 2185; x_wconf 90' lang='lat' dir='ltr'>in</span> <span class='ocrx_word' id='word_1_379' title='bbox 2517 2135 2794 2188; x_wconf 57' lang='lat' dir='ltr'>aeternum</span> <span class='ocrx_word' id='word_1_380' title='bbox 2839 2133 3018 2202; x_wconf 83' lang='lat' dir='ltr'>(Joan.</span> <span class='ocrx_word' id='word_1_381' title='bbox 3051 2149 3133 2200; x_wconf 84' lang='lat' dir='ltr'>v1,</span> <span class='ocrx_word' id='word_1_382' title='bbox 3163 2134 3250 2200; x_wconf 88' lang='lat'>55,</span> <span class='ocrx_word' id='word_1_383' title='bbox 3279 2133 3392 2200; x_wconf 85' lang='lat'>59).</span> <span class='ocrx_word' id='word_1_384' title='bbox 3431 2155 3464 2182; x_wconf 86' lang='grc'>››</span> <span class='ocrx_word' id='word_1_385' title='bbox 3513 2133 3646 2190; x_wconf 86' lang='lat' dir='ltr'>Sed</span> <span class='ocrx_word' id='word_1_386' title='bbox 3683 2136 3768 2190; x_wconf 90' lang='lat' dir='ltr'>de</span> 
     </span>
    </p>
   </div>
   <div class='ocr_carea' id='block_1_53' title="bbox 2073 2216 3768 2292">
    <p class='ocr_par' dir='ltr' id='par_1_53' title="bbox 2073 2216 3768 2292">
     <span class='ocr_line' id='line_1_53' title="bbox 2073 2216 3768 2292; baseline 0.004 -20"><span class='ocrx_word' id='word_1_387' title='bbox 2073 2216 2164 2272; x_wconf 91' lang='lat' dir='ltr'>his</span> <span class='ocrx_word' id='word_1_388' title='bbox 2195 2217 2511 2273; x_wconf 89' lang='lat' dir='ltr'>hactenus:</span> <span class='ocrx_word' id='word_1_389' title='bbox 2547 2219 2834 2291; x_wconf 68' lang='lat' dir='ltr'>prazcipue</span> <span class='ocrx_word' id='word_1_390' title='bbox 2865 2236 3002 2276; x_wconf 90' lang='lat' dir='ltr'>cum</span> <span class='ocrx_word' id='word_1_391' title='bbox 3029 2237 3138 2276; x_wconf 86' lang='lat' dir='ltr'>vos</span> <span class='ocrx_word' id='word_1_392' title='bbox 3165 2219 3274 2292; x_wconf 89' lang='lat' dir='ltr'>ipsi</span> <span class='ocrx_word' id='word_1_393' title='bbox 3303 2220 3562 2291; x_wconf 85' lang='lat' dir='ltr'>possitis</span> <span class='ocrx_word' id='word_1_394' title='bbox 3615 2222 3768 2278; x_wconf 61' lang='lat' dir='ltr'>haec</span> 
     </span>
    </p>
   </div>
   <div class='ocr_carea' id='block_1_54' title="bbox 2073 2305 3766 2380">
    <p class='ocr_par' dir='ltr' id='par_1_54' title="bbox 2073 2305 3766 2380">
     <span class='ocr_line' id='line_1_54' title="bbox 2073 2305 3766 2380; baseline 0.004 -21"><span class='ocrx_word' id='word_1_395' title='bbox 2073 2305 2338 2376; x_wconf 87' lang='lat' dir='ltr'>colligere</span> <span class='ocrx_word' id='word_1_396' title='bbox 2361 2306 2635 2362; x_wconf 88' lang='lat' dir='ltr'>subtilius</span> <span class='ocrx_word' id='word_1_397' title='bbox 2656 2325 2722 2362; x_wconf 86' lang='lat' dir='ltr'>ex</span> <span class='ocrx_word' id='word_1_398' title='bbox 2741 2311 2942 2363; x_wconf 89' lang='lat' dir='ltr'>tenore</span> <span class='ocrx_word' id='word_1_399' title='bbox 2971 2307 3232 2379; x_wconf 71' lang='lat' dir='ltr'>epistolae</span> <span class='ocrx_word' id='word_1_400' title='bbox 3251 2307 3410 2364; x_wconf 84' lang='lat' dir='ltr'>illius</span> <span class='ocrx_word' id='word_1_401' title='bbox 3443 2325 3656 2380; x_wconf 84' lang='lat' dir='ltr'>quam</span> <span class='ocrx_word' id='word_1_402' title='bbox 3683 2311 3766 2367; x_wconf 85' lang='lat' dir='ltr'>is-</span> 
     </span>
    </p>
   </div>
   <div class='ocr_carea' id='block_1_55' title="bbox 2073 2393 3762 2468">
    <p class='ocr_par' dir='ltr' id='par_1_55' title="bbox 2073 2393 3762 2468">
     <span class='ocr_line' id='line_1_55' title="bbox 2073 2393 3762 2468; baseline 0.004 -20"><span class='ocrx_word' id='word_1_403' title='bbox 2073 2393 2147 2448; x_wconf 90' lang='lat' dir='ltr'>tis</span> <span class='ocrx_word' id='word_1_404' title='bbox 2178 2410 2244 2448; x_wconf 82' lang='lat' dir='ltr'>ex</span> <span class='ocrx_word' id='word_1_405' title='bbox 2275 2410 2458 2465; x_wconf 76' lang='lat' dir='ltr'>grzeca</span> <span class='ocrx_word' id='word_1_406' title='bbox 2487 2395 2728 2450; x_wconf 85' lang='lat' dir='ltr'>latinam</span> <span class='ocrx_word' id='word_1_407' title='bbox 2765 2395 3139 2468; x_wconf 78' lang='lat' dir='ltr'>perfecimus.</span> <span class='ocrx_word' id='word_1_408' title='bbox 3173 2395 3285 2452; x_wconf 91' lang='lat' dir='ltr'>Ubi</span> <span class='ocrx_word' id='word_1_409' title='bbox 3327 2395 3466 2452; x_wconf 86' lang='lat' dir='ltr'>luce</span> <span class='ocrx_word' id='word_1_410' title='bbox 3515 2397 3762 2454; x_wconf 86' lang='lat' dir='ltr'>clarius</span> 
     </span>
    </p>
   </div>
   <div class='ocr_carea' id='block_1_56' title="bbox 2071 2481 3764 2552">
    <p class='ocr_par' dir='ltr' id='par_1_56' title="bbox 2071 2481 3764 2552">
     <span class='ocr_line' id='line_1_56' title="bbox 2071 2481 3764 2552; baseline 0.005 -17"><span class='ocrx_word' id='word_1_411' title='bbox 2071 2481 2314 2552; x_wconf 88' lang='lat' dir='ltr'>intelligi</span> <span class='ocrx_word' id='word_1_412' title='bbox 2347 2485 2538 2552; x_wconf 85' lang='lat' dir='ltr'>datur,</span> <span class='ocrx_word' id='word_1_413' title='bbox 2573 2486 2844 2540; x_wconf 89' lang='lat' dir='ltr'>eumdem</span> <span class='ocrx_word' id='word_1_414' title='bbox 2875 2486 3060 2542; x_wconf 86' lang='lat' dir='ltr'>ritum</span> <span class='ocrx_word' id='word_1_415' title='bbox 3077 2484 3572 2542; x_wconf 85' lang='lat' dir='ltr'>divinisacriﬁcii</span> <span class='ocrx_word' id='word_1_416' title='bbox 3605 2505 3764 2544; x_wconf 80' lang='lat' dir='ltr'>san-</span> 
     </span>
    </p>
   </div>
   <div class='ocr_carea' id='block_1_57' title="bbox 2073 2571 3761 2644">
    <p class='ocr_par' dir='ltr' id='par_1_57' title="bbox 2073 2571 3761 2644">
     <span class='ocr_line' id='line_1_57' title="bbox 2073 2571 3761 2644; baseline 0.004 -20"><span class='ocrx_word' id='word_1_417' title='bbox 2073 2574 2222 2624; x_wconf 89' lang='lat' dir='ltr'>ctam</span> <span class='ocrx_word' id='word_1_418' title='bbox 2247 2571 2824 2644; x_wconf 87' lang='lat' dir='ltr'>Hierosolymitanam</span> <span class='ocrx_word' id='word_1_419' title='bbox 2841 2573 3164 2630; x_wconf 74' lang='lat' dir='ltr'>Ecclesium</span> <span class='ocrx_word' id='word_1_420' title='bbox 3195 2575 3556 2632; x_wconf 71' lang='lat' dir='ltr'>observasse</span> <span class='ocrx_word' id='word_1_421' title='bbox 3589 2577 3761 2636; x_wconf 82' lang='lat' dir='ltr'>anti-</span> 
     </span>
    </p>
   </div>
   <div class='ocr_carea' id='block_1_58' title="bbox 2073 2658 3762 2730">
    <p class='ocr_par' dir='ltr' id='par_1_58' title="bbox 2073 2658 3762 2730">
     <span class='ocr_line' id='line_1_58' title="bbox 2073 2658 3762 2730; baseline 0.005 -19"><span class='ocrx_word' id='word_1_422' title='bbox 2073 2658 2290 2727; x_wconf 88' lang='lat' dir='ltr'>quitus,</span> <span class='ocrx_word' id='word_1_423' title='bbox 2324 2676 2496 2730; x_wconf 90' lang='lat' dir='ltr'>quem</span> <span class='ocrx_word' id='word_1_424' title='bbox 2529 2667 2901 2718; x_wconf 88' lang='lat' dir='ltr'>sacrosancta</span> <span class='ocrx_word' id='word_1_425' title='bbox 2931 2663 3200 2718; x_wconf 80' lang='lat' dir='ltr'>Romana</span> <span class='ocrx_word' id='word_1_426' title='bbox 3231 2662 3502 2718; x_wconf 85' lang='lat' dir='ltr'>Ecclesia</span> <span class='ocrx_word' id='word_1_427' title='bbox 3535 2665 3762 2722; x_wconf 84' lang='lat' dir='ltr'>obser-</span> 
     </span>
    </p>
   </div>
   <div class='ocr_carea' id='block_1_59' title="bbox 2070 2749 3764 2822">
    <p class='ocr_par' dir='ltr' id='par_1_59' title="bbox 2070 2749 3764 2822">
     <span class='ocr_line' id='line_1_59' title="bbox 2070 2749 3764 2822; baseline 0.006 -23"><span class='ocrx_word' id='word_1_428' title='bbox 2070 2763 2202 2800; x_wconf 89' lang='lat' dir='ltr'>vare</span> <span class='ocrx_word' id='word_1_429' title='bbox 2233 2764 2346 2801; x_wconf 91' lang='lat' dir='ltr'>non</span> <span class='ocrx_word' id='word_1_430' title='bbox 2379 2753 2567 2804; x_wconf 87' lang='lat' dir='ltr'>cessat</span> <span class='ocrx_word' id='word_1_431' title='bbox 2595 2749 2896 2805; x_wconf 87' lang='lat' dir='ltr'>hactenus.</span> <span class='ocrx_word' id='word_1_432' title='bbox 2926 2751 3234 2822; x_wconf 87' lang='lat' dir='ltr'>Siquidem</span> <span class='ocrx_word' id='word_1_433' title='bbox 3261 2755 3478 2806; x_wconf 86' lang='lat' dir='ltr'>tenues</span> <span class='ocrx_word' id='word_1_434' title='bbox 3509 2753 3764 2810; x_wconf 85' lang='lat' dir='ltr'>oblatas</span> 
     </span>
    </p>
   </div>
   <div class='ocr_carea' id='block_1_60' title="bbox 2073 2835 3760 2911">
    <p class='ocr_par' dir='ltr' id='par_1_60' title="bbox 2073 2835 3760 2911">
     <span class='ocr_line' id='line_1_60' title="bbox 2073 2835 3760 2911; baseline 0.007 -24"><span class='ocrx_word' id='word_1_435' title='bbox 2073 2850 2141 2888; x_wconf 86' lang='lat' dir='ltr'>ex</span> <span class='ocrx_word' id='word_1_436' title='bbox 2170 2835 2365 2890; x_wconf 89' lang='lat' dir='ltr'>simila</span> <span class='ocrx_word' id='word_1_437' title='bbox 2395 2841 2746 2908; x_wconf 67' lang='lat' dir='ltr'>praeparatas</span> <span class='ocrx_word' id='word_1_438' title='bbox 2776 2837 3038 2911; x_wconf 85' lang='lat' dir='ltr'>integras</span> <span class='ocrx_word' id='word_1_439' title='bbox 3069 2843 3128 2895; x_wconf 90' lang='lat' dir='ltr'>et</span> <span class='ocrx_word' id='word_1_440' title='bbox 3157 2856 3340 2896; x_wconf 85' lang='lat' dir='ltr'>sanas</span> <span class='ocrx_word' id='word_1_441' title='bbox 3367 2840 3566 2898; x_wconf 86' lang='lat' dir='ltr'>sacris</span> <span class='ocrx_word' id='word_1_442' title='bbox 3599 2840 3760 2898; x_wconf 81' lang='lat' dir='ltr'>alta-</span> 
     </span>
    </p>
   </div>
   <div class='ocr_carea' id='block_1_61' title="bbox 2073 2922 3762 3002">
    <p class='ocr_par' dir='ltr' id='par_1_61' title="bbox 2073 2922 3762 3002">
     <span class='ocr_line' id='line_1_61' title="bbox 2073 2922 3762 3002; baseline 0.006 -26"><span class='ocrx_word' id='word_1_443' title='bbox 2073 2922 2236 2978; x_wconf 85' lang='lat' dir='ltr'>ribus</span> <span class='ocrx_word' id='word_1_444' title='bbox 2285 2941 2388 2979; x_wconf 91' lang='lat' dir='ltr'>nos</span> <span class='ocrx_word' id='word_1_445' title='bbox 2419 2942 2650 2997; x_wconf 87' lang='lat' dir='ltr'>quoque</span> <span class='ocrx_word' id='word_1_446' title='bbox 2698 2928 3180 2998; x_wconf 87' lang='lat' dir='ltr'>superponimus,</span> <span class='ocrx_word' id='word_1_447' title='bbox 3219 2931 3282 2986; x_wconf 87' lang='lat' dir='ltr'>et</span> <span class='ocrx_word' id='word_1_448' title='bbox 3309 2944 3382 2984; x_wconf 85' lang='lat' dir='ltr'>ex</span> <span class='ocrx_word' id='word_1_449' title='bbox 3413 2929 3574 3000; x_wconf 84' lang='lat' dir='ltr'>ipsis</span> <span class='ocrx_word' id='word_1_450' title='bbox 3607 2935 3762 3002; x_wconf 88' lang='lat' dir='ltr'>post</span> 
     </span>
    </p>
   </div>
   <div class='ocr_carea' id='block_1_62' title="bbox 2073 3012 3760 3088">
    <p class='ocr_par' dir='ltr' id='par_1_62' title="bbox 2073 3012 3760 3088">
     <span class='ocr_line' id='line_1_62' title="bbox 2073 3012 3760 3088; baseline 0.005 -24"><span class='ocrx_word' id='word_1_451' title='bbox 2073 3012 2562 3068; x_wconf 88' lang='lat' dir='ltr'>consecrationem</span> <span class='ocrx_word' id='word_1_452' title='bbox 2583 3014 2780 3070; x_wconf 86' lang='lat' dir='ltr'>fractis</span> <span class='ocrx_word' id='word_1_453' title='bbox 2797 3032 2932 3070; x_wconf 90' lang='lat' dir='ltr'>cum</span> <span class='ocrx_word' id='word_1_454' title='bbox 2945 3015 3164 3088; x_wconf 87' lang='lat' dir='ltr'>populo</span> <span class='ocrx_word' id='word_1_455' title='bbox 3185 3017 3760 3074; x_wconf 86' lang='lat' dir='ltr'>communicamur.</span> 
     </span>
    </p>
   </div>
   <div class='ocr_carea' id='block_1_63' title="bbox 2075 3099 3762 3178">
    <p class='ocr_par' dir='ltr' id='par_1_63' title="bbox 2075 3099 3762 3178">
     <span class='ocr_line' id='line_1_63' title="bbox 2075 3099 3762 3178; baseline 0.007 -25"><span class='ocrx_word' id='word_1_456' title='bbox 2075 3099 2141 3153; x_wconf 89' lang='lat' dir='ltr'>Et</span> <span class='ocrx_word' id='word_1_457' title='bbox 2170 3103 2308 3154; x_wconf 91' lang='lat' dir='ltr'>tunc</span> <span class='ocrx_word' id='word_1_458' title='bbox 2339 3100 2574 3156; x_wconf 90' lang='lat' dir='ltr'>demum</span> <span class='ocrx_word' id='word_1_459' title='bbox 2596 3103 2770 3158; x_wconf 88' lang='lat' dir='ltr'>calice</span> <span class='ocrx_word' id='word_1_460' title='bbox 2803 3105 2948 3160; x_wconf 89' lang='lat' dir='ltr'>meri</span> <span class='ocrx_word' id='word_1_461' title='bbox 2979 3109 3035 3160; x_wconf 91' lang='lat' dir='ltr'>et</span> <span class='ocrx_word' id='word_1_462' title='bbox 3053 3103 3268 3176; x_wconf 88' lang='lat' dir='ltr'>liquidi</span> <span class='ocrx_word' id='word_1_463' title='bbox 3301 3105 3538 3162; x_wconf 87' lang='lat' dir='ltr'>cruoris</span> <span class='ocrx_word' id='word_1_464' title='bbox 3573 3111 3762 3178; x_wconf 72' lang='lat' dir='ltr'>pota-</span> 
     </span>
    </p>
   </div>
   <div class='ocr_carea' id='block_1_64' title="bbox 2075 3189 3763 3264">
    <p class='ocr_par' dir='ltr' id='par_1_64' title="bbox 2075 3189 3763 3264">
     <span class='ocr_line' id='line_1_64' title="bbox 2075 3189 3763 3264; baseline 0.006 -24"><span class='ocrx_word' id='word_1_465' title='bbox 2075 3203 2208 3241; x_wconf 91' lang='lat' dir='ltr'>mur</span> <span class='ocrx_word' id='word_1_466' title='bbox 2239 3204 2252 3242; x_wconf 89' lang='lat'><strong>:</strong></span> <span class='ocrx_word' id='word_1_467' title='bbox 2288 3189 2761 3260; x_wconf 87' lang='lat' dir='ltr'>quandoquidem</span> <span class='ocrx_word' id='word_1_468' title='bbox 2789 3191 3009 3247; x_wconf 89' lang='lat' dir='ltr'>nemini</span> <span class='ocrx_word' id='word_1_469' title='bbox 3027 3192 3466 3264; x_wconf 87' lang='lat' dir='ltr'>discipulorum</span> <span class='ocrx_word' id='word_1_470' title='bbox 3491 3193 3620 3250; x_wconf 84' lang='lat' dir='ltr'>nisi</span> <span class='ocrx_word' id='word_1_471' title='bbox 3643 3195 3763 3252; x_wconf 84' lang='lat' dir='ltr'>Ju-</span> 
     </span>
    </p>
   </div>
   <div class='ocr_carea' id='block_1_65' title="bbox 331 3257 3762 3353">
    <p class='ocr_par' dir='ltr' id='par_1_65' title="bbox 331 3257 3762 3353">
     <span class='ocr_line' id='line_1_65' title="bbox 331 3257 3762 3353; baseline 0.002 -20"><span class='ocrx_word' id='word_1_472' title='bbox 331 3278 763 3334; x_wconf 82' lang='lat' dir='ltr'>institutionem</span> <span class='ocrx_word' id='word_1_473' title='bbox 795 3279 970 3333; x_wconf 89' lang='lat' dir='ltr'>etiam</span> <span class='ocrx_word' id='word_1_474' title='bbox 993 3283 1194 3334; x_wconf 86' lang='lat' dir='ltr'>sancta</span> <span class='ocrx_word' id='word_1_475' title='bbox 1213 3257 1580 3352; x_wconf 50' lang='lat' dir='ltr'>Sion,vprima</span> <span class='ocrx_word' id='word_1_476' title='bbox 1610 3281 1827 3338; x_wconf 88' lang='lat' dir='ltr'>scilicet</span> <span class='ocrx_word' id='word_1_477' title='bbox 1857 3284 1966 3337; x_wconf 87' lang='lat' dir='ltr'>Ec-</span> <span class='ocrx_word' id='word_1_478' title='bbox 1997 3257 2040 3323; x_wconf 66' lang='grc' dir='ltr'>Ο</span> <span class='ocrx_word' id='word_1_479' title='bbox 2079 3275 2162 3330; x_wconf 60' lang='lat' dir='ltr'>de</span> <span class='ocrx_word' id='word_1_480' title='bbox 2203 3277 2482 3346; x_wconf 83' lang='lat' dir='ltr'>proditori</span> <span class='ocrx_word' id='word_1_481' title='bbox 2527 3278 2838 3334; x_wconf 87' lang='lat' dir='ltr'>intinctum</span> <span class='ocrx_word' id='word_1_482' title='bbox 2873 3297 3086 3352; x_wconf 89' lang='lat' dir='ltr'>panem</span> <span class='ocrx_word' id='word_1_483' title='bbox 3129 3298 3164 3336; x_wconf 89' lang='lat' dir='ltr'>a</span> <span class='ocrx_word' id='word_1_484' title='bbox 3195 3281 3448 3336; x_wconf 88' lang='lat' dir='ltr'>Domino</span> <span class='ocrx_word' id='word_1_485' title='bbox 3495 3297 3762 3353; x_wconf 81' lang='lat' dir='ltr'>perrec-</span> 
     </span>
    </p>
   </div>
   <div class='ocr_carea' id='block_1_66' title="bbox 333 3366 1968 3443">
    <p class='ocr_par' dir='ltr' id='par_1_66' title="bbox 333 3366 1968 3443">
     <span class='ocr_line' id='line_1_66' title="bbox 333 3366 1968 3443; baseline 0.002 -20"><span class='ocrx_word' id='word_1_486' title='bbox 333 3366 530 3437; x_wconf 83' lang='lat' dir='ltr'>clesia,</span> <span class='ocrx_word' id='word_1_487' title='bbox 547 3383 730 3438; x_wconf 90' lang='lat' dir='ltr'>usque</span> <span class='ocrx_word' id='word_1_488' title='bbox 752 3368 820 3422; x_wconf 86' lang='lat' dir='ltr'>ad</span> <span class='ocrx_word' id='word_1_489' title='bbox 839 3367 955 3422; x_wconf 48' lang='lat' dir='ltr'>haec</span> <span class='ocrx_word' id='word_1_490' title='bbox 970 3369 1242 3424; x_wconf 79' lang='lat' dir='ltr'>moderns</span> <span class='ocrx_word' id='word_1_491' title='bbox 1261 3373 1372 3424; x_wconf 89' lang='lat' dir='ltr'>tem</span> <span class='ocrx_word' id='word_1_492' title='bbox 1383 3387 1538 3442; x_wconf 90' lang='lat' dir='ltr'>pora,</span> <span class='ocrx_word' id='word_1_493' title='bbox 1554 3371 1702 3425; x_wconf 91' lang='lat' dir='ltr'>sicut</span> <span class='ocrx_word' id='word_1_494' title='bbox 1719 3371 1790 3426; x_wconf 87' lang='lat' dir='ltr'>ab</span> <span class='ocrx_word' id='word_1_495' title='bbox 1803 3388 1968 3443; x_wconf 90' lang='lat' dir='ltr'>apos-</span> 
     </span>
    </p>
   </div>
   <div class='ocr_carea' id='block_1_67' title="bbox 333 3455 1964 3530">
    <p class='ocr_par' dir='ltr' id='par_1_67' title="bbox 333 3455 1964 3530">
     <span class='ocr_line' id='line_1_67' title="bbox 333 3455 1964 3530; baseline 0.003 -20"><span class='ocrx_word' id='word_1_496' title='bbox 333 3455 469 3512; x_wconf 85' lang='lat' dir='ltr'>tolis</span> <span class='ocrx_word' id='word_1_497' title='bbox 497 3455 737 3526; x_wconf 88' lang='lat' dir='ltr'>accepit,</span> <span class='ocrx_word' id='word_1_498' title='bbox 761 3455 1008 3511; x_wconf 80' lang='lat' dir='ltr'>ﬁdeliter</span> <span class='ocrx_word' id='word_1_499' title='bbox 1027 3457 1264 3513; x_wconf 82' lang='lat' dir='ltr'>retinuit</span> <span class='ocrx_word' id='word_1_500' title='bbox 1288 3475 1299 3512; x_wconf 88' lang='lat'><strong>:</strong></span> <span class='ocrx_word' id='word_1_501' title='bbox 1327 3460 1468 3514; x_wconf 88' lang='lat' dir='ltr'>adeo</span> <span class='ocrx_word' id='word_1_502' title='bbox 1495 3464 1558 3514; x_wconf 91' lang='lat' dir='ltr'>ut</span> <span class='ocrx_word' id='word_1_503' title='bbox 1579 3459 1816 3530; x_wconf 89' lang='lat' dir='ltr'>quidam</span> <span class='ocrx_word' id='word_1_504' title='bbox 1841 3461 1964 3516; x_wconf 85' lang='lat' dir='ltr'>Hie-</span> 
     </span>
    </p>
   </div>
   <div class='ocr_carea' id='block_1_68' title="bbox 331 3543 1962 3618">
    <p class='ocr_par' dir='ltr' id='par_1_68' title="bbox 331 3543 1962 3618">
     <span class='ocr_line' id='line_1_68' title="bbox 331 3543 1962 3618; baseline 0.002 -20"><span class='ocrx_word' id='word_1_505' title='bbox 331 3543 880 3614; x_wconf 82' lang='lat' dir='ltr'>rosolymitanorum</span> <span class='ocrx_word' id='word_1_506' title='bbox 911 3545 1250 3614; x_wconf 83' lang='lat' dir='ltr'>pontiﬁcum</span> <span class='ocrx_word' id='word_1_507' title='bbox 1269 3547 1422 3602; x_wconf 87' lang='lat' dir='ltr'>datis</span> <span class='ocrx_word' id='word_1_508' title='bbox 1443 3547 1704 3618; x_wconf 83' lang='lat' dir='ltr'>epistolis</span> <span class='ocrx_word' id='word_1_509' title='bbox 1735 3548 1962 3618; x_wconf 82' lang='lat' dir='ltr'>signiﬁ-</span> 
     </span>
    </p>
   </div>
   <div class='ocr_carea' id='block_1_69' title="bbox 327 3630 1963 3706">
    <p class='ocr_par' dir='ltr' id='par_1_69' title="bbox 327 3630 1963 3706">
     <span class='ocr_line' id='line_1_69' title="bbox 327 3630 1963 3706; baseline 0.002 -20"><span class='ocrx_word' id='word_1_510' title='bbox 327 3630 584 3686; x_wconf 82' lang='lat' dir='ltr'>caverint</span> <span class='ocrx_word' id='word_1_511' title='bbox 601 3635 887 3700; x_wconf 88' lang='lat' dir='ltr'>quantum</span> <span class='ocrx_word' id='word_1_512' title='bbox 905 3632 1134 3688; x_wconf 88' lang='lat' dir='ltr'>illorum</span> <span class='ocrx_word' id='word_1_513' title='bbox 1151 3634 1439 3690; x_wconf 86' lang='lat' dir='ltr'>institutio</span> <span class='ocrx_word' id='word_1_514' title='bbox 1458 3635 1746 3706; x_wconf 90' lang='lat' dir='ltr'>discrepet</span> <span class='ocrx_word' id='word_1_515' title='bbox 1761 3653 1794 3690; x_wconf 86' lang='lat' dir='ltr'>a</span> <span class='ocrx_word' id='word_1_516' title='bbox 1813 3637 1963 3690; x_wconf 67' lang='lat' dir='ltr'>Gras-</span> 
     </span>
    </p>
   </div>
   <div class='ocr_carea' id='block_1_70' title="bbox 323 3717 1957 3794">
    <p class='ocr_par' dir='ltr' id='par_1_70' title="bbox 323 3717 1957 3794">
     <span class='ocr_line' id='line_1_70' title="bbox 323 3717 1957 3794; baseline 0.005 -22"><span class='ocrx_word' id='word_1_517' title='bbox 323 3717 427 3772; x_wconf 85' lang='lat' dir='ltr'>cis.</span> <span class='ocrx_word' id='word_1_518' title='bbox 456 3717 548 3774; x_wconf 88' lang='lat' dir='ltr'>Sic</span> <span class='ocrx_word' id='word_1_519' title='bbox 569 3717 725 3773; x_wconf 83' lang='lat' dir='ltr'>enim</span> <span class='ocrx_word' id='word_1_520' title='bbox 743 3719 1026 3791; x_wconf 87' lang='lat' dir='ltr'>scriptum</span> <span class='ocrx_word' id='word_1_521' title='bbox 1058 3721 1416 3792; x_wconf 83' lang='lat' dir='ltr'>reliquerunt</span> <span class='ocrx_word' id='word_1_522' title='bbox 1449 3740 1460 3776; x_wconf 94' lang='lat'><strong>:</strong></span> <span class='ocrx_word' id='word_1_523' title='bbox 1499 3745 1526 3772; x_wconf 85' lang='grc'>‹‹</span> <span class='ocrx_word' id='word_1_524' title='bbox 1555 3725 1635 3778; x_wconf 78' lang='lat' dir='ltr'>Ex</span> <span class='ocrx_word' id='word_1_525' title='bbox 1665 3723 1790 3794; x_wconf 88' lang='lat' dir='ltr'>ipsa</span> <span class='ocrx_word' id='word_1_526' title='bbox 1819 3741 1957 3780; x_wconf 85' lang='lat' dir='ltr'>san—</span> 
     </span>
    </p>
   </div>
   <div class='ocr_carea' id='block_1_71' title="bbox 311 3805 1954 3884">
    <p class='ocr_par' dir='ltr' id='par_1_71' title="bbox 311 3805 1954 3884">
     <span class='ocr_line' id='line_1_71' title="bbox 311 3805 1954 3884; baseline 0.006 -26"><span class='ocrx_word' id='word_1_527' title='bbox 311 3809 412 3862; x_wconf 79' lang='lat' dir='ltr'>.cta</span> <span class='ocrx_word' id='word_1_528' title='bbox 439 3805 666 3862; x_wconf 85' lang='lat' dir='ltr'>civitate</span> <span class='ocrx_word' id='word_1_529' title='bbox 687 3806 1065 3873; x_wconf 83' lang='lat' dir='ltr'>Hierusalem,</span> <span class='ocrx_word' id='word_1_530' title='bbox 1090 3825 1215 3878; x_wconf 72' lang='lat' dir='ltr'>qua:</span> <span class='ocrx_word' id='word_1_531' title='bbox 1233 3813 1290 3864; x_wconf 89' lang='lat' dir='ltr'>et</span> <span class='ocrx_word' id='word_1_532' title='bbox 1307 3813 1510 3866; x_wconf 86' lang='lat' dir='ltr'>sancta</span> <span class='ocrx_word' id='word_1_533' title='bbox 1539 3811 1954 3884; x_wconf 85' lang='lat' dir='ltr'>Hierosolyma,</span> 
     </span>
    </p>
   </div>
   <div class='ocr_carea' id='block_1_72' title="bbox 317 3893 1950 3968">
    <p class='ocr_par' dir='ltr' id='par_1_72' title="bbox 317 3893 1950 3968">
     <span class='ocr_line' id='line_1_72' title="bbox 317 3893 1950 3968; baseline 0.005 -18"><span class='ocrx_word' id='word_1_534' title='bbox 317 3893 456 3950; x_wconf 80' lang='lat' dir='ltr'>exiit</span> <span class='ocrx_word' id='word_1_535' title='bbox 475 3895 626 3950; x_wconf 84' lang='lat' dir='ltr'>ﬁdes</span> <span class='ocrx_word' id='word_1_536' title='bbox 669 3895 999 3952; x_wconf 87' lang='lat' dir='ltr'>Christiana</span> <span class='ocrx_word' id='word_1_537' title='bbox 1032 3913 1042 3950; x_wconf 92' lang='lat'><strong>:</strong></span> <span class='ocrx_word' id='word_1_538' title='bbox 1077 3897 1135 3950; x_wconf 89' lang='lat' dir='ltr'>in</span> <span class='ocrx_word' id='word_1_539' title='bbox 1167 3897 1294 3967; x_wconf 89' lang='lat' dir='ltr'>ipsa</span> <span class='ocrx_word' id='word_1_540' title='bbox 1323 3914 1553 3968; x_wconf 88' lang='lat' dir='ltr'>quoque</span> <span class='ocrx_word' id='word_1_541' title='bbox 1583 3905 1782 3956; x_wconf 87' lang='lat' dir='ltr'>sancta</span> <span class='ocrx_word' id='word_1_542' title='bbox 1813 3903 1950 3959; x_wconf 87' lang='lat' dir='ltr'>Sion</span> 
     </span>
    </p>
   </div>
   <div class='ocr_carea' id='block_1_73' title="bbox 291 3984 1948 4054">
    <p class='ocr_par' dir='ltr' id='par_1_73' title="bbox 291 3984 1948 4054">
     <span class='ocr_line' id='line_1_73' title="bbox 291 3984 1948 4054; baseline 0.004 -16"><span class='ocrx_word' id='word_1_543' title='bbox 291 3986 596 4040; x_wconf 70' lang='lat' dir='ltr'>stsancta</span> <span class='ocrx_word' id='word_1_544' title='bbox 613 3985 962 4039; x_wconf 87' lang='lat' dir='ltr'>resurrectio</span> <span class='ocrx_word' id='word_1_545' title='bbox 983 3984 1178 4054; x_wconf 78' lang='lat' dir='ltr'>primae</span> <span class='ocrx_word' id='word_1_546' title='bbox 1197 3985 1468 4040; x_wconf 71' lang='lat' dir='ltr'>Ecclesia:</span> <span class='ocrx_word' id='word_1_547' title='bbox 1483 3987 1756 4042; x_wconf 90' lang='lat' dir='ltr'>dicuntur</span> <span class='ocrx_word' id='word_1_548' title='bbox 1777 3995 1832 4044; x_wconf 83' lang='lat' dir='ltr'>et</span> <span class='ocrx_word' id='word_1_549' title='bbox 1857 4009 1948 4046; x_wconf 86' lang='lat' dir='ltr'>ve-</span> 
     </span>
    </p>
   </div>
   <div class='ocr_carea' id='block_1_74' title="bbox 305 4069 1945 4143">
    <p class='ocr_par' dir='ltr' id='par_1_74' title="bbox 305 4069 1945 4143">
     <span class='ocr_line' id='line_1_74' title="bbox 305 4069 1945 4143; baseline 0.006 -17"><span class='ocrx_word' id='word_1_550' title='bbox 305 4069 522 4126; x_wconf 77' lang='lat' dir='ltr'>raciter</span> <span class='ocrx_word' id='word_1_551' title='bbox 568 4069 876 4126; x_wconf 88' lang='lat' dir='ltr'>habentur.</span> <span class='ocrx_word' id='word_1_552' title='bbox 911 4073 974 4128; x_wconf 90' lang='lat' dir='ltr'>In</span> <span class='ocrx_word' id='word_1_553' title='bbox 1001 4073 1128 4143; x_wconf 88' lang='lat' dir='ltr'>ipso</span> <span class='ocrx_word' id='word_1_554' title='bbox 1161 4079 1362 4128; x_wconf 91' lang='lat' dir='ltr'>sancto</span> <span class='ocrx_word' id='word_1_555' title='bbox 1393 4078 1449 4128; x_wconf 89' lang='lat' dir='ltr'>et</span> <span class='ocrx_word' id='word_1_556' title='bbox 1478 4077 1792 4132; x_wconf 84' lang='lat' dir='ltr'>venerabili</span> <span class='ocrx_word' id='word_1_557' title='bbox 1823 4078 1945 4136; x_wconf 92' lang='lat' dir='ltr'>loco</span> 
     </span>
    </p>
   </div>
   <div class='ocr_carea' id='block_1_75' title="bbox 311 4157 1949 4229">
    <p class='ocr_par' dir='ltr' id='par_1_75' title="bbox 311 4157 1949 4229">
     <span class='ocr_line' id='line_1_75' title="bbox 311 4157 1949 4229; baseline 0.004 -13"><span class='ocrx_word' id='word_1_558' title='bbox 311 4157 668 4229; x_wconf 74' lang='lat' dir='ltr'>adimpletur</span> <span class='ocrx_word' id='word_1_559' title='bbox 687 4159 882 4216; x_wconf 89' lang='lat' dir='ltr'>divina</span> <span class='ocrx_word' id='word_1_560' title='bbox 899 4165 952 4214; x_wconf 83' lang='lat' dir='ltr'>et</span> <span class='ocrx_word' id='word_1_561' title='bbox 975 4161 1348 4216; x_wconf 86' lang='lat' dir='ltr'>immaculata</span> <span class='ocrx_word' id='word_1_562' title='bbox 1365 4161 1579 4218; x_wconf 86' lang='lat' dir='ltr'>oblatio</span> <span class='ocrx_word' id='word_1_563' title='bbox 1602 4165 1828 4220; x_wconf 90' lang='lat' dir='ltr'>Domini</span> <span class='ocrx_word' id='word_1_564' title='bbox 1853 4185 1949 4224; x_wconf 90' lang='lat' dir='ltr'>no-</span> 
     </span>
    </p>
   </div>
   <div class='ocr_carea' id='block_1_76' title="bbox 307 4245 1942 4326">
    <p class='ocr_par' dir='ltr' id='par_1_76' title="bbox 307 4245 1942 4326">
     <span class='ocr_line' id='line_1_76' title="bbox 307 4245 1942 4326; baseline 0.006 -24"><span class='ocrx_word' id='word_1_565' title='bbox 307 4245 418 4302; x_wconf 84' lang='lat' dir='ltr'>stri</span> <span class='ocrx_word' id='word_1_566' title='bbox 447 4245 585 4302; x_wconf 85' lang='lat' dir='ltr'>Jesu</span> <span class='ocrx_word' id='word_1_567' title='bbox 611 4245 844 4316; x_wconf 82' lang='lat' dir='ltr'>Christi,</span> <span class='ocrx_word' id='word_1_568' title='bbox 868 4248 1016 4302; x_wconf 88' lang='lat' dir='ltr'>sicut</span> <span class='ocrx_word' id='word_1_569' title='bbox 1039 4249 1202 4302; x_wconf 90' lang='lat' dir='ltr'>decet</span> <span class='ocrx_word' id='word_1_570' title='bbox 1231 4266 1331 4320; x_wconf 89' lang='lat' dir='ltr'>per</span> <span class='ocrx_word' id='word_1_571' title='bbox 1357 4251 1638 4308; x_wconf 90' lang='lat' dir='ltr'>ordinem.</span> <span class='ocrx_word' id='word_1_572' title='bbox 1665 4275 1692 4302; x_wconf 83' lang='lat'>»</span> <span class='ocrx_word' id='word_1_573' title='bbox 1716 4255 1784 4308; x_wconf 89' lang='lat' dir='ltr'>Et</span> <span class='ocrx_word' id='word_1_574' title='bbox 1805 4260 1942 4326; x_wconf 89' lang='lat' dir='ltr'>puto</span> 
     </span>
    </p>
   </div>
   <div class='ocr_carea' id='block_1_77' title="bbox 307 4333 1946 4411">
    <p class='ocr_par' dir='ltr' id='par_1_77' title="bbox 307 4333 1946 4411">
     <span class='ocr_line' id='line_1_77' title="bbox 307 4333 1946 4411; baseline 0.005 -21"><span class='ocrx_word' id='word_1_575' title='bbox 307 4333 453 4405; x_wconf 80' lang='lat' dir='ltr'>quia</span> <span class='ocrx_word' id='word_1_576' title='bbox 479 4333 848 4390; x_wconf 86' lang='lat' dir='ltr'>benefaciunt</span> <span class='ocrx_word' id='word_1_577' title='bbox 877 4336 977 4399; x_wconf 91' lang='lat' dir='ltr'>ibi,</span> <span class='ocrx_word' id='word_1_578' title='bbox 1000 4337 1156 4407; x_wconf 90' lang='lat' dir='ltr'>quod</span> <span class='ocrx_word' id='word_1_579' title='bbox 1181 4353 1294 4392; x_wconf 91' lang='lat' dir='ltr'>non</span> <span class='ocrx_word' id='word_1_580' title='bbox 1317 4338 1428 4392; x_wconf 87' lang='lat' dir='ltr'>nisi</span> <span class='ocrx_word' id='word_1_581' title='bbox 1453 4339 1711 4411; x_wconf 87' lang='lat' dir='ltr'>integras</span> <span class='ocrx_word' id='word_1_582' title='bbox 1731 4347 1786 4397; x_wconf 91' lang='lat' dir='ltr'>et</span> <span class='ocrx_word' id='word_1_583' title='bbox 1816 4360 1946 4399; x_wconf 83' lang='lat' dir='ltr'>san-</span> 
     </span>
    </p>
   </div>
   <div class='ocr_carea' id='block_1_78' title="bbox 303 4423 1940 4500">
    <p class='ocr_par' dir='ltr' id='par_1_78' title="bbox 303 4423 1940 4500">
     <span class='ocr_line' id='line_1_78' title="bbox 303 4423 1940 4500; baseline 0.006 -23"><span class='ocrx_word' id='word_1_584' title='bbox 303 4427 432 4478; x_wconf 83' lang='lat' dir='ltr'>ctas</span> <span class='ocrx_word' id='word_1_585' title='bbox 453 4423 844 4495; x_wconf 85' lang='lat' dir='ltr'>ponuntipsas</span> <span class='ocrx_word' id='word_1_586' title='bbox 865 4424 1185 4480; x_wconf 89' lang='lat' dir='ltr'>oblationes</span> <span class='ocrx_word' id='word_1_587' title='bbox 1207 4425 1264 4480; x_wconf 90' lang='lat' dir='ltr'>in</span> <span class='ocrx_word' id='word_1_588' title='bbox 1289 4431 1518 4482; x_wconf 88' lang='lat' dir='ltr'>sanctas</span> <span class='ocrx_word' id='word_1_589' title='bbox 1539 4429 1788 4499; x_wconf 83' lang='lat' dir='ltr'>patinas,</span> <span class='ocrx_word' id='word_1_590' title='bbox 1817 4449 1940 4500; x_wconf 90' lang='lat' dir='ltr'>nec,</span> 
     </span>
    </p>
   </div>
   <div class='ocr_carea' id='block_1_79' title="bbox 297 4512 1940 4588">
    <p class='ocr_par' dir='ltr' id='par_1_79' title="bbox 297 4512 1940 4588">
     <span class='ocr_line' id='line_1_79' title="bbox 297 4512 1940 4588; baseline 0.008 -24"><span class='ocrx_word' id='word_1_591' title='bbox 297 4513 596 4582; x_wconf 55' lang='lat' dir='ltr'>aquomodo</span> <span class='ocrx_word' id='word_1_592' title='bbox 617 4512 1054 4586; x_wconf 70' lang='lat' dir='ltr'>Graeci,habent</span> <span class='ocrx_word' id='word_1_593' title='bbox 1073 4513 1332 4570; x_wconf 86' lang='lat' dir='ltr'>lanceam</span> <span class='ocrx_word' id='word_1_594' title='bbox 1365 4515 1609 4572; x_wconf 88' lang='lat' dir='ltr'>ferream</span> <span class='ocrx_word' id='word_1_595' title='bbox 1642 4535 1758 4588; x_wconf 88' lang='lat' dir='ltr'>qua</span> <span class='ocrx_word' id='word_1_596' title='bbox 1787 4520 1940 4576; x_wconf 87' lang='lat' dir='ltr'>scin-</span> 
     </span>
    </p>
   </div>
   <div class='ocr_carea' id='block_1_80' title="bbox 302 4599 1940 4679">
    <p class='ocr_par' dir='ltr' id='par_1_80' title="bbox 302 4599 1940 4679">
     <span class='ocr_line' id='line_1_80' title="bbox 302 4599 1940 4679; baseline 0.005 -24"><span class='ocrx_word' id='word_1_597' title='bbox 302 4599 444 4656; x_wconf 87' lang='lat' dir='ltr'>dant</span> <span class='ocrx_word' id='word_1_598' title='bbox 467 4599 528 4656; x_wconf 88' lang='lat' dir='ltr'>in</span> <span class='ocrx_word' id='word_1_599' title='bbox 547 4601 787 4658; x_wconf 89' lang='lat' dir='ltr'>modum</span> <span class='ocrx_word' id='word_1_600' title='bbox 805 4602 993 4658; x_wconf 88' lang='lat' dir='ltr'>crucis</span> <span class='ocrx_word' id='word_1_601' title='bbox 1014 4603 1203 4673; x_wconf 88' lang='lat' dir='ltr'>ipsam</span> <span class='ocrx_word' id='word_1_602' title='bbox 1223 4602 1600 4670; x_wconf 88' lang='lat' dir='ltr'>oblationem,</span> <span class='ocrx_word' id='word_1_603' title='bbox 1625 4606 1682 4660; x_wconf 91' lang='lat' dir='ltr'>id</span> <span class='ocrx_word' id='word_1_604' title='bbox 1705 4611 1794 4662; x_wconf 90' lang='lat' dir='ltr'>est</span> <span class='ocrx_word' id='word_1_605' title='bbox 1808 4625 1940 4679; x_wconf 91' lang='lat' dir='ltr'>pro-</span> 
     </span>
    </p>
   </div>
   <div class='ocr_carea' id='block_1_81' title="bbox 285 4687 1932 4761">
    <p class='ocr_par' dir='ltr' id='par_1_81' title="bbox 285 4687 1932 4761">
     <span class='ocr_line' id='line_1_81' title="bbox 285 4687 1932 4761; baseline 0.004 -15"><span class='ocrx_word' id='word_1_606' title='bbox 285 4687 615 4746; x_wconf 72' lang='lat' dir='ltr'>scomiden.</span> <span class='ocrx_word' id='word_1_607' title='bbox 649 4689 822 4745; x_wconf 90' lang='lat' dir='ltr'>Porro</span> <span class='ocrx_word' id='word_1_608' title='bbox 854 4690 913 4746; x_wconf 86' lang='lat' dir='ltr'>in</span> <span class='ocrx_word' id='word_1_609' title='bbox 946 4689 1198 4761; x_wconf 55' lang='lat' dir='ltr'>praefatis</span> <span class='ocrx_word' id='word_1_610' title='bbox 1229 4690 1445 4746; x_wconf 87' lang='lat' dir='ltr'>sanctis</span> <span class='ocrx_word' id='word_1_611' title='bbox 1477 4691 1766 4761; x_wconf 87' lang='lat' dir='ltr'>Ecclesiis,</span> <span class='ocrx_word' id='word_1_612' title='bbox 1799 4713 1932 4752; x_wconf 91' lang='lat' dir='ltr'>cum</span> 
     </span>
    </p>
   </div>
   <div class='ocr_carea' id='block_1_82' title="bbox 283 4775 1938 4850">
    <p class='ocr_par' dir='ltr' id='par_1_82' title="bbox 283 4775 1938 4850">
     <span class='ocr_line' id='line_1_82' title="bbox 283 4775 1938 4850; baseline 0.005 -18"><span class='ocrx_word' id='word_1_613' title='bbox 283 4775 426 4847; x_wconf 66' lang='lat' dir='ltr'>ipsa</span> <span class='ocrx_word' id='word_1_614' title='bbox 449 4781 652 4834; x_wconf 84' lang='lat' dir='ltr'>sancta</span> <span class='ocrx_word' id='word_1_615' title='bbox 683 4779 879 4849; x_wconf 85' lang='lat' dir='ltr'>patina</span> <span class='ocrx_word' id='word_1_616' title='bbox 898 4783 1158 4834; x_wconf 88' lang='lat' dir='ltr'>sanctam</span> <span class='ocrx_word' id='word_1_617' title='bbox 1181 4779 1560 4850; x_wconf 88' lang='lat' dir='ltr'>anaphoram,</span> <span class='ocrx_word' id='word_1_618' title='bbox 1586 4781 1644 4836; x_wconf 91' lang='lat' dir='ltr'>id</span> <span class='ocrx_word' id='word_1_619' title='bbox 1671 4786 1758 4838; x_wconf 88' lang='lat' dir='ltr'>est</span> <span class='ocrx_word' id='word_1_620' title='bbox 1779 4783 1938 4840; x_wconf 89' lang='lat' dir='ltr'>obla-</span> 
     </span>
    </p>
   </div>
   <div class='ocr_carea' id='block_1_83' title="bbox 283 4863 1930 4944">
    <p class='ocr_par' dir='ltr' id='par_1_83' title="bbox 283 4863 1930 4944">
     <span class='ocr_line' id='line_1_83' title="bbox 283 4863 1930 4944; baseline 0.006 -26"><span class='ocrx_word' id='word_1_621' title='bbox 283 4863 532 4928; x_wconf 53' lang='lat' dir='ltr'>tionem,</span> <span class='ocrx_word' id='word_1_622' title='bbox 577 4865 850 4920; x_wconf 86' lang='lat' dir='ltr'>exaltant.</span> <span class='ocrx_word' id='word_1_623' title='bbox 901 4867 1127 4922; x_wconf 85' lang='lat' dir='ltr'>Etenim</span> <span class='ocrx_word' id='word_1_624' title='bbox 1172 4884 1316 4922; x_wconf 72' lang='lat' dir='ltr'>vera:</span> <span class='ocrx_word' id='word_1_625' title='bbox 1346 4871 1403 4921; x_wconf 86' lang='lat' dir='ltr'>et</span> <span class='ocrx_word' id='word_1_626' title='bbox 1449 4873 1594 4939; x_wconf 65' lang='lat' dir='ltr'>aptas</span> <span class='ocrx_word' id='word_1_627' title='bbox 1625 4875 1764 4925; x_wconf 88' lang='lat' dir='ltr'>sunt</span> <span class='ocrx_word' id='word_1_628' title='bbox 1793 4872 1930 4944; x_wconf 72' lang='lat' dir='ltr'>ipsa:</span> 
     </span>
    </p>
   </div>
   <div class='ocr_carea' id='block_1_84' title="bbox 291 4948 1928 5024">
    <p class='ocr_par' dir='ltr' id='par_1_84' title="bbox 291 4948 1928 5024">
     <span class='ocr_line' id='line_1_84' title="bbox 291 4948 1928 5024; baseline 0.007 -18"><span class='ocrx_word' id='word_1_629' title='bbox 291 4948 636 5018; x_wconf 86' lang='lat' dir='ltr'>oblationes,</span> <span class='ocrx_word' id='word_1_630' title='bbox 691 4955 1032 5024; x_wconf 88' lang='lat' dir='ltr'>tenuesque,</span> <span class='ocrx_word' id='word_1_631' title='bbox 1078 4969 1146 5010; x_wconf 81' lang='lat' dir='ltr'>ex</span> <span class='ocrx_word' id='word_1_632' title='bbox 1199 4953 1412 5010; x_wconf 85' lang='lat' dir='ltr'>simila.</span> <span class='ocrx_word' id='word_1_633' title='bbox 1459 4956 1744 5012; x_wconf 88' lang='lat' dir='ltr'>Lanceam</span> <span class='ocrx_word' id='word_1_634' title='bbox 1797 4977 1928 5017; x_wconf 90' lang='lat' dir='ltr'>vero</span> 
     </span>
    </p>
   </div>
   <div class='ocr_carea' id='block_1_85' title="bbox 287 5035 1926 5112">
    <p class='ocr_par' dir='ltr' id='par_1_85' title="bbox 287 5035 1926 5112">
     <span class='ocr_line' id='line_1_85' title="bbox 287 5035 1926 5112; baseline 0.007 -18"><span class='ocrx_word' id='word_1_635' title='bbox 287 5035 536 5094; x_wconf 82' lang='lat' dir='ltr'>ferream</span> <span class='ocrx_word' id='word_1_636' title='bbox 555 5038 842 5104; x_wconf 84' lang='lat' dir='ltr'>nesciunt,</span> <span class='ocrx_word' id='word_1_637' title='bbox 863 5041 974 5098; x_wconf 88' lang='lat' dir='ltr'>nisi</span> <span class='ocrx_word' id='word_1_638' title='bbox 1009 5058 1134 5112; x_wconf 71' lang='lat' dir='ltr'>quas</span> <span class='ocrx_word' id='word_1_639' title='bbox 1155 5042 1307 5097; x_wconf 87' lang='lat' dir='ltr'>latus</span> <span class='ocrx_word' id='word_1_640' title='bbox 1332 5043 1558 5098; x_wconf 90' lang='lat' dir='ltr'>Domini</span> <span class='ocrx_word' id='word_1_641' title='bbox 1583 5047 1764 5101; x_wconf 89' lang='lat' dir='ltr'>nostri</span> <span class='ocrx_word' id='word_1_642' title='bbox 1787 5047 1816 5104; x_wconf 85' lang='lat' dir='ltr'><strong>J</strong></span> <span class='ocrx_word' id='word_1_643' title='bbox 1825 5065 1926 5106; x_wconf 88' lang='lat' dir='ltr'>esu</span> 
     </span>
    </p>
   </div>
   <div class='ocr_carea' id='block_1_86' title="bbox 287 5123 1922 5205">
    <p class='ocr_par' dir='ltr' id='par_1_86' title="bbox 287 5123 1922 5205">
     <span class='ocr_line' id='line_1_86' title="bbox 287 5123 1922 5205; baseline 0.006 -23"><span class='ocrx_word' id='word_1_644' title='bbox 287 5123 501 5182; x_wconf 80' lang='lat' dir='ltr'>Christi</span> <span class='ocrx_word' id='word_1_645' title='bbox 515 5125 1040 5195; x_wconf 80' lang='lat' dir='ltr'>aperuit.Cochlear</span> <span class='ocrx_word' id='word_1_646' title='bbox 1051 5147 1182 5184; x_wconf 90' lang='lat' dir='ltr'>vero</span> <span class='ocrx_word' id='word_1_647' title='bbox 1200 5147 1266 5185; x_wconf 89' lang='lat' dir='ltr'>cu</span> <span class='ocrx_word' id='word_1_648' title='bbox 1277 5147 1333 5184; x_wconf 91' lang='lat' dir='ltr'>m</span> <span class='ocrx_word' id='word_1_649' title='bbox 1347 5147 1459 5200; x_wconf 91' lang='lat' dir='ltr'>quo</span> <span class='ocrx_word' id='word_1_650' title='bbox 1473 5133 1922 5205; x_wconf 90' lang='lat' dir='ltr'>communicent,</span> 
     </span>
    </p>
   </div>
   <div class='ocr_carea' id='block_1_87' title="bbox 279 5211 1922 5291">
    <p class='ocr_par' dir='ltr' id='par_1_87' title="bbox 279 5211 1922 5291">
     <span class='ocr_line' id='line_1_87' title="bbox 279 5211 1922 5291; baseline 0.005 -21"><span class='ocrx_word' id='word_1_651' title='bbox 279 5211 443 5270; x_wconf 68' lang='lat' dir='ltr'>sicut</span> <span class='ocrx_word' id='word_1_652' title='bbox 475 5211 534 5268; x_wconf 88' lang='lat' dir='ltr'>in</span> <span class='ocrx_word' id='word_1_653' title='bbox 585 5211 837 5270; x_wconf 82' lang='lat' dir='ltr'>Ecclesia</span> <span class='ocrx_word' id='word_1_654' title='bbox 868 5217 1214 5285; x_wconf 62' lang='lat' dir='ltr'>Graecorum,</span> <span class='ocrx_word' id='word_1_655' title='bbox 1247 5217 1485 5272; x_wconf 90' lang='lat' dir='ltr'>minime</span> <span class='ocrx_word' id='word_1_656' title='bbox 1517 5217 1753 5286; x_wconf 89' lang='lat' dir='ltr'>habent,</span> <span class='ocrx_word' id='word_1_657' title='bbox 1785 5223 1922 5291; x_wconf 87' lang='lat' dir='ltr'>quia</span> 
     </span>
    </p>
   </div>
   <div class='ocr_carea' id='block_1_88' title="bbox 285 5301 1920 5376">
    <p class='ocr_par' dir='ltr' id='par_1_88' title="bbox 285 5301 1920 5376">
     <span class='ocr_line' id='line_1_88' title="bbox 285 5301 1920 5376; baseline 0.005 -18"><span class='ocrx_word' id='word_1_658' title='bbox 285 5319 402 5358; x_wconf 87' lang='lat' dir='ltr'>non</span> <span class='ocrx_word' id='word_1_659' title='bbox 461 5301 543 5358; x_wconf 81' lang='lat' dir='ltr'>ita</span> <span class='ocrx_word' id='word_1_660' title='bbox 585 5303 971 5359; x_wconf 89' lang='lat' dir='ltr'>commiscent</span> <span class='ocrx_word' id='word_1_661' title='bbox 1029 5305 1214 5376; x_wconf 89' lang='lat' dir='ltr'>ipsam</span> <span class='ocrx_word' id='word_1_662' title='bbox 1255 5309 1514 5360; x_wconf 77' lang='lat' dir='ltr'>sanctam</span> <span class='ocrx_word' id='word_1_663' title='bbox 1557 5310 1920 5366; x_wconf 89' lang='lat' dir='ltr'>communio-</span> 
     </span>
    </p>
   </div>
   <div class='ocr_carea' id='block_1_89' title="bbox 277 5389 1915 5465">
    <p class='ocr_par' dir='ltr' id='par_1_89' title="bbox 277 5389 1915 5465">
     <span class='ocr_line' id='line_1_89' title="bbox 277 5389 1915 5465; baseline 0.006 -21"><span class='ocrx_word' id='word_1_664' title='bbox 277 5406 418 5448; x_wconf 69' lang='lat' dir='ltr'>.nem</span> <span class='ocrx_word' id='word_1_665' title='bbox 445 5391 504 5447; x_wconf 86' lang='lat' dir='ltr'>in</span> <span class='ocrx_word' id='word_1_666' title='bbox 536 5389 734 5460; x_wconf 87' lang='lat' dir='ltr'>calice,</span> <span class='ocrx_word' id='word_1_667' title='bbox 770 5393 869 5448; x_wconf 88' lang='lat' dir='ltr'>sed</span> <span class='ocrx_word' id='word_1_668' title='bbox 903 5391 1028 5448; x_wconf 88' lang='lat' dir='ltr'>sola</span> <span class='ocrx_word' id='word_1_669' title='bbox 1075 5393 1280 5465; x_wconf 82' lang='lat' dir='ltr'>[panis]</span> <span class='ocrx_word' id='word_1_670' title='bbox 1323 5395 1730 5450; x_wconf 77' lang='lat' dir='ltr'>communione</span> <span class='ocrx_word' id='word_1_671' title='bbox 1761 5413 1915 5454; x_wconf 90' lang='lat' dir='ltr'>com-</span> 
     </span>
    </p>
   </div>
   <div class='ocr_carea' id='block_1_90' title="bbox 2077 3364 3766 3440">
    <p class='ocr_par' dir='ltr' id='par_1_90' title="bbox 2077 3364 3766 3440">
     <span class='ocr_line' id='line_1_90' title="bbox 2077 3364 3766 3440; baseline 0.007 -23"><span class='ocrx_word' id='word_1_672' title='bbox 2077 3371 2196 3418; x_wconf 88' lang='lat' dir='ltr'>tum</span> <span class='ocrx_word' id='word_1_673' title='bbox 2228 3364 2578 3434; x_wconf 88' lang='lat' dir='ltr'>invenimus,</span> <span class='ocrx_word' id='word_1_674' title='bbox 2619 3367 2990 3438; x_wconf 82' lang='lat' dir='ltr'>significante</span> <span class='ocrx_word' id='word_1_675' title='bbox 3011 3370 3172 3440; x_wconf 88' lang='lat' dir='ltr'>quod</span> <span class='ocrx_word' id='word_1_676' title='bbox 3195 3385 3332 3426; x_wconf 88' lang='lat' dir='ltr'>eum</span> <span class='ocrx_word' id='word_1_677' title='bbox 3365 3375 3528 3426; x_wconf 81' lang='lat' dir='ltr'>esset</span> <span class='ocrx_word' id='word_1_678' title='bbox 3559 3373 3766 3428; x_wconf 81' lang='lat' dir='ltr'>tradi-</span> 
     </span>
    </p>
   </div>
   <div class='ocr_carea' id='block_1_91' title="bbox 2073 3454 3763 3524">
    <p class='ocr_par' dir='ltr' id='par_1_91' title="bbox 2073 3454 3763 3524">
     <span class='ocr_line' id='line_1_91' title="bbox 2073 3454 3763 3524; baseline 0.008 -19"><span class='ocrx_word' id='word_1_679' title='bbox 2073 3455 2276 3520; x_wconf 87' lang='lat' dir='ltr'>turus;</span> <span class='ocrx_word' id='word_1_680' title='bbox 2307 3454 2431 3524; x_wconf 90' lang='lat' dir='ltr'>pari</span> <span class='ocrx_word' id='word_1_681' title='bbox 2463 3457 2631 3510; x_wconf 89' lang='lat' dir='ltr'>modo</span> <span class='ocrx_word' id='word_1_682' title='bbox 2662 3456 2838 3512; x_wconf 85' lang='lat' dir='ltr'>etiam</span> <span class='ocrx_word' id='word_1_683' title='bbox 2877 3457 3184 3514; x_wconf 89' lang='lat' dir='ltr'>residuum</span> <span class='ocrx_word' id='word_1_684' title='bbox 3213 3457 3538 3516; x_wconf 66' lang='lat' dir='ltr'>dominicas</span> <span class='ocrx_word' id='word_1_685' title='bbox 3569 3460 3763 3518; x_wconf 84' lang='lat' dir='ltr'>obla-</span> 
     </span>
    </p>
   </div>
   <div class='ocr_carea' id='block_1_92' title="bbox 2071 3541 2630 3614">
    <p class='ocr_par' dir='ltr' id='par_1_92' title="bbox 2071 3541 2630 3614">
     <span class='ocr_line' id='line_1_92' title="bbox 2071 3541 2630 3614; baseline 0.011 -20"><span class='ocrx_word' id='word_1_686' title='bbox 2071 3541 2247 3596; x_wconf 88' lang='lat' dir='ltr'>tionis</span> <span class='ocrx_word' id='word_1_687' title='bbox 2269 3543 2630 3614; x_wconf 88' lang='lat' dir='ltr'>reponimus.</span> 
     </span>
    </p>
   </div>
   <div class='ocr_carea' id='block_1_93' title="bbox 2139 3675 3758 3748">
    <p class='ocr_par' dir='ltr' id='par_1_93' title="bbox 2139 3675 3758 3748">
     <span class='ocr_line' id='line_1_93' title="bbox 2139 3675 3758 3748; baseline 0.008 -22"><span class='ocrx_word' id='word_1_688' title='bbox 2139 3675 2381 3730; x_wconf 77' lang='lat' dir='ltr'>XXXIV.</span> <span class='ocrx_word' id='word_1_689' title='bbox 2413 3675 2565 3744; x_wconf 86' lang='lat' dir='ltr'>Jam,</span> <span class='ocrx_word' id='word_1_690' title='bbox 2599 3678 2737 3748; x_wconf 88' lang='lat' dir='ltr'>quia</span> <span class='ocrx_word' id='word_1_691' title='bbox 2783 3679 3142 3734; x_wconf 86' lang='lat' dir='ltr'>sufﬁcienter</span> <span class='ocrx_word' id='word_1_692' title='bbox 3179 3681 3540 3737; x_wconf 84' lang='lat' dir='ltr'>auctoritate</span> <span class='ocrx_word' id='word_1_693' title='bbox 3589 3681 3758 3740; x_wconf 86' lang='lat' dir='ltr'>Novi</span> 
     </span>
    </p>
   </div>
   <div class='ocr_carea' id='block_1_94' title="bbox 2065 3761 3758 3829">
    <p class='ocr_par' dir='ltr' id='par_1_94' title="bbox 2065 3761 3758 3829">
     <span class='ocr_line' id='line_1_94' title="bbox 2065 3761 3758 3829; baseline 0.008 -14"><span class='ocrx_word' id='word_1_694' title='bbox 2065 3765 2122 3815; x_wconf 88' lang='lat' dir='ltr'>et</span> <span class='ocrx_word' id='word_1_695' title='bbox 2143 3761 2365 3817; x_wconf 88' lang='lat' dir='ltr'>Veteris</span> <span class='ocrx_word' id='word_1_696' title='bbox 2405 3765 2760 3820; x_wconf 87' lang='lat' dir='ltr'>Testamenti</span> <span class='ocrx_word' id='word_1_697' title='bbox 2807 3770 3040 3822; x_wconf 87' lang='lat' dir='ltr'>constat</span> <span class='ocrx_word' id='word_1_698' title='bbox 3075 3768 3396 3823; x_wconf 89' lang='lat' dir='ltr'>Dominum</span> <span class='ocrx_word' id='word_1_699' title='bbox 3449 3775 3758 3829; x_wconf 79' lang='lat' dir='ltr'>nostrum</span> 
     </span>
    </p>
   </div>
   <div class='ocr_carea' id='block_1_95' title="bbox 2061 3849 3756 3928">
    <p class='ocr_par' dir='ltr' id='par_1_95' title="bbox 2061 3849 3756 3928">
     <span class='ocr_line' id='line_1_95' title="bbox 2061 3849 3756 3928; baseline 0.008 -24"><span class='ocrx_word' id='word_1_700' title='bbox 2061 3849 2263 3906; x_wconf 87' lang='lat' dir='ltr'>Jesum</span> <span class='ocrx_word' id='word_1_701' title='bbox 2293 3851 2586 3906; x_wconf 89' lang='lat' dir='ltr'>Christum</span> <span class='ocrx_word' id='word_1_702' title='bbox 2619 3855 3236 3911; x_wconf 86' lang='lat' dir='ltr'>commemorationem</span> <span class='ocrx_word' id='word_1_703' title='bbox 3263 3871 3384 3911; x_wconf 70' lang='lat' dir='ltr'>sua:</span> <span class='ocrx_word' id='word_1_704' title='bbox 3419 3860 3756 3928; x_wconf 81' lang='lat' dir='ltr'>passionis</span> 
     </span>
    </p>
   </div>
   <div class='ocr_carea' id='block_1_96' title="bbox 2061 3937 3760 4016">
    <p class='ocr_par' dir='ltr' id='par_1_96' title="bbox 2061 3937 3760 4016">
     <span class='ocr_line' id='line_1_96' title="bbox 2061 3937 3760 4016; baseline 0.008 -24"><span class='ocrx_word' id='word_1_705' title='bbox 2061 3937 2426 3993; x_wconf 88' lang='lat' dir='ltr'>recolendam</span> <span class='ocrx_word' id='word_1_706' title='bbox 2475 3939 2534 3993; x_wconf 91' lang='lat' dir='ltr'>in</span> <span class='ocrx_word' id='word_1_707' title='bbox 2584 3941 2799 4012; x_wconf 89' lang='lat' dir='ltr'>azymis</span> <span class='ocrx_word' id='word_1_708' title='bbox 2847 3941 3156 4014; x_wconf 89' lang='lat' dir='ltr'>discipulis</span> <span class='ocrx_word' id='word_1_709' title='bbox 3203 3945 3315 3998; x_wconf 90' lang='lat' dir='ltr'>sub</span> <span class='ocrx_word' id='word_1_710' title='bbox 3365 3945 3502 4016; x_wconf 83' lang='lat' dir='ltr'>ipsa</span> <span class='ocrx_word' id='word_1_711' title='bbox 3563 3963 3760 4006; x_wconf 83' lang='lat' dir='ltr'>ccena</span> 
     </span>
    </p>
   </div>
   <div class='ocr_carea' id='block_1_97' title="bbox 2061 4028 3760 4102">
    <p class='ocr_par' dir='ltr' id='par_1_97' title="bbox 2061 4028 3760 4102">
     <span class='ocr_line' id='line_1_97' title="bbox 2061 4028 3760 4102; baseline 0.008 -23"><span class='ocrx_word' id='word_1_712' title='bbox 2061 4028 2521 4092; x_wconf 86' lang='lat' dir='ltr'>commendasse,</span> <span class='ocrx_word' id='word_1_713' title='bbox 2573 4029 2722 4083; x_wconf 88' lang='lat' dir='ltr'>sicut</span> <span class='ocrx_word' id='word_1_714' title='bbox 2777 4029 3064 4102; x_wconf 89' lang='lat' dir='ltr'>hodieque</span> <span class='ocrx_word' id='word_1_715' title='bbox 3114 4037 3320 4087; x_wconf 89' lang='lat' dir='ltr'>sancta</span> <span class='ocrx_word' id='word_1_716' title='bbox 3363 4033 3656 4091; x_wconf 84' lang='lat' dir='ltr'>Romana</span> <span class='ocrx_word' id='word_1_717' title='bbox 3689 4043 3760 4093; x_wconf 84' lang='lat' dir='ltr'>et</span> 
     </span>
    </p>
   </div>
   <div class='ocr_carea' id='block_1_98' title="bbox 2059 4113 3752 4186">
    <p class='ocr_par' dir='ltr' id='par_1_98' title="bbox 2059 4113 3752 4186">
     <span class='ocr_line' id='line_1_98' title="bbox 2059 4113 3752 4186; baseline 0.008 -19"><span class='ocrx_word' id='word_1_718' title='bbox 2059 4113 2263 4168; x_wconf 87' lang='lat' dir='ltr'>Latina</span> <span class='ocrx_word' id='word_1_719' title='bbox 2293 4114 2546 4170; x_wconf 89' lang='lat' dir='ltr'>Ecclesia</span> <span class='ocrx_word' id='word_1_720' title='bbox 2567 4117 2827 4171; x_wconf 89' lang='lat' dir='ltr'>noscitur</span> <span class='ocrx_word' id='word_1_721' title='bbox 2847 4118 3118 4186; x_wconf 89' lang='lat' dir='ltr'>recolere,</span> <span class='ocrx_word' id='word_1_722' title='bbox 3143 4119 3338 4175; x_wconf 87' lang='lat' dir='ltr'>dicere</span> <span class='ocrx_word' id='word_1_723' title='bbox 3360 4120 3600 4176; x_wconf 87' lang='lat' dir='ltr'>debetis</span> <span class='ocrx_word' id='word_1_724' title='bbox 3627 4137 3752 4180; x_wconf 86' lang='lat' dir='ltr'>cu-</span> 
     </span>
    </p>
   </div>
   <div class='ocr_carea' id='block_1_99' title="bbox 2049 4202 3760 4273">
    <p class='ocr_par' dir='ltr' id='par_1_99' title="bbox 2049 4202 3760 4273">
     <span class='ocr_line' id='line_1_99' title="bbox 2049 4202 3760 4273; baseline 0.009 -19"><span class='ocrx_word' id='word_1_725' title='bbox 2049 4202 2151 4273; x_wconf 87' lang='lat' dir='ltr'>jus</span> <span class='ocrx_word' id='word_1_726' title='bbox 2199 4202 2622 4258; x_wconf 81' lang='lat' dir='ltr'>institutionem</span> <span class='ocrx_word' id='word_1_727' title='bbox 2655 4205 2712 4259; x_wconf 89' lang='lat' dir='ltr'>in</span> <span class='ocrx_word' id='word_1_728' title='bbox 2747 4206 3091 4262; x_wconf 88' lang='lat' dir='ltr'>fermentato</span> <span class='ocrx_word' id='word_1_729' title='bbox 3123 4211 3246 4262; x_wconf 90' lang='lat' dir='ltr'>tam</span> <span class='ocrx_word' id='word_1_730' title='bbox 3289 4209 3602 4266; x_wconf 85' lang='lat' dir='ltr'>obstinate</span> <span class='ocrx_word' id='word_1_731' title='bbox 3638 4214 3760 4270; x_wconf 89' lang='lat' dir='ltr'>de-</span> 
     </span>
    </p>
   </div>
   <div class='ocr_carea' id='block_1_100' title="bbox 2058 4289 3760 4368">
    <p class='ocr_par' dir='ltr' id='par_1_100' title="bbox 2058 4289 3760 4368">
     <span class='ocr_line' id='line_1_100' title="bbox 2058 4289 3760 4368; baseline 0.009 -25"><span class='ocrx_word' id='word_1_732' title='bbox 2058 4289 2312 4346; x_wconf 88' lang='lat' dir='ltr'>fenditis.</span> <span class='ocrx_word' id='word_1_733' title='bbox 2354 4291 2570 4364; x_wconf 87' lang='lat' dir='ltr'>Nempe</span> <span class='ocrx_word' id='word_1_734' title='bbox 2610 4293 2945 4365; x_wconf 90' lang='lat' dir='ltr'>quicunque</span> <span class='ocrx_word' id='word_1_735' title='bbox 2985 4311 3088 4352; x_wconf 87' lang='lat' dir='ltr'>seu</span> <span class='ocrx_word' id='word_1_736' title='bbox 3133 4295 3586 4368; x_wconf 87' lang='lat' dir='ltr'>qualiscunque</span> <span class='ocrx_word' id='word_1_737' title='bbox 3637 4299 3760 4360; x_wconf 88' lang='lat' dir='ltr'>ille</span> 
     </span>
    </p>
   </div>
   <div class='ocr_carea' id='block_1_101' title="bbox 2053 4378 3754 4458">
    <p class='ocr_par' dir='ltr' id='par_1_101' title="bbox 2053 4378 3754 4458">
     <span class='ocr_line' id='line_1_101' title="bbox 2053 4378 3754 4458; baseline 0.008 -26"><span class='ocrx_word' id='word_1_738' title='bbox 2053 4378 2245 4444; x_wconf 88' lang='lat' dir='ltr'>fuerit,</span> <span class='ocrx_word' id='word_1_739' title='bbox 2273 4380 2441 4449; x_wconf 84' lang='lat' dir='ltr'>juxta</span> <span class='ocrx_word' id='word_1_740' title='bbox 2469 4380 2703 4436; x_wconf 87' lang='lat' dir='ltr'>beatum</span> <span class='ocrx_word' id='word_1_741' title='bbox 2733 4381 2864 4449; x_wconf 87' lang='lat' dir='ltr'>Job,</span> <span class='ocrx_word' id='word_1_742' title='bbox 2897 4384 3264 4454; x_wconf 90' lang='lat' dir='ltr'>compositus</span> <span class='ocrx_word' id='word_1_743' title='bbox 3309 4385 3451 4451; x_wconf 92' lang='lat' dir='ltr'>Deo,</span> <span class='ocrx_word' id='word_1_744' title='bbox 3487 4387 3604 4458; x_wconf 86' lang='lat' dir='ltr'>qui</span> <span class='ocrx_word' id='word_1_745' title='bbox 3641 4397 3754 4448; x_wconf 81' lang='lat' dir='ltr'>est</span> 
     </span>
    </p>
   </div>
   <div class='ocr_carea' id='block_1_102' title="bbox 2053 4467 3754 4547">
    <p class='ocr_par' dir='ltr' id='par_1_102' title="bbox 2053 4467 3754 4547">
     <span class='ocr_line' id='line_1_102' title="bbox 2053 4467 3754 4547; baseline 0.009 -27"><span class='ocrx_word' id='word_1_746' title='bbox 2053 4467 2420 4539; x_wconf 83' lang='lat' dir='ltr'>ipsajustitia</span> <span class='ocrx_word' id='word_1_747' title='bbox 2437 4473 2494 4522; x_wconf 86' lang='lat' dir='ltr'>et</span> <span class='ocrx_word' id='word_1_748' title='bbox 2511 4469 2812 4540; x_wconf 87' lang='lat' dir='ltr'>sapientia,</span> <span class='ocrx_word' id='word_1_749' title='bbox 2829 4487 2934 4525; x_wconf 91' lang='lat' dir='ltr'>nec</span> <span class='ocrx_word' id='word_1_750' title='bbox 2957 4472 3197 4544; x_wconf 85' lang='lat' dir='ltr'>sapiens</span> <span class='ocrx_word' id='word_1_751' title='bbox 3217 4473 3348 4528; x_wconf 89' lang='lat' dir='ltr'>erit.</span> <span class='ocrx_word' id='word_1_752' title='bbox 3369 4471 3491 4529; x_wconf 90' lang='lat' dir='ltr'>Nec</span> <span class='ocrx_word' id='word_1_753' title='bbox 3517 4481 3754 4547; x_wconf 84' lang='lat' dir='ltr'>potest</span> 
     </span>
    </p>
   </div>
   <div class='ocr_carea' id='block_1_103' title="bbox 2055 4557 3758 4628">
    <p class='ocr_par' dir='ltr' id='par_1_103' title="bbox 2055 4557 3758 4628">
     <span class='ocr_line' id='line_1_103' title="bbox 2055 4557 3758 4628; baseline 0.009 -19"><span class='ocrx_word' id='word_1_754' title='bbox 2055 4557 2178 4610; x_wconf 84' lang='lat' dir='ltr'>ﬁeri</span> <span class='ocrx_word' id='word_1_755' title='bbox 2203 4561 2268 4611; x_wconf 91' lang='lat' dir='ltr'>ut</span> <span class='ocrx_word' id='word_1_756' title='bbox 2297 4557 2542 4628; x_wconf 91' lang='lat' dir='ltr'>quilibet</span> <span class='ocrx_word' id='word_1_757' title='bbox 2571 4559 3016 4615; x_wconf 89' lang='lat' dir='ltr'>convenientius</span> <span class='ocrx_word' id='word_1_758' title='bbox 3048 4565 3150 4616; x_wconf 90' lang='lat' dir='ltr'>aut</span> <span class='ocrx_word' id='word_1_759' title='bbox 3179 4561 3376 4616; x_wconf 89' lang='lat' dir='ltr'>verius</span> <span class='ocrx_word' id='word_1_760' title='bbox 3409 4579 3758 4624; x_wconf 86' lang='lat' dir='ltr'>commen-</span> 
     </span>
    </p>
   </div>
   <div class='ocr_carea' id='block_1_104' title="bbox 1969 4616 3744 4728">
    <p class='ocr_par' dir='ltr' id='par_1_104' title="bbox 1969 4616 3744 4728">
     <span class='ocr_line' id='line_1_104' title="bbox 1969 4616 3744 4728; baseline 0.009 -31"><span class='ocrx_word' id='word_1_761' title='bbox 1969 4616 2016 4682; x_wconf 85' lang='lat' dir='ltr'><strong>D</strong></span> <span class='ocrx_word' id='word_1_762' title='bbox 2049 4645 2186 4700; x_wconf 89' lang='lat' dir='ltr'>dare</span> <span class='ocrx_word' id='word_1_763' title='bbox 2231 4645 2631 4716; x_wconf 67' lang='lat' dir='ltr'>praevaluisset</span> <span class='ocrx_word' id='word_1_764' title='bbox 2675 4653 3120 4704; x_wconf 88' lang='lat' dir='ltr'>sacrosanctum</span> <span class='ocrx_word' id='word_1_765' title='bbox 3151 4651 3512 4722; x_wconf 84' lang='lat' dir='ltr'>mysterium</span> <span class='ocrx_word' id='word_1_766' title='bbox 3549 4655 3744 4728; x_wconf 81' lang='lat' dir='ltr'>ﬁdei,</span> 
     </span>
    </p>
   </div>
   <div class='ocr_carea' id='block_1_105' title="bbox 2043 4733 3748 4810">
    <p class='ocr_par' dir='ltr' id='par_1_105' title="bbox 2043 4733 3748 4810">
     <span class='ocr_line' id='line_1_105' title="bbox 2043 4733 3748 4810; baseline 0.008 -23"><span class='ocrx_word' id='word_1_767' title='bbox 2043 4749 2222 4804; x_wconf 90' lang='lat' dir='ltr'>quam</span> <span class='ocrx_word' id='word_1_768' title='bbox 2252 4733 2375 4804; x_wconf 90' lang='lat' dir='ltr'>ipse</span> <span class='ocrx_word' id='word_1_769' title='bbox 2407 4733 2505 4806; x_wconf 90' lang='lat' dir='ltr'>qui</span> <span class='ocrx_word' id='word_1_770' title='bbox 2527 4736 2768 4791; x_wconf 89' lang='lat' dir='ltr'>tradidit</span> <span class='ocrx_word' id='word_1_771' title='bbox 2793 4737 3179 4808; x_wconf 87' lang='lat' dir='ltr'>semetipsum</span> <span class='ocrx_word' id='word_1_772' title='bbox 3199 4753 3306 4810; x_wconf 89' lang='lat' dir='ltr'>pro</span> <span class='ocrx_word' id='word_1_773' title='bbox 3339 4739 3518 4796; x_wconf 87' lang='lat' dir='ltr'>nobis</span> <span class='ocrx_word' id='word_1_774' title='bbox 3556 4743 3748 4801; x_wconf 81' lang='lat' dir='ltr'>obla-</span> 
     </span>
    </p>
   </div>
   <div class='ocr_carea' id='block_1_106' title="bbox 2041 4821 3744 4902">
    <p class='ocr_par' dir='ltr' id='par_1_106' title="bbox 2041 4821 3744 4902">
     <span class='ocr_line' id='line_1_106' title="bbox 2041 4821 3744 4902; baseline 0.009 -27"><span class='ocrx_word' id='word_1_775' title='bbox 2041 4821 2258 4876; x_wconf 87' lang='lat' dir='ltr'>tionem</span> <span class='ocrx_word' id='word_1_776' title='bbox 2279 4825 2336 4876; x_wconf 91' lang='lat' dir='ltr'>et</span> <span class='ocrx_word' id='word_1_777' title='bbox 2355 4822 2606 4878; x_wconf 90' lang='lat' dir='ltr'>hostiam</span> <span class='ocrx_word' id='word_1_778' title='bbox 2630 4823 2744 4879; x_wconf 91' lang='lat' dir='ltr'>Deo</span> <span class='ocrx_word' id='word_1_779' title='bbox 2765 4824 2825 4878; x_wconf 92' lang='lat' dir='ltr'>in</span> <span class='ocrx_word' id='word_1_780' title='bbox 2856 4825 3093 4880; x_wconf 89' lang='lat' dir='ltr'>odorem</span> <span class='ocrx_word' id='word_1_781' title='bbox 3125 4826 3461 4894; x_wconf 88' lang='lat' dir='ltr'>suavitatis,</span> <span class='ocrx_word' id='word_1_782' title='bbox 3495 4831 3744 4902; x_wconf 85' lang='lat' dir='ltr'>Agnus</span> 
     </span>
    </p>
   </div>
   <div class='ocr_carea' id='block_1_107' title="bbox 2039 4909 3742 4984">
    <p class='ocr_par' dir='ltr' id='par_1_107' title="bbox 2039 4909 3742 4984">
     <span class='ocr_line' id='line_1_107' title="bbox 2039 4909 3742 4984; baseline 0.009 -22"><span class='ocrx_word' id='word_1_783' title='bbox 2039 4909 2452 4966; x_wconf 87' lang='lat' dir='ltr'>immaculatus</span> <span class='ocrx_word' id='word_1_784' title='bbox 2505 4911 2604 4982; x_wconf 91' lang='lat' dir='ltr'>qui</span> <span class='ocrx_word' id='word_1_785' title='bbox 2643 4911 2795 4967; x_wconf 88' lang='lat' dir='ltr'>tollit</span> <span class='ocrx_word' id='word_1_786' title='bbox 2829 4917 3064 4984; x_wconf 88' lang='lat' dir='ltr'>peccata</span> <span class='ocrx_word' id='word_1_787' title='bbox 3109 4915 3341 4970; x_wconf 88' lang='lat' dir='ltr'>mundi.</span> <span class='ocrx_word' id='word_1_788' title='bbox 3395 4915 3510 4970; x_wconf 88' lang='lat' dir='ltr'>Cui</span> <span class='ocrx_word' id='word_1_789' title='bbox 3545 4933 3742 4977; x_wconf 87' lang='lat' dir='ltr'>com-</span> 
     </span>
    </p>
   </div>
   <div class='ocr_carea' id='block_1_108' title="bbox 2037 4998 3746 5080">
    <p class='ocr_par' dir='ltr' id='par_1_108' title="bbox 2037 4998 3746 5080">
     <span class='ocr_line' id='line_1_108' title="bbox 2037 4998 3746 5080; baseline 0.01 -31"><span class='ocrx_word' id='word_1_790' title='bbox 2037 5003 2259 5066; x_wconf 86' lang='lat' dir='ltr'>parata,</span> <span class='ocrx_word' id='word_1_791' title='bbox 2279 4998 2636 5069; x_wconf 87' lang='lat' dir='ltr'>imperfecta,</span> <span class='ocrx_word' id='word_1_792' title='bbox 2662 5002 2830 5071; x_wconf 80' lang='lat' dir='ltr'>cujus</span> <span class='ocrx_word' id='word_1_793' title='bbox 2849 4999 3157 5056; x_wconf 85' lang='lat' dir='ltr'>inscientia</span> <span class='ocrx_word' id='word_1_794' title='bbox 3179 5017 3422 5058; x_wconf 86' lang='lat' dir='ltr'>summa</span> <span class='ocrx_word' id='word_1_795' title='bbox 3435 5009 3534 5060; x_wconf 89' lang='lat' dir='ltr'>est</span> <span class='ocrx_word' id='word_1_796' title='bbox 3547 5005 3746 5080; x_wconf 83' lang='lat' dir='ltr'>igno-</span> 
     </span>
    </p>
   </div>
   <div class='ocr_carea' id='block_1_109' title="bbox 2037 5086 3736 5161">
    <p class='ocr_par' dir='ltr' id='par_1_109' title="bbox 2037 5086 3736 5161">
     <span class='ocr_line' id='line_1_109' title="bbox 2037 5086 3736 5161; baseline 0.009 -22"><span class='ocrx_word' id='word_1_797' title='bbox 2037 5086 2248 5140; x_wconf 88' lang='lat' dir='ltr'>rantia.</span> <span class='ocrx_word' id='word_1_798' title='bbox 2275 5087 3024 5158; x_wconf 85' lang='lat' dir='ltr'>QuaprOptereventilemus</span> <span class='ocrx_word' id='word_1_799' title='bbox 3046 5088 3276 5161; x_wconf 88' lang='lat' dir='ltr'>reliqua</span> <span class='ocrx_word' id='word_1_800' title='bbox 3297 5091 3458 5146; x_wconf 86' lang='lat' dir='ltr'>dicta</span> <span class='ocrx_word' id='word_1_801' title='bbox 3473 5101 3736 5155; x_wconf 85' lang='lat' dir='ltr'>vestra.</span> 
     </span>
    </p>
   </div>
   <div class='ocr_carea' id='block_1_110' title="bbox 2102 5217 3738 5290">
    <p class='ocr_par' dir='ltr' id='par_1_110' title="bbox 2102 5217 3738 5290">
     <span class='ocr_line' id='line_1_110' title="bbox 2102 5217 3738 5290; baseline 0.012 -20"><span class='ocrx_word' id='word_1_802' title='bbox 2102 5217 2307 5271; x_wconf 75' lang='lat' dir='ltr'><strong>XXXV.</strong></span> <span class='ocrx_word' id='word_1_803' title='bbox 2339 5223 3070 5278; x_wconf 59' lang='lat' dir='ltr'>Cossraurmorourmus.</span> <span class='ocrx_word' id='word_1_804' title='bbox 3095 5221 3253 5278; x_wconf 79' lang='lat' dir='ltr'>Dixit</span> <span class='ocrx_word' id='word_1_805' title='bbox 3273 5226 3478 5280; x_wconf 89' lang='lat' dir='ltr'>autem</span> <span class='ocrx_word' id='word_1_806' title='bbox 3513 5226 3738 5290; x_wconf 84' lang='lat' dir='ltr'>David</span> 
     </span>
    </p>
   </div>
   <div class='ocr_carea' id='block_1_111' title="bbox 2029 5305 3740 5376">
    <p class='ocr_par' dir='ltr' id='par_1_111' title="bbox 2029 5305 3740 5376">
     <span class='ocr_line' id='line_1_111' title="bbox 2029 5305 3740 5376; baseline 0.012 -18"><span class='ocrx_word' id='word_1_807' title='bbox 2029 5305 2099 5359; x_wconf 92' lang='lat' dir='ltr'>de</span> <span class='ocrx_word' id='word_1_808' title='bbox 2114 5305 2268 5376; x_wconf 90' lang='lat' dir='ltr'>ipso:</span> <span class='ocrx_word' id='word_1_809' title='bbox 2297 5307 2412 5360; x_wconf 86' lang='lat' dir='ltr'>«Tu</span> <span class='ocrx_word' id='word_1_810' title='bbox 2435 5323 2495 5362; x_wconf 90' lang='lat' dir='ltr'>es</span> <span class='ocrx_word' id='word_1_811' title='bbox 2513 5309 2858 5366; x_wconf 87' lang='lat' dir='ltr'>sacerdosin</span> <span class='ocrx_word' id='word_1_812' title='bbox 2877 5313 3160 5367; x_wconf 56' lang='lat' dir='ltr'>aeternam</span> <span class='ocrx_word' id='word_1_813' title='bbox 3175 5311 3520 5368; x_wconf 83' lang='lat' dir='ltr'>secundum</span> <span class='ocrx_word' id='word_1_814' title='bbox 3547 5321 3740 5376; x_wconf 83' lang='lat' dir='ltr'>ordi-</span> 
     </span>
    </p>
   </div>
   <div class='ocr_carea' id='block_1_112' title="bbox 2027 5393 3736 5472">
    <p class='ocr_par' dir='ltr' id='par_1_112' title="bbox 2027 5393 3736 5472">
     <span class='ocr_line' id='line_1_112' title="bbox 2027 5393 3736 5472; baseline 0.012 -26"><span class='ocrx_word' id='word_1_815' title='bbox 2027 5409 2159 5448; x_wconf 90' lang='lat' dir='ltr'>nem</span> <span class='ocrx_word' id='word_1_816' title='bbox 2189 5393 2611 5450; x_wconf 85' lang='lat' dir='ltr'>Melchisedech</span> <span class='ocrx_word' id='word_1_817' title='bbox 2647 5397 2814 5464; x_wconf 73' lang='lat' dir='ltr'>(Peal.</span> <span class='ocrx_word' id='word_1_818' title='bbox 2849 5415 2960 5466; x_wconf 71' lang='lat' dir='ltr'>cxx,</span> <span class='ocrx_word' id='word_1_819' title='bbox 2995 5400 3071 5470; x_wconf 68' lang='grc' dir='ltr'>ἆ).</span> <span class='ocrx_word' id='word_1_820' title='bbox 3109 5421 3139 5472; x_wconf 59' lang='grc' dir='ltr'>ξ)</span> <span class='ocrx_word' id='word_1_821' title='bbox 3172 5400 3304 5466; x_wconf 84' lang='lat' dir='ltr'>Qui,</span> <span class='ocrx_word' id='word_1_822' title='bbox 3341 5405 3482 5460; x_wconf 81' lang='lat' dir='ltr'>ante</span> <span class='ocrx_word' id='word_1_823' title='bbox 3505 5406 3736 5466; x_wconf 76' lang='lat' dir='ltr'>A-bra-</span> 
     </span>
    </p>
   </div>
   <div class='ocr_carea' id='block_1_113' title="bbox 285 5477 1915 5556">
    <p class='ocr_par' dir='ltr' id='par_1_113' title="bbox 285 5477 1915 5556">
     <span class='ocr_line' id='line_1_113' title="bbox 285 5477 1915 5556; baseline 0.006 -24"><span class='ocrx_word' id='word_1_824' title='bbox 285 5477 587 5534; x_wconf 87' lang='lat' dir='ltr'>municant</span> <span class='ocrx_word' id='word_1_825' title='bbox 614 5481 916 5552; x_wconf 90' lang='lat' dir='ltr'>populum.</span> <span class='ocrx_word' id='word_1_826' title='bbox 937 5481 1131 5552; x_wconf 87' lang='lat' dir='ltr'>Itaque</span> <span class='ocrx_word' id='word_1_827' title='bbox 1153 5485 1207 5536; x_wconf 91' lang='lat' dir='ltr'>et</span> <span class='ocrx_word' id='word_1_828' title='bbox 1229 5481 1284 5535; x_wconf 89' lang='lat' dir='ltr'>in</span> <span class='ocrx_word' id='word_1_829' title='bbox 1311 5482 1539 5554; x_wconf 88' lang='lat' dir='ltr'>magnis</span> <span class='ocrx_word' id='word_1_830' title='bbox 1568 5487 1624 5538; x_wconf 92' lang='lat' dir='ltr'>et</span> <span class='ocrx_word' id='word_1_831' title='bbox 1643 5483 1702 5537; x_wconf 88' lang='lat' dir='ltr'>in</span> <span class='ocrx_word' id='word_1_832' title='bbox 1723 5486 1915 5556; x_wconf 88' lang='lat' dir='ltr'>parvis</span> 
     </span>
    </p>
   </div>
   <div class='ocr_carea' id='block_1_114' title="bbox 283 5561 1914 5646">
    <p class='ocr_par' dir='ltr' id='par_1_114' title="bbox 283 5561 1914 5646">
     <span class='ocr_line' id='line_1_114' title="bbox 283 5561 1914 5646; baseline 0.007 -30"><span class='ocrx_word' id='word_1_833' title='bbox 283 5561 554 5620; x_wconf 84' lang='lat' dir='ltr'>Ecolesiis</span> <span class='ocrx_word' id='word_1_834' title='bbox 583 5565 738 5625; x_wconf 80' lang='lat' dir='ltr'>hunc</span> <span class='ocrx_word' id='word_1_835' title='bbox 759 5585 988 5646; x_wconf 86' lang='lat' dir='ltr'>morem</span> <span class='ocrx_word' id='word_1_836' title='bbox 1021 5569 1296 5624; x_wconf 87' lang='lat' dir='ltr'>traditum</span> <span class='ocrx_word' id='word_1_837' title='bbox 1329 5569 1440 5624; x_wconf 91' lang='lat' dir='ltr'>sibi</span> <span class='ocrx_word' id='word_1_838' title='bbox 1473 5587 1506 5624; x_wconf 91' lang='lat' dir='ltr'>a</span> <span class='ocrx_word' id='word_1_839' title='bbox 1535 5573 1752 5626; x_wconf 88' lang='lat' dir='ltr'>sanctis</span> <span class='ocrx_word' id='word_1_840' title='bbox 1777 5589 1914 5643; x_wconf 84' lang='lat' dir='ltr'>apo-</span> 
     </span>
    </p>
   </div>
   <div class='ocr_carea' id='block_1_115' title="bbox 283 5647 1909 5730">
    <p class='ocr_par' dir='ltr' id='par_1_115' title="bbox 283 5647 1909 5730">
     <span class='ocr_line' id='line_1_115' title="bbox 283 5647 1909 5730; baseline 0.007 -24"><span class='ocrx_word' id='word_1_841' title='bbox 283 5647 452 5706; x_wconf 83' lang='lat' dir='ltr'>stolis</span> <span class='ocrx_word' id='word_1_842' title='bbox 497 5650 714 5714; x_wconf 84' lang='lat' dir='ltr'>habent</span> <span class='ocrx_word' id='word_1_843' title='bbox 755 5674 957 5716; x_wconf 87' lang='lat' dir='ltr'>omnes</span> <span class='ocrx_word' id='word_1_844' title='bbox 1001 5655 1312 5714; x_wconf 87' lang='lat' dir='ltr'>Christiani</span> <span class='ocrx_word' id='word_1_845' title='bbox 1371 5657 1556 5728; x_wconf 90' lang='lat' dir='ltr'>ipsius</span> <span class='ocrx_word' id='word_1_846' title='bbox 1586 5660 1909 5730; x_wconf 67' lang='lat' dir='ltr'>provinciae.</span> 
     </span>
    </p>
   </div>
   <div class='ocr_carea' id='block_1_116' title="bbox 2025 5480 3738 5556">
    <p class='ocr_par' dir='ltr' id='par_1_116' title="bbox 2025 5480 3738 5556">
     <span class='ocr_line' id='line_1_116' title="bbox 2025 5480 3738 5556; baseline 0.006 -22"><span class='ocrx_word' id='word_1_847' title='bbox 2025 5480 2160 5535; x_wconf 84' lang='lat' dir='ltr'>ham</span> <span class='ocrx_word' id='word_1_848' title='bbox 2211 5485 2266 5536; x_wconf 90' lang='lat' dir='ltr'>et</span> <span class='ocrx_word' id='word_1_849' title='bbox 2295 5483 2552 5554; x_wconf 86' lang='lat' dir='ltr'>Moysen,</span> <span class='ocrx_word' id='word_1_850' title='bbox 2585 5485 2732 5554; x_wconf 83' lang='lat' dir='ltr'>coeli,</span> <span class='ocrx_word' id='word_1_851' title='bbox 2761 5491 2925 5542; x_wconf 72' lang='lat' dir='ltr'>terra:</span> <span class='ocrx_word' id='word_1_852' title='bbox 2967 5492 3027 5543; x_wconf 88' lang='lat' dir='ltr'>et</span> <span class='ocrx_word' id='word_1_853' title='bbox 3055 5492 3400 5546; x_wconf 77' lang='lat' dir='ltr'>cceterarum</span> <span class='ocrx_word' id='word_1_854' title='bbox 3455 5501 3738 5556; x_wconf 76' lang='lat' dir='ltr'>creatu-</span> 
     </span>
    </p>
   </div>
   <div class='ocr_carea' id='block_1_117' title="bbox 2023 5575 3734 5660">
    <p class='ocr_par' dir='ltr' id='par_1_117' title="bbox 2023 5575 3734 5660">
     <span class='ocr_line' id='line_1_117' title="bbox 2023 5575 3734 5660; baseline 0.006 -37"><span class='ocrx_word' id='word_1_855' title='bbox 2023 5587 2220 5625; x_wconf 86' lang='lat' dir='ltr'>rarum</span> <span class='ocrx_word' id='word_1_856' title='bbox 2256 5587 2580 5642; x_wconf 84' lang='lat' dir='ltr'>agnoscens</span> <span class='ocrx_word' id='word_1_857' title='bbox 2611 5575 2814 5644; x_wconf 90' lang='lat' dir='ltr'>Deum,</span> <span class='ocrx_word' id='word_1_858' title='bbox 2849 5593 3173 5650; x_wconf 75' lang='lat' dir='ltr'>exsurgens</span> <span class='ocrx_word' id='word_1_859' title='bbox 3201 5577 3422 5635; x_wconf 83' lang='lat' dir='ltr'>obtulit</span> <span class='ocrx_word' id='word_1_860' title='bbox 3451 5580 3550 5638; x_wconf 87' lang='lat' dir='ltr'>illi</span> <span class='ocrx_word' id='word_1_861' title='bbox 3609 5604 3734 5660; x_wconf 69' lang='lat' dir='ltr'>pa-</span> 
     </span>
    </p>
   </div>
   <div class='ocr_carea' id='block_1_118' title="bbox 2025 5661 3732 5743">
    <p class='ocr_par' dir='ltr' id='par_1_118' title="bbox 2025 5661 3732 5743">
     <span class='ocr_line' id='line_1_118' title="bbox 2025 5661 3732 5743; baseline 0.012 -27"><span class='ocrx_word' id='word_1_862' title='bbox 2025 5673 2156 5716; x_wconf 87' lang='lat' dir='ltr'>nem</span> <span class='ocrx_word' id='word_1_863' title='bbox 2186 5663 2240 5716; x_wconf 89' lang='lat' dir='ltr'>et</span> <span class='ocrx_word' id='word_1_864' title='bbox 2271 5661 2489 5718; x_wconf 89' lang='lat' dir='ltr'>vinum.</span> <span class='ocrx_word' id='word_1_865' title='bbox 2515 5663 2648 5722; x_wconf 90' lang='lat' dir='ltr'>Ideo</span> <span class='ocrx_word' id='word_1_866' title='bbox 2665 5665 2803 5722; x_wconf 85' lang='lat' dir='ltr'>dicit</span> <span class='ocrx_word' id='word_1_867' title='bbox 2819 5665 3058 5724; x_wconf 80' lang='lat' dir='ltr'>divinus</span> <span class='ocrx_word' id='word_1_868' title='bbox 3077 5667 3396 5740; x_wconf 81' lang='lat' dir='ltr'>Apostolus</span> <span class='ocrx_word' id='word_1_869' title='bbox 3431 5688 3446 5728; x_wconf 90' lang='lat'><strong>:</strong></span> <span class='ocrx_word' id='word_1_870' title='bbox 3471 5695 3506 5722; x_wconf 75' lang='grc' dir='ltr'>(ε</span> <span class='ocrx_word' id='word_1_871' title='bbox 3539 5676 3732 5743; x_wconf 75' lang='lat' dir='ltr'>Quo-</span> 
     </span>
    </p>
   </div>
  </div>
