3876 6348
130 456 239 522 95⁵7

1104 440 1522 517 ADVERSUS
1568 447 2026 515 GRECORUM
2069 448 2549 516 CALUMNIAS.

3400 450 3520 516 958

92 646 97 649 _
130 590 310 666 gratia
338 590 393 649 et
419 587 658 647 veritate
688 604 793 663 per
820 590 1025 646 Jesum
1065 587 1361 646 Christum
1392 588 1563 657 facta,
1596 586 1777 660 spiri-r
1796 584 1851 653 Α
1880 587 1952 643 ad
1971 585 2264 659 justitiam
2308 586 2469 644 omni
2516 585 2776 643 credenti
2806 587 2979 659 (Rom.
3028 605 3083 655 ι,
3133 586 3208 659 4).
3261 608 3288 637 ››
3336 586 3521 654 Unde,

132 681 313 738 tuales
342 680 669 736 vivificabat
699 697 711 734 :
741 684 803 735 ut
825 679 930 747 illi,
957 679 1161 735 timore
1181 677 1519 751 temporalis
1537 678 1766 744 mortis,

132 788 194 827 ac
223 771 269 827 si
302 771 509 842 frigore
557 770 867 835 contracti,
916 768 1051 825 inde
1099 767 1400 841 pellerent,
1454 768 1605 823 unde
1648 767 1766 831 isti,

131 877 317 917 amore
334 863 558 914 aeternae
581 859 730 926 vitae,
756 858 922 930 quasi
956 858 1142 913 calore
1166 857 1435 931 vcgetati,
1462 857 1768 923 rubebant,

1879 768 2063 832 telam,
2103 787 2131 815 »

1876 854 2044 928 leg'is,
2063 858 2591 920 consummantem,
2606 872 2719 909 non
2740 860 3181 911 consumentem
3199 874 3212 912 :
3232 854 3532 928 perﬁcien-

1877 676 2154 749 quoniam
2197 675 2362 732 aliter
2388 675 2605 732 dicitur
2621 677 2786 747 ﬁnivi
2801 693 3021 749 panem,
3059 699 3086 725 »
3118 676 3287 732 aliter
3317 699 3343 727 ‹‹
3369 676 3529 746 ﬁnivi

2178 765 2536 837 accipiamus
2575 782 2813 821 necesse
2863 771 2951 822 est
3003 766 3301 823 Christum
3351 765 3527 822 ﬁnem

134 954 187 1004 et
216 966 346 1004 cum
376 946 557 1003 Paulo
588 945 769 1002 libere
802 947 1198 1018 proclamant:
1235 968 1262 997 «
1291 945 1598 1002 Plenitudo
1627 944 1772 1017 legis
1880 948 2018 1011 tem,
2047 960 2161 999 non
2186 943 2609 999 annihilantem
2631 961 2643 999 :
2668 944 3078 1017 complentem,
3104 962 3218 999 non
3243 961 3530 1000 evacuan-

132 1041 217 1093 est
244 1036 475 1092 dilectio
510 1036 679 1107 (Rom.
714 1054 838 1105 xm,
874 1036 982 1102 lO).
1023 1059 1042 1084 ιι
1079 1037 1143 1090 In
1175 1036 1346 1106 cujus
1374 1036 1604 1090 duobus
1635 1052 1774 1106 prae-

132 1125 307 1198 ceptis
339 1125 645 1181 charitatis
676 1128 858 1179 totam
900 1124 1151 1196 pendere
1182 1125 1413 1179 Veritas
1456 1124 1772 1196 perhibuit.

133 1214 289 1279 Quod
319 1212 366 1269 si
400 1218 549 1268 Deus
581 1212 837 1269 charitas
868 1217 974 1279 est,
1010 1217 1120 1269 Deo
1152 1212 1353 1286 procul
1375 1212 1553 1268 dubio
1577 1212 1775 1267 adver-

135 1307 294 1359 satur
315 1302 587 1375 quisquis
610 1302 832 1374 aliquid
872 1302 981 1373 legi
1016 1302 1199 1375 Moysi
1229 1301 1574 1359 subtrahere
1604 1318 1777 1357 cona-

134 1396 245 1458 tur,
279 1409 455 1464 quam
489 1391 613 1463 ipse
645 1396 824 1447 totam
852 1392 909 1446 in
932 1392 1212 1447 charitate
1236 1392 1483 1465 pendere
1506 1394 1775 1446 testatur.

134 1480 263 1544 Quae
291 1480 594 1535 charitatis
616 1481 869 1552 gemina,
903 1480 1236 1537 carnalibus
1263 1485 1319 1536 et
1349 1481 1593 1536 terrenis
1616 1496 1781 1535 caere-

136 1569 343 1625 moniis
372 1572 658 1639 contecta,
688 1569 847 1625 velut
875 1570 1115 1641 quidam
1137 1569 1400 1625 bisulcus
1419 1569 1633 1624 hamus
1655 1586 1779 1625 ver—

136 1656 363 1713 miculis
395 1674 498 1714 seu
529 1657 792 1713 volaticis
824 1657 1042 1731 plumis
1064 1658 1340 1725 insertus,
1373 1663 1430 1713 et
1458 1658 1514 1713 in
1541 1658 1783 1731 pelagus

136 1745 399 1802 humanas
439 1746 847 1818 captivationis
886 1747 1114 1803 coalitus
1153 1748 1471 1812 demissus,
1521 1764 1698 1819 vagos
1729 1746 1785 1802 et

134 1849 343 1889 vacuos
374 1834 699 1890 ccelestium
746 1836 1035 1903 homines,
1088 1837 1379 1892 inescatos
1426 1835 1781 1906 visibilibus,

1883 1036 2022 1088 tem.
2050 1033 2208 1097 Quod
2234 1033 2365 1088 linis
2387 1032 2457 1087 ab
2476 1032 2639 1088 initio
2663 1032 2859 1088 saeculi
2881 1034 3231 1105 promissus,
3255 1037 3311 1089 et
3334 1033 3391 1088 in
3418 1034 3532 1089 fine

1884 1122 2197 1188 exhibitus,
2220 1123 2361 1178 dum
2387 1123 2665 1195 penderet
2684 1122 2743 1177 in
2765 1139 2935 1179 cruce
2974 1140 3077 1195 pro
3110 1122 3278 1178 nobis
3302 1122 3527 1178 sacriﬁ-

1887 1213 2041 1267 cium
2059 1212 2446 1283 vespertinum
2462 1217 2519 1267 et
2533 1212 2803 1267 ultimum
2819 1212 3023 1280 factus,
3047 1212 3238 1268 sciens
3252 1212 3527 1285 quiajam

1887 1300 2501 1357 omniaconsummata
2514 1299 3529 1372 sunt,utconsummareturScriptu-

1872 1408 1972 1458 τα,
1999 1390 2174 1446 dicit:
2209 1414 2237 1440 «
2259 1390 2399 1445 Sitio
2422 1391 2595 1462 (Joan.
2621 1393 2869 1462 x1x,28).
2900 1415 2925 1439 ››
2962 1392 3065 1456 Qui
3107 1408 3237 1445 cum
3272 1388 3526 1460 accepis-

1887 1485 1977 1536 set
2001 1484 2253 1546 acetum,
2286 1479 2430 1535 dixit
2454 1497 2466 1535 :
2495 1503 2522 1530 ‹‹
2546 1484 3027 1536 Consummatum
3057 1484 3145 1535 est
3170 1480 3330 1550 (Ibid.
3353 1479 3464 1549 30).
3501 1501 3527 1525 »

1886 1570 1956 1624 Et
1982 1568 2256 1625 inclinato
2279 1570 2468 1641 capite
2490 1569 2730 1625 tradidit
2772 1569 3065 1641 spiritum.
3108 1568 3215 1624 Ubi
3255 1570 3405 1623 certe
3426 1584 3530 1622 nec

1888 1657 2251 1730 Evangelista
2282 1658 2460 1714 dicit:
2494 1662 2554 1713 ut
2582 1663 2995 1714 consumeretur
3036 1660 3137 1716 sed
3185 1662 3246 1713 ut
3292 1674 3537 1715 consum-

1888 1752 2136 1803 maretur
2154 1747 2473 1819 Scriptura.
2509 1748 2623 1803 Nec
2654 1747 2780 1819 ipse
2812 1748 3131 1804 Dominus:
3158 1757 3538 1821 consumptum

1889 1840 1988 1905 est,
2019 1838 2119 1893 sed
2149 1845 2582 1892 consummatum
2618 1845 2715 1893 est.
2768 1838 2853 1893 Ad
2905 1854 3080 1911 quam
3114 1839 3419 1896 morientis
3447 1856 3540 1896 vo-

134 1922 410 1978 invisibili
455 1940 739 1979 mucrone
780 1926 1028 1995 trajecit,
1064 1930 1119 1980 et
1166 1926 1439 1996 trajectos
1489 1926 1559 1980 ad
1589 1925 1785 1982 sinum
1816 1963 1863 2028 Β
1893 1942 2017 1982 cem
2048 1925 2238 1981 velum
2270 1925 2472 1998 templi
2503 1926 2756 1981 scissum
2782 1930 2871 1983 est
2899 1944 3086 1998 usque
3120 1929 3416 1996 deorsum,
3451 1932 3534 1997 ut,

136 2011 405 2085 angelica
438 2011 723 2068 libertatis
745 2014 1019 2067 retraxit:
1065 2014 1321 2069 dicentes
1360 2015 1475 2070 Deo
1507 2015 1564 2069 in
1589 2016 1784 2071 Canti-

138 2117 339 2157 corum
371 2101 651 2156 canticis:
692 2122 714 2148 ι
745 2102 934 2157 Trahe
974 2120 1064 2157 me
1113 2107 1241 2175 post
1271 2107 1326 2158 te
1360 2103 1535 2174 (Cant.
1573 2121 1611 2171 ι,
1642 2104 1715 2176 3).
1758 2127 1783 2152 n

139 2191 244 2247 Et:
294 2190 608 2245 Vulnerata
654 2190 933 2247 cbaritate
986 2209 1091 2263 ego
1155 2209 1285 2247 sum
1352 2192 1529 2263 (Cant.
1583 2210 1658 2261 ιν,
1706 2194 1781 2264 9)·

140 2278 258 2347 Sic,
281 2280 420 2335 dum
443 2279 614 2335 homo
639 2279 894 2335 adhaeret
935 2285 1067 2347 Deo,
1113 2286 1168 2335 et
1203 2281 1427 2336 homini
1459 2282 1783 2354 proximus,

141 2367 553 2423 decentissima
583 2367 754 2433 linea,
788 2374 843 2423 et
865 2373 1142 2441 tanquam
1175 2386 1351 2425 aurea
1372 2372 1786 2426 mandatorum

141 2456 472 2513 divinorum
485 2458 933 2529 c'atena,pariter
944 2459 1015 2513 ad
1033 2459 1370 2530 paradisum
1387 2460 1784 2515 retrahuntur.

216 2592 345 2648 XLI.
368 2592 587 2648 Deinde
609 2596 826 2664 quanta
848 2593 1129 2649 instantia
1150 2593 1509 2665 Euphration
1539 2592 1787 2667 Rhodio-

143 2695 276 2735 rum
314 2680 624 2753 episcopus
671 2679 858 2751 legem
908 2686 1157 2737 veterem
1206 2686 1406 2737 contra
1451 2682 1792 2737 Severianos

142 2768 441 2824 hereticos
486 2769 827 2836 defenderit,
864 2786 930 2825 ea
968 2770 1248 2841 subjectis
1286 2770 1479 2825 verbis
1508 2770 1696 2841 ipsius
1726 2768 1795 2823 li-

142 2862 308 2930 quet,
339 2856 440 2913 ubi
464 2857 616 2913 inter
646 2857 929 2913 nonnulla
960 2857 1075 2914 alia
1116 2859 1295 2914 dixit:
1331 2881 1359 2908 «
1394 2859 1795 2915 Fundamenta

140 2946 355 3002 domus
384 2945 673 3019 praeclarae
701 2946 854 3003 circa
884 2947 1157 3019 squalida
1185 2947 1312 3003 loca
1340 2952 1480 3003 sunt
1498 2948 1706 3020 posita,
1732 2952 1798 3002 ut
1842 3020 1855 3028 ι

142 3052 214 3091 ea
236 3052 360 3107 quae
381 3039 520 3091 sunt
539 3036 812 3108 superius
838 3035 1032 3093 nullas
1063 3036 1451 3092 contumelias
1472 3041 1796 3093 stercorum

141 3124 458 3197 patiantur.
492 3125 806 3196 Superiora
835 3140 971 3197 ergo
1003 3126 1214 3181 domus
1237 3124 1612 3197 laquearibus
1634 3142 1799 3181 aura-

96 3262 99 3263 ,
142 3213 243 3280 tis,
262 3213 702 3284 parietibusque
720 3214 911 3284 pictis,
933 3220 990 3270 et
1003 3215 1162 3269 vario
1182 3231 1545 3270 marmorum
1564 3214 1797 3270 metallo

146 3306 287 3358 sunt
314 3301 501 3370 edita;
535 3301 810 3357 inferiora
836 3319 990 3371 vero,
1032 3303 1265 3359 humori
1309 3307 1533 3359 terreno
1580 3304 1790 3371 vicina,

147 3390 385 3462 degesta
405 3389 581 3445 etiam
596 3390 963 3462 superiorum
978 3391 1252 3446 universa
1272 3390 1622 3462 suscipiunt.
1643 3392 1789 3455 Quid

146 3494 286 3550 ergo
316 3495 472 3534 nunc
498 3478 822 3535 faciemus?
852 3479 910 3534 Si
941 3480 1265 3535 auferimus
1295 3478 1586 3547 inferiora,
1620 3497 1799 3553 supe-

154 3567 309 3623 riora
351 3572 666 3623 corruunt:
715 3572 931 3635 tamen,
965 3568 1014 3622 si
1062 3568 1415 3623 destruenda
1441 3574 1609 3623 erant
1648 3569 1797 3625 infe-

144 3656 322 3722 riora,
354 3672 469 3711 non
495 3655 603 3711 hoc
627 3656 776 3712 alius
797 3661 1044 3729 poterat,
1070 3657 1183 3712 nisi
1221 3656 1322 3712 Dei
1360 3656 1543 3712 Filius
1582 3658 1791 3714 facere.

142 3744 463 3800 Videamus
485 3760 621 3817 ergo
641 3750 840 3799 utrum
862 3744 989 3816 ipse
1008 3744 1360 3800 destruxerit
1380 3745 1487 3800 hoc
1504 3747 1656 3817 quod
1688 3763 1795 3802 nos

143 3831 401 3889 dicimus
431 3850 789 3906 permanere.
828 3855 857 3883 «
888 3834 1134 3899 Putatis,
1164 3832 1377 3905 inquit,
1404 3833 1543 3905 quia
1572 3833 1701 3889 veni
1721 3834 1795 3890 le-

137 3940 274 3997 gem
308 3922 530 3979 solvere
560 3927 660 3978 aut
702 3921 1062 3994 prophetas?
1108 3921 1235 3977 Non
1277 3922 1407 3977 veni
1455 3921 1642 3993 legem
1673 3923 1792 3980 sol-

134 4028 291 4079 vere,
326 4012 427 4068 sed
459 4009 780 4083 adimplere
811 4010 1019 4081 (Matth.
1068 4027 1126 4080 ν,
1178 4011 1287 4078 17).
1322 4032 1350 4060 ››
1402 4012 1469 4065 Et
1508 4027 1611 4066 vos
1657 4027 1793 4083 ergo

1887 2014 2426 2087 juxtaApostolum,
2442 2015 2852 2070 accedentibus
2870 2016 2939 2070 ad
2955 2015 3252 2073 Christum
3271 2015 3534 2073 velamen

1895 2121 2080 2176 usque
2109 2106 2248 2158 tunc
2278 2103 2532 2175 positum
2566 2104 2622 2159 in
2646 2103 2892 2160 lectione
2921 2104 3143 2160 Veteris
3174 2106 3536 2162 Testamenti

1895 2192 2322 2264 significaretur
2352 2191 2632 2247 ablatum.
2656 2193 2789 2256 Quae
2821 2194 3249 2250 consummatio
3287 2212 3401 2250 non
3438 2212 3540 2268 per

1894 2281 2191 2337 leviticum
2222 2281 2612 2337 sacerdotium
2659 2282 2789 2349 fuit,
2833 2283 2990 2354 quia,
3040 2287 3348 2340 attestante
3396 2286 3542 2357 Apo-

1898 2367 2046 2424 stolo
2075 2385 2087 2421 :
2124 2367 2281 2422 Nihil
2301 2368 2372 2422 ad
2396 2368 2714 2440 perfectum
2739 2369 2924 2424 duxit.
2950 2371 3028 2424 Ex
3049 2370 3264 2443 quibus
3284 2370 3543 2444 Apostoli

1896 2457 2091 2513 verbis
2112 2473 2183 2512 ne
2203 2458 2345 2512 forte
2366 2457 2680 2512 resumatis
2701 2475 2906 2513 ansam
2929 2458 3344 2532 calumniandi,
3366 2464 3549 2516 atten-

1901 2546 2018 2602 dite
2041 2545 2180 2617 quia
2201 2562 2316 2601 non
2343 2545 2510 2614 dixit,
2536 2547 2619 2600 nil
2643 2547 2769 2601 boni
2786 2549 2914 2617 facit
2935 2548 3042 2614 lex,
3067 2549 3168 2603 sed
3200 2550 3283 2604 nil
3297 2552 3543 2622 perfecit.

1902 2633 2116 2690 Habuit
2146 2634 2321 2701 enim,
2355 2638 2419 2688 ut
2449 2634 2604 2690 idem
2634 2635 2944 2707 Apostolus
2970 2636 3070 2705 ait,
3101 2638 3547 2708 iustiﬁcationes

1900 2724 2161 2791 culturae,
2196 2728 2250 2778 et
2273 2727 2540 2779 sanctum
2570 2723 2864 2790 saecularc,
2888 2728 2946 2780 et
2963 2725 3405 2783 tabernaculum
3428 2745 3547 2784 ma-

1903 2812 2226 2880 nufactum,
2259 2816 2317 2867 et
2346 2812 2649 2884 pontifices
2698 2814 3073 2884 praesentium
3106 2815 3413 2885 bonorum,
3444 2817 3545 2890 qui

1903 2917 2006 2973 per
2036 2900 2289 2955 alienum
2323 2901 2670 2973 sanguinem
2702 2902 2880 2958 semel
2901 2903 2961 2959 in
2984 2919 3136 2961 anno
3183 2905 3547 2963 introeuntes

1856 2993 2106 3045 csancta
2155 2993 2521 3055 sanctorum,
2587 2991 3035 3047 sanctificabant
3091 2981 3427 3066 inquinatos
3478 2996 3550 3051 ad

1907 3079 2383 3135 emundationem
2415 3079 2625 3135 carnis.
2660 3086 2705 3137 Δ
2736 3081 2952 3152 quibus
2984 3099 3230 3141 munera
3258 3088 3317 3141 et
3344 3084 3551 3141 hostia:

1907 3167 2318 3236 offerebantur,
2352 3185 2479 3240 qua:
2513 3186 2625 3225 non
2655 3174 2907 3246 possunt
2934 3172 3104 3241 juxta
3134 3173 3551 3230 conscientiam

1907 3256 2225 3329 perfectum
2260 3256 2446 3312 facere
2467 3257 2833 3321 servientem,
2857 3258 3221 3317 solummodo
3243 3259 3299 3315 in
3330 3260 3474 3317 cibis
3494 3266 3550 3317 et

1824 3330 1867 3397 C
1905 3345 2141 3417 potibus
2170 3349 2224 3399 et
2250 3346 2426 3401 variis
2463 3345 2916 3418 baptismatibus
2958 3352 3015 3402 et
3046 3348 3296 3419 justitiis
3327 3349 3544 3415 carnis,

1910 3450 2095 3504 usque
2126 3434 2193 3488 ad
2227 3437 2460 3504 tempus
2500 3433 2872 3490 correctionis
2919 3434 3226 3507 impositis.
3280 3435 3548 3494 Christus

1908 3526 2100 3577 autem
2133 3522 2415 3577 assistens
2446 3521 2701 3593 pontifex
2732 3522 3058 3579 futurorum
3104 3524 3413 3597 bonorum,
3447 3544 3551 3599 per

1906 3610 2161 3682 amplius
2173 3614 2229 3665 et
2246 3609 2550 3682 perfectius
2565 3611 3001 3668 tabernaculum
3016 3630 3131 3669 non
3146 3614 3549 3672 manufactum

1906 3698 1962 3754 id
1996 3703 2087 3754 est
2116 3715 2231 3753 non
2261 3699 2440 3770 hujus
2470 3699 2805 3768 creationis,
2839 3718 3028 3773 neque
3071 3718 3175 3775 per
3203 3704 3550 3777 sanguinem

1907 3787 2201 3843 hircorum
2233 3791 2290 3844 et
2318 3787 2655 3854 vitulorum,
2687 3790 2790 3845 sed
2836 3808 2936 3863 per
2982 3792 3280 3865 proprium
3312 3794 3550 3866 sangui-

1907 3893 2041 3932 nem
2071 3876 2333 3933 introivit
2353 3877 2527 3934 semel
2560 3877 2620 3932 in
2653 3883 2875 3946 sancta,
2908 3883 3121 3935 aeterna
3149 3881 3551 3954 redemptione

1904 3965 2161 4033 inventa,
2180 3967 2413 4038 quando
2434 3983 2537 4038 per
2558 3966 2841 4038 Spiritum
2866 3972 3133 4023 sanctum
3165 3970 3548 4042 semetipsum

1903 4053 2116 4109 obtulit
2128 4053 2569 4109 immaculatum
2583 4055 2720 4120 Deo,
2741 4060 2798 4110 et
2814 4056 3116 4112 mundavit
3132 4057 3549 4114 conscientiam

1902 4146 2161 4199 nostram
2193 4143 2264 4199 ab
2295 4143 2568 4216 operibus
2594 4145 2864 4214 mortuis,
2913 4145 2985 4200 ad
3032 4145 3406 4202 serviendum
3443 4148 3551 4203 Deo

1899 4231 2129 4288 viventi.
2151 4232 2433 4304 Equidem
2455 4233 2783 4289 secundum
2805 4234 2990 4305 legem
3031 4234 3228 4307 plures
3260 4235 3395 4291 facti
3417 4242 3555 4293 sunt

1901 4321 2250 4390 sacerdotes,
2275 4321 2487 4377 idcirco
2525 4323 2681 4394 quod
2718 4327 2906 4379 morte
2950 4323 3404 4396 prohiberentur
3433 4341 3555 4398 per-

1899 4426 2155 4466 manere.
2189 4410 2291 4466 Hic
2323 4414 2541 4480 autem,
2566 4427 2632 4467 eo
2664 4412 2821 4482 quod
2863 4416 3097 4468 maneat
3138 4413 3197 4468 in
3247 4418 3548 4479 aeternum,

206 4498 376 4555 XLII.
406 4499 517 4554 Sed
548 4514 619 4553 ne
647 4497 793 4553 forte
823 4496 1015 4553 adhuc
1042 4497 1207 4553 vobis
1237 4498 1487 4553 nimium
1510 4497 1786 4570 placeatis
1898 4500 2322 4572 sempiternum
2352 4498 2528 4554 habet
2549 4500 2942 4555 sacerdotium
2971 4516 2984 4554 :
3010 4502 3108 4572 qui
3128 4500 3291 4557 solus
3312 4502 3546 4574 proprio

125 4605 204 4645 ex
226 4586 664 4660 opinationibus
683 4585 914 4655 vestris,
934 4602 1069 4641 cum
1087 4585 1231 4641 nihil
1250 4586 1515 4653 teneatis,
1539 4586 1785 4660 diligen-
1898 4589 2180 4663 sanguine
2227 4588 2406 4644 semel
2447 4593 2724 4643 aeternam
2775 4589 3241 4661 redemptionem
3290 4590 3549 4663 perfecit.

124 4676 259 4734 tius
278 4675 731 4749 recapitulemus
751 4675 973 4731 dictum
995 4675 1277 4747 Apostoli,
1292 4692 1467 4747 quem
1486 4692 1664 4748 supra
1675 4675 1789 4733 vio-
1813 4696 1862 4761 Β
1892 4695 2070 4753 quam
2096 4677 2177 4734 illi
2192 4676 2409 4733 alienas
2422 4678 2705 4750 sanguine
2721 4676 3555 4748 incessanterimitantere,im-

118 4767 326 4823 lentor
361 4765 434 4821 ad
482 4769 743 4821 vestrum
790 4764 1137 4837 suffragium
1168 4764 1460 4822 attrahere
1489 4766 1781 4822 tentastis.
1895 4768 2207 4841 perfectam
2242 4766 2756 4837 repraesentabant.
2794 4767 2928 4831 Quae
2960 4772 3024 4821 ut
3053 4768 3323 4836 accessit,
3357 4770 3554 4826 omnis

120 4854 284 4921 Quia
307 4854 427 4911 ait:
455 4876 485 4906 «
502 4853 564 4910 Si
585 4852 1015 4910 consummatio
1046 4870 1148 4927 per
1168 4854 1559 4911 sacerdotium
1601 4854 1787 4911 leviti-
1895 4855 1991 4912 ille
2023 4855 2443 4911 sacrificiorum
2467 4871 2569 4911 seu
2596 4854 3054 4911 caerimonialum
3076 4856 3403 4914 carnalium
3428 4875 3556 4915 cur-

121 4960 274 5001 cum
304 4946 468 5012 erat;
500 4941 752 5017 populus
782 4942 940 4998 enim
972 4943 1084 4999 sub
1132 4943 1259 5015 ipso
1307 4942 1495 5016 legem
1526 4944 1788 5016 accepit;
1899 4962 2002 5001 sus
2018 4945 2153 5016 jure
2182 4943 2530 5016 conquievit.
2564 4944 2763 5016 Neque
2791 4943 2948 5000 enim
2979 4946 3254 5019 deinceps
3284 4946 3554 5020 pluribus

123 5031 282 5107 quid
313 5031 505 5089 adhuc
550 5031 946 5088 necessarium
996 5031 1109 5089 fuit
1154 5033 1480 5088 secundum
1527 5033 1792 5095 ordinem
1901 5031 2790 5103 sacriﬁciisindigemus,quiain
2808 5036 3552 5110 unoaeternamredemptio

118 5120 563 5181 Melchisedech
590 5121 773 5177 alium
796 5110 1036 5193 s'urgere
1058 5121 1438 5189 sacerdotem,
1463 5126 1521 5177 et
1555 5138 1672 5179 non
1705 5139 1795 5178 se-
1903 5138 2037 5178 nem
2071 5120 2424 5189 invenimus,
2458 5138 2608 5192 quae,
2654 5134 2763 5193 "per
2811 5120 3113 5179 leviticum
3162 5126 3552 5182 sacerdotium

122 5212 400 5268 cundum
422 5214 613 5267 Aaron
630 5209 793 5265 dici?
813 5209 1124 5266 Translata
1147 5210 1302 5266 enim
1322 5210 1668 5279 sacerdotio,
1693 5228 1796 5267 nc-
1906 5211 2156 5283 incepta,
2190 5227 2293 5281 per
2322 5209 2724 5282 pontificatum
2756 5210 2989 5266 Domini
3020 5212 3162 5267 Jesu
3185 5218 3408 5269 constat
3428 5230 3552 5284 per-

121 5315 302 5357 cesse
333 5303 422 5357 est
446 5302 511 5355 ut
538 5298 685 5371 legis
716 5315 953 5371 quoque
982 5297 1285 5355 translatio
1317 5299 1418 5354 ﬁat
1467 5300 1648 5371 (Hebr.
1682 5317 1783 5369 vu,
1902 5301 2069 5368 fecta,
2096 5299 2195 5371 qui
2224 5315 2337 5354 non
2361 5300 2685 5355 secundum
2724 5301 2937 5368 Aaron,
2977 5302 3079 5357 sed
3114 5302 3430 5357 secundum
3455 5317 3544 5356 or-

121 5390 225 5458 41,
258 5389 368 5463 12).
404 5412 432 5440 ››
458 5389 520 5443 In
543 5387 760 5461 quibus
781 5388 993 5456 verbis,
1030 5388 1180 5444 sicut
1217 5387 1487 5461 superius
1529 5389 1788 5445 ostendi-
1901 5389 2097 5444 dinem
2120 5387 2545 5445 Melchisedech
2567 5388 2696 5444 ideo
2720 5391 2992 5445 sacerdos
3030 5389 3258 5455 dicitur,
3292 5389 3428 5459 quia
3450 5405 3548 5461 pa-

121 5483 254 5547 tur,
282 5476 366 5534 nil
395 5476 892 5550 aliudintelligitis
911 5477 1500 5545 consummationem,
1522 5477 1635 5533 nisi
1658 5494 1792 5534 con-
1901 5493 2036 5533 nem
2067 5481 2124 5532 ct
2140 5477 2343 5532 vinum
2369 5478 2730 5533 offerendum
2754 5482 2927 5548 atque
2946 5476 3297 5531 sumendum
3318 5476 3374 5531 in
3397 5476 3543 5531 veri-

82 5598 85 5601 -
120 5566 559 5640 sumptionem,
586 5566 646 5622 id
676 5570 785 5634 est,
817 5565 1195 5623 abolitionem
1224 5570 1281 5622 ct
1311 5567 1509 5633 ﬁnem,
1547 5584 1661 5622 non
1687 5568 1788 5639 qui
1898 5569 2015 5621 tate
2036 5566 2230 5621 carnis
2247 5570 2304 5621 et
2329 5566 2639 5639 sanguinis
2661 5566 2750 5621 sui
2777 5564 3073 5621 constituit
3100 5563 3376 5621 fidelibus
3394 5566 3538 5623 suis.

77 5674 83 5685 '
120 5656 368 5732 perﬁcit
395 5656 498 5711 sed
542 5654 643 5728 qui
690 5655 996 5714 interimit.
1052 5656 1215 5724 Quod
1263 5655 1433 5729 longe
1465 5655 1633 5712 aliter
1660 5672 1789 5714 esse
1898 5653 2080 5728 Cujus
2120 5655 2415 5727 generatio
2456 5654 2779 5710 inerraLiYis
2820 5655 2889 5708 de
2927 5652 3108 5718 Patre,
3158 5652 3286 5708 sine
3337 5658 3537 5721 matre,

117 5748 292 5805 idem
305 5743 839 5817 Apostolusedocet
851 5745 1071 5803 dicens:
1090 5768 1119 5798 «
1153 5745 1474 5819 Finislegis
1496 5745 1789 5816 Christus,
1902 5746 1972 5802 de
1994 5744 2197 5817 Matre,
2223 5745 2348 5801 sine
2372 5747 2534 5816 patre
2560 5757 2573 5800 :
2598 5760 2700 5800 nec
2722 5741 2953 5799 initium
2977 5739 3205 5797 dierum
3240 5757 3343 5823 nec
3366 5741 3538 5797 ﬁnem

136 4100 374 4168 saltem,
408 4099 501 4155 bis
532 4104 590 4155 et
619 4099 751 4155 aliis
780 4098 1001 4171 proprii
1048 4098 1300 4154 doctoris
1351 4099 1526 4154 vestri
1555 4099 1794 4157 vocibus

135 4187 416 4253 revocati,
448 4188 519 4243 ab
552 4186 784 4258 injuriis
814 4186 1224 4243 sacratissima:
1268 4184 1416 4260 legis
1446 4192 1688 4256 cessate,
1722 4205 1793 4244 ne

131 4278 213 4335 ab
245 4277 449 4333 eodem
479 4279 536 4332 et
564 4276 637 4332 ab
667 4275 943 4332 omnibus
972 4274 1285 4331 Catholicis
1315 4275 1629 4333 anathema
1657 4294 1790 4333 cum

129 4364 467 4422 Severianis
497 4363 649 4422 sitis.
