3876 6364
367 435 499 502 ,θῦθ
1387 437 1870 506 HUMBERTUS

2294 429 2759 506 iAaltDiNMaIS.
3707 435 3825 504 θα]

377 571 617 640 habens,
642 569 801 628 solus
822 588 992 628 verus
1028 572 1145 630 Rex
1175 572 1416 644 justitiaz
1449 579 1506 630 et
1539 572 1718 644 pacis.
1743 571 1844 626 Cui
1877 571 2012 642 quia
2033 567 2096 634 ιΑ
2121 569 2268 625 Nam
2299 573 2584 641 quantum
2609 570 2686 628 ad
2707 567 3110 634 recitationem
3135 585 3242 630 seu
3271 571 3824 646 conscriptionem,

373 661 806 718 convenientius
827 661 1186 718 assimilatur
1217 661 1653 730 Melchisedech,
1687 679 1800 716 non
1823 659 2012 716 solum
2121 656 2316 729 ipsum
2339 657 2714 730 Evangelium
2735 657 2794 716 in
2815 659 3270 720 novissimo-die
3287 660 3572 720 omnino
3597 669 3822 734 praeter-

373 769 442 808 ex
472 769 586 807 uno
619 752 901 808 sacriﬁcio
933 757 988 806 et
1019 752 1376 823 genealogis,
1417 752 1514 806 sed
1564 750 1738 806 etiam
1770 766 1836 804 ex
1867 767 2014 820 prae-
2121 746 2265 812 ibit;
2299 745 2398 802 ubi
2431 747 2704 820 deinceps
2735 765 2839 804 nec
2867 749 3180 822 Scriptura
3221 751 3446 824 aliqua
3483 753 3820 808 necessaria

374 841 626 906 nomine,
661 857 838 911 quam
861 846 1048 896 Aaron
1077 859 1088 906 ;
1113 842 1328 895 dicitur
1349 840 1616 896 sacerdos
1640 839 1902 894 Christus
1924 854 2013 892 se-
2121 835 2251 890 erit.

375 931 632 984 cundum
697 930 964 983 ordinem
1015 930 1458 990 Melchisedech.
1525 945 1640 982 non
1691 928 2012 982 secundum
2193 923 2385 979 XLIII.
2413 924 2697 988 Caeterum
2737 926 2786 981 si
2835 928 2908 982 ad
2957 943 3080 984 rem
3119 929 3484 1000 pertineret,
3527 937 3820 988 monstra-

376 1021 583 1073 Aaron.
636 1019 894 1088 Denique
951 1018 1370 1072 Melchisedech
1423 1017 1516 1071 ille
1565 1033 1667 1070 nec
1712 1033 1921 1087 corpus
1959 1020 2015 1070 et
2123 1029 2320 1068 remus
2341 1031 2454 1068 non
2479 1014 2638 1068 mille
2657 1016 3123 1088 quadringentos
3145 1035 3342 1076 annos
3363 1021 3818 1086 tantum,sicu:

377 1107 718 1178 sanguinem
739 1124 910 1162 suum
938 1107 992 1160 in
1019 1123 1166 1177 pane
1201 1111 1256 1161 et
1289 1107 1422 1160 vino
1462 1106 1756 1160 Divinitati
1783 1104 2010 1170 obtulit,
2121 1099 2430 1170 scripistis,
2461 1101 2562 1155 sed
2595 1100 2754 1158 mille
2785 1103 3143 1176 quingentos
3195 1111 3256 1160 et
3307 1105 3610 1178 amplius
3645 1124 3818 1164 annos

377 1212 478 1249 nec
509 1195 633 1250 sine
665 1196 1004 1265 parentibus
1035 1200 1136 1248 aut
1185 1195 1351 1248 initio
1396 1197 1451 1247 et
1505 1195 1616 1247 ﬁne
1667 1193 1796 1258 fuit,
1829 1209 2013 1262 neque
2121 1187 2194 1242 ab
2237 1187 2602 1246 institutione
2649 1205 2991 1260 azymorum
3041 1207 3148 1263 per
3199 1193 3466 1266 Moysen
3529 1199 3816 1267 usquead

369 1284 833 1340 substantialiter
857 1285 970 1337 Rex
1004 1283 1240 1352 justitim
1275 1287 1326 1334 et
1353 1283 1547 1352 pacis;
1593 1283 1690 1336 sed
1715 1282 1866 1351 quod
1894 1281 2013 1336 haec
2121 1276 2454 1346 passionem
2501 1275 2714 1332 Christi
2765 1278 3120 1336 deeurrisse.
3163 1282 3304 1348 Sed,
3371 1299 3538 1340 cum
3617 1291 3818 1342 nostra

373 1372 570 1427 omnia
600 1373 902 1442 scripturae
935 1372 1004 1426 de
1036 1371 1134 1424 illo
1169 1371 1403 1424 homine
1435 1373 1534 1423 aut
1577 1375 1884 1424 tacuerunt
1916 1375 2016 1423 aut
2123 1363 2462 1418 intentionis
2493 1364 2568 1418 sit
2597 1365 2840 1420 Romani
2883 1365 3062 1422 ritum
3113 1369 3402 1426 sacriﬁcii
3455 1373 3816 1443 approbare.

374 1462 663 1525 dixerunt,
697 1460 754 1513 in
789 1459 1170 1513 manifestiori
1217 1459 1640 1529 significatione
1671 1459 1850 1512 nostri
1885 1457 2016 1512 Mel-
2123 1451 2579 1523 Chronographis
2663 1453 3060 1525 relinquimus
3125 1457 3496 1528 opinionem
3565 1465 3814 1518 vestram

374 1548 679 1602 chisedech
707 1566 720 1602 :
753 1549 921 1617 cujus
953 1547 1067 1612 ille,
1102 1547 1251 1601 sicut
1281 1552 1339 1601 et
1381 1548 1590 1608 Aaron,
1643 1547 1864 1612 umbra,
1899 1564 2012 1600 non
2123 1540 2360 1612 praefato
2407 1557 2698 1596 annorum
2763 1558 3010 1598 numero
3077 1547 3430 1616 reprobate.
3511 1548 3730 1620 Itaque
3775 1549 3816 1604 si

373 1636 582 1690 veritas
616 1635 740 1689 fuit.
775 1637 857 1689 Ad
893 1652 1066 1706 quem
1099 1635 1377 1689 translato
1413 1635 1754 1700 sacerdotio,
1780 1650 2016 1689 necesse
2121 1645 2345 1699 azyma,
2403 1629 2901 1698 quemadmodum
2961 1635 3234 1690 astruere
3291 1635 3654 1702 conamini.
3725 1653 3818 1708 per

375 1727 458 1778 est
493 1727 556 1778 ut
584 1723 728 1793 legis
761 1740 991 1794 quoque
1025 1725 1122 1776 ﬁat
1152 1723 1476 1788 translatio,
1513 1739 1546 1776 a
1577 1722 1768 1778 littera
1797 1722 2015 1777 scilicet
2121 1715 2415 1770 Christum
2455 1719 2513 1772 et
2551 1717 2678 1788 ejus
2725 1718 3108 1790 Evangelium
3155 1721 3414 1784 fuerunt
3464 1724 3814 1790 maledicta,

376 1812 669 1867 occidente
703 1813 767 1868 ad
801 1812 1072 1882 spiritum
1113 1812 1498 1867 viviﬁcantem
1548 1828 1580 1866 a
1629 1815 1914 1866 vetustate
1944 1811 2014 1866 ad
2125 1805 2428 1876 FGPI‘Obata
2457 1809 2514 1858 et
2543 1805 2838 1874 derelicta.
2871 1811 2928 1862 et
2958 1807 3090 1864 ideo
3121 1809 3412 1884 deinceps
3437 1829 3574 1870 non
3599 1814 3814 1874 deben-

373 1899 706 1964 novitatem,
777 1901 848 1954 ab
915 1900 1350 1970 impcrfectione
1399 1901 1470 1954 ad
1526 1901 1932 1971 perfectionem
1983 1916 2092 1996 a'B
2123 1892 2438 1991 tur-offerri
2470 1893 2528 1946 in
2571 1893 2861 1950 sacriﬁcio
2911 1895 3170 1964 Domini,
3211 1899 3356 1970 quia
3401 1917 3520 1972 per
3573 1903 3814 1974 Moysen

373 1987 650 2042 servitute
673 1988 742 2041 ad
767 1985 1095 2042 libertatem
1120 1992 1176 2042 et
1209 1987 1458 2042 ﬁliorum
1487 1989 1584 2042 Dei
1622 1988 1904 2059 adoptiom

2282 1980 2438 2036 .ituta
2461 1984 2600 2036 sunt
2613 1981 2644 2036 J
2654 1981 2834 2038 udaais
2859 2001 2873 2050 ;
2891 1983 3102 2040 sciatis
3113 1985 3562 2046 fermentatum
3581 2007 3813 2062 quoque

369 2074 646 2130 aJudzeis
678 2076 748 2129 ad
791 2080 1010 2146 gentes,
1072 2075 1287 2146 quibus
1333 2076 1643 2146 Apostolus
1691 2075 1857 2130 ait:«
1891 2076 2016 2132 Non
2127 2069 2506 2124 constitutum
2534 2086 2636 2140 per
2671 2076 2900 2142 Moysen
2923 2071 3174 2132 Judaais.
3221 2077 3390 2132 Sicut
3419 2077 3486 2134 in
3548 2079 3816 2136 Levitico

373 2164 675 2233 accepistis
707 2164 978 2230 spiritum
1013 2164 1310 2218 servitutis
1344 2165 1554 2219 iterum
1583 2165 1642 2218 in
1667 2165 1890 2229 timore,
1917 2165 2016 2219 sed
2127 2159 2303 2213 dicit:
2357 2179 2386 2206 ‹‹
2437 2159 2562 2212 Haec
2609 2161 2698 2213 est
2750 2157 2843 2214 lex
2889 2159 3097 2216 hostias
3149 2165 3538 2234 paciﬁcatum
3575 2181 3594 2220 :
3629 2167 3818 2228 Oﬂ‘ert

373 2253 676 2322 accepistis
707 2251 976 2321 Spiritum
1009 2251 1340 2322 adoptionis
1373 2253 1646 2320 ﬁliorum,
1681 2253 1740 2306 in
1771 2270 1886 2323 quo
1909 2253 2018 2307 cla-
2129 2262 2308 2316 panes
2353 2246 2730 2302 Ῑθΐωθηιιιῑοε
2797 2263 2934 2304 cum
2993 2249 3192 2308 hostia
3251 2253 3626 2324 gratiarum,
3679 2269 3818 2325 qua!

375 2357 626 2404 mamus,
655 2340 838 2404 Abba,
863 2345 1022 2410 pater
1049 2343 1218 2412 (Rom.
1263 2357 1382 2406 vni,
1421 2343 1528 2410 15),
1569 2365 1588 2388 ι)
1644 2341 1788 2403 Quia
1821 2341 2021 2410 utique
2129 2336 2366 2390 offertur
2389 2351 2491 2406 pro
2513 2335 3046 2406 pacificis(Lev.vu,
3069 2339 3160 2406 11,
3187 2341 3294 2411 13).
3315 2363 3346 2392 υ
3369 2343 3550 2400 Idem
3573 2342 3814 2412 Moyses

369 2426 460 2482 lex
479 2426 860 2482 translatione
881 2433 967 2482 est
988 2427 1250 2496 alterata,
1277 2446 1390 2484 non
1430 2429 1580 2483 facta
1603 2429 1720 2484 alia
1749 2446 1760 2483 ε
1801 2429 2022 2483 immu-
2131 2422 2190 2476 in
2211 2423 2413 2476 eodem
2437 2439 2450 2478 :
2478 2443 2504 2470 ‹‹
2525 2423 2588 2478 In
2615 2427 2950 2494 pentecth
2981 2428 3242 2486 offeretis
3261 2429 3316 2484 ei
3359 2447 3566 2502 panes
3607 2431 3810 2504 primi-

373 2517 634 2580 tata,non
654 2520 740 2570 est
761 2520 982 2570 mutata
1002 2534 1013 2569 :
1031 2535 1264 2572 accessu
1281 2517 1925 2587 gratimcumulatamon
1939 2521 2026 2571 est
2131 2511 2344 2566 tiarum
2377 2511 2446 2566 de
2475 2512 2704 2567 duabus
2735 2513 2979 2570 ἀϐοίωὶε
3001 2517 3212 2571 Sim“lle
3233 2518 3650 2586 fermentata,
3665 2537 3810 2592 quos

375 2620 605 2658 recessu
621 2621 725 2658 suo
740 2605 1216 2659 exinanita.Sicut
1232 2605 1647 2660 Dominussuis
1663 2606 1852 2677 inquit
1870 2606 2026 2660 :«Ni-
2133 2599 2391 2670 coquetis
2413 2599 2472 2653 in
2495 2599 2785 2670 primitias
2807 2601 3088 2660 Domino:
3113 2607 3513 2680 oﬂ‘eretisque
3555 2625 3697 2664 cum
3721 2627 3810 2680 pa-

373 2692 1604 2764 siabundaveritjustitiavestraplusquam
1623 2695 2026 2748 Scribarumet
2133 2688 2308 2742 nibus
2355 2693 2576 2760 septem
2625 2705 2807 2762 agnos
2857 2692 3000 2761 (ch.
3051 2711 3214 2758 XXIII,
3263 2695 3379 2768 47).
3433 2719 3465 2746 υ
3515 2699 3618 2754 Sal
3671 2715 3807 2771 quo-

377 2779 818 2846 Phariseeorum,
853 2798 968 2834 non
1011 2781 1310 2836 intrahitis
1363 2782 1420 2835 in
1473 2799 1717 2852 regnum
1749 2782 1908 2836 cmlon

2298 2791 2470 2848 quem
2499 2780 2800 2848 tantopere
2837 2781 3174 2852 pradicatis
3225 2783 3288 2838 in
3343 2785 3675 2854 fermento,
3711 2805 3805 2859 per

377 2868 600 2939 (Matth.
635 2885 686 2932 ν,
717 2870 827 2936 20).
859 2887 884 2917 ιι
917 2869 1192 2939 Nunquid
1221 2869 1400 2923 dixit:
1432 2869 1558 2924 Nisi
1585 2870 2024 2941 reprobaveritis
2133 2864 2366 2934 Moysen
2389 2863 2470 2918 ita
2489 2865 2844 2922 constitutus
2869 2867 3090 2925 Judaeis
3131 2871 3192 2926 in
3233 2873 3548 2934 Levﬁico:
3585 2877 3806 2940 «Quid-

375 2959 474 3010 aut
504 2954 739 3009 omnino
762 2955 1113 3025 reliqueritis
1128 2957 1430 3026 justitiam
1454 2958 1784 3012 Scribarum
1807 2963 1864 3012 et
1883 2957 2028 3016 Pha.
2133 2953 2272 3024 quid
2303 2952 2581 3008 οδῑυῖθΐίε
2611 2955 2905 3022 sacriﬁcii.
2937 2958 3059 3013 8818
3106 2961 3376 3029 οοηᾶὶεε,
3425 2979 3542 3019 nec
3583 2965 3804 3020 auferre

375 3042 698 3106 risaeorum,
729 3059 842 3096 non
875 3043 1166 3098 intrabitis
1204 3044 1262 3098 in
1293 3061 1546 3115 regnum
1569 3045 1887 3101 cmlorum?
1914 3048 2022 3101 Sed
2133 3041 2216 3096 sal
2239 3041 2468 3096 foederis
2493 3042 2722 3097 Domini
2744 3043 2846 3099 Dei
2867 3045 2954 3100 tui
2972 3047 3044 3102 de
3083 3049 3381 3106 sacriﬁcio
3399 3055 3538 3107 tuo.
3567 3053 3636 3107 In
3653 3053 3800 3112 omni

375 3129 954 3201 quoniamjustitiam
973 3131 1208 3186 illorum
1226 3137 1348 3187 erat
1367 3138 1598 3188 tantum
1619 3151 1654 3188 a
1675 3133 1826 3188 malo
1847 3151 2020 3205 opere
2130 3129 2418 3185 oblatione
2449 3131 2654 3187 offeres
2685 3131 2770 3187 sal
2797 3133 2941 3204 (Lev.
2989 3152 3052 3202 II,
3085 3135 3199 3208 43).
3235 3158 3265 3187 ››
3319 3139 3732 3218 Quapropter,
3759 3143 3802 3196 si

375 3217 665 3272 abstinere
691 3217 901 3272 :voluit
922 3219 1202 3275 Dominus
1235 3221 1292 3274 in
1335 3221 1443 3276 hoc
1487 3239 1728 3277 suorum
1751 3223 2015 3293 justitias
2052 3291 2085 3298 _
2129 3235 2163 3273 α
2187 3219 2356 3274 nobis
2377 3235 2490 3273 non
2514 3219 2724 3274 debent
2743 3221 2934 3276 offerri
2957 3239 3164 3295 azyma
3179 3227 3326 3298 quia
3347 3217 3634 3286 Mosaica
3657 3237 3800 3296 sunt,

377 3307 871 3376 superabundare,
897 3311 959 3360 ut
990 3324 1102 3362 non
1129 3309 1318 3364 solum
1351 3309 1571 3364 malum
1612 3311 1684 3365 ab
1715 3291 1882 3380 opere
1913 3313 2010 3366 sed
2043 3291 2086 3357 Ο
2126 3323 2230 3362 nec
2251 3325 2285 3361 Β.
2309 3307 2472 3362 vobis
2497 3307 2708 3363 debent
2735 3309 2930 3364 oﬁ‘erri
2965 3291 3396 3372 fermentatum
3421 3323 3486 3372 et
3531 3319 3653 3388 sal,
3679 3291 3802 3392 quia

370 3393 612 3466 insuper
635 3411 666 3448 a
687 3394 1034 3466 cogitatione
1069 3403 1363 3468 stagerent
1401 3415 1678 3454 resecare.
1715 3403 1860 3454 Nam
1897 3399 2012 3454 illis
2123 3412 2283 3467 aeque
2303 3395 2552 3452 Mosaica
2573 3399 2730 3452 sunt.
2757 3398 2824 3452 Et
2845 3399 3002 3470 quia,
3031 3401 3104 3456 ab
3125 3403 3416 3474 Apostolo
3443 3407 3794 3464 audientes:

367 3499 434 3538 ex
463 3482 588 3555 lege
619 3484 836 3538 bonum
869 3489 990 3538 erat
1038 3502 1152 3538 non
1203 3487 1484 3552 occidere,
1538 3504 1641 3542 nec
1689 3488 2005 3543 mmchari:
2125 3505 2152 3534 «
2184 3485 2390 3540 Vetera
2417 3486 2798 3553 transierunt,
2835 3503 2967 3543 ecce
3003 3489 3158 3545 facta
3191 3497 3338 3547 sunt
3381 3511 3551 3550 nova
3591 3499 3668 3568 (II
3687 3497 3796 3552 Cor.

365 3571 494 3628 istis
515 3576 710 3626 autem
749 3590 924 3644 super
959 3573 1066 3628 hoc
1102 3591 1170 3630 ex
1201 3575 1394 3646 gratia
1423 3576 1712 3646 optimum
1743 3581 1798 3632 et
1826 3578 2014 3648 perfe-
2119 3589 2174 3638 v,
2217 3573 2325 3643 l7),
2359 3595 2386 3623 ››
2419 3573 2766 3644 incipienter
2797 3577 3017 3646 putatis
3061 3579 3262 3640 omnia
3311 3579 3566 3638 Veteris
3601 3585 3796 3642 Testa-

367 3663 548 3724 ctum,
581 3676 694 3714 non
723 3660 894 3716 irasci
926 3678 1030 3716 nec
1062 3664 1492 3734 concupiscere.
1527 3665 1656 3720 Ideo
1699 3665 1788 3719 lex
1819 3683 2012 3722 ramos
2121 3661 2300 3716 menti
2329 3662 2654 3732 reprobata,
2684 3665 2741 3717 ﬁt
2768 3664 3005 3734 Ρϐῐιίιιιε
3029 3667 3334 3723 destructa
3355 3674 3422 3724 et
3445 3672 3524 3726 ad
3555 3673 3802 3734 nihilum

367 3746 602 3802 malitia:
633 3748 878 3802 succidit
909 3766 921 3814 ;
967 3750 1155 3820 gratia
1202 3767 1334 3806 vero
1387 3752 1562 3806 etiam
1615 3753 1840 3808 radices
1883 3754 2011 3824 ejus
2119 3749 2356 3803 redacta
2386 3753 2793 3818 sacramenta;
2829 3751 2965 3806 hinc
2986 3755 3114 3824 jam
3137 3757 3546 3828 per-pendetis
3571 3777 3801 3822 necesse

367 3833 577 3890 evellit.
611 3836 700 3905 Et,
727 3835 876 3890 sicut
903 3835 960 3892 in
995 3838 1418 3894 resurrectione
1447 3839 1556 3896 hoc
1583 3839 1778 3911 ipsum
1799 3858 2011 3912 corpus
2119 3842 2227 3902 est,
2260 3839 2332 3892 ad
2381 3841 2632 3910 quantas
2679 3837 3056 3906 difficultates
3105 3851 3388 3916 properet
3431 3847 3572 3908 hac
3621 3855 3804 3906 vestra

367 3923 722 3980 humilitatis
752 3929 962 3978 nostrae
985 3929 1040 3979 et
1072 3943 1187 3982 non
1221 3925 1376 3980 aliud
1401 3928 1831 3994 reformabitur,
1853 3929 1938 3984 sic
1958 3934 2014 3984 et
2121 3925 2334 3996 opinio.
2367 3925 2629 3996 Denique
2665 3927 2713 3981 si
2743 3931 2939 3983 vetera
2967 3947 3085 3986 non
3119 3933 3531 4004 proﬁciendo,
3583 3939 3686 3994 sed
3721 3939 3804 3992 de-

367 4011 460 4066 lex
518 4029 625 4081 psa
663 4029 765 4082 per
805 4013 1182 4084 Evangelium
1215 4014 1527 4070 reformata
1555 4015 1614 4069 in
1646 4019 1762 4071 toto
1793 4018 2011 4072 mundo
2121 4013 2369 4068 ﬁciendo
2399 4013 2777 4082 transierunt,
2811 4017 2968 4072 unde
2995 4019 3163 4076 vobis
3207 4021 3555 4094 templum,
3609 4025 3802 4092 altare,

363 4099 732 4170 praedicatur.
767 4101 830 4154 In
882 4118 998 4172 qua
1041 4102 1242 4172 utique
1285 4103 1696 4158 reformatione
1743 4105 2010 4174 quamvis
2121 4101 3240 4171 sacriﬁcium,candelabrum,etca3tera
3258 4111 3802 4174 sanctiministerii

369 4185 692 4258 plurimum
725 4187 902 4242 decus
924 4194 1206 4258 augeatur
1229 4197 1466 4256 naturae,
1493 4195 1688 4246 tamen
1709 4191 2012 4264 integritas
2119 4205 2368 4245 vasaseu
2381 4185 2722 4245 ornamenta
2735 4193 3196 4251 autvestimenta
3209 4200 3807 4258 sacerdotalia?Unde

367 4275 424 4330 in
451 4274 609 4330 nullo
639 4275 919 4340 aufertur,
955 4278 1209 4347 quando,
1247 4280 1316 4333 ad
1342 4279 1788 4336 similitudinem
1819 4283 2008 4354 grani,
2117 4279 2284 4334 vobis
2301 4277 2577 4344 encaenia,
2615 4283 2948 4350 pentecoste
2987 4287 3046 4337 et
3067 4285 3291 4355 pascha
3325 4303 3440 4344 seu
3473 4289 3807 4363 Quadrage-

367 4363 720 4420 semiustum
735 4381 942 4436 corpus
956 4365 1224 4434 animale,
1242 4371 1664 4440 surgetcorpus
1679 4369 2005 4439 spirituale,
2126 4367 2277 4422 sima
2302 4365 2312 4419 ι
2337 4365 2498 4420 Unde
2517 4365 2680 4422 vobis
2703 4369 3030 4438 pontiﬁces,
3057 4375 3400 4430 sacerdotes
3439 4381 3512 4433 et
3545 4377 3733 4434 levita:
3755 4395 3808 4432 ac

365 4454 416 4508 et
441 4452 793 4508 eminatum
825 4454 884 4508 in
911 4452 1267 4520 inﬁrmitate,
1308 4461 1506 4528 surget
1537 4456 1594 4512 in
1623 4457 1856 4514 virtute.
1891 4459 2007 4514 Hac
2123 4453 2336 4525 reliqni
2349 4454 2728 4512 ecclesiastici
2741 4457 3264 4528 gradusex-ordine
3281 4463 3504 4522 PUnde
3520 4467 3806 4539 primariae

363 4557 596 4614 quoque
629 4541 1037 4598 reformatione
1089 4544 1295 4599 coelum
1343 4549 1400 4600 et
1447 4549 1601 4600 terra
1631 4547 2000 4616 transibunt;
2121 4547 2178 4598 et
2203 4542 2492 4598 decimae?
2535 4543 2858 4612 Postremo,
2909 4547 3068 4606 unde
3115 4550 3284 4606 vobis
3335 4552 3602 4612 dilectio
3633 4557 3734 4614 Dei
3761 4561 3806 4609 et

363 4647 477 4684 non
511 4629 833 4684 interibunt
859 4648 870 4684 :
907 4631 1353 4698 transferentur,
1389 4648 1502 4688 non
1525 4632 1878 4688 auferantur.
1898 4635 2011 4690 Nec
2047 4653 2094 4722 ι)
2125 4631 2418 4722 proximi?
2435 4649 2506 4688 ac
2527 4631 2770 4722 reliquis
2809 4635 3098 4698 mandata
3115 4638 3398 4712 Damasi
3415 4641 3447 4696 Τ
3471 4644 3640 4708 Quia
3661 4661 3804 4716 ergo,

366 4735 703 4774 moveamur
727 4735 761 4778 a
793 4723 990 4774 nostro
1031 4736 1232 4787 sensu,
1269 4737 1372 4775 nec
1415 4725 1760 4787 terreamur,
1793 4723 1841 4777 si
1869 4739 2012 4778 non-
2049 4720 2052 4722 ’
2125 4720 2446 4776 secundum
2477 4737 2600 4788 vos,
2623 4720 2706 4776 ita
2725 4738 2873 4778 nova
2903 4723 3220 4782 factasunt
3255 4731 3330 4788 :ut
3365 4735 3590 4792 vetera
3615 4732 3806 4790 relicta

365 4803 528 4860 nulla
550 4805 711 4892 legis
744 4811 1110 4862 sacramenta
1147 4807 1416 4864 exhorret
1459 4809 1729 4865 animalis
1760 4827 2006 4866 sensus:
2121 4807 2240 4864 sint
2263 4807 2705 4880 omnino=etper
2725 4808 3024 4870 Christum
3049 4813 3390 4886 maledicta,
3431 4821 3806 4892 ,αωὶεἱιωιιιι-

367 4891 843 4978 quandoquidem
899 4893 1084 4962 ipsius
1147 4897 1330 4952 sancti
1385 4896 1678 4970 Evangelii
1729 4899 2012 4956 nonnulla
2095 4894 2532 4968 proculdubio
2553 4896 2634 4952 ab
2665 4897 3282 4973 qius-Ecclesia,-que
3311 4891 3804 4978 supra-diximus

367 4977 644 5048 mysteria
662 4978 959 5034 exhorruit
981 4981 1282 5050 hactenus,
1307 4983 1368 5038 in
1388 4989 1617 5040 tantum
1649 4989 1732 5053 ut,
1765 4987 2010 5044 Domino
2113 4983 2334 5052 omnia,
2365 4989 2424 5038 et
2443 4983 2617 5056 plura
2643 5001 2774 5056 quea
2803 4986 3164 5054 'roticuiimus
3193 4990 3332 5057 alia,
3371 4977 3460 5052 ’ἐι
3501 4997 3804 5056 -νθιθιιὶὸυε

368 5063 628 5120 dicente:
669 5085 696 5112 κ
725 5067 906 5120 Amen
941 5085 1105 5124 amen
1137 5073 1266 5128 dico
1306 5073 1490 5140 vobis,
1545 5071 1658 5126 nisi
1691 5076 2011 5130 manduca-
2120 5072 2412 5130 contraria
2441 5072 2586 5128 ﬁant
2615 5075 2744 5144 jam
2793 5091 2966 5132 nova.
3017 5077 3164 5142 odio
3209 5079 3526 5142 habeatur
3569 5085 3740 5144 Deus
3759 5089 3806 5142 et

364 5151 560 5208 veritis
580 5169 814 5208 carnem
837 5155 961 5210 Filii
984 5157 1240 5216 hominis
1263 5164 1320 5216 et
1341 5159 1605 5216 biberitis
1628 5159 1676 5228 ej
1692 5176 1760 5214 us
1779 5163 2014 5231 sangui—
2123 5160 2446 5234 proximus,
2477 5164 2642 5233 pater
2665 5165 2728 5218 et
2751 5167 2943 5220 mater
2969 5163 3385 5237 inhonoratur,
3427 5171 3628 5232 homo
3653 5175 3802 5232 .ecoi-

367 5259 521 5307 nem,
567 5258 686 5296 non
710 5241 999 5300 habebitis
1025 5247 1202 5303 vitam
1227 5249 1286 5301 in
1324 5248 1488 5302 vobis
1525 5247 1698 5316 (Joan.
1735 5263 1813 5313 v1,
1843 5249 1955 5318 54),
1985 5272 2012 5300 ››
2121 5250 2332 5306 datur:
2365 5265 2569 5306 omnes
2613 5249 2994 5320 mmchentur,
3047 5255 3343 5326 furentur,
3391 5263 3802 5327 'mentiantur,

367 5328 542 5384 etiam
569 5328 822 5384 maxima
847 5347 978 5400 pars
1003 5332 1425 5403 discipulorum
1450 5333 1576 5402 ejus
1613 5331 1685 5386 ab
1707 5347 1772 5386 eo
1797 5333 2012 5392 disces-
2122 5337 2556 5410 concupiscant,
2569 5336 2932 5409 adulteram;
2953 5343 3572 5416 οαιῄνυεὶαιιυιιιείηι
3589 5351 3800 5412 mn;an

366 5417 602 5482 sissent,
635 5417 877 5473 dicendo
905 5435 916 5473 :
951 5420 1144 5476 Durus
1171 5424 1261 5474 est
1289 5419 1384 5474 hic
1415 5435 1626 5474 sermo.
1661 5419 1798 5484 Quis
1823 5427 2012 5492 potest
2119 5425 2294 5482 homo
2315 5426 2386 5482 ad
2405 5425 2736 5498 proximam
2765 5429 3082 5500 sanguinis
3109 5432 3230 5500 sui,
3257 5438 3319 5490 et
3349 5451 3500 5507 quas
3535 5439 3594 5502 ei
3623 5439 3800 5495 afﬁni-

367 5521 504 5558 eum
535 5504 732 5597 audire
754 5505 780 5558 ‘I
815 5529 842 5553 η
861 5507 1061 5597 illud”
1103 5509 1218 5574 61.)
1269 5511 1548 5597 Praeterea
1564 5506 1786 5597 Novum
1815 5510 2011 5567 Testa-
2120 5513 2930 5588 tatejungitur,~accedat.AId
2957 5504 3562 5597 summum-quoqua
3583 5545 3702 5586 nec
3719 5543 3798 5584 co-

371 5591 786 5690 mentun'ipideo
819 5591 1047 5689 dicitur,
1067 5595 1420 5690 quiaprocul
1443 5595 1620 5690 dubio
1643 5600 1856 5652 zeterna
1876 5603 2013 5654 sunt
2119 5603 2409 5670 medetur,
2442 5601 2680 5660 bibatur
2705 5619 2812 5662 nec
2857 5604 3207 5678 dormiatur,
3243 5591 3362 5668 sed
3397 5591 3800 5690 relinquatur

373 5691 498 5750 quas
529 5675 847 5744 pollicetur,
879 5679 1030 5734 sicut
1080 5679 1249 5740 malis
1299 5682 1656 5754 supplicium
1704 5687 2005 5750 aeternum.
2119 5691 2404 5764 quidquid
2437 5696 2615 5750 Vetus
2645 5675 3474 5766 Tesmmtumenbibuitet
3511 5675 3793 5770 signauit.
3847 5723 3852 5870 )
