3876 6366
55 432 162 494 961

1032 422 1450 492 ADVEHSUS
1496 418 1950 491 GRECORUM
1995 422 2471 493 CNLUMNIAS.

3323 424 3449 493 962‘

52 570 173 621 tam
202 564 263 621 in
289 564 459 622 culta
479 562 685 620 divino
709 573 888 635 quam
918 561 976 618 in
1008 577 1119 618 usu
1140 561 1423 630 humano,
1446 565 1502 617 et
1532 560 1694 616 vide-
1723 564 1779 632 Α
1808 561 2130 633 operamini
2154 562 2383 635 (Philip.
2418 580 2480 634 ιι,
2513 562 2622 635 12).
2650 584 2679 612 ››
2702 562 2803 619 Et:
2832 586 2853 612 «ι
2878 562 2934 618 Si
2956 563 3364 635 compatimur,
3392 568 3449 620 et

51 654 185 710 bitis
216 655 355 726 quia
377 668 482 713 nec
501 653 705 709 bestia-
720 651 903 717 eritis,
928 652 1143 707 nedum
1164 650 1453 715 homines,
1478 649 1593 705 imo
1618 649 1690 704 ab

49 760 116 799 eo
146 745 309 816 quod
329 747 419 799 est
444 741 664 813 aliquid
686 739 1019 796 transibitis
1036 740 1107 794 ad
1140 736 1307 793 nihil.
1327 738 1449 793 Nos
1472 737 1689 810 potius,

47 832 332 889 catholica
351 848 489 888 aure
519 830 886 885 intendentes
914 832 1079 885 tanto
1114 826 1389 899 Apostolo
1436 826 1650 883 dicenti
1675 845 1688 883 :

46 945 74 970 ‹‹
111 922 170 978 Si
215 939 331 994 qna
377 936 515 992 ergo
544 934 693 975 nova
731 922 1017 989 creatura,
1066 920 1261 973 vetera
1301 916 1688 987 transierunt,

1799 650 2289 722 conregnabimus
2320 652 2391 723 (II
2428 653 2575 707 Tim;
2608 668 2670 719 ιι,
2710 652 2819 724 12).
2842 674 2869 703 ››
2896 652 3068 708 Porro
3090 664 3217 724 qua:
3247 668 3350 725 per
3376 652 3452 709 le-

1798 755 1928 811 gem
1957 740 2193 795 fuerunt
2221 756 2407 812 usque
2432 740 2505 796 ad
2522 745 2761 813 tempus
2785 742 3158 798 correctionis
3177 742 3455 815 imposita

1799 827 2133 883 carnalibus
2161 827 2398 896 Judaeis,
2434 828 2651 885 Paulus
2692 830 2943 885 breviter
2985 830 3287 904 colligens,
3321 832 3409 886 ait
3437 848 3450 887 :

1804 936 1832 965 ι(
1863 916 2104 971 Munera
2132 920 2188 971 et
2217 916 2420 972 hostias
2465 918 2810 986 oﬁ‘eruntur,
2864 935 2991 990 quae
3036 936 3154 975 non
3203 924 3455 991 possunt

43 1027 177 1067 ecce
193 1012 347 1067 facta
374 1014 515 1065 sunt
542 1025 689 1065 nova
718 1008 788 1080 (II
817 1008 940 1063 Cor.
987 1022 1042 1076 ν,
1074 1005 1186 1077 l7),
1227 1027 1257 1056 »
1302 1006 1473 1061 corde
1500 1004 1692 1061 credi-
1792 1004 1962 1075 juxta
1991 1005 2406 1061 conscientiam
2452 1007 2778 1078 perfectum
2825 1007 3009 1062 facere
3069 1009 3446 1079 servientem,

42 1115 180 1154 mus
201 1101 259 1153 et
279 1114 377 1153 ore
390 1098 737 1153 conﬁtemur
754 1100 965 1164 vetera,
999 1112 1034 1152 a
1054 1098 1243 1151 vetere
1267 1093 1507 1150 homine
1533 1097 1693 1148 tran-

41 1188 270 1243 seundo
302 1187 373 1243 ad
398 1203 612 1243 novum
634 1186 933 1242 hominem
961 1185 1167 1241 Jesum
1196 1183 1518 1249 Christum,
1542 1198 1691 1238 nova

41 1277 198 1331 facta
218 1291 346 1332 esse
367 1295 379 1344 ;
415 1275 909 1347 quemadmodum
931 1273 1086 1329 idem
1104 1272 1417 1345 Apostolus
1437 1287 1569 1327 mox
1600 1287 1689 1328 se-

37 1370 217 1421 cutus
239 1365 461 1421 curavit
483 1364 773 1421 declarare
796 1381 809 1418 :
836 1386 864 1413 ‹‹
893 1363 1311 1420 Omniaautem
1332 1377 1402 1417 ex
1432 1365 1564 1432 Deo,
1586 1360 1688 1432 qui

39 1453 443 1509 reconciliavit
468 1469 572 1509 nos
590 1453 701 1510 sibi
724 1470 826 1526 per
841 1452 1138 1509 Christum
1168 1451 1356 1523 (Ibid,
1390 1451 1499 1521 18).
1524 1472 1552 1500 ››
1582 1448 1692 1504 Cu-

28 1542 140 1610 jus
163 1542 445 1615 singulari
468 1543 719 1598 novitate
744 1541 1098 1597 innovantur
1116 1538 1313 1595 omnia
1324 1537 1583 1594 cmlestia
1604 1540 1693 1592 at-

37 1647 161 1701 que
190 1632 520 1688 terrestria:
546 1632 782 1703 quando
811 1630 1101 1703 quidquid
1120 1630 1192 1685 ad
1219 1627 1444 1685 cultu‘m
1462 1626 1561 1682 Dei
1587 1641 1688 1682 seu

37 1721 114 1774 acl
145 1721 520 1776 commodum
552 1719 645 1776 sui
673 1724 838 1776 vetus
870 1718 967 1775 ille
997 1717 1251 1791 populus
1279 1716 1511 1772 caelitus
1540 1729 1701 1771 acce-

36 1810 232 1879 perat,
267 1810 339 1863 ad
359 1825 575 1863 novum
598 1806 915 1864 transtulit.
941 1807 1050 1871 Qui
1078 1807 1209 1861 ideo
1242 1821 1426 1860 novus
1453 1804 1688 1870 dicitur,

40 1897 192 1968 quia
239 1896 311 1951 ab
340 1897 551 1951 umbra
579 1897 651 1951 ad
684 1896 1006 1963 veritatem,
1038 1912 1075 1951 a
1102 1894 1288 1967 signis
1318 1895 1389 1950 ad
1422 1910 1537 1963 res,
1571 1910 1605 1948 a
1631 1891 1698 1946 ti-

44 2002 217 2041 more
247 1985 319 2041 ad
346 2001 626 2051 amorem,
659 2002 693 2042 a
722 1985 999 2040 servitute
1022 1984 1093 2039 ad
1125 1983 1475 2047 libertatem,
1498 1998 1533 2036 a
1564 1980 1701 2037 ﬁliis

46 2076 151 2129 irae
183 2075 256 2130 ad
291 2072 443 2130 ﬁlios
464 2074 685 2145 gratiae,
715 2091 749 2129 a
776 2089 949 2130 carne
981 2074 1052 2129 ad
1083 2072 1357 2145 spiritum
1390 2076 1479 2127 est
1509 2075 1699 2126 trans-

43 2164 233 2221 latus.
284 2163 446 2218 Unde
497 2164 639 2218 dicit
665 2161 978 2235 Apostolus
1010 2178 1022 2218 :
1057 2185 1085 2212 «
1124 2161 1245 2217 Vos
1290 2177 1405 2216 non
1447 2159 1590 2216 estis
1636 2159 1695 2214 in

45 2270 253 2317 carne,
284 2253 386 2308 sed
416 2252 475 2307 in
507 2252 738 2325 spiritu,
773 2251 823 2306 si
843 2256 1037 2307 tamen
1068 2250 1312 2323 spiritus
1342 2249 1442 2305 Dei
1473 2249 1701 2305 habitat

44 2344 109 2398 in
146 2341 312 2398 vobis
342 2342 513 2413 (Rom.
545 2358 668 2407 VIII,
697 2340 775 2411 9).
810 2362 836 2390 ››
869 2341 939 2395 Et
969 2339 1263 2411 quomodo
1297 2338 1357 2393 in
1382 2354 1554 2396 carne
1584 2354 1700 2393 non

42 2437 241 2499 erant,
259 2448 405 2503 quos
427 2430 689 2503 epistolis
710 2430 1053 2497 instruebat,
1073 2428 1185 2485 nisi
1199 2428 1521 2484 secundum
1545 2428 1702 2500 quod

44 2523 180 2594 ipse
193 2520 278 2577 ait
301 2538 313 2576 :
339 2544 367 2571 «
392 2520 457 2575 in
478 2536 648 2575 carne
674 2519 1067 2587 ambulantes,
1090 2534 1211 2574 non
1231 2518 1556 2574 secundum
1580 2528 1701 2573 car-

46 2627 192 2666 nem
225 2608 553 2665 militamus
583 2609 655 2677 (II
676 2609 795 2663 Cor.
828 2625 883 2673 x,
908 2608 987 2676 3).
1030 2629 1056 2656 ››
1080 2607 1225 2662 Ηὶιιο
1246 2623 1451 2663 rursus
1472 2606 1699 2678 inquit:

50 2724 79 2752 «
114 2700 305 2755 Nemo
352 2702 612 2753 vestrum
658 2698 770 2752 sibi
817 2697 980 2762 vivit,
1022 2700 1078 2752 et
1107 2711 1279 2751 nemo
1310 2694 1423 2751 sibi
1454 2695 1705 2751 moritur

50 2792 237 2862 (Rom.
286 2800 403 2855 xiv,
451 2788 526 2857 7).
582 2807 608 2835 ››
641 2787 753 2841 Et:
816 2785 1038 2853 «Vivo,
1078 2786 1205 2856 jam
1254 2800 1369 2840 non
1410 2800 1536 2856 ego,
1566 2783 1706 2839 vivit

47 2896 197 2935 vero
228 2878 287 2933 in
321 2893 414 2932 me
433 2876 699 2931 Christus
723 2874 863 2946 (Gal.
896 2891 959 2941 ιι,
981 2875 1093 2945 20).
1121 2896 1149 2924 »
1171 2873 1265 2929 Sic
1292 2874 1486 2945 itaque
1511 2873 1703 2939 nobis,

48 2972 109 3024 et
142 2967 426 3024 omnibus
447 2965 506 3020 in
548 2965 800 3021 novitate
831 2964 1076 3036 spiritus
1106 2962 1407 3019 ambulare
1439 2966 1706 3033 satagen-

50 3058 246 3124 tibus,
270 3072 423 3111 nova
450 3056 601 3110 facta
630 3057 774 3109 sunt
792 3052 1010 3120 omnia,
1039 3050 1258 3124 templa
1288 3050 1511 3107 scilicet
1539 3055 1597 3106 et
1624 3049 1709 3105 al-

48 3147 234 3217 taria,
267 3145 618 3210 sacerdotes,
651 3142 960 3210 sacriﬁcia,
991 3140 1358 3208 candelabra,
1390 3138 1709 3207 thuribula,

49 3237 233 3291 cibus
280 3238 337 3290 et
384 3238 575 3305 potus,
608 3237 661 3287 et
713 3246 958 3304 quaeque
979 3228 1230 3286 carnalis
1269 3228 1446 3284 Israel
1496 3232 1616 3283 tam
1648 3227 1708 3283 in

1801 1092 2169 1149 solummodo
2186 1094 2242 1149 in
2257 1095 2402 1151 cibis
2419 1099 2476 1151 et
2489 1096 2721 1165 potibus
2736 1099 2792 1151 et
2803 1096 2974 1151 variis
2990 1096 3452 1169 baptismatibus

1802 1186 1860 1235 et
1880 1180 2130 1251 justitiis
2160 1183 2351 1238 carnis
2378 1184 2556 1250 (Hebr.
2590 1200 2664 1247 ιε,
2697 1185 2800 1253 10).
2838 1206 2866 1233 »
2899 1183 3169 1240 Carnales
3198 1200 3339 1258 ergo
3372 1186 3455 1242 vi~

1803 1269 1991 1324 ctimaa
2020 1275 2194 1342 atque
2224 1272 2654 1343 puriﬁcationes
2684 1273 2852 1327 variae
2876 1274 2934 1328 in
2968 1274 3113 1345 lege,
3134 1274 3192 1328 in
3225 1275 3461 1346 quibus-

1804 1358 2060 1413 maxima
2089 1363 2214 1414 erat
2231 1360 2616 1426 circumcisio,
2641 1366 2696 1417 et
2717 1367 2925 1418 cmteraa
2942 1364 3195 1433 justitiaa
3224 1365 3446 1435 carnis,

1805 1451 1867 1501 ut
1883 1450 1971 1503 est
1987 1448 2312 1505 differentia
2326 1450 2610 1519 ciborum,
2621 1452 2902 1508 festivitas
2916 1453 3447 1524 tabernaculorum,

1804 1554 1919 1592 non
1951 1554 2117 1593 arare
2138 1538 2196 1593 in
2219 1539 2361 1596 bove
2383 1540 2562 1595 simul
2604 1546 2659 1595 et
2691 1542 2989 1609 asino,nec
3018 1558 3211 1599 serere
3238 1558 3449 1617 agrum

1804 1626 2027 1682 diverso
2057 1627 2301 1695 semine,
2328 1633 2385 1684 et
2404 1628 2498 1684 his
2520 1629 2775 1697 similia;
2799 1646 2929 1701 qua
2952 1630 3096 1686 nihil
3128 1633 3461 1690 sanctitatis

1805 1715 2180 1772 conferebant
2200 1717 2592 1784 conscientiis,
2608 1725 2845 1791 excepta
2861 1720 3166 1779 devotione
3186 1720 3457 1779 obedien-

1806 1804 1897 1859 tize
1920 1809 1977 1860 et
2005 1805 2401 1862 admonitione
2425 1807 2748 1879 spiritualis
2770 1810 3071 1865 munditias
3095 1829 3109 1880 ;
3146 1810 3285 1869 data
3320 1817 3465 1869 sunt

1806 1909 1994 1964 usque
2014 1895 2085 1948 ad
2100 1896 2694 1968 przeﬁnitumtempus
2718 1915 2750 1952 a
2770 1903 2955 1969 Patre,
2980 1901 3213 1972 quando
3240 1918 3346 1974 per
3366 1898 3456 1958 Fi-

1808 1981 1953 2038 lium
1980 2000 2154 2039 suum
2186 1984 2401 2041 factum
2430 1987 2539 2041 sub
2574 1986 2716 2059 lege,
2752 1988 2997 2044 redemit
3026 2007 3126 2047 eos
3150 1992 3249 2063 qui
3291 1996 3459 2048 erant

1809 2073 1917 2127 sub
1938 2072 2267 2145 lege.Cujus
2281 2074 2543 2131 carnales
2557 2076 2826 2146 justitias
2844 2079 3098 2136 evadens
3127 2079 3285 2137 idem
3303 2084 3459 2154 Apo-

1809 2162 1995 2218 stolus
2027 2163 2107 2219 ait
2131 2182 2144 2219 :
2168 2185 2195 2214 «
2217 2164 2348 2229 Quae
2368 2166 2512 2221 mihi
2536 2166 2850 2238 aliquando
2875 2169 3109 2226 fuerunt
3124 2170 3309 2242 lucra,
3333 2170 3458 2230 haec

1809 2252 2127 2309 arbitratus
2146 2270 2277 2309 sum
2304 2259 2537 2327 propter
2555 2256 2851 2312 Christum
2875 2259 3247 2330 detrimenta,
3269 2267 3328 2318 et
3343 2279 3461 2319 non

1810 2341 2003 2396 solum
2034 2342 2405 2409 detrimenta,
2437 2344 2535 2399 sed
2570 2344 2743 2400 etiam
2777 2351 3054 2415 stercora,
3105 2353 3172 2403 ut
3200 2349 3466 2407 inveniar

1811 2431 1868 2484 in
1898 2430 1998 2487 illo
2017 2448 2135 2487 non
2176 2431 2401 2487 habens
2426 2448 2618 2488 meam
2633 2433 2931 2505 justitiam
2964 2453 3090 2508 qua:
3121 2453 3188 2493 ex
3208 2437 3336 2511 lege
3358 2444 3469 2513 est,

1812 2520 1913 2575 sed
1944 2536 2071 2592 qua:
2084 2537 2151 2575 ex
2174 2520 2283 2575 ﬁde
2301 2520 2442 2576 Jesu
2466 2520 2677 2578 Christi
2695 2523 2924 2596 (Philip.
2960 2529 3115 2593 111,7,
3139 2528 3214 2598 8).
3252 2550 3280 2577 ››
3305 2530 3466 2595 Quod

1810 2608 2256 2665 Colossensibus
2305 2627 2539 2682 quoque
2587 2612 2897 2669 denuntiat
2944 2614 3144 2672 dicens
3175 2634 3189 2672 :
3220 2641 3245 2667 ‹‹
3284 2618 3464 2674 Nemo

1811 2698 2159 2769 vosjudicet
2188 2698 2246 2753 in
2280 2699 2410 2753 cibo
2444 2704 2544 2755 aut
2563 2705 2726 2772 potu,
2760 2707 2861 2757 aut
2884 2704 2942 2757 in
2966 2707 3129 2775 parte
3162 2705 3277 2762 diei
3309 2706 3462 2779 testi,

1812 2790 1913 2841 aut
1952 2786 2290 2855 neomeniaa,
2330 2791 2431 2842 aut
2460 2788 2872 2857 Sabbatorum,
2923 2808 3050 2863 qum
3083 2797 3223 2849 sunt
3253 2796 3466 2851 umbra

1812 2875 2145 2930 futurorum
2194 2875 2419 2947 (Coloss.
2468 2894 2529 2945 ιι,
2583 2879 2756 2949 16).»
2788 2879 3081 2938 Hactenus
3132 2883 3465 2940 defendisse

1812 2964 2000 3037 legem
2046 2965 2228 3037 Moysi
2259 2969 2317 3021 et
2347 2983 2614 3038 azymum
2646 2968 3022 3025 Eucharistias
3053 2971 3267 3028 Christi
3298 2973 3467 3029 sufﬁ-

1816 3052 1947 3108 ciat.
1975 3053 2106 3107 Jam
2137 3054 2524 3111 discutiamus
2552 3060 2745 3112 vestra
2774 3074 2900 3130 quae
2933 3063 3174 3115 restant.

1890 3141 2050 3197 XLV.
2083 3144 2819 3201 CONSTANTINOPOLITANUS.
2852 3147 3106 3204 Sabbata
3148 3165 3279 3205 vero
3329 3166 3473 3223 quo-

1821 3231 1994 3285 modo
2016 3229 2074 3285 in
2098 3229 2558 3303 Quadragesima
2578 3233 2814 3304 judaice
2828 3236 3146 3292 observatis
3169 3237 3196 3291 ?
3211 3242 3329 3293 Aut
3351 3256 3469 3294 non

46 3321 426 3396 supellectile
455 3338 633 3393 quam
666 3320 723 3375 in
756 3319 1053 3375 mandatis
1086 3317 1394 3385 retinebat,
1424 3320 1618 3373 vetera
1647 3321 1712 3372 ut
1742 3311 1785 3376 C
1822 3319 2070 3374 audistis
2119 3319 2179 3374 in
2228 3320 2538 3392 Evangelia
2587 3322 2875 3377 dicentem
2925 3324 3063 3394 quia
3092 3329 3466 3381 transeuntes

44 3414 270 3469 eadem
326 3416 383 3467 et
423 3427 539 3466 non
584 3410 785 3464 eadem
840 3408 957 3463 sint
1003 3408 1220 3474 omnia,
1272 3406 1461 3461 instar
1508 3407 1714 3478 utique

44 3501 298 3576 aquilas,
331 3518 458 3573 quas
490 3501 630 3555 dum
680 3496 1025 3554 naturaliter
1065 3499 1396 3565 renovatur,
1429 3496 1713 3566 juventus

44 3592 256 3648 eidem
306 3591 549 3653 accedit,
581 3592 639 3644 et
666 3591 956 3655 senectus,
997 3601 1112 3639 non
1144 3584 1494 3652 substantia,
1544 3585 1618 3639 ab
1646 3602 1714 3639 ea

44 3680 306 3737 recedit.
342 3680 469 3735 Pari
495 3683 689 3734 tenore
720 3674 1106 3749 prmdicamus
1136 3688 1403 3746 azymum
1436 3672 1711 3728 Christia-

46 3786 279 3827 norum
302 3768 471 3840 longe
483 3768 701 3823 distare
721 3766 792 3821 ab
806 3779 1007 3837 azymo
1027 3761 1711 3829 carnaliumJudzeorum,

44 3874 222 3933 quos
247 3858 320 3913 ad
348 3858 618 3913 umbram
650 3854 909 3910 veritatis
939 3851 1361 3908 observandam
1391 3855 1449 3907 et
1476 3854 1714 3917 captan-

42 3950 204 4005 dam
240 3946 365 4003 sola
396 3944 708 4017 promissio
737 3948 794 3999 et
822 3940 1178 3997 desiderium
1210 3944 1452 3995 terrenas
1476 3938 1714 3994 felicita-

47 4039 138 4094 tis
176 4035 469 4092 invitabat
499 4052 512 4090 :
548 4038 613 4090 ut
642 4037 732 4089 est
784 4030 1143 4105 longaevitas,
1179 4029 1557 4096 abundantia,
1595 4030 1717 4085 fru-

40 4142 235 4201 gum,
258 4124 553 4182 successio
575 4123 852 4188 ﬁliorum,
875 4119 1122 4193 perditio
1139 4119 1510 4175 inimicorum
1532 4123 1590 4175 et
1611 4135 1717 4174 caa-

1822 3406 2093 3478 discipuli
2110 3408 2167 3461 in
2187 3408 2459 3464 Sabbatis
2480 3417 2778 3481 cmperunt
2798 3411 2907 3466 iter
2929 3412 3463 3483 agere,evellentes;

1823 3494 2014 3566 spicas
2045 3498 2102 3550 et
2133 3496 2553 3552 comedentes?
2602 3498 2877 3553 Dicebant
2924 3504 3117 3554 autem
3162 3500 3350 3556 Judaei
3391 3503 3466 3557 ad

1822 3583 2118 3639 Christum
2157 3598 2171 3637 :
2205 3606 2232 3634 ‹‹
2256 3584 2429 3639 Vides
2461 3584 2600 3656 quid
2634 3586 2729 3641 isti
2759 3586 2980 3643 faciunt
3010 3588 3068 3643 in
3094 3588 3369 3645 Sabbatis
3390 3591 3420 3645 ?
3441 3613 3460 3639 ι

1823 3672 1931 3738 Qui
1962 3672 2107 3727 dixit
2138 3690 2151 3728 :
2186 3696 2213 3722 ‹‹
2249 3673 2454 3728 Etiam.
2484 3680 2570 3729 An
2602 3675 2840 3731 nescitis
2871 3678 3012 3749 quid
3054 3679 3236 3751 egerit
3260 3678 3468 3751 David,

1823 3778 1959 3817 cum
1989 3760 2239 3817 esuriret
2265 3761 2390 3833 ipse
2407 3766 2463 3819 et
2482 3763 2582 3835 qui
2606 3780 2741 3819 cum
2759 3782 2825 3821 eo
2849 3772 3033 3831 erant,
3057 3770 3350 3839 quomodo
3381 3768 3469 3826 in-

1824 3850 2066 3906 travitin
2088 3851 2401 3923 templum,
2420 3855 2477 3906 et
2489 3869 2667 3924 panes
2683 3854 3096 3926 propositionis
3118 3858 3415 3913 comedit?
3442 3880 3467 3907 ››

1825 3940 2030 4011 (Matth.
2080 3939 2179 4008 xii,
2242 3941 2368 4008 1-4;
2414 3942 2577 3997 Marc.
2632 3958 2692 4011 ιι,
2736 3944 2950 4015 23-26.)
2988 3954 3042 4000 et
3074 3950 3294 4001 caetera.
3340 3968 3370 3998 «
3401 3946 3471 4002 Et

1825 4030 1963 4102 quia
1991 4029 2311 4085 Sabbatum
2343 4035 2577 4103 propter
2604 4030 2903 4088 hominem
2944 4034 3160 4089 factum
3206 4038 3319 4103 est,
3352 4052 3470 4093 non

1825 4118 2000 4174 homo
2031 4123 2263 4191 prOpter
2294 4119 2615 4175 Sabbatum
2646 4121 2830 4191 (Marc.
2864 4139 2924 4190 ιι,
2947 4125 3059 4194 27).
3094 4146 3121 4173 ››
3157 4124 3263 4188 Qui
3294 4129 3352 4180 et
3383 4125 3472 4181 di-

40 4223 212 4274 tera.
245 4216 363 4272 Nos
392 4230 548 4281 vero,
581 4228 795 4284 corpus
819 4210 1081 4267 veritatis
1102 4224 1171 4265 ex
1191 4225 1392 4282 azymo
1417 4213 1475 4264 et
1504 4210 1564 4264 in
1595 4220 1719 4281 asy-

38 4323 153 4363 mo
180 4305 300 4361 rite
328 4308 671 4360 venerantes
702 4306 878 4373 atque
910 4300 1250 4367 retinentes,
1295 4315 1394 4355 ore
1444 4301 1501 4354 et
1547 4299 1720 4354 corde

35 4394 498 4470 praegustamus
511 4392 638 4463 jam
661 4405 838 4463 quam
861 4388 1059 4446 suavis
1080 4392 1169 4444 est
1188 4387 1471 4444 Dominus
1497 4404 1510 4442 :
1536 4398 1721 4443 unum

36 4487 334 4559 petentes
365 4482 437 4538 ab
468 4482 595 4553 ipso
626 4485 684 4536 et
713 4480 823 4536 hoc
853 4478 1235 4551 requirentes,
1280 4482 1347 4533 ut
1374 4490 1721 4534 maneamus

1825 4207 2035 4262 cebant
2065 4225 2079 4263 :
2113 4229 2141 4257 ‹‹
2175 4208 2473 4274 Quomodo
2494 4209 2668 4265 homo
2692 4209 2800 4267 iste
2831 4215 2921 4267 est
2950 4228 3017 4267 ex
3046 4212 3184 4282 Deo,
3206 4214 3305 4286 qui
3337 4215 3475 4270 Sab-

1827 4298 1963 4353 bata
1991 4314 2105 4353 non
2129 4297 2421 4353 custodit?
2442 4321 2461 4347 ι
2490 4298 2674 4372 (Ibid)
2700 4300 2771 4355 Et
2788 4299 2999 4356 iterum
3022 4300 3294 4374 loquente
3314 4302 3474 4359 Chri-

1828 4391 1917 4443 sto
1949 4387 2009 4443 in
2038 4387 2287 4443 Sabbato
2318 4386 2369 4442 ei
2399 4387 2501 4459 qui
2528 4404 2770 4444 manum
2812 4390 3034 4446 aridam
3067 4390 3358 4461 habebat;
3391 4391 3473 4448 si-

1828 4477 2046 4532 militer
2073 4481 2131 4532 et
2157 4478 2207 4532 ei
2238 4476 2339 4549 qui
2365 4477 2646 4534 daemonis
2666 4477 2939 4551 spiritum
2961 4479 3214 4536 habebat
3241 4480 3299 4535 in
3334 4480 3471 4537 Sab-

32 4577 109 4631 in
141 4589 226 4630 eo
258 4576 317 4628 et
343 4571 470 4644 ipse
499 4571 557 4625 iu
590 4569 780 4636 nobis,
803 4568 862 4623 in
892 4573 1196 4623 aeternum.
1230 4567 1380 4624 Sane
1411 4566 1457 4622 si
1491 4571 1720 4623 mutare
1830 4567 1964 4623 buto
1998 4568 2298 4633 mundata,
2330 4568 3147 4624 etmurmurantibusJudaeis
3167 4573 3223 4625 et
3252 4568 3473 4626 similia

30 4662 257 4721 vultis
279 4661 626 4717 fermentato
656 4672 949 4731 azymum,
981 4660 1203 4712 mutate
1233 4655 1494 4727 quolibet
1523 4655 1720 4742 aliquo
1749 4678 1798 4742 D
1830 4656 2181 4723 dicentibus,
2212 4655 2351 4710 dicit
2371 4655 2637 4711 Christus
2670 4672 2682 4711 :
2720 4678 2747 4705 ‹‹
2781 4657 3125 4729 Hypocritze,
3149 4658 3471 4730 unusquis-

32 4755 300 4826 liquore
342 4750 545 4805 vinum
580 4767 592 4804 :
627 4764 764 4821 quo,
798 4746 964 4814 sicut
991 4750 1049 4802 et
1076 4760 1298 4818 azyma,
1350 4745 1617 4815 Christus
1664 4739 1720 4802 et
1750 4739 1785 4742 _
1829 4762 1942 4818 que
1969 4750 2225 4801 vestrum
2251 4763 2364 4801 non
2387 4744 2557 4800 solvit
2576 4745 2809 4801 asinum
2833 4763 2863 4801 a
2886 4748 3150 4819 prazsepi,
3182 4751 3239 4802 et
3268 4747 3473 4805 bovem

28 4848 240 4899 vetus
279 4837 497 4912 pascha
525 4838 734 4904 ﬁnivit,
766 4840 823 4892 et
851 4850 1067 4891 novum
1110 4834 1424 4891 inchoavit.
1456 4833 1515 4891 Si
1561 4836 1717 4892 enim
1827 4851 2003 4890 suum
2034 4834 2094 4889 in
2123 4835 2373 4890 Sabbato
2406 4833 2569 4890 c’ucit
2598 4834 2930 4907 adaquare?
2961 4858 2988 4884 »
3012 4836 3164 4908 (Luc.
3197 4854 3324 4905 xm,
3358 4838 3470 4911 15).

31 4927 336 5002 recipitis
364 4927 590 4995 vinum,
622 4941 890 5000 azymum
922 4941 1029 4980 cur
1055 4923 1350 4995 abjicitis?
1828 4924 1895 4978 Et
1923 4923 2237 4996 paralytico
2269 4922 2565 4992 similiter,
2600 4941 2777 4995 quem
2809 4941 3020 4980 sanum
3055 4926 3207 4983 fecit.
3250 4926 3323 4983 Et
3349 4927 3481 4984 ideo

116 5014 337 5076 XLIV.
386 5017 547 5083 Quod
592 5032 725 5071 vero
770 5014 966 5087 passio
1011 5018 1068 5069 et
1098 5028 1257 5069 mors
1284 5012 1493 5069 Christi
1525 5031 1721 5070 conve-
1831 5013 1930 5085 qui
1963 5012 2216 5068 Sabbata
2245 5029 2380 5067 cum
2411 5013 2630 5085 azymis
2661 5014 3022 5081 custodiunt,
3056 5032 3247 5089 neque
3295 5016 3481 5073 Judaei

28 5106 332 5169 nientius
362 5106 747 5162 annuntietur
783 5120 984 5177 azymo
1028 5114 1206 5174 quam
1254 5102 1620 5171 fermentato,
1653 5119 1723 5159 ex
1833 5119 2019 5173 neque
2068 5101 2383 5158 Christiani
2425 5109 2585 5169 sunt,
2619 5104 2717 5159 sed
2751 5127 2779 5153 «
2813 5104 3040 5160 similes
3072 5112 3215 5162 sunt
3255 5106 3479 5179 leopar-

28 5205 162 5259 hoc
203 5196 631 5269 comprobatur
660 5194 817 5267 quod
839 5192 1123 5250 Dominus
1153 5191 1279 5263 ipse
1306 5208 1507 5263 azymo
1545 5192 1721 5249 disci-
1831 5192 1926 5258 do,
1957 5209 1983 5243 ι»
2022 5190 2175 5247 sicut
2206 5207 2458 5264 magnus
2505 5192 2648 5249 dicit
2678 5193 2956 5261 Basilius,
3002 5217 3030 5244 ‹‹
3084 5197 3254 5268 cujus
3286 5194 3477 5268 capilli

26 5289 226 5366 pulis
264 5285 607 5342 memoriam
638 5283 731 5340 sui
759 5282 1046 5356 agendam
1077 5280 1353 5349 tradidit;
1387 5285 1445 5336 et
1474 5282 1628 5353 quod
1658 5282 1720 5338 in
1833 5298 1937 5336 nec
1968 5280 2119 5354 nigri
2149 5285 2308 5350 sunt,
2342 5297 2447 5337 nec
2478 5282 2593 5338 albi
2618 5283 2881 5338 omnino.
2919 5308 2939 5333 ι»

24 5382 182 5454 lege
217 5374 398 5448 panis
428 5372 760 5430 afﬂictionis
781 5372 997 5428 dicitur
1018 5373 1083 5427 ut
1110 5385 1214 5443 per
1240 5368 1349 5426 hoc
1369 5380 1721 5442 pramonea-
1901 5370 2085 5426 XLVI.
2121 5370 2427 5427 Romanus.
2451 5372 2614 5438 Quod
2647 5389 2752 5428 nos
2778 5373 3031 5429 Sabbata
3060 5388 3163 5427 nec
3193 5372 3344 5427 intra
3369 5387 3471 5427 nec

26 5483 198 5528 mur
236 5460 503 5537 affligere
521 5462 753 5519 animas
775 5465 1029 5529 nostras,
1062 5463 1119 5515 et
1146 5457 1365 5532 pariter
1394 5459 1598 5516 oﬂ‘erre
1620 5476 1720 5516 sa-
1827 5458 2513 5533 extraQuadragesimam
2527 5461 2763 5533 judaice
2779 5459 3470 5528 observamus,sufﬁcien-

24 5551 776 5625 criﬁciumDeospirltum
799 5547 1718 5615 contribulatum,corcontritum
1827 5553 1916 5606 ter
1943 5551 2307 5606 monstratur
2349 5551 2643 5623 superius.
2678 5551 2792 5607 Vos
2821 5554 3011 5608 autem
3054 5549 3102 5605 si
3137 5565 3252 5605 non
3278 5547 3471 5621 judai-

22 5656 93 5709 et
116 5638 1072 5714 humiliatum(Psal.1,i9),illud
1092 5637 1353 5711 Apostoli
1368 5637 1715 5700 recolentes:
1825 5638 1970 5696 zatis
2027 5657 2131 5697 cur
2161 5639 2369 5696 saltem
2401 5639 2865 5717 Quadragesimaa
2906 5657 3017 5695 non
3057 5637 3299 5711 parcitis
3318 5638 3345 5694 ?
3374 5653 3473 5707 ner

22 5768 54 5798 α
98 5740 285 5801 Cum
308 5730 517 5791 timere
537 5733 866 5789 et-tremore
892 5732 1149 5788 vestram
1176 5727 1441 5803 ipsorum
1463 5727 1718 5791 salutem
1826 5746 1960 5789 cum
1991 5728 2213 5792 Judaeis
2243 5729 2431 5791 feriati
2462 5735 2519 5789 et
2548 5730 2867 5806 epulantes,
2905 5726 3205 5803 jejunium
3249 5726 3469 5788 Christi
