  <div class='ocr_page' id='page_1' title='image "/cluster/home/n/w/nwhite01/storage/ocr_20150623/142-143/uc1.31175018423130/1221.png"; bbox 0 0 3876 6364; ppageno 0'>
   <div class='ocr_carea' id='block_1_1' title="bbox 322 428 438 490">
    <p class='ocr_par' dir='ltr' id='par_1_1' title="bbox 322 428 438 490">
     <span class='ocr_line' id='line_1_1' title="bbox 322 428 438 490; baseline 0.009 -2"><span class='ocrx_word' id='word_1_1' title='bbox 322 428 438 490; x_wconf 82' lang='lat'>963</span> 
     </span>
    </p>
   </div>
   <div class='ocr_carea' id='block_1_2' title="bbox 1367 406 2758 479">
    <p class='ocr_par' dir='ltr' id='par_1_2' title="bbox 1367 406 2758 479">
     <span class='ocr_line' id='line_1_2' title="bbox 1367 406 2758 479; baseline -0.006 0"><span class='ocrx_word' id='word_1_2' title='bbox 1367 409 1845 479; x_wconf 81' lang='lat' dir='ltr'>HUMBERTUS</span> <span class='ocrx_word' id='word_1_3' title='bbox 1891 409 1955 471; x_wconf 92' lang='lat' dir='ltr'>S.</span> <span class='ocrx_word' id='word_1_4' title='bbox 2001 410 2075 468; x_wconf 69' lang='lat' dir='ltr'>ll.</span> <span class='ocrx_word' id='word_1_5' title='bbox 2122 406 2195 467; x_wconf 85' lang='lat' dir='ltr'>E.</span> <span class='ocrx_word' id='word_1_6' title='bbox 2237 406 2758 470; x_wconf 77' lang='lat' dir='ltr'>CARDINALIS.‘</span> 
     </span>
    </p>
   </div>
   <div class='ocr_carea' id='block_1_3' title="bbox 3661 405 3767 466">
    <p class='ocr_par' dir='ltr' id='par_1_3' title="bbox 3661 405 3767 466">
     <span class='ocr_line' id='line_1_3' title="bbox 3661 405 3767 466; baseline 0.028 -3"><span class='ocrx_word' id='word_1_7' title='bbox 3661 405 3767 466; x_wconf 64' lang='lat'>964</span> 
     </span>
    </p>
   </div>
   <div class='ocr_carea' id='block_1_4' title="bbox 324 537 3771 614">
    <p class='ocr_par' dir='ltr' id='par_1_4' title="bbox 324 537 3771 614">
     <span class='ocr_line' id='line_1_4' title="bbox 324 537 3771 614; baseline -0.006 0"><span class='ocrx_word' id='word_1_8' title='bbox 324 562 381 614; x_wconf 90' lang='lat' dir='ltr'>in</span> <span class='ocrx_word' id='word_1_9' title='bbox 414 558 654 614; x_wconf 88' lang='lat' dir='ltr'>sabbato</span> <span class='ocrx_word' id='word_1_10' title='bbox 683 551 1033 611; x_wconf 88' lang='lat' dir='ltr'>dissolvatis.</span> <span class='ocrx_word' id='word_1_11' title='bbox 1066 549 1227 606; x_wconf 87' lang='lat' dir='ltr'>Unde</span> <span class='ocrx_word' id='word_1_12' title='bbox 1256 547 1589 604; x_wconf 85' lang='lat' dir='ltr'>testimonia</span> <span class='ocrx_word' id='word_1_13' title='bbox 1617 544 1947 614; x_wconf 82' lang='lat' dir='ltr'>evangelica</span> <span class='ocrx_word' id='word_1_14' title='bbox 1976 542 2029 608; x_wconf 77' lang='grc' dir='ltr'><strong>Α</strong></span> <span class='ocrx_word' id='word_1_15' title='bbox 2062 542 2171 594; x_wconf 83' lang='lat' dir='ltr'>rirc</span> <span class='ocrx_word' id='word_1_16' title='bbox 2204 540 2612 611; x_wconf 65' lang='lat' dir='ltr'>pram‘uluistis!</span> <span class='ocrx_word' id='word_1_17' title='bbox 2642 556 2777 596; x_wconf 90' lang='lat' dir='ltr'>cum</span> <span class='ocrx_word' id='word_1_18' title='bbox 2797 539 3093 597; x_wconf 90' lang='lat' dir='ltr'>hincinde</span> <span class='ocrx_word' id='word_1_19' title='bbox 3112 539 3287 596; x_wconf 88' lang='lat' dir='ltr'>vobis</span> <span class='ocrx_word' id='word_1_20' title='bbox 3314 541 3671 596; x_wconf 73' lang='lat' dir='ltr'>resonaret</span> <span class='ocrx_word' id='word_1_21' title='bbox 3695 537 3771 593; x_wconf 89' lang='lat' dir='ltr'>ri-</span> 
     </span>
    </p>
   </div>
   <div class='ocr_carea' id='block_1_5' title="bbox 325 635 1957 720">
    <p class='ocr_par' dir='ltr' id='par_1_5' title="bbox 325 635 1957 720">
     <span class='ocr_line' id='line_1_5' title="bbox 325 635 1957 720; baseline -0.011 -17"><span class='ocrx_word' id='word_1_22' title='bbox 325 665 449 720; x_wconf 75' lang='lat' dir='ltr'>quae</span> <span class='ocrx_word' id='word_1_23' title='bbox 469 644 768 719; x_wconf 83' lang='lat' dir='ltr'>posuistis,</span> <span class='ocrx_word' id='word_1_24' title='bbox 793 641 1029 698; x_wconf 83' lang='lat' dir='ltr'>omnino</span> <span class='ocrx_word' id='word_1_25' title='bbox 1051 639 1413 710; x_wconf 76' lang='lat' dir='ltr'>refragantur</span> <span class='ocrx_word' id='word_1_26' title='bbox 1430 635 1613 701; x_wconf 84' lang='lat' dir='ltr'>vobis,</span> <span class='ocrx_word' id='word_1_27' title='bbox 1631 635 1957 703; x_wconf 67' lang='lat' dir='ltr'>suifragan-</span> 
     </span>
    </p>
   </div>
   <div class='ocr_carea' id='block_1_6' title="bbox 322 722 1957 801">
    <p class='ocr_par' dir='ltr' id='par_1_6' title="bbox 322 722 1957 801">
     <span class='ocr_line' id='line_1_6' title="bbox 322 722 1957 801; baseline -0.009 -11"><span class='ocrx_word' id='word_1_28' title='bbox 322 741 421 790; x_wconf 89' lang='lat' dir='ltr'>tur</span> <span class='ocrx_word' id='word_1_29' title='bbox 447 751 578 789; x_wconf 90' lang='lat' dir='ltr'>vero</span> <span class='ocrx_word' id='word_1_30' title='bbox 612 732 799 788; x_wconf 91' lang='lat' dir='ltr'>nobis.</span> <span class='ocrx_word' id='word_1_31' title='bbox 832 728 1087 801; x_wconf 83' lang='lat' dir='ltr'>Denique</span> <span class='ocrx_word' id='word_1_32' title='bbox 1110 743 1232 794; x_wconf 87' lang='lat' dir='ltr'>nos,</span> <span class='ocrx_word' id='word_1_33' title='bbox 1264 730 1329 781; x_wconf 92' lang='lat' dir='ltr'>ut</span> <span class='ocrx_word' id='word_1_34' title='bbox 1350 722 1619 795; x_wconf 84' lang='lat' dir='ltr'>discipuli</span> <span class='ocrx_word' id='word_1_35' title='bbox 1643 723 1805 787; x_wconf 84' lang='lat' dir='ltr'>Jesu,</span> <span class='ocrx_word' id='word_1_36' title='bbox 1842 736 1957 776; x_wconf 91' lang='lat' dir='ltr'>non</span> 
     </span>
    </p>
   </div>
   <div class='ocr_carea' id='block_1_7' title="bbox 326 809 1953 890">
    <p class='ocr_par' dir='ltr' id='par_1_7' title="bbox 326 809 1953 890">
     <span class='ocr_line' id='line_1_7' title="bbox 326 809 1953 890; baseline -0.009 -11"><span class='ocrx_word' id='word_1_37' title='bbox 326 823 515 879; x_wconf 90' lang='lat' dir='ltr'>solum</span> <span class='ocrx_word' id='word_1_38' title='bbox 547 821 656 876; x_wconf 85' lang='lat' dir='ltr'>iter</span> <span class='ocrx_word' id='word_1_39' title='bbox 685 819 914 890; x_wconf 83' lang='lat' dir='ltr'>agimus</span> <span class='ocrx_word' id='word_1_40' title='bbox 946 817 1004 871; x_wconf 91' lang='lat' dir='ltr'>in</span> <span class='ocrx_word' id='word_1_41' title='bbox 1036 817 1285 871; x_wconf 81' lang='lat' dir='ltr'>Sabbato</span> <span class='ocrx_word' id='word_1_42' title='bbox 1316 817 1372 868; x_wconf 89' lang='lat' dir='ltr'>ct</span> <span class='ocrx_word' id='word_1_43' title='bbox 1400 813 1594 883; x_wconf 90' lang='lat' dir='ltr'>spicas</span> <span class='ocrx_word' id='word_1_44' title='bbox 1630 809 1953 875; x_wconf 89' lang='lat' dir='ltr'>evellimus,</span> 
     </span>
    </p>
   </div>
   <div class='ocr_carea' id='block_1_8' title="bbox 326 902 1956 980">
    <p class='ocr_par' dir='ltr' id='par_1_8' title="bbox 326 902 1956 980">
     <span class='ocr_line' id='line_1_8' title="bbox 326 902 1956 980; baseline -0.011 -12"><span class='ocrx_word' id='word_1_45' title='bbox 326 912 428 968; x_wconf 90' lang='lat' dir='ltr'>sed</span> <span class='ocrx_word' id='word_1_46' title='bbox 445 911 688 980; x_wconf 90' lang='lat' dir='ltr'>iusuper</span> <span class='ocrx_word' id='word_1_47' title='bbox 708 902 1375 979; x_wconf 89' lang='lat' dir='ltr'>piscamur,etquidquid</span> <span class='ocrx_word' id='word_1_48' title='bbox 1394 903 1617 972; x_wconf 79' lang='lat' dir='ltr'>oportet</span> <span class='ocrx_word' id='word_1_49' title='bbox 1628 914 1956 969; x_wconf 77' lang='lat' dir='ltr'>operemur,</span> 
     </span>
    </p>
   </div>
   <div class='ocr_carea' id='block_1_9' title="bbox 325 984 1960 1067">
    <p class='ocr_par' dir='ltr' id='par_1_9' title="bbox 325 984 1960 1067">
     <span class='ocr_line' id='line_1_9' title="bbox 325 984 1960 1067; baseline -0.01 -12"><span class='ocrx_word' id='word_1_50' title='bbox 325 1005 381 1055; x_wconf 91' lang='lat' dir='ltr'>et</span> <span class='ocrx_word' id='word_1_51' title='bbox 409 1000 551 1054; x_wconf 89' lang='lat' dir='ltr'>hora</span> <span class='ocrx_word' id='word_1_52' title='bbox 571 993 913 1067; x_wconf 82' lang='lat' dir='ltr'>competenti</span> <span class='ocrx_word' id='word_1_53' title='bbox 934 991 1313 1048; x_wconf 86' lang='lat' dir='ltr'>comedimus.</span> <span class='ocrx_word' id='word_1_54' title='bbox 1337 989 1450 1042; x_wconf 90' lang='lat' dir='ltr'>Vos</span> <span class='ocrx_word' id='word_1_55' title='bbox 1474 987 1627 1059; x_wconf 90' lang='lat' dir='ltr'>quod</span> <span class='ocrx_word' id='word_1_56' title='bbox 1661 984 1848 1057; x_wconf 86' lang='lat' dir='ltr'>legitis</span> <span class='ocrx_word' id='word_1_57' title='bbox 1878 985 1960 1039; x_wconf 87' lang='lat' dir='ltr'>di-</span> 
     </span>
    </p>
   </div>
   <div class='ocr_carea' id='block_1_10' title="bbox 326 1074 1961 1159">
    <p class='ocr_par' dir='ltr' id='par_1_10' title="bbox 326 1074 1961 1159">
     <span class='ocr_line' id='line_1_10' title="bbox 326 1074 1961 1159; baseline -0.01 -15"><span class='ocrx_word' id='word_1_58' title='bbox 326 1086 582 1159; x_wconf 86' lang='lat' dir='ltr'>scipulos</span> <span class='ocrx_word' id='word_1_59' title='bbox 613 1084 805 1155; x_wconf 88' lang='lat' dir='ltr'>spicas</span> <span class='ocrx_word' id='word_1_60' title='bbox 832 1080 1187 1137; x_wconf 88' lang='lat' dir='ltr'>transeundo</span> <span class='ocrx_word' id='word_1_61' title='bbox 1210 1077 1551 1140; x_wconf 88' lang='lat' dir='ltr'>comedisse,</span> <span class='ocrx_word' id='word_1_62' title='bbox 1572 1092 1605 1131; x_wconf 91' lang='lat' dir='ltr'>a</span> <span class='ocrx_word' id='word_1_63' title='bbox 1622 1074 1750 1129; x_wconf 91' lang='lat' dir='ltr'>luce</span> <span class='ocrx_word' id='word_1_64' title='bbox 1772 1074 1961 1145; x_wconf 90' lang='lat' dir='ltr'>prima</span> 
     </span>
    </p>
   </div>
   <div class='ocr_carea' id='block_1_11' title="bbox 326 1163 1960 1246">
    <p class='ocr_par' dir='ltr' id='par_1_11' title="bbox 326 1163 1960 1246">
     <span class='ocr_line' id='line_1_11' title="bbox 326 1163 1960 1246; baseline -0.011 -13"><span class='ocrx_word' id='word_1_65' title='bbox 326 1177 387 1233; x_wconf 90' lang='lat' dir='ltr'>in</span> <span class='ocrx_word' id='word_1_66' title='bbox 415 1190 718 1246; x_wconf 88' lang='lat' dir='ltr'>vesperum</span> <span class='ocrx_word' id='word_1_67' title='bbox 755 1170 1002 1227; x_wconf 89' lang='lat' dir='ltr'>studetis</span> <span class='ocrx_word' id='word_1_68' title='bbox 1031 1168 1207 1223; x_wconf 89' lang='lat' dir='ltr'>variis</span> <span class='ocrx_word' id='word_1_69' title='bbox 1251 1165 1472 1222; x_wconf 88' lang='lat' dir='ltr'>deliciis</span> <span class='ocrx_word' id='word_1_70' title='bbox 1501 1169 1557 1220; x_wconf 92' lang='lat' dir='ltr'>et</span> <span class='ocrx_word' id='word_1_71' title='bbox 1587 1163 1771 1220; x_wconf 89' lang='lat' dir='ltr'>multo</span> <span class='ocrx_word' id='word_1_72' title='bbox 1802 1178 1960 1217; x_wconf 88' lang='lat' dir='ltr'>mero</span> 
     </span>
    </p>
   </div>
   <div class='ocr_carea' id='block_1_12' title="bbox 327 1253 1959 1337">
    <p class='ocr_par' dir='ltr' id='par_1_12' title="bbox 327 1253 1959 1337">
     <span class='ocr_line' id='line_1_12' title="bbox 327 1253 1959 1337; baseline -0.01 -16"><span class='ocrx_word' id='word_1_73' title='bbox 327 1264 626 1337; x_wconf 81' lang='lat' dir='ltr'>crapulam</span> <span class='ocrx_word' id='word_1_74' title='bbox 651 1262 1005 1317; x_wconf 85' lang='lat' dir='ltr'>continuare.</span> <span class='ocrx_word' id='word_1_75' title='bbox 1020 1259 1135 1312; x_wconf 89' lang='lat' dir='ltr'>Nec</span> <span class='ocrx_word' id='word_1_76' title='bbox 1152 1255 1388 1311; x_wconf 89' lang='lat' dir='ltr'>mirum:</span> <span class='ocrx_word' id='word_1_77' title='bbox 1412 1270 1545 1309; x_wconf 89' lang='lat' dir='ltr'>cum</span> <span class='ocrx_word' id='word_1_78' title='bbox 1561 1253 1689 1308; x_wconf 89' lang='lat' dir='ltr'>istic</span> <span class='ocrx_word' id='word_1_79' title='bbox 1709 1266 1959 1329; x_wconf 71' lang='lat' dir='ltr'>quoque,</span> 
     </span>
    </p>
   </div>
   <div class='ocr_carea' id='block_1_13' title="bbox 327 1339 1964 1422">
    <p class='ocr_par' dir='ltr' id='par_1_13' title="bbox 327 1339 1964 1422">
     <span class='ocr_line' id='line_1_13' title="bbox 327 1339 1964 1422; baseline -0.01 -14"><span class='ocrx_word' id='word_1_80' title='bbox 327 1352 488 1409; x_wconf 87' lang='lat' dir='ltr'>obliti</span> <span class='ocrx_word' id='word_1_81' title='bbox 538 1348 895 1422; x_wconf 69' lang='lat' dir='ltr'>etymologiae</span> <span class='ocrx_word' id='word_1_82' title='bbox 958 1350 1180 1409; x_wconf 65' lang='lat' dir='ltr'>vestrae,</span> <span class='ocrx_word' id='word_1_83' title='bbox 1237 1359 1305 1397; x_wconf 82' lang='lat' dir='ltr'>ex</span> <span class='ocrx_word' id='word_1_84' title='bbox 1364 1341 1617 1409; x_wconf 87' lang='lat' dir='ltr'>nomine,</span> <span class='ocrx_word' id='word_1_85' title='bbox 1673 1339 1825 1410; x_wconf 91' lang='lat' dir='ltr'>quod</span> <span class='ocrx_word' id='word_1_86' title='bbox 1875 1342 1964 1392; x_wconf 87' lang='lat' dir='ltr'>est</span> 
     </span>
    </p>
   </div>
   <div class='ocr_carea' id='block_1_14' title="bbox 326 1426 1959 1513">
    <p class='ocr_par' dir='ltr' id='par_1_14' title="bbox 326 1426 1959 1513">
     <span class='ocr_line' id='line_1_14' title="bbox 326 1426 1959 1513; baseline -0.012 -15"><span class='ocrx_word' id='word_1_87' title='bbox 326 1452 469 1513; x_wconf 77' lang='grc' dir='ltr'>ἄρτος</span> <span class='ocrx_word' id='word_1_88' title='bbox 501 1437 730 1494; x_wconf 85' lang='lat' dir='ltr'>dixistis</span> <span class='ocrx_word' id='word_1_89' title='bbox 762 1435 940 1490; x_wconf 82' lang='lat' dir='ltr'>David</span> <span class='ocrx_word' id='word_1_90' title='bbox 974 1432 1298 1489; x_wconf 87' lang='lat' dir='ltr'>comedisse</span> <span class='ocrx_word' id='word_1_91' title='bbox 1328 1446 1506 1501; x_wconf 89' lang='lat' dir='ltr'>panes</span> <span class='ocrx_word' id='word_1_92' title='bbox 1530 1426 1959 1500; x_wconf 85' lang='lat' dir='ltr'>propositionis,</span> 
     </span>
    </p>
   </div>
   <div class='ocr_carea' id='block_1_15' title="bbox 327 1526 1960 1597">
    <p class='ocr_par' dir='ltr' id='par_1_15' title="bbox 327 1526 1960 1597">
     <span class='ocr_line' id='line_1_15' title="bbox 327 1526 1960 1597; baseline -0.011 -13"><span class='ocrx_word' id='word_1_93' title='bbox 327 1531 385 1584; x_wconf 92' lang='lat' dir='ltr'>id</span> <span class='ocrx_word' id='word_1_94' title='bbox 418 1532 526 1593; x_wconf 89' lang='lat' dir='ltr'>est,</span> <span class='ocrx_word' id='word_1_95' title='bbox 549 1534 661 1591; x_wconf 82' lang='grc' dir='ltr'>τούς</span> <span class='ocrx_word' id='word_1_96' title='bbox 689 1533 865 1595; x_wconf 76' lang='grc' dir='ltr'>ἄρτους</span> <span class='ocrx_word' id='word_1_97' title='bbox 883 1526 1261 1591; x_wconf 76' lang='grc' dir='ltr'>τῆςπρπῡέσεως</span> <span class='ocrx_word' id='word_1_98' title='bbox 1292 1532 1437 1588; x_wconf 89' lang='lat' dir='ltr'>quos</span> <span class='ocrx_word' id='word_1_99' title='bbox 1470 1530 1681 1597; x_wconf 76' lang='lat' dir='ltr'>negare</span> <span class='ocrx_word' id='word_1_100' title='bbox 1716 1530 1829 1567; x_wconf 90' lang='lat' dir='ltr'>non</span> <span class='ocrx_word' id='word_1_101' title='bbox 1863 1529 1960 1583; x_wconf 90' lang='lat' dir='ltr'>po-</span> 
     </span>
    </p>
   </div>
   <div class='ocr_carea' id='block_1_16' title="bbox 327 1601 1964 1681">
    <p class='ocr_par' dir='ltr' id='par_1_16' title="bbox 327 1601 1964 1681">
     <span class='ocr_line' id='line_1_16' title="bbox 327 1601 1964 1681; baseline -0.01 -9"><span class='ocrx_word' id='word_1_102' title='bbox 327 1616 496 1673; x_wconf 88' lang='lat' dir='ltr'>testis</span> <span class='ocrx_word' id='word_1_103' title='bbox 526 1612 704 1668; x_wconf 87' lang='lat' dir='ltr'>fuisse</span> <span class='ocrx_word' id='word_1_104' title='bbox 729 1626 980 1681; x_wconf 88' lang='lat' dir='ltr'>azymos,</span> <span class='ocrx_word' id='word_1_105' title='bbox 1009 1608 1054 1661; x_wconf 88' lang='lat' dir='ltr'>si</span> <span class='ocrx_word' id='word_1_106' title='bbox 1081 1624 1196 1676; x_wconf 90' lang='lat' dir='ltr'>qua</span> <span class='ocrx_word' id='word_1_107' title='bbox 1221 1604 1461 1660; x_wconf 90' lang='lat' dir='ltr'>scientia</span> <span class='ocrx_word' id='word_1_108' title='bbox 1480 1603 1686 1657; x_wconf 85' lang='lat' dir='ltr'>veteris</span> <span class='ocrx_word' id='word_1_109' title='bbox 1710 1601 1854 1672; x_wconf 87' lang='lat' dir='ltr'>legis</span> <span class='ocrx_word' id='word_1_110' title='bbox 1877 1617 1964 1656; x_wconf 86' lang='lat' dir='ltr'>rc-</span> 
     </span>
    </p>
   </div>
   <div class='ocr_carea' id='block_1_17' title="bbox 330 1690 1963 1769">
    <p class='ocr_par' dir='ltr' id='par_1_17' title="bbox 330 1690 1963 1769">
     <span class='ocr_line' id='line_1_17' title="bbox 330 1690 1963 1769; baseline -0.01 -10"><span class='ocrx_word' id='word_1_111' title='bbox 330 1700 548 1758; x_wconf 86' lang='lat' dir='ltr'>mansit</span> <span class='ocrx_word' id='word_1_112' title='bbox 575 1699 729 1769; x_wconf 88' lang='lat' dir='ltr'>apud</span> <span class='ocrx_word' id='word_1_113' title='bbox 761 1714 880 1751; x_wconf 87' lang='lat' dir='ltr'>vos.</span> <span class='ocrx_word' id='word_1_114' title='bbox 915 1694 1131 1750; x_wconf 90' lang='lat' dir='ltr'>Deinde</span> <span class='ocrx_word' id='word_1_115' title='bbox 1164 1692 1439 1765; x_wconf 87' lang='lat' dir='ltr'>quoniam</span> <span class='ocrx_word' id='word_1_116' title='bbox 1483 1690 1801 1746; x_wconf 86' lang='lat' dir='ltr'>Sabbatum</span> <span class='ocrx_word' id='word_1_117' title='bbox 1833 1705 1963 1760; x_wconf 87' lang='lat' dir='ltr'>pro-</span> 
     </span>
    </p>
   </div>
   <div class='ocr_carea' id='block_1_18' title="bbox 330 1778 1963 1864">
    <p class='ocr_par' dir='ltr' id='par_1_18' title="bbox 330 1778 1963 1864">
     <span class='ocr_line' id='line_1_18' title="bbox 330 1778 1963 1864; baseline -0.01 -18"><span class='ocrx_word' id='word_1_118' title='bbox 330 1796 458 1864; x_wconf 87' lang='lat' dir='ltr'>pter</span> <span class='ocrx_word' id='word_1_119' title='bbox 485 1788 779 1844; x_wconf 90' lang='lat' dir='ltr'>homincm</span> <span class='ocrx_word' id='word_1_120' title='bbox 815 1786 1030 1840; x_wconf 88' lang='lat' dir='ltr'>factum</span> <span class='ocrx_word' id='word_1_121' title='bbox 1063 1787 1171 1847; x_wconf 91' lang='lat' dir='ltr'>est,</span> <span class='ocrx_word' id='word_1_122' title='bbox 1204 1798 1318 1836; x_wconf 91' lang='lat' dir='ltr'>non</span> <span class='ocrx_word' id='word_1_123' title='bbox 1348 1780 1520 1835; x_wconf 91' lang='lat' dir='ltr'>homo</span> <span class='ocrx_word' id='word_1_124' title='bbox 1551 1784 1784 1850; x_wconf 84' lang='lat' dir='ltr'>propter</span> <span class='ocrx_word' id='word_1_125' title='bbox 1824 1778 1963 1831; x_wconf 86' lang='lat' dir='ltr'>Sab-</span> 
     </span>
    </p>
   </div>
   <div class='ocr_carea' id='block_1_19' title="bbox 332 1864 1966 1948">
    <p class='ocr_par' dir='ltr' id='par_1_19' title="bbox 332 1864 1966 1948">
     <span class='ocr_line' id='line_1_19' title="bbox 332 1864 1966 1948; baseline -0.01 -13"><span class='ocrx_word' id='word_1_126' title='bbox 332 1882 529 1935; x_wconf 90' lang='lat' dir='ltr'>batum</span> <span class='ocrx_word' id='word_1_127' title='bbox 563 1877 744 1948; x_wconf 82' lang='lat' dir='ltr'>(Marc.</span> <span class='ocrx_word' id='word_1_128' title='bbox 778 1890 837 1940; x_wconf 81' lang='grc' dir='ltr'>ιι,</span> <span class='ocrx_word' id='word_1_129' title='bbox 867 1872 980 1942; x_wconf 85' lang='grc'>27),</span> <span class='ocrx_word' id='word_1_130' title='bbox 1013 1870 1174 1925; x_wconf 90' lang='lat' dir='ltr'>nullo</span> <span class='ocrx_word' id='word_1_131' title='bbox 1202 1869 1458 1924; x_wconf 84' lang='lat' dir='ltr'>convivio</span> <span class='ocrx_word' id='word_1_132' title='bbox 1489 1871 1591 1921; x_wconf 90' lang='lat' dir='ltr'>aut</span> <span class='ocrx_word' id='word_1_133' title='bbox 1631 1866 1746 1921; x_wconf 91' lang='lat' dir='ltr'>otio</span> <span class='ocrx_word' id='word_1_134' title='bbox 1791 1864 1966 1919; x_wconf 88' lang='lat' dir='ltr'>hono-</span> 
     </span>
    </p>
   </div>
   <div class='ocr_carea' id='block_1_20' title="bbox 330 1953 1969 2035">
    <p class='ocr_par' dir='ltr' id='par_1_20' title="bbox 330 1953 1969 2035">
     <span class='ocr_line' id='line_1_20' title="bbox 330 1953 1969 2035; baseline -0.01 -13"><span class='ocrx_word' id='word_1_135' title='bbox 330 1972 492 2022; x_wconf 88' lang='lat' dir='ltr'>ratur</span> <span class='ocrx_word' id='word_1_136' title='bbox 517 1964 670 2035; x_wconf 91' lang='lat' dir='ltr'>apud</span> <span class='ocrx_word' id='word_1_137' title='bbox 704 1978 807 2016; x_wconf 88' lang='lat' dir='ltr'>nos</span> <span class='ocrx_word' id='word_1_138' title='bbox 832 1964 1109 2031; x_wconf 87' lang='lat' dir='ltr'>tanquam</span> <span class='ocrx_word' id='word_1_139' title='bbox 1127 1958 1430 2025; x_wconf 89' lang='lat' dir='ltr'>Dominus,</span> <span class='ocrx_word' id='word_1_140' title='bbox 1459 1955 1557 2010; x_wconf 88' lang='lat' dir='ltr'>sed</span> <span class='ocrx_word' id='word_1_141' title='bbox 1581 1957 1857 2009; x_wconf 85' lang='lat' dir='ltr'>oneratur</span> <span class='ocrx_word' id='word_1_142' title='bbox 1880 1953 1969 2023; x_wconf 91' lang='lat' dir='ltr'>je-</span> 
     </span>
    </p>
   </div>
   <div class='ocr_carea' id='block_1_21' title="bbox 321 2042 1971 2128">
    <p class='ocr_par' dir='ltr' id='par_1_21' title="bbox 321 2042 1971 2128">
     <span class='ocr_line' id='line_1_21' title="bbox 321 2042 1971 2128; baseline -0.01 -17"><span class='ocrx_word' id='word_1_143' title='bbox 321 2056 490 2128; x_wconf 88' lang='lat' dir='ltr'>junio</span> <span class='ocrx_word' id='word_1_144' title='bbox 521 2057 577 2109; x_wconf 89' lang='lat' dir='ltr'>et</span> <span class='ocrx_word' id='word_1_145' title='bbox 605 2052 819 2117; x_wconf 90' lang='lat' dir='ltr'>labore,</span> <span class='ocrx_word' id='word_1_146' title='bbox 854 2047 1030 2103; x_wconf 90' lang='lat' dir='ltr'>veluti</span> <span class='ocrx_word' id='word_1_147' title='bbox 1061 2048 1300 2101; x_wconf 82' lang='lat' dir='ltr'>devotus</span> <span class='ocrx_word' id='word_1_148' title='bbox 1332 2060 1530 2100; x_wconf 90' lang='lat' dir='ltr'>servus</span> <span class='ocrx_word' id='word_1_149' title='bbox 1562 2042 1861 2098; x_wconf 89' lang='lat' dir='ltr'>Dominica</span> <span class='ocrx_word' id='word_1_150' title='bbox 1888 2058 1971 2096; x_wconf 91' lang='lat' dir='ltr'>se-</span> 
     </span>
    </p>
   </div>
   <div class='ocr_carea' id='block_1_22' title="bbox 329 2132 1969 2217">
    <p class='ocr_par' dir='ltr' id='par_1_22' title="bbox 329 2132 1969 2217">
     <span class='ocr_line' id='line_1_22' title="bbox 329 2132 1969 2217; baseline -0.01 -18"><span class='ocrx_word' id='word_1_151' title='bbox 329 2143 567 2217; x_wconf 90' lang='lat' dir='ltr'>pultura</span> <span class='ocrx_word' id='word_1_152' title='bbox 595 2143 928 2209; x_wconf 87' lang='lat' dir='ltr'>occupatus.</span> <span class='ocrx_word' id='word_1_153' title='bbox 965 2137 1115 2205; x_wconf 86' lang='lat' dir='ltr'>Mox,</span> <span class='ocrx_word' id='word_1_154' title='bbox 1143 2135 1487 2189; x_wconf 84' lang='lat' dir='ltr'>succedente</span> <span class='ocrx_word' id='word_1_155' title='bbox 1518 2132 1611 2186; x_wconf 90' lang='lat' dir='ltr'>die</span> <span class='ocrx_word' id='word_1_156' title='bbox 1637 2146 1812 2202; x_wconf 86' lang='lat' dir='ltr'>quam</span> <span class='ocrx_word' id='word_1_157' title='bbox 1842 2145 1969 2200; x_wconf 90' lang='lat' dir='ltr'>spc-</span> 
     </span>
    </p>
   </div>
   <div class='ocr_carea' id='block_1_23' title="bbox 331 2217 1968 2290">
    <p class='ocr_par' dir='ltr' id='par_1_23' title="bbox 331 2217 1968 2290">
     <span class='ocr_line' id='line_1_23' title="bbox 331 2217 1968 2290; baseline -0.01 -3"><span class='ocrx_word' id='word_1_158' title='bbox 331 2231 552 2288; x_wconf 83' lang='lat' dir='ltr'>cialiter</span> <span class='ocrx_word' id='word_1_159' title='bbox 583 2228 716 2283; x_wconf 81' lang='lat' dir='ltr'>fecit</span> <span class='ocrx_word' id='word_1_160' title='bbox 731 2225 1034 2290; x_wconf 89' lang='lat' dir='ltr'>Dominus,</span> <span class='ocrx_word' id='word_1_161' title='bbox 1056 2222 1391 2279; x_wconf 89' lang='lat' dir='ltr'>solemniter</span> <span class='ocrx_word' id='word_1_162' title='bbox 1413 2219 1774 2275; x_wconf 74' lang='lat' dir='ltr'>exsultamus</span> <span class='ocrx_word' id='word_1_163' title='bbox 1793 2221 1848 2273; x_wconf 90' lang='lat' dir='ltr'>et</span> <span class='ocrx_word' id='word_1_164' title='bbox 1877 2217 1968 2272; x_wconf 72' lang='lat' dir='ltr'>la:-</span> 
     </span>
    </p>
   </div>
   <div class='ocr_carea' id='block_1_24' title="bbox 330 2307 1970 2388">
    <p class='ocr_par' dir='ltr' id='par_1_24' title="bbox 330 2307 1970 2388">
     <span class='ocr_line' id='line_1_24' title="bbox 330 2307 1970 2388; baseline -0.01 -11"><span class='ocrx_word' id='word_1_165' title='bbox 330 2327 545 2386; x_wconf 90' lang='lat' dir='ltr'>tamur,</span> <span class='ocrx_word' id='word_1_166' title='bbox 577 2317 715 2388; x_wconf 88' lang='lat' dir='ltr'>quia</span> <span class='ocrx_word' id='word_1_167' title='bbox 743 2315 803 2369; x_wconf 90' lang='lat' dir='ltr'>in</span> <span class='ocrx_word' id='word_1_168' title='bbox 826 2331 893 2369; x_wconf 88' lang='lat' dir='ltr'>ea</span> <span class='ocrx_word' id='word_1_169' title='bbox 913 2313 1182 2368; x_wconf 81' lang='lat' dir='ltr'>Christus</span> <span class='ocrx_word' id='word_1_170' title='bbox 1201 2327 1511 2382; x_wconf 87' lang='lat' dir='ltr'>resurgens</span> <span class='ocrx_word' id='word_1_171' title='bbox 1529 2326 1562 2365; x_wconf 89' lang='lat' dir='ltr'>a</span> <span class='ocrx_word' id='word_1_172' title='bbox 1584 2307 1970 2377; x_wconf 85' lang='lat' dir='ltr'>mortuisjam</span> 
     </span>
    </p>
   </div>
   <div class='ocr_carea' id='block_1_25' title="bbox 332 2396 1970 2470">
    <p class='ocr_par' dir='ltr' id='par_1_25' title="bbox 332 2396 1970 2470">
     <span class='ocr_line' id='line_1_25' title="bbox 332 2396 1970 2470; baseline -0.009 -6"><span class='ocrx_word' id='word_1_173' title='bbox 332 2425 449 2464; x_wconf 88' lang='lat' dir='ltr'>non</span> <span class='ocrx_word' id='word_1_174' title='bbox 482 2406 748 2470; x_wconf 91' lang='lat' dir='ltr'>moritur,</span> <span class='ocrx_word' id='word_1_175' title='bbox 784 2418 941 2455; x_wconf 89' lang='lat' dir='ltr'>mors</span> <span class='ocrx_word' id='word_1_176' title='bbox 974 2401 1123 2455; x_wconf 89' lang='lat' dir='ltr'>ultra</span> <span class='ocrx_word' id='word_1_177' title='bbox 1155 2399 1240 2453; x_wconf 93' lang='lat' dir='ltr'>illi</span> <span class='ocrx_word' id='word_1_178' title='bbox 1269 2416 1383 2454; x_wconf 91' lang='lat' dir='ltr'>non</span> <span class='ocrx_word' id='word_1_179' title='bbox 1417 2398 1830 2453; x_wconf 89' lang='lat' dir='ltr'>dominabitur.</span> <span class='ocrx_word' id='word_1_180' title='bbox 1864 2396 1970 2462; x_wconf 89' lang='lat' dir='ltr'>Qui</span> 
     </span>
    </p>
   </div>
   <div class='ocr_carea' id='block_1_26' title="bbox 335 2484 1975 2565">
    <p class='ocr_par' dir='ltr' id='par_1_26' title="bbox 335 2484 1975 2565">
     <span class='ocr_line' id='line_1_26' title="bbox 335 2484 1975 2565; baseline -0.009 -14"><span class='ocrx_word' id='word_1_181' title='bbox 335 2497 510 2551; x_wconf 88' lang='lat' dir='ltr'>etiam</span> <span class='ocrx_word' id='word_1_182' title='bbox 542 2509 644 2565; x_wconf 89' lang='lat' dir='ltr'>pro</span> <span class='ocrx_word' id='word_1_183' title='bbox 676 2490 938 2546; x_wconf 90' lang='lat' dir='ltr'>custodia</span> <span class='ocrx_word' id='word_1_184' title='bbox 983 2488 1219 2544; x_wconf 86' lang='lat' dir='ltr'>Sabbati</span> <span class='ocrx_word' id='word_1_185' title='bbox 1267 2504 1383 2542; x_wconf 90' lang='lat' dir='ltr'>non</span> <span class='ocrx_word' id='word_1_186' title='bbox 1427 2488 1701 2542; x_wconf 87' lang='lat' dir='ltr'>timemus</span> <span class='ocrx_word' id='word_1_187' title='bbox 1748 2503 1779 2540; x_wconf 90' lang='lat' dir='ltr'>a</span> <span class='ocrx_word' id='word_1_188' title='bbox 1818 2484 1975 2540; x_wconf 89' lang='lat' dir='ltr'>Chri-</span> 
     </span>
    </p>
   </div>
   <div class='ocr_carea' id='block_1_27' title="bbox 337 2575 1972 2650">
    <p class='ocr_par' dir='ltr' id='par_1_27' title="bbox 337 2575 1972 2650">
     <span class='ocr_line' id='line_1_27' title="bbox 337 2575 1972 2650; baseline -0.008 -11"><span class='ocrx_word' id='word_1_189' title='bbox 337 2588 425 2639; x_wconf 88' lang='lat' dir='ltr'>sto</span> <span class='ocrx_word' id='word_1_190' title='bbox 482 2580 667 2637; x_wconf 90' lang='lat' dir='ltr'>notari</span> <span class='ocrx_word' id='word_1_191' title='bbox 713 2577 1026 2650; x_wconf 86' lang='lat' dir='ltr'>hypocrisi,</span> <span class='ocrx_word' id='word_1_192' title='bbox 1070 2576 1346 2648; x_wconf 91' lang='lat' dir='ltr'>quoniam</span> <span class='ocrx_word' id='word_1_193' title='bbox 1379 2575 1437 2630; x_wconf 91' lang='lat' dir='ltr'>in</span> <span class='ocrx_word' id='word_1_194' title='bbox 1485 2592 1550 2630; x_wconf 91' lang='lat' dir='ltr'>eo</span> <span class='ocrx_word' id='word_1_195' title='bbox 1581 2592 1694 2630; x_wconf 91' lang='lat' dir='ltr'>non</span> <span class='ocrx_word' id='word_1_196' title='bbox 1743 2577 1972 2629; x_wconf 87' lang='lat' dir='ltr'>tantum</span> 
     </span>
    </p>
   </div>
   <div class='ocr_carea' id='block_1_28' title="bbox 338 2662 1973 2735">
    <p class='ocr_par' dir='ltr' id='par_1_28' title="bbox 338 2662 1973 2735">
     <span class='ocr_line' id='line_1_28' title="bbox 338 2662 1973 2735; baseline -0.006 -9"><span class='ocrx_word' id='word_1_197' title='bbox 338 2686 577 2726; x_wconf 89' lang='lat' dir='ltr'>manum</span> <span class='ocrx_word' id='word_1_198' title='bbox 610 2668 854 2735; x_wconf 84' lang='lat' dir='ltr'>aridam,</span> <span class='ocrx_word' id='word_1_199' title='bbox 875 2666 972 2720; x_wconf 87' lang='lat' dir='ltr'>sed</span> <span class='ocrx_word' id='word_1_200' title='bbox 993 2669 1050 2720; x_wconf 89' lang='lat' dir='ltr'>et</span> <span class='ocrx_word' id='word_1_201' title='bbox 1080 2669 1266 2719; x_wconf 89' lang='lat' dir='ltr'>totum</span> <span class='ocrx_word' id='word_1_202' title='bbox 1297 2680 1508 2735; x_wconf 89' lang='lat' dir='ltr'>corpus</span> <span class='ocrx_word' id='word_1_203' title='bbox 1539 2662 1861 2718; x_wconf 89' lang='lat' dir='ltr'>curandum</span> <span class='ocrx_word' id='word_1_204' title='bbox 1889 2663 1973 2716; x_wconf 83' lang='lat' dir='ltr'>of-</span> 
     </span>
    </p>
   </div>
   <div class='ocr_carea' id='block_1_29' title="bbox 338 2750 1975 2815">
    <p class='ocr_par' dir='ltr' id='par_1_29' title="bbox 338 2750 1975 2815">
     <span class='ocr_line' id='line_1_29' title="bbox 338 2750 1975 2815; baseline -0.008 0"><span class='ocrx_word' id='word_1_205' title='bbox 338 2759 579 2815; x_wconf 81' lang='lat' dir='ltr'>ferimus</span> <span class='ocrx_word' id='word_1_206' title='bbox 610 2762 720 2811; x_wconf 90' lang='lat' dir='ltr'>Deo</span> <span class='ocrx_word' id='word_1_207' title='bbox 750 2760 806 2809; x_wconf 88' lang='lat' dir='ltr'>et</span> <span class='ocrx_word' id='word_1_208' title='bbox 842 2753 1109 2809; x_wconf 90' lang='lat' dir='ltr'>medicis.</span> <span class='ocrx_word' id='word_1_209' title='bbox 1143 2753 1257 2807; x_wconf 90' lang='lat' dir='ltr'>Nec</span> <span class='ocrx_word' id='word_1_210' title='bbox 1289 2752 1513 2807; x_wconf 79' lang='lat' dir='ltr'>tantum</span> <span class='ocrx_word' id='word_1_211' title='bbox 1544 2752 1746 2805; x_wconf 89' lang='lat' dir='ltr'>bovem</span> <span class='ocrx_word' id='word_1_212' title='bbox 1780 2755 1835 2805; x_wconf 91' lang='lat' dir='ltr'>et</span> <span class='ocrx_word' id='word_1_213' title='bbox 1865 2750 1975 2804; x_wconf 84' lang='lat' dir='ltr'>asi-</span> 
     </span>
    </p>
   </div>
   <div class='ocr_carea' id='block_1_30' title="bbox 337 2839 1970 2913">
    <p class='ocr_par' dir='ltr' id='par_1_30' title="bbox 337 2839 1970 2913">
     <span class='ocr_line' id='line_1_30' title="bbox 337 2839 1970 2913; baseline -0.007 -9"><span class='ocrx_word' id='word_1_214' title='bbox 337 2865 479 2904; x_wconf 88' lang='lat' dir='ltr'>num</span> <span class='ocrx_word' id='word_1_215' title='bbox 527 2845 807 2902; x_wconf 88' lang='lat' dir='ltr'>solvimus</span> <span class='ocrx_word' id='word_1_216' title='bbox 857 2860 890 2897; x_wconf 89' lang='lat' dir='ltr'>a</span> <span class='ocrx_word' id='word_1_217' title='bbox 938 2841 1238 2913; x_wconf 74' lang='lat' dir='ltr'>praesepio,</span> <span class='ocrx_word' id='word_1_218' title='bbox 1272 2844 1328 2895; x_wconf 90' lang='lat' dir='ltr'>et</span> <span class='ocrx_word' id='word_1_219' title='bbox 1358 2839 1630 2895; x_wconf 88' lang='lat' dir='ltr'>ducimus</span> <span class='ocrx_word' id='word_1_220' title='bbox 1660 2840 1970 2910; x_wconf 87' lang='lat' dir='ltr'>adaquare,</span> 
     </span>
    </p>
   </div>
   <div class='ocr_carea' id='block_1_31' title="bbox 337 2927 1973 3000">
    <p class='ocr_par' dir='ltr' id='par_1_31' title="bbox 337 2927 1973 3000">
     <span class='ocr_line' id='line_1_31' title="bbox 337 2927 1973 3000; baseline -0.006 -9"><span class='ocrx_word' id='word_1_221' title='bbox 337 2937 437 2992; x_wconf 91' lang='lat' dir='ltr'>sed</span> <span class='ocrx_word' id='word_1_222' title='bbox 467 2934 640 2991; x_wconf 91' lang='lat' dir='ltr'>etiam</span> <span class='ocrx_word' id='word_1_223' title='bbox 671 2948 854 2988; x_wconf 87' lang='lat' dir='ltr'>arare.</span> <span class='ocrx_word' id='word_1_224' title='bbox 887 2934 993 2985; x_wconf 86' lang='lat' dir='ltr'>Ast</span> <span class='ocrx_word' id='word_1_225' title='bbox 1020 2946 1120 2984; x_wconf 91' lang='lat' dir='ltr'>vos</span> <span class='ocrx_word' id='word_1_226' title='bbox 1150 2928 1406 2984; x_wconf 88' lang='lat' dir='ltr'>volentes</span> <span class='ocrx_word' id='word_1_227' title='bbox 1438 2945 1565 2983; x_wconf 88' lang='lat' dir='ltr'>esse</span> <span class='ocrx_word' id='word_1_228' title='bbox 1601 2927 1749 3000; x_wconf 84' lang='lat' dir='ltr'>legis</span> <span class='ocrx_word' id='word_1_229' title='bbox 1779 2928 1973 2982; x_wconf 90' lang='lat' dir='ltr'>docto-</span> 
     </span>
    </p>
   </div>
   <div class='ocr_carea' id='block_1_32' title="bbox 338 3014 1974 3090">
    <p class='ocr_par' dir='ltr' id='par_1_32' title="bbox 338 3014 1974 3090">
     <span class='ocr_line' id='line_1_32' title="bbox 338 3014 1974 3090; baseline -0.006 -12"><span class='ocrx_word' id='word_1_230' title='bbox 338 3040 451 3090; x_wconf 89' lang='lat' dir='ltr'>res,</span> <span class='ocrx_word' id='word_1_231' title='bbox 484 3038 589 3077; x_wconf 89' lang='lat' dir='ltr'>nec</span> <span class='ocrx_word' id='word_1_232' title='bbox 616 3019 1003 3090; x_wconf 87' lang='lat' dir='ltr'>intelligentes</span> <span class='ocrx_word' id='word_1_233' title='bbox 1038 3034 1165 3088; x_wconf 80' lang='lat' dir='ltr'>quae</span> <span class='ocrx_word' id='word_1_234' title='bbox 1196 3016 1497 3087; x_wconf 88' lang='lat' dir='ltr'>loquimini</span> <span class='ocrx_word' id='word_1_235' title='bbox 1529 3032 1717 3086; x_wconf 90' lang='lat' dir='ltr'>neque</span> <span class='ocrx_word' id='word_1_236' title='bbox 1747 3016 1816 3070; x_wconf 90' lang='lat' dir='ltr'>de</span> <span class='ocrx_word' id='word_1_237' title='bbox 1846 3014 1974 3085; x_wconf 88' lang='lat' dir='ltr'>qui-</span> 
     </span>
    </p>
   </div>
   <div class='ocr_carea' id='block_1_33' title="bbox 339 3103 1976 3175">
    <p class='ocr_par' dir='ltr' id='par_1_33' title="bbox 339 3103 1976 3175">
     <span class='ocr_line' id='line_1_33' title="bbox 339 3103 1976 3175; baseline -0.007 -8"><span class='ocrx_word' id='word_1_238' title='bbox 339 3112 450 3167; x_wconf 88' lang='lat' dir='ltr'>bus</span> <span class='ocrx_word' id='word_1_239' title='bbox 498 3108 826 3173; x_wconf 84' lang='lat' dir='ltr'>afﬁrmatis,</span> <span class='ocrx_word' id='word_1_240' title='bbox 881 3106 1262 3161; x_wconf 87' lang='lat' dir='ltr'>assertionem</span> <span class='ocrx_word' id='word_1_241' title='bbox 1311 3109 1514 3160; x_wconf 81' lang='lat' dir='ltr'>vestrae</span> <span class='ocrx_word' id='word_1_242' title='bbox 1564 3104 1854 3175; x_wconf 84' lang='lat' dir='ltr'>opinionis</span> <span class='ocrx_word' id='word_1_243' title='bbox 1892 3103 1976 3158; x_wconf 92' lang='lat' dir='ltr'>sic</span> 
     </span>
    </p>
   </div>
   <div class='ocr_carea' id='block_1_34' title="bbox 341 3197 730 3255">
    <p class='ocr_par' dir='ltr' id='par_1_34' title="bbox 341 3197 730 3255">
     <span class='ocr_line' id='line_1_34' title="bbox 341 3197 730 3255; baseline -0.013 0"><span class='ocrx_word' id='word_1_244' title='bbox 341 3197 730 3255; x_wconf 88' lang='lat' dir='ltr'>conclusistis.</span> 
     </span>
    </p>
   </div>
   <div class='ocr_carea' id='block_1_35' title="bbox 2064 626 3776 697">
    <p class='ocr_par' dir='ltr' id='par_1_35' title="bbox 2064 626 3776 697">
     <span class='ocr_line' id='line_1_35' title="bbox 2064 626 3776 697; baseline -0.002 -14"><span class='ocrx_word' id='word_1_245' title='bbox 2064 647 2170 684; x_wconf 90' lang='lat' dir='ltr'>vus</span> <span class='ocrx_word' id='word_1_246' title='bbox 2199 629 2295 684; x_wconf 91' lang='lat' dir='ltr'>ille</span> <span class='ocrx_word' id='word_1_247' title='bbox 2324 630 2572 686; x_wconf 82' lang='lat' dir='ltr'>ccclestis</span> <span class='ocrx_word' id='word_1_248' title='bbox 2600 629 2770 686; x_wconf 88' lang='lat' dir='ltr'>lactis</span> <span class='ocrx_word' id='word_1_249' title='bbox 2816 627 3025 685; x_wconf 69' lang='lat' dir='ltr'>interni</span> <span class='ocrx_word' id='word_1_250' title='bbox 3057 626 3277 697; x_wconf 88' lang='lat' dir='ltr'>mellis,</span> <span class='ocrx_word' id='word_1_251' title='bbox 3316 628 3698 683; x_wconf 80' lang='lat' dir='ltr'>Romanam</span> <span class='ocrx_word' id='word_1_252' title='bbox 3724 629 3776 681; x_wconf 87' lang='lat' dir='ltr'>et</span> 
     </span>
    </p>
   </div>
   <div class='ocr_carea' id='block_1_36' title="bbox 2064 715 3774 785">
    <p class='ocr_par' dir='ltr' id='par_1_36' title="bbox 2064 715 3774 785">
     <span class='ocr_line' id='line_1_36' title="bbox 2064 715 3774 785; baseline -0.001 -12"><span class='ocrx_word' id='word_1_253' title='bbox 2064 717 2491 774; x_wconf 90' lang='lat' dir='ltr'>Occidentalem</span> <span class='ocrx_word' id='word_1_254' title='bbox 2520 717 2841 773; x_wconf 90' lang='lat' dir='ltr'>Ecclesiam</span> <span class='ocrx_word' id='word_1_255' title='bbox 2864 734 3081 773; x_wconf 90' lang='lat' dir='ltr'>vocans</span> <span class='ocrx_word' id='word_1_256' title='bbox 3104 718 3465 785; x_wconf 88' lang='lat' dir='ltr'>dominam,</span> <span class='ocrx_word' id='word_1_257' title='bbox 3506 719 3578 772; x_wconf 90' lang='lat' dir='ltr'>et</span> <span class='ocrx_word' id='word_1_258' title='bbox 3609 715 3774 771; x_wconf 83' lang='lat' dir='ltr'>obse-</span> 
     </span>
    </p>
   </div>
   <div class='ocr_carea' id='block_1_37' title="bbox 2066 803 3780 877">
    <p class='ocr_par' dir='ltr' id='par_1_37' title="bbox 2066 803 3780 877">
     <span class='ocr_line' id='line_1_37' title="bbox 2066 803 3780 877; baseline -0.002 -16"><span class='ocrx_word' id='word_1_259' title='bbox 2066 822 2235 861; x_wconf 87' lang='lat' dir='ltr'>crans</span> <span class='ocrx_word' id='word_1_260' title='bbox 2254 820 2592 861; x_wconf 89' lang='lat' dir='ltr'>succurrere</span> <span class='ocrx_word' id='word_1_261' title='bbox 2610 805 2917 877; x_wconf 85' lang='lat' dir='ltr'>perditioni</span> <span class='ocrx_word' id='word_1_262' title='bbox 2933 805 3214 861; x_wconf 89' lang='lat' dir='ltr'>Orientis.</span> <span class='ocrx_word' id='word_1_263' title='bbox 3232 805 3447 873; x_wconf 88' lang='lat' dir='ltr'>Nunc,</span> <span class='ocrx_word' id='word_1_264' title='bbox 3465 803 3676 877; x_wconf 80' lang='lat' dir='ltr'>gratis</span> <span class='ocrx_word' id='word_1_265' title='bbox 3694 820 3780 859; x_wconf 87' lang='lat' dir='ltr'>su-</span> 
     </span>
    </p>
   </div>
   <div class='ocr_carea' id='block_1_38' title="bbox 2066 891 3779 960">
    <p class='ocr_par' dir='ltr' id='par_1_38' title="bbox 2066 891 3779 960">
     <span class='ocr_line' id='line_1_38' title="bbox 2066 891 3779 960; baseline -0.001 -12"><span class='ocrx_word' id='word_1_266' title='bbox 2066 895 2324 949; x_wconf 88' lang='lat' dir='ltr'>bvertere</span> <span class='ocrx_word' id='word_1_267' title='bbox 2373 894 2643 949; x_wconf 84' lang='lat' dir='ltr'>Latinam</span> <span class='ocrx_word' id='word_1_268' title='bbox 2676 892 3005 949; x_wconf 87' lang='lat' dir='ltr'>Ecclesiam</span> <span class='ocrx_word' id='word_1_269' title='bbox 3049 893 3399 960; x_wconf 85' lang='lat' dir='ltr'>molientes,</span> <span class='ocrx_word' id='word_1_270' title='bbox 3443 891 3779 949; x_wconf 84' lang='lat' dir='ltr'>armamini</span> 
     </span>
    </p>
   </div>
   <div class='ocr_carea' id='block_1_39' title="bbox 2069 981 3781 1055">
    <p class='ocr_par' dir='ltr' id='par_1_39' title="bbox 2069 981 3781 1055">
     <span class='ocr_line' id='line_1_39' title="bbox 2069 981 3781 1055; baseline -0.001 -17"><span class='ocrx_word' id='word_1_271' title='bbox 2069 988 2268 1038; x_wconf 91' lang='lat' dir='ltr'>contra</span> <span class='ocrx_word' id='word_1_272' title='bbox 2289 1000 2394 1038; x_wconf 90' lang='lat' dir='ltr'>nos</span> <span class='ocrx_word' id='word_1_273' title='bbox 2419 982 2587 1055; x_wconf 82' lang='lat' dir='ltr'>quasi</span> <span class='ocrx_word' id='word_1_274' title='bbox 2608 983 2807 1038; x_wconf 89' lang='lat' dir='ltr'>Basilii</span> <span class='ocrx_word' id='word_1_275' title='bbox 2834 983 3146 1052; x_wconf 81' lang='lat' dir='ltr'>sententia,</span> <span class='ocrx_word' id='word_1_276' title='bbox 3175 999 3308 1055; x_wconf 66' lang='lat' dir='ltr'>quas</span> <span class='ocrx_word' id='word_1_277' title='bbox 3328 981 3551 1038; x_wconf 86' lang='lat' dir='ltr'>multo</span> <span class='ocrx_word' id='word_1_278' title='bbox 3585 996 3781 1038; x_wconf 83' lang='lat' dir='ltr'>vecor-</span> 
     </span>
    </p>
   </div>
   <div class='ocr_carea' id='block_1_40' title="bbox 2069 1070 3778 1145">
    <p class='ocr_par' dir='ltr' id='par_1_40' title="bbox 2069 1070 3778 1145">
     <span class='ocr_line' id='line_1_40' title="bbox 2069 1070 3778 1145; baseline -0.001 -18"><span class='ocrx_word' id='word_1_279' title='bbox 2069 1073 2197 1127; x_wconf 89' lang='lat' dir='ltr'>dior</span> <span class='ocrx_word' id='word_1_280' title='bbox 2226 1073 2520 1127; x_wconf 91' lang='lat' dir='ltr'>invenitur</span> <span class='ocrx_word' id='word_1_281' title='bbox 2546 1071 2645 1127; x_wconf 88' lang='lat' dir='ltr'>illa</span> <span class='ocrx_word' id='word_1_282' title='bbox 2670 1071 2919 1127; x_wconf 90' lang='lat' dir='ltr'>ridicula</span> <span class='ocrx_word' id='word_1_283' title='bbox 2934 1071 3173 1127; x_wconf 61' lang='lat' dir='ltr'>Tiresia</span> <span class='ocrx_word' id='word_1_284' title='bbox 3195 1070 3583 1145; x_wconf 80' lang='lat' dir='ltr'>prophetia:</span> <span class='ocrx_word' id='word_1_285' title='bbox 3614 1070 3778 1140; x_wconf 83' lang='lat' dir='ltr'>Quid-</span> 
     </span>
    </p>
   </div>
   <div class='ocr_carea' id='block_1_41' title="bbox 2070 1159 3777 1234">
    <p class='ocr_par' dir='ltr' id='par_1_41' title="bbox 2070 1159 3777 1234">
     <span class='ocr_line' id='line_1_41' title="bbox 2070 1159 3777 1234; baseline -0.002 -17"><span class='ocrx_word' id='word_1_286' title='bbox 2070 1162 2204 1234; x_wconf 84' lang='lat' dir='ltr'>quid</span> <span class='ocrx_word' id='word_1_287' title='bbox 2233 1161 2432 1227; x_wconf 86' lang='lat' dir='ltr'>dicam,</span> <span class='ocrx_word' id='word_1_288' title='bbox 2473 1168 2573 1216; x_wconf 78' lang='lat' dir='ltr'>aut</span> <span class='ocrx_word' id='word_1_289' title='bbox 2599 1163 2723 1227; x_wconf 86' lang='lat' dir='ltr'>erit,</span> <span class='ocrx_word' id='word_1_290' title='bbox 2767 1163 2863 1216; x_wconf 89' lang='lat' dir='ltr'>aut</span> <span class='ocrx_word' id='word_1_291' title='bbox 2897 1176 3030 1217; x_wconf 82' lang='lat' dir='ltr'>non.</span> <span class='ocrx_word' id='word_1_292' title='bbox 3061 1161 3290 1233; x_wconf 88' lang='lat' dir='ltr'>Nempe</span> <span class='ocrx_word' id='word_1_293' title='bbox 3333 1160 3585 1216; x_wconf 87' lang='lat' dir='ltr'>accidit</span> <span class='ocrx_word' id='word_1_294' title='bbox 3615 1159 3777 1217; x_wconf 87' lang='lat' dir='ltr'>vobis</span> 
     </span>
    </p>
   </div>
   <div class='ocr_carea' id='block_1_42' title="bbox 2070 1250 2927 1323">
    <p class='ocr_par' dir='ltr' id='par_1_42' title="bbox 2070 1250 2927 1323">
     <span class='ocr_line' id='line_1_42' title="bbox 2070 1250 2927 1323; baseline -0.004 -16"><span class='ocrx_word' id='word_1_295' title='bbox 2070 1252 2216 1307; x_wconf 89' lang='lat' dir='ltr'>illud</span> <span class='ocrx_word' id='word_1_296' title='bbox 2246 1251 2476 1323; x_wconf 87' lang='lat' dir='ltr'>satyrici</span> <span class='ocrx_word' id='word_1_297' title='bbox 2509 1250 2879 1322; x_wconf 85' lang='lat' dir='ltr'>proverbium</span> <span class='ocrx_word' id='word_1_298' title='bbox 2914 1266 2927 1304; x_wconf 90' lang='lat'><strong>:</strong></span> 
     </span>
    </p>
   </div>
   <div class='ocr_carea' id='block_1_43' title="bbox 2263 1355 3588 1415">
    <p class='ocr_par' dir='ltr' id='par_1_43' title="bbox 2263 1355 3588 1415">
     <span class='ocr_line' id='line_1_43' title="bbox 2263 1355 3588 1415; baseline 0 -10"><span class='ocrx_word' id='word_1_299' title='bbox 2263 1357 2572 1406; x_wconf 85' lang='lat' dir='ltr'>Parturiunt</span> <span class='ocrx_word' id='word_1_300' title='bbox 2597 1359 2825 1415; x_wconf 87' lang='lat' dir='ltr'>montes,</span> <span class='ocrx_word' id='word_1_301' title='bbox 2857 1362 3109 1406; x_wconf 86' lang='lat' dir='ltr'>nascetur</span> <span class='ocrx_word' id='word_1_302' title='bbox 3135 1355 3414 1406; x_wconf 87' lang='lat' dir='ltr'>ridiculus</span> <span class='ocrx_word' id='word_1_303' title='bbox 3446 1369 3588 1405; x_wconf 82' lang='lat' dir='ltr'>mus</span> 
     </span>
    </p>
   </div>
   <div class='ocr_carea' id='block_1_44' title="bbox 2909 1419 3717 1482">
    <p class='ocr_par' dir='ltr' id='par_1_44' title="bbox 2909 1419 3717 1482">
     <span class='ocr_line' id='line_1_44' title="bbox 2909 1419 3717 1482; baseline -0.001 -15"><span class='ocrx_word' id='word_1_304' title='bbox 2909 1420 3077 1482; x_wconf 73' lang='lat' dir='ltr'>(llos.</span> <span class='ocrx_word' id='word_1_305' title='bbox 3100 1419 3176 1467; x_wconf 84' lang='lat' dir='ltr'>De</span> <span class='ocrx_word' id='word_1_306' title='bbox 3204 1421 3325 1468; x_wconf 77' lang='lat' dir='ltr'>arte</span> <span class='ocrx_word' id='word_1_307' title='bbox 3352 1422 3538 1482; x_wconf 81' lang='lat' dir='ltr'>poet.,</span> <span class='ocrx_word' id='word_1_308' title='bbox 3577 1420 3717 1482; x_wconf 75' lang='lat'>139.)</span> 
     </span>
    </p>
   </div>
   <div class='ocr_carea' id='block_1_45' title="bbox 2073 1515 3775 1591">
    <p class='ocr_par' dir='ltr' id='par_1_45' title="bbox 2073 1515 3775 1591">
     <span class='ocr_line' id='line_1_45' title="bbox 2073 1515 3775 1591; baseline -0.001 -19"><span class='ocrx_word' id='word_1_309' title='bbox 2073 1523 2262 1591; x_wconf 82' lang='lat' dir='ltr'>Atque</span> <span class='ocrx_word' id='word_1_310' title='bbox 2293 1518 2520 1573; x_wconf 88' lang='lat' dir='ltr'>utinam</span> <span class='ocrx_word' id='word_1_311' title='bbox 2545 1515 2900 1584; x_wconf 88' lang='lat' dir='ltr'>tacuissetis,</span> <span class='ocrx_word' id='word_1_312' title='bbox 2927 1520 2993 1571; x_wconf 87' lang='lat' dir='ltr'>ut</span> <span class='ocrx_word' id='word_1_313' title='bbox 3023 1516 3393 1588; x_wconf 86' lang='lat' dir='ltr'>pularemini</span> <span class='ocrx_word' id='word_1_314' title='bbox 3430 1516 3775 1590; x_wconf 79' lang='lat' dir='ltr'>sapientes,</span> 
     </span>
    </p>
   </div>
   <div class='ocr_carea' id='block_1_46' title="bbox 2073 1603 3775 1679">
    <p class='ocr_par' dir='ltr' id='par_1_46' title="bbox 2073 1603 3775 1679">
     <span class='ocr_line' id='line_1_46' title="bbox 2073 1603 3775 1679; baseline -0.002 -16"><span class='ocrx_word' id='word_1_315' title='bbox 2073 1625 2173 1663; x_wconf 91' lang='lat' dir='ltr'>ceu</span> <span class='ocrx_word' id='word_1_316' title='bbox 2208 1607 2508 1679; x_wconf 83' lang='lat' dir='ltr'>Sapientia</span> <span class='ocrx_word' id='word_1_317' title='bbox 2539 1605 2680 1660; x_wconf 92' lang='lat' dir='ltr'>dicit</span> <span class='ocrx_word' id='word_1_318' title='bbox 2714 1622 2727 1659; x_wconf 89' lang='lat'><strong>:</strong></span> <span class='ocrx_word' id='word_1_319' title='bbox 2760 1627 2788 1654; x_wconf 89' lang='lat'>«</span> <span class='ocrx_word' id='word_1_320' title='bbox 2821 1603 3069 1671; x_wconf 88' lang='lat' dir='ltr'>Stultus,</span> <span class='ocrx_word' id='word_1_321' title='bbox 3106 1604 3157 1660; x_wconf 81' lang='lat' dir='ltr'>si</span> <span class='ocrx_word' id='word_1_322' title='bbox 3189 1604 3484 1673; x_wconf 86' lang='lat' dir='ltr'>tacuerit,</span> <span class='ocrx_word' id='word_1_323' title='bbox 3524 1606 3775 1676; x_wconf 83' lang='lat' dir='ltr'>sapiens</span> 
     </span>
    </p>
   </div>
   <div class='ocr_carea' id='block_1_47' title="bbox 2075 1692 3773 1770">
    <p class='ocr_par' dir='ltr' id='par_1_47' title="bbox 2075 1692 3773 1770">
     <span class='ocr_line' id='line_1_47' title="bbox 2075 1692 3773 1770; baseline -0.002 -18"><span class='ocrx_word' id='word_1_324' title='bbox 2075 1698 2396 1770; x_wconf 88' lang='lat' dir='ltr'>putabitur.</span> <span class='ocrx_word' id='word_1_325' title='bbox 2435 1718 2462 1745; x_wconf 84' lang='lat'>»</span> <span class='ocrx_word' id='word_1_326' title='bbox 2496 1694 2665 1750; x_wconf 92' lang='lat' dir='ltr'>Modo</span> <span class='ocrx_word' id='word_1_327' title='bbox 2698 1698 2894 1750; x_wconf 89' lang='lat' dir='ltr'>autem</span> <span class='ocrx_word' id='word_1_328' title='bbox 2926 1692 3183 1749; x_wconf 86' lang='lat' dir='ltr'>stultitia</span> <span class='ocrx_word' id='word_1_329' title='bbox 3230 1697 3439 1750; x_wconf 87' lang='lat' dir='ltr'>vostra</span> <span class='ocrx_word' id='word_1_330' title='bbox 3479 1694 3773 1750; x_wconf 84' lang='lat' dir='ltr'>omnibus</span> 
     </span>
    </p>
   </div>
   <div class='ocr_carea' id='block_1_48' title="bbox 2075 1781 3270 1855">
    <p class='ocr_par' dir='ltr' id='par_1_48' title="bbox 2075 1781 3270 1855">
     <span class='ocr_line' id='line_1_48' title="bbox 2075 1781 3270 1855; baseline -0.005 -11"><span class='ocrx_word' id='word_1_331' title='bbox 2075 1792 2209 1844; x_wconf 90' lang='lat' dir='ltr'>nota</span> <span class='ocrx_word' id='word_1_332' title='bbox 2229 1792 2339 1843; x_wconf 89' lang='lat' dir='ltr'>est.</span> <span class='ocrx_word' id='word_1_333' title='bbox 2374 1787 2519 1841; x_wconf 88' lang='lat' dir='ltr'>Hinc</span> <span class='ocrx_word' id='word_1_334' title='bbox 2552 1784 2779 1855; x_wconf 91' lang='lat' dir='ltr'>reliqua</span> <span class='ocrx_word' id='word_1_335' title='bbox 2807 1781 3270 1855; x_wconf 86' lang='lat' dir='ltr'>perspiciamus.</span> 
     </span>
    </p>
   </div>
   <div class='ocr_carea' id='block_1_49' title="bbox 2144 1871 3780 1936">
    <p class='ocr_par' dir='ltr' id='par_1_49' title="bbox 2144 1871 3780 1936">
     <span class='ocr_line' id='line_1_49' title="bbox 2144 1871 3780 1936; baseline -0.003 -6"><span class='ocrx_word' id='word_1_336' title='bbox 2144 1875 2333 1930; x_wconf 88' lang='lat' dir='ltr'>XLIX.</span> <span class='ocrx_word' id='word_1_337' title='bbox 2366 1875 3096 1929; x_wconf 78' lang='lat' dir='ltr'>CONSTANTINOPOLITANUS.</span> <span class='ocrx_word' id='word_1_338' title='bbox 3129 1871 3448 1936; x_wconf 89' lang='lat' dir='ltr'>Quomodo</span> <span class='ocrx_word' id='word_1_339' title='bbox 3483 1875 3699 1928; x_wconf 83' lang='lat' dir='ltr'>autem</span> <span class='ocrx_word' id='word_1_340' title='bbox 3722 1875 3780 1927; x_wconf 88' lang='lat' dir='ltr'>et</span> 
     </span>
    </p>
   </div>
   <div class='ocr_carea' id='block_1_50' title="bbox 2080 1959 3780 2033">
    <p class='ocr_par' dir='ltr' id='par_1_50' title="bbox 2080 1959 3780 2033">
     <span class='ocr_line' id='line_1_50' title="bbox 2080 1959 3780 2033; baseline -0.002 -15"><span class='ocrx_word' id='word_1_341' title='bbox 2080 1964 2364 2019; x_wconf 85' lang='lat' dir='ltr'>sull‘ocata</span> <span class='ocrx_word' id='word_1_342' title='bbox 2394 1961 2452 2016; x_wconf 91' lang='lat' dir='ltr'>hi</span> <span class='ocrx_word' id='word_1_343' title='bbox 2487 1959 2633 2015; x_wconf 87' lang='lat' dir='ltr'>tales</span> <span class='ocrx_word' id='word_1_344' title='bbox 2663 1960 2981 2015; x_wconf 88' lang='lat' dir='ltr'>comedunt</span> <span class='ocrx_word' id='word_1_345' title='bbox 3021 1960 3083 2014; x_wconf 90' lang='lat' dir='ltr'>in</span> <span class='ocrx_word' id='word_1_346' title='bbox 3116 1960 3341 2031; x_wconf 91' lang='lat' dir='ltr'>quibus</span> <span class='ocrx_word' id='word_1_347' title='bbox 3389 1960 3660 2033; x_wconf 85' lang='lat' dir='ltr'>sanguis</span> <span class='ocrx_word' id='word_1_348' title='bbox 3690 1963 3780 2015; x_wconf 84' lang='lat' dir='ltr'>te-</span> 
     </span>
    </p>
   </div>
   <div class='ocr_carea' id='block_1_51' title="bbox 2078 2046 3779 2121">
    <p class='ocr_par' dir='ltr' id='par_1_51' title="bbox 2078 2046 3779 2121">
     <span class='ocr_line' id='line_1_51' title="bbox 2078 2046 3779 2121; baseline -0.002 -14"><span class='ocrx_word' id='word_1_349' title='bbox 2078 2056 2253 2107; x_wconf 91' lang='lat' dir='ltr'>netur</span> <span class='ocrx_word' id='word_1_350' title='bbox 2273 2051 2300 2105; x_wconf 87' lang='lat'>?</span> <span class='ocrx_word' id='word_1_351' title='bbox 2334 2053 2437 2104; x_wconf 89' lang='lat' dir='ltr'>aut</span> <span class='ocrx_word' id='word_1_352' title='bbox 2468 2049 2706 2103; x_wconf 88' lang='lat' dir='ltr'>nescitis</span> <span class='ocrx_word' id='word_1_353' title='bbox 2726 2052 2793 2103; x_wconf 90' lang='lat' dir='ltr'>ut</span> <span class='ocrx_word' id='word_1_354' title='bbox 2820 2048 3015 2103; x_wconf 88' lang='lat' dir='ltr'>omnis</span> <span class='ocrx_word' id='word_1_355' title='bbox 3036 2046 3317 2103; x_wconf 88' lang='lat' dir='ltr'>animalis</span> <span class='ocrx_word' id='word_1_356' title='bbox 3339 2048 3610 2121; x_wconf 80' lang='lat' dir='ltr'>sanguis</span> <span class='ocrx_word' id='word_1_357' title='bbox 3643 2048 3779 2104; x_wconf 86' lang='lat' dir='ltr'>ani-</span> 
     </span>
    </p>
   </div>
   <div class='ocr_carea' id='block_1_52' title="bbox 2086 2135 3782 2211">
    <p class='ocr_par' dir='ltr' id='par_1_52' title="bbox 2086 2135 3782 2211">
     <span class='ocr_line' id='line_1_52' title="bbox 2086 2135 3782 2211; baseline -0.003 -16"><span class='ocrx_word' id='word_1_358' title='bbox 2086 2158 2183 2196; x_wconf 89' lang='lat' dir='ltr'>ma</span> <span class='ocrx_word' id='word_1_359' title='bbox 2210 2139 2396 2211; x_wconf 87' lang='lat' dir='ltr'>ipsius</span> <span class='ocrx_word' id='word_1_360' title='bbox 2428 2138 2525 2200; x_wconf 88' lang='lat' dir='ltr'>sit,</span> <span class='ocrx_word' id='word_1_361' title='bbox 2581 2141 2637 2191; x_wconf 88' lang='lat' dir='ltr'>et</span> <span class='ocrx_word' id='word_1_362' title='bbox 2665 2136 2765 2207; x_wconf 88' lang='lat' dir='ltr'>qui</span> <span class='ocrx_word' id='word_1_363' title='bbox 2825 2135 3148 2193; x_wconf 88' lang='lat' dir='ltr'>comederit</span> <span class='ocrx_word' id='word_1_364' title='bbox 3194 2136 3582 2209; x_wconf 83' lang='lat' dir='ltr'>sanguinem,</span> <span class='ocrx_word' id='word_1_365' title='bbox 3638 2136 3782 2192; x_wconf 87' lang='lat' dir='ltr'>ani-</span> 
     </span>
    </p>
   </div>
   <div class='ocr_carea' id='block_1_53' title="bbox 2079 2223 3780 2293">
    <p class='ocr_par' dir='ltr' id='par_1_53' title="bbox 2079 2223 3780 2293">
     <span class='ocr_line' id='line_1_53' title="bbox 2079 2223 3780 2293; baseline -0.001 -10"><span class='ocrx_word' id='word_1_366' title='bbox 2079 2245 2235 2283; x_wconf 84' lang='lat' dir='ltr'>mam</span> <span class='ocrx_word' id='word_1_367' title='bbox 2289 2224 2593 2281; x_wconf 86' lang='lat' dir='ltr'>comedet?</span> <span class='ocrx_word' id='word_1_368' title='bbox 2654 2223 2721 2278; x_wconf 90' lang='lat' dir='ltr'>Et</span> <span class='ocrx_word' id='word_1_369' title='bbox 2778 2223 3019 2293; x_wconf 91' lang='lat' dir='ltr'>idcirco,</span> <span class='ocrx_word' id='word_1_370' title='bbox 3071 2224 3393 2281; x_wconf 88' lang='lat' dir='ltr'>secundum</span> <span class='ocrx_word' id='word_1_371' title='bbox 3442 2223 3605 2291; x_wconf 78' lang='lat' dir='ltr'>haec,</span> <span class='ocrx_word' id='word_1_372' title='bbox 3654 2240 3780 2282; x_wconf 86' lang='lat' dir='ltr'>nec</span> 
     </span>
    </p>
   </div>
   <div class='ocr_carea' id='block_1_54' title="bbox 2083 2311 3776 2389">
    <p class='ocr_par' dir='ltr' id='par_1_54' title="bbox 2083 2311 3776 2389">
     <span class='ocr_line' id='line_1_54' title="bbox 2083 2311 3776 2389; baseline -0.002 -17"><span class='ocrx_word' id='word_1_373' title='bbox 2083 2316 2329 2389; x_wconf 88' lang='lat' dir='ltr'>gentiles</span> <span class='ocrx_word' id='word_1_374' title='bbox 2359 2331 2427 2370; x_wconf 86' lang='lat' dir='ltr'>ex</span> <span class='ocrx_word' id='word_1_375' title='bbox 2460 2317 2574 2369; x_wconf 90' lang='lat' dir='ltr'>toto</span> <span class='ocrx_word' id='word_1_376' title='bbox 2606 2317 2774 2380; x_wconf 89' lang='lat' dir='ltr'>sunt;</span> <span class='ocrx_word' id='word_1_377' title='bbox 2819 2311 2906 2367; x_wconf 91' lang='lat' dir='ltr'>illi</span> <span class='ocrx_word' id='word_1_378' title='bbox 2940 2313 3241 2381; x_wconf 85' lang='lat' dir='ltr'>occidunt,</span> <span class='ocrx_word' id='word_1_379' title='bbox 3289 2316 3392 2369; x_wconf 87' lang='lat' dir='ltr'>aut</span> <span class='ocrx_word' id='word_1_380' title='bbox 3426 2311 3776 2385; x_wconf 75' lang='lat' dir='ltr'>plagantes</span> 
     </span>
    </p>
   </div>
   <div class='ocr_carea' id='block_1_55' title="bbox 2081 2405 2413 2460">
    <p class='ocr_par' dir='ltr' id='par_1_55' title="bbox 2081 2405 2413 2460">
     <span class='ocr_line' id='line_1_55' title="bbox 2081 2405 2413 2460; baseline -0.009 0"><span class='ocrx_word' id='word_1_381' title='bbox 2081 2405 2413 2460; x_wconf 90' lang='lat' dir='ltr'>comedunt.</span> 
     </span>
    </p>
   </div>
   <div class='ocr_carea' id='block_1_56' title="bbox 2154 2490 3774 2562">
    <p class='ocr_par' dir='ltr' id='par_1_56' title="bbox 2154 2490 3774 2562">
     <span class='ocr_line' id='line_1_56' title="bbox 2154 2490 3774 2562; baseline 0 -15"><span class='ocrx_word' id='word_1_382' title='bbox 2154 2493 2214 2547; x_wconf 95' lang='lat' dir='ltr'>L.</span> <span class='ocrx_word' id='word_1_383' title='bbox 2272 2492 2572 2546; x_wconf 60' lang='lat' dir='ltr'>Romanus.</span> <span class='ocrx_word' id='word_1_384' title='bbox 2615 2490 2729 2544; x_wconf 88' lang='lat' dir='ltr'>Cur</span> <span class='ocrx_word' id='word_1_385' title='bbox 2766 2506 2832 2544; x_wconf 76' lang='lat' dir='ltr'>cx</span> <span class='ocrx_word' id='word_1_386' title='bbox 2874 2490 3000 2562; x_wconf 81' lang='lat' dir='ltr'>lege</span> <span class='ocrx_word' id='word_1_387' title='bbox 3046 2491 3233 2557; x_wconf 87' lang='lat' dir='ltr'>istud,</span> <span class='ocrx_word' id='word_1_388' title='bbox 3278 2492 3634 2547; x_wconf 88' lang='lat' dir='ltr'>secundum</span> <span class='ocrx_word' id='word_1_389' title='bbox 3666 2508 3774 2548; x_wconf 86' lang='lat' dir='ltr'>vos</span> 
     </span>
    </p>
   </div>
   <div class='ocr_carea' id='block_1_57' title="bbox 2082 2578 3773 2654">
    <p class='ocr_par' dir='ltr' id='par_1_57' title="bbox 2082 2578 3773 2654">
     <span class='ocr_line' id='line_1_57' title="bbox 2082 2578 3773 2654; baseline -0.002 -16"><span class='ocrx_word' id='word_1_390' title='bbox 2082 2599 2183 2654; x_wconf 90' lang='lat' dir='ltr'>per</span> <span class='ocrx_word' id='word_1_391' title='bbox 2211 2580 2505 2636; x_wconf 87' lang='lat' dir='ltr'>Christum</span> <span class='ocrx_word' id='word_1_392' title='bbox 2526 2578 2834 2634; x_wconf 86' lang='lat' dir='ltr'>maledicta</span> <span class='ocrx_word' id='word_1_393' title='bbox 2856 2583 2913 2634; x_wconf 89' lang='lat' dir='ltr'>et</span> <span class='ocrx_word' id='word_1_394' title='bbox 2933 2578 3232 2647; x_wconf 79' lang='lat' dir='ltr'>derelicta,</span> <span class='ocrx_word' id='word_1_395' title='bbox 3257 2579 3635 2635; x_wconf 88' lang='lat' dir='ltr'>mandatum</span> <span class='ocrx_word' id='word_1_396' title='bbox 3660 2596 3773 2635; x_wconf 81' lang='lat' dir='ltr'>no-</span> 
     </span>
    </p>
   </div>
   <div class='ocr_carea' id='block_1_58' title="bbox 2084 2667 3770 2741">
    <p class='ocr_par' dir='ltr' id='par_1_58' title="bbox 2084 2667 3770 2741">
     <span class='ocr_line' id='line_1_58' title="bbox 2084 2667 3770 2741; baseline -0.001 -16"><span class='ocrx_word' id='word_1_397' title='bbox 2084 2670 2176 2725; x_wconf 89' lang='lat' dir='ltr'>bis</span> <span class='ocrx_word' id='word_1_398' title='bbox 2225 2667 2558 2741; x_wconf 84' lang='lat' dir='ltr'>opponitis?</span> <span class='ocrx_word' id='word_1_399' title='bbox 2588 2667 2862 2738; x_wconf 76' lang='lat' dir='ltr'>Nunquid</span> <span class='ocrx_word' id='word_1_400' title='bbox 2891 2668 3059 2723; x_wconf 88' lang='lat' dir='ltr'>vobis</span> <span class='ocrx_word' id='word_1_401' title='bbox 3099 2667 3246 2722; x_wconf 89' lang='lat' dir='ltr'>solis</span> <span class='ocrx_word' id='word_1_402' title='bbox 3276 2667 3419 2723; x_wconf 85' lang='lat' dir='ltr'>licet</span> <span class='ocrx_word' id='word_1_403' title='bbox 3457 2667 3770 2740; x_wconf 87' lang='lat' dir='ltr'>quidquid</span> 
     </span>
    </p>
   </div>
   <div class='ocr_carea' id='block_1_59' title="bbox 2085 2754 3774 2827">
    <p class='ocr_par' dir='ltr' id='par_1_59' title="bbox 2085 2754 3774 2827">
     <span class='ocr_line' id='line_1_59' title="bbox 2085 2754 3774 2827; baseline 0.001 -16"><span class='ocrx_word' id='word_1_404' title='bbox 2085 2757 2246 2826; x_wconf 90' lang='lat' dir='ltr'>libet,</span> <span class='ocrx_word' id='word_1_405' title='bbox 2279 2760 2343 2812; x_wconf 91' lang='lat' dir='ltr'>ut</span> <span class='ocrx_word' id='word_1_406' title='bbox 2373 2757 2545 2811; x_wconf 91' lang='lat' dir='ltr'>modo</span> <span class='ocrx_word' id='word_1_407' title='bbox 2577 2756 2649 2810; x_wconf 89' lang='lat' dir='ltr'>ad</span> <span class='ocrx_word' id='word_1_408' title='bbox 2679 2754 2824 2826; x_wconf 88' lang='lat' dir='ltr'>legis</span> <span class='ocrx_word' id='word_1_409' title='bbox 2874 2756 3276 2827; x_wconf 87' lang='lat' dir='ltr'>patrocinium</span> <span class='ocrx_word' id='word_1_410' title='bbox 3326 2754 3661 2812; x_wconf 88' lang='lat' dir='ltr'>humiliter</span> <span class='ocrx_word' id='word_1_411' title='bbox 3692 2772 3774 2813; x_wconf 81' lang='lat' dir='ltr'>re-</span> 
     </span>
    </p>
   </div>
   <div class='ocr_carea' id='block_1_60' title="bbox 2083 2844 3773 2916">
    <p class='ocr_par' dir='ltr' id='par_1_60' title="bbox 2083 2844 3773 2916">
     <span class='ocr_line' id='line_1_60' title="bbox 2083 2844 3773 2916; baseline -0.001 -14"><span class='ocrx_word' id='word_1_412' title='bbox 2083 2846 2350 2912; x_wconf 90' lang='lat' dir='ltr'>curratis,</span> <span class='ocrx_word' id='word_1_413' title='bbox 2382 2849 2438 2899; x_wconf 90' lang='lat' dir='ltr'>et</span> <span class='ocrx_word' id='word_1_414' title='bbox 2468 2844 2640 2899; x_wconf 89' lang='lat' dir='ltr'>modo</span> <span class='ocrx_word' id='word_1_415' title='bbox 2672 2844 2744 2898; x_wconf 87' lang='lat' dir='ltr'>ab</span> <span class='ocrx_word' id='word_1_416' title='bbox 2777 2858 2845 2898; x_wconf 88' lang='lat' dir='ltr'>ea</span> <span class='ocrx_word' id='word_1_417' title='bbox 2876 2844 3132 2915; x_wconf 89' lang='lat' dir='ltr'>superbe</span> <span class='ocrx_word' id='word_1_418' title='bbox 3169 2849 3471 2916; x_wconf 89' lang='lat' dir='ltr'>tanquam</span> <span class='ocrx_word' id='word_1_419' title='bbox 3516 2844 3773 2901; x_wconf 85' lang='lat' dir='ltr'>anathe-</span> 
     </span>
    </p>
   </div>
   <div class='ocr_carea' id='block_1_61' title="bbox 2085 2931 3772 3006">
    <p class='ocr_par' dir='ltr' id='par_1_61' title="bbox 2085 2931 3772 3006">
     <span class='ocr_line' id='line_1_61' title="bbox 2085 2931 3772 3006; baseline -0.001 -17"><span class='ocrx_word' id='word_1_420' title='bbox 2085 2934 2360 2989; x_wconf 86' lang='lat' dir='ltr'>matizata</span> <span class='ocrx_word' id='word_1_421' title='bbox 2376 2931 2688 2988; x_wconf 78' lang='lat' dir='ltr'>resiliatis?</span> <span class='ocrx_word' id='word_1_422' title='bbox 2708 2932 2910 2987; x_wconf 88' lang='lat' dir='ltr'>Nonne</span> <span class='ocrx_word' id='word_1_423' title='bbox 2924 2935 3095 2987; x_wconf 88' lang='lat' dir='ltr'>vetus</span> <span class='ocrx_word' id='word_1_424' title='bbox 3117 2931 3230 3004; x_wconf 81' lang='lat' dir='ltr'>lex,</span> <span class='ocrx_word' id='word_1_425' title='bbox 3264 2936 3322 2988; x_wconf 90' lang='lat' dir='ltr'>et</span> <span class='ocrx_word' id='word_1_426' title='bbox 3340 2949 3467 2988; x_wconf 89' lang='lat' dir='ltr'>non</span> <span class='ocrx_word' id='word_1_427' title='bbox 3492 2933 3772 3006; x_wconf 86' lang='lat' dir='ltr'>Evange-</span> 
     </span>
    </p>
   </div>
   <div class='ocr_carea' id='block_1_62' title="bbox 2085 3021 3773 3094">
    <p class='ocr_par' dir='ltr' id='par_1_62' title="bbox 2085 3021 3773 3094">
     <span class='ocr_line' id='line_1_62' title="bbox 2085 3021 3773 3094; baseline 0.001 -17"><span class='ocrx_word' id='word_1_428' title='bbox 2085 3022 2251 3088; x_wconf 88' lang='lat' dir='ltr'>lium,</span> <span class='ocrx_word' id='word_1_429' title='bbox 2280 3021 2575 3075; x_wconf 69' lang='lat' dir='ltr'>intmlicit</span> <span class='ocrx_word' id='word_1_430' title='bbox 2615 3025 2681 3075; x_wconf 89' lang='lat' dir='ltr'>ut</span> <span class='ocrx_word' id='word_1_431' title='bbox 2728 3036 2900 3076; x_wconf 90' lang='lat' dir='ltr'>omne</span> <span class='ocrx_word' id='word_1_432' title='bbox 2942 3021 3301 3077; x_wconf 75' lang='lat' dir='ltr'>suifocatum</span> <span class='ocrx_word' id='word_1_433' title='bbox 3331 3025 3396 3077; x_wconf 91' lang='lat' dir='ltr'>et</span> <span class='ocrx_word' id='word_1_434' title='bbox 3425 3025 3693 3094; x_wconf 88' lang='lat' dir='ltr'>captum</span> <span class='ocrx_word' id='word_1_435' title='bbox 3740 3039 3773 3078; x_wconf 88' lang='lat' dir='ltr'>a</span> 
     </span>
    </p>
   </div>
   <div class='ocr_carea' id='block_1_63' title="bbox 2086 3108 3772 3174">
    <p class='ocr_par' dir='ltr' id='par_1_63' title="bbox 2086 3108 3772 3174">
     <span class='ocr_line' id='line_1_63' title="bbox 2086 3108 3772 3174; baseline -0.001 -7"><span class='ocrx_word' id='word_1_436' title='bbox 2086 3111 2272 3166; x_wconf 83' lang='lat' dir='ltr'>bestia</span> <span class='ocrx_word' id='word_1_437' title='bbox 2302 3126 2415 3164; x_wconf 90' lang='lat' dir='ltr'>non</span> <span class='ocrx_word' id='word_1_438' title='bbox 2449 3109 2866 3164; x_wconf 77' lang='lat' dir='ltr'>comedatur?«</span> <span class='ocrx_word' id='word_1_439' title='bbox 2896 3108 3042 3174; x_wconf 89' lang='lat' dir='ltr'>Quia</span> <span class='ocrx_word' id='word_1_440' title='bbox 3071 3108 3275 3165; x_wconf 88' lang='lat' dir='ltr'>anima</span> <span class='ocrx_word' id='word_1_441' title='bbox 3295 3110 3508 3165; x_wconf 89' lang='lat' dir='ltr'>omnis</span> <span class='ocrx_word' id='word_1_442' title='bbox 3538 3110 3772 3166; x_wconf 88' lang='lat' dir='ltr'>anima-</span> 
     </span>
    </p>
   </div>
   <div class='ocr_carea' id='block_1_64' title="bbox 2086 3196 3768 3271">
    <p class='ocr_par' dir='ltr' id='par_1_64' title="bbox 2086 3196 3768 3271">
     <span class='ocr_line' id='line_1_64' title="bbox 2086 3196 3768 3271; baseline 0.001 -18"><span class='ocrx_word' id='word_1_443' title='bbox 2086 3199 2158 3253; x_wconf 90' lang='lat' dir='ltr'>lis</span> <span class='ocrx_word' id='word_1_444' title='bbox 2190 3199 2248 3252; x_wconf 93' lang='lat' dir='ltr'>in</span> <span class='ocrx_word' id='word_1_445' title='bbox 2286 3197 2572 3268; x_wconf 87' lang='lat' dir='ltr'>sanguine</span> <span class='ocrx_word' id='word_1_446' title='bbox 2599 3196 2856 3268; x_wconf 84' lang='lat' dir='ltr'>est(Lev.</span> <span class='ocrx_word' id='word_1_447' title='bbox 2878 3214 3017 3264; x_wconf 83' lang='lat' dir='ltr'>xvu,</span> <span class='ocrx_word' id='word_1_448' title='bbox 3053 3198 3163 3269; x_wconf 91' lang='grc'>11).</span> <span class='ocrx_word' id='word_1_449' title='bbox 3197 3220 3225 3249; x_wconf 81' lang='grc'><strong>››</strong></span> <span class='ocrx_word' id='word_1_450' title='bbox 3259 3199 3521 3254; x_wconf 83' lang='lat' dir='ltr'>Constat</span> <span class='ocrx_word' id='word_1_451' title='bbox 3551 3199 3768 3271; x_wconf 85' lang='lat' dir='ltr'>utique</span> 
     </span>
    </p>
   </div>
   <div class='ocr_carea' id='block_1_65' title="bbox 410 3264 3765 3358">
    <p class='ocr_par' dir='ltr' id='par_1_65' title="bbox 410 3264 3765 3358">
     <span class='ocr_line' id='line_1_65' title="bbox 410 3264 3765 3358; baseline -0.003 -16"><span class='ocrx_word' id='word_1_452' title='bbox 410 3287 625 3342; x_wconf 79' lang='lat' dir='ltr'><strong>XLVII.</strong></span> <span class='ocrx_word' id='word_1_453' title='bbox 659 3285 1378 3339; x_wconf 63' lang='lat' dir='ltr'>Coxsrmrmoromrmus.</span> <span class='ocrx_word' id='word_1_454' title='bbox 1420 3282 1487 3337; x_wconf 90' lang='lat' dir='ltr'>Et</span> <span class='ocrx_word' id='word_1_455' title='bbox 1526 3282 1652 3336; x_wconf 88' lang='lat' dir='ltr'>ideo</span> <span class='ocrx_word' id='word_1_456' title='bbox 1695 3281 1794 3352; x_wconf 90' lang='lat' dir='ltr'>qui</span> <span class='ocrx_word' id='word_1_457' title='bbox 1828 3280 1970 3336; x_wconf 89' lang='lat' dir='ltr'>Sab-</span> <span class='ocrx_word' id='word_1_458' title='bbox 2003 3264 2045 3331; x_wconf 88' lang='lat' dir='ltr'>C</span> <span class='ocrx_word' id='word_1_459' title='bbox 2082 3287 2188 3343; x_wconf 78' lang='lat' dir='ltr'>hoc</span> <span class='ocrx_word' id='word_1_460' title='bbox 2222 3264 2562 3340; x_wconf 45' lang='lat' dir='ltr'>mandgtum</span> <span class='ocrx_word' id='word_1_461' title='bbox 2596 3301 2662 3339; x_wconf 76' lang='lat' dir='ltr'>ex</span> <span class='ocrx_word' id='word_1_462' title='bbox 2690 3264 2808 3340; x_wconf 73' lang='lat' dir='ltr'>illis</span> <span class='ocrx_word' id='word_1_463' title='bbox 2836 3301 2966 3341; x_wconf 54' lang='lat' dir='ltr'>esse,</span> <span class='ocrx_word' id='word_1_464' title='bbox 2986 3264 3375 3357; x_wconf 38' lang='lat' dir='ltr'>qum&#39;oamali</span> <span class='ocrx_word' id='word_1_465' title='bbox 3416 3285 3658 3358; x_wconf 76' lang='lat' dir='ltr'>populo</span> <span class='ocrx_word' id='word_1_466' title='bbox 3675 3264 3765 3343; x_wconf 58' lang='grc' dir='ltr'>’κά</span> 
     </span>
    </p>
   </div>
   <div class='ocr_carea' id='block_1_66' title="bbox 340 3369 1970 3445">
    <p class='ocr_par' dir='ltr' id='par_1_66' title="bbox 340 3369 1970 3445">
     <span class='ocr_line' id='line_1_66' title="bbox 340 3369 1970 3445; baseline -0.006 -13"><span class='ocrx_word' id='word_1_467' title='bbox 340 3378 475 3432; x_wconf 89' lang='lat' dir='ltr'>bata</span> <span class='ocrx_word' id='word_1_468' title='bbox 503 3390 635 3430; x_wconf 89' lang='lat' dir='ltr'>cum</span> <span class='ocrx_word' id='word_1_469' title='bbox 658 3372 873 3445; x_wconf 78' lang='lat' dir='ltr'>azymis</span> <span class='ocrx_word' id='word_1_470' title='bbox 895 3371 1249 3435; x_wconf 88' lang='lat' dir='ltr'>custodiunt,</span> <span class='ocrx_word' id='word_1_471' title='bbox 1270 3387 1456 3440; x_wconf 88' lang='lat' dir='ltr'>neque</span> <span class='ocrx_word' id='word_1_472' title='bbox 1481 3369 1664 3423; x_wconf 66' lang='lat' dir='ltr'>Judmi</span> <span class='ocrx_word' id='word_1_473' title='bbox 1688 3373 1844 3433; x_wconf 91' lang='lat' dir='ltr'>sunt,</span> <span class='ocrx_word' id='word_1_474' title='bbox 1875 3384 1970 3423; x_wconf 91' lang='lat' dir='ltr'>ne-</span> 
     </span>
    </p>
   </div>
   <div class='ocr_carea' id='block_1_67' title="bbox 342 3457 1969 3537">
    <p class='ocr_par' dir='ltr' id='par_1_67' title="bbox 342 3457 1969 3537">
     <span class='ocr_line' id='line_1_67' title="bbox 342 3457 1969 3537; baseline -0.009 -17"><span class='ocrx_word' id='word_1_475' title='bbox 342 3480 453 3537; x_wconf 89' lang='lat' dir='ltr'>que</span> <span class='ocrx_word' id='word_1_476' title='bbox 483 3461 797 3519; x_wconf 85' lang='lat' dir='ltr'>Christiani</span> <span class='ocrx_word' id='word_1_477' title='bbox 829 3464 985 3525; x_wconf 90' lang='lat' dir='ltr'>sunt,</span> <span class='ocrx_word' id='word_1_478' title='bbox 1019 3459 1118 3514; x_wconf 90' lang='lat' dir='ltr'>sed</span> <span class='ocrx_word' id='word_1_479' title='bbox 1151 3481 1178 3509; x_wconf 90' lang='grc'>‹‹</span> <span class='ocrx_word' id='word_1_480' title='bbox 1209 3458 1429 3513; x_wconf 88' lang='lat' dir='ltr'>similes</span> <span class='ocrx_word' id='word_1_481' title='bbox 1446 3463 1583 3513; x_wconf 90' lang='lat' dir='ltr'>sunt</span> <span class='ocrx_word' id='word_1_482' title='bbox 1616 3457 1906 3529; x_wconf 90' lang='lat' dir='ltr'>leopardo,</span> <span class='ocrx_word' id='word_1_483' title='bbox 1943 3479 1969 3505; x_wconf 83' lang='grc'><strong>››</strong></span> 
     </span>
    </p>
   </div>
   <div class='ocr_carea' id='block_1_68' title="bbox 342 3545 1971 3623">
    <p class='ocr_par' dir='ltr' id='par_1_68' title="bbox 342 3545 1971 3623">
     <span class='ocr_line' id='line_1_68' title="bbox 342 3545 1971 3623; baseline -0.006 -14"><span class='ocrx_word' id='word_1_484' title='bbox 342 3553 493 3609; x_wconf 90' lang='lat' dir='ltr'>sicut</span> <span class='ocrx_word' id='word_1_485' title='bbox 521 3567 770 3623; x_wconf 89' lang='lat' dir='ltr'>magnus</span> <span class='ocrx_word' id='word_1_486' title='bbox 802 3548 941 3603; x_wconf 92' lang='lat' dir='ltr'>dicit</span> <span class='ocrx_word' id='word_1_487' title='bbox 957 3547 1227 3614; x_wconf 89' lang='lat' dir='ltr'>Basilius,</span> <span class='ocrx_word' id='word_1_488' title='bbox 1261 3568 1289 3596; x_wconf 88' lang='grc'>‹‹</span> <span class='ocrx_word' id='word_1_489' title='bbox 1323 3548 1492 3617; x_wconf 88' lang='lat' dir='ltr'>cujus</span> <span class='ocrx_word' id='word_1_490' title='bbox 1522 3545 1713 3617; x_wconf 87' lang='lat' dir='ltr'>capilli</span> <span class='ocrx_word' id='word_1_491' title='bbox 1746 3562 1850 3601; x_wconf 89' lang='lat' dir='ltr'>nec</span> <span class='ocrx_word' id='word_1_492' title='bbox 1881 3545 1971 3600; x_wconf 82' lang='lat' dir='ltr'>ni-</span> 
     </span>
    </p>
   </div>
   <div class='ocr_carea' id='block_1_69' title="bbox 342 3636 1224 3713">
    <p class='ocr_par' dir='ltr' id='par_1_69' title="bbox 342 3636 1224 3713">
     <span class='ocr_line' id='line_1_69' title="bbox 342 3636 1224 3713; baseline -0.014 -17"><span class='ocrx_word' id='word_1_493' title='bbox 342 3641 430 3713; x_wconf 90' lang='lat' dir='ltr'>gri</span> <span class='ocrx_word' id='word_1_494' title='bbox 457 3645 614 3705; x_wconf 90' lang='lat' dir='ltr'>sunt,</span> <span class='ocrx_word' id='word_1_495' title='bbox 639 3654 743 3692; x_wconf 87' lang='lat' dir='ltr'>nec</span> <span class='ocrx_word' id='word_1_496' title='bbox 765 3636 879 3691; x_wconf 88' lang='lat' dir='ltr'>albi</span> <span class='ocrx_word' id='word_1_497' title='bbox 909 3636 1165 3690; x_wconf 90' lang='lat' dir='ltr'>omnino.</span> <span class='ocrx_word' id='word_1_498' title='bbox 1204 3658 1224 3684; x_wconf 71' lang='grc' dir='ltr'><strong>ο</strong></span> 
     </span>
    </p>
   </div>
   <div class='ocr_carea' id='block_1_70' title="bbox 413 3722 1976 3794">
    <p class='ocr_par' dir='ltr' id='par_1_70' title="bbox 413 3722 1976 3794">
     <span class='ocr_line' id='line_1_70' title="bbox 413 3722 1976 3794; baseline -0.003 -11"><span class='ocrx_word' id='word_1_499' title='bbox 413 3725 659 3783; x_wconf 86' lang='lat' dir='ltr'><strong>XLVIII.</strong></span> <span class='ocrx_word' id='word_1_500' title='bbox 684 3725 985 3779; x_wconf 59' lang='lat' dir='ltr'>Romanus.</span> <span class='ocrx_word' id='word_1_501' title='bbox 1008 3723 1051 3779; x_wconf 93' lang='grc' dir='ltr'><strong>Ο</strong></span> <span class='ocrx_word' id='word_1_502' title='bbox 1073 3722 1359 3779; x_wconf 88' lang='lat' dir='ltr'>mirabilis</span> <span class='ocrx_word' id='word_1_503' title='bbox 1375 3723 1703 3778; x_wconf 63' lang='lat' dir='ltr'>Grmcorum</span> <span class='ocrx_word' id='word_1_504' title='bbox 1727 3722 1976 3794; x_wconf 92' lang='lat' dir='ltr'>philoso-</span> 
     </span>
    </p>
   </div>
   <div class='ocr_carea' id='block_1_71' title="bbox 263 3812 1979 3890">
    <p class='ocr_par' dir='ltr' id='par_1_71' title="bbox 263 3812 1979 3890">
     <span class='ocr_line' id='line_1_71' title="bbox 263 3812 1979 3890; baseline -0.004 -18"><span class='ocrx_word' id='word_1_505' title='bbox 263 3823 277 3833; x_wconf 87' lang='lat'><strong>‘</strong></span> <span class='ocrx_word' id='word_1_506' title='bbox 344 3817 515 3890; x_wconf 88' lang='lat' dir='ltr'>phial</span> <span class='ocrx_word' id='word_1_507' title='bbox 566 3832 598 3870; x_wconf 94' lang='grc' dir='ltr'>ο</span> <span class='ocrx_word' id='word_1_508' title='bbox 630 3831 724 3869; x_wconf 90' lang='lat' dir='ltr'>ars</span> <span class='ocrx_word' id='word_1_509' title='bbox 755 3812 1023 3884; x_wconf 80' lang='lat' dir='ltr'>Pelasga!</span> <span class='ocrx_word' id='word_1_510' title='bbox 1059 3830 1091 3867; x_wconf 91' lang='grc' dir='ltr'>ο</span> <span class='ocrx_word' id='word_1_511' title='bbox 1131 3812 1501 3866; x_wconf 89' lang='lat' dir='ltr'>Atheniensis</span> <span class='ocrx_word' id='word_1_512' title='bbox 1540 3816 1598 3866; x_wconf 89' lang='lat' dir='ltr'>et</span> <span class='ocrx_word' id='word_1_513' title='bbox 1634 3812 1979 3866; x_wconf 86' lang='lat' dir='ltr'>Academica</span> 
     </span>
    </p>
   </div>
   <div class='ocr_carea' id='block_1_72' title="bbox 343 3899 1972 3977">
    <p class='ocr_par' dir='ltr' id='par_1_72' title="bbox 343 3899 1972 3977">
     <span class='ocr_line' id='line_1_72' title="bbox 343 3899 1972 3977; baseline -0.007 -16"><span class='ocrx_word' id='word_1_514' title='bbox 343 3901 725 3977; x_wconf 87' lang='lat' dir='ltr'>perspicacia!</span> <span class='ocrx_word' id='word_1_515' title='bbox 761 3901 921 3956; x_wconf 91' lang='lat' dir='ltr'>Unde</span> <span class='ocrx_word' id='word_1_516' title='bbox 950 3899 1055 3954; x_wconf 92' lang='lat' dir='ltr'>tibi</span> <span class='ocrx_word' id='word_1_517' title='bbox 1088 3904 1288 3955; x_wconf 90' lang='lat' dir='ltr'>tantus</span> <span class='ocrx_word' id='word_1_518' title='bbox 1318 3904 1521 3969; x_wconf 89' lang='lat' dir='ltr'>stupor</span> <span class='ocrx_word' id='word_1_519' title='bbox 1556 3903 1612 3953; x_wconf 93' lang='lat' dir='ltr'>et</span> <span class='ocrx_word' id='word_1_520' title='bbox 1639 3900 1856 3968; x_wconf 64' lang='lat' dir='ltr'>vertigo</span> <span class='ocrx_word' id='word_1_521' title='bbox 1892 3916 1972 3951; x_wconf 80' lang='lat' dir='ltr'>ro-</span> 
     </span>
    </p>
   </div>
   <div class='ocr_carea' id='block_1_73' title="bbox 346 3986 1980 4065">
    <p class='ocr_par' dir='ltr' id='par_1_73' title="bbox 346 3986 1980 4065">
     <span class='ocr_line' id='line_1_73' title="bbox 346 3986 1980 4065; baseline -0.006 -16"><span class='ocrx_word' id='word_1_522' title='bbox 346 3991 630 4065; x_wconf 83' lang='lat' dir='ltr'>pentina?</span> <span class='ocrx_word' id='word_1_523' title='bbox 666 3989 806 4044; x_wconf 89' lang='lat' dir='ltr'>Verc</span> <span class='ocrx_word' id='word_1_524' title='bbox 834 3988 1045 4060; x_wconf 89' lang='lat' dir='ltr'>triplici</span> <span class='ocrx_word' id='word_1_525' title='bbox 1070 3989 1204 4043; x_wconf 88' lang='lat' dir='ltr'>fune</span> <span class='ocrx_word' id='word_1_526' title='bbox 1228 3986 1430 4058; x_wconf 87' lang='lat' dir='ltr'>lingua</span> <span class='ocrx_word' id='word_1_527' title='bbox 1454 3991 1555 4040; x_wconf 92' lang='lat' dir='ltr'>tua</span> <span class='ocrx_word' id='word_1_528' title='bbox 1584 3986 1863 4040; x_wconf 86' lang='lat' dir='ltr'>divinitus</span> <span class='ocrx_word' id='word_1_529' title='bbox 1893 3999 1980 4041; x_wconf 83' lang='lat' dir='ltr'>est</span> 
     </span>
    </p>
   </div>
   <div class='ocr_carea' id='block_1_74' title="bbox 346 4074 1981 4152">
    <p class='ocr_par' dir='ltr' id='par_1_74' title="bbox 346 4074 1981 4152">
     <span class='ocr_line' id='line_1_74' title="bbox 346 4074 1981 4152; baseline -0.005 -17"><span class='ocrx_word' id='word_1_530' title='bbox 346 4081 545 4152; x_wconf 89' lang='lat' dir='ltr'>ligata.</span> <span class='ocrx_word' id='word_1_531' title='bbox 579 4078 726 4132; x_wconf 90' lang='lat' dir='ltr'>Nam</span> <span class='ocrx_word' id='word_1_532' title='bbox 751 4076 928 4131; x_wconf 70' lang='lat' dir='ltr'>Graeci</span> <span class='ocrx_word' id='word_1_533' title='bbox 953 4074 1298 4146; x_wconf 89' lang='lat' dir='ltr'>sapientiam</span> <span class='ocrx_word' id='word_1_534' title='bbox 1324 4078 1609 4144; x_wconf 61' lang='lat' dir='ltr'>quaerunt,</span> <span class='ocrx_word' id='word_1_535' title='bbox 1641 4090 1818 4144; x_wconf 89' lang='lat' dir='ltr'>quam</span> <span class='ocrx_word' id='word_1_536' title='bbox 1840 4074 1981 4128; x_wconf 90' lang='lat' dir='ltr'>sim-</span> 
     </span>
    </p>
   </div>
   <div class='ocr_carea' id='block_1_75' title="bbox 344 4162 1986 4241">
    <p class='ocr_par' dir='ltr' id='par_1_75' title="bbox 344 4162 1986 4241">
     <span class='ocr_line' id='line_1_75' title="bbox 344 4162 1986 4241; baseline -0.004 -18"><span class='ocrx_word' id='word_1_537' title='bbox 344 4168 473 4241; x_wconf 87' lang='lat' dir='ltr'>plex</span> <span class='ocrx_word' id='word_1_538' title='bbox 489 4164 818 4239; x_wconf 60' lang='lat' dir='ltr'>praedicatio</span> <span class='ocrx_word' id='word_1_539' title='bbox 832 4164 1171 4219; x_wconf 74' lang='lat' dir='ltr'>Christianae</span> <span class='ocrx_word' id='word_1_540' title='bbox 1192 4162 1324 4216; x_wconf 83' lang='lat' dir='ltr'>ﬁdei</span> <span class='ocrx_word' id='word_1_541' title='bbox 1349 4162 1585 4217; x_wconf 90' lang='lat' dir='ltr'>stultam</span> <span class='ocrx_word' id='word_1_542' title='bbox 1605 4162 1811 4229; x_wconf 83' lang='lat' dir='ltr'>eﬂ‘ecit,</span> <span class='ocrx_word' id='word_1_543' title='bbox 1835 4162 1986 4217; x_wconf 89' lang='lat' dir='ltr'>sicut</span> 
     </span>
    </p>
   </div>
   <div class='ocr_carea' id='block_1_76' title="bbox 346 4250 1983 4323">
    <p class='ocr_par' dir='ltr' id='par_1_76' title="bbox 346 4250 1983 4323">
     <span class='ocr_line' id='line_1_76' title="bbox 346 4250 1983 4323; baseline -0.004 -12"><span class='ocrx_word' id='word_1_544' title='bbox 346 4256 633 4311; x_wconf 90' lang='lat' dir='ltr'>Dominus</span> <span class='ocrx_word' id='word_1_545' title='bbox 662 4251 996 4323; x_wconf 87' lang='lat' dir='ltr'>repromisit</span> <span class='ocrx_word' id='word_1_546' title='bbox 1023 4267 1035 4305; x_wconf 89' lang='lat'>:</span> <span class='ocrx_word' id='word_1_547' title='bbox 1067 4273 1087 4302; x_wconf 77' lang='grc' dir='ltr'>ι</span> <span class='ocrx_word' id='word_1_548' title='bbox 1118 4250 1359 4305; x_wconf 86' lang='lat' dir='ltr'>Perdam</span> <span class='ocrx_word' id='word_1_549' title='bbox 1381 4250 1724 4322; x_wconf 88' lang='lat' dir='ltr'>sapientiam</span> <span class='ocrx_word' id='word_1_550' title='bbox 1757 4251 1983 4323; x_wconf 88' lang='lat' dir='ltr'>sapien-</span> 
     </span>
    </p>
   </div>
   <div class='ocr_carea' id='block_1_77' title="bbox 347 4339 1986 4414">
    <p class='ocr_par' dir='ltr' id='par_1_77' title="bbox 347 4339 1986 4414">
     <span class='ocr_line' id='line_1_77' title="bbox 347 4339 1986 4414; baseline -0.004 -15"><span class='ocrx_word' id='word_1_551' title='bbox 347 4344 516 4414; x_wconf 85' lang='lat' dir='ltr'>tium,</span> <span class='ocrx_word' id='word_1_552' title='bbox 549 4347 605 4399; x_wconf 92' lang='lat' dir='ltr'>et</span> <span class='ocrx_word' id='word_1_553' title='bbox 669 4341 1037 4413; x_wconf 85' lang='lat' dir='ltr'>prudentiam</span> <span class='ocrx_word' id='word_1_554' title='bbox 1084 4339 1458 4411; x_wconf 89' lang='lat' dir='ltr'>prudentium</span> <span class='ocrx_word' id='word_1_555' title='bbox 1491 4340 1830 4409; x_wconf 86' lang='lat' dir='ltr'>reprobabo.</span> <span class='ocrx_word' id='word_1_556' title='bbox 1879 4340 1986 4395; x_wconf 80' lang='lat' dir='ltr'>Ubi</span> 
     </span>
    </p>
   </div>
   <div class='ocr_carea' id='block_1_78' title="bbox 347 4428 1991 4506">
    <p class='ocr_par' dir='ltr' id='par_1_78' title="bbox 347 4428 1991 4506">
     <span class='ocr_line' id='line_1_78' title="bbox 347 4428 1991 4506; baseline -0.003 -17"><span class='ocrx_word' id='word_1_557' title='bbox 347 4431 628 4506; x_wconf 84' lang='lat' dir='ltr'>sapiens?</span> <span class='ocrx_word' id='word_1_558' title='bbox 659 4430 757 4486; x_wconf 90' lang='lat' dir='ltr'>ubi</span> <span class='ocrx_word' id='word_1_559' title='bbox 790 4429 1021 4485; x_wconf 85' lang='lat' dir='ltr'>scriba?</span> <span class='ocrx_word' id='word_1_560' title='bbox 1052 4428 1150 4485; x_wconf 93' lang='lat' dir='ltr'>ubi</span> <span class='ocrx_word' id='word_1_561' title='bbox 1177 4430 1537 4499; x_wconf 88' lang='lat' dir='ltr'>conquisitor</span> <span class='ocrx_word' id='word_1_562' title='bbox 1557 4431 1733 4499; x_wconf 83' lang='lat' dir='ltr'>hujus</span> <span class='ocrx_word' id='word_1_563' title='bbox 1767 4428 1991 4484; x_wconf 68' lang='lat' dir='ltr'>smculi?</span> 
     </span>
    </p>
   </div>
   <div class='ocr_carea' id='block_1_79' title="bbox 347 4517 1988 4589">
    <p class='ocr_par' dir='ltr' id='par_1_79' title="bbox 347 4517 1988 4589">
     <span class='ocr_line' id='line_1_79' title="bbox 347 4517 1988 4589; baseline -0.008 -11"><span class='ocrx_word' id='word_1_564' title='bbox 347 4538 538 4578; x_wconf 89' lang='lat' dir='ltr'>nonne</span> <span class='ocrx_word' id='word_1_565' title='bbox 561 4520 804 4577; x_wconf 86' lang='lat' dir='ltr'>stultam</span> <span class='ocrx_word' id='word_1_566' title='bbox 822 4519 1123 4573; x_wconf 87' lang='lat' dir='ltr'>fecitDeus</span> <span class='ocrx_word' id='word_1_567' title='bbox 1139 4517 1485 4589; x_wconf 88' lang='lat' dir='ltr'>sapientiam</span> <span class='ocrx_word' id='word_1_568' title='bbox 1505 4517 1682 4587; x_wconf 85' lang='lat' dir='ltr'>hujus</span> <span class='ocrx_word' id='word_1_569' title='bbox 1706 4518 1934 4571; x_wconf 65' lang='lat' dir='ltr'>saeculi?</span> <span class='ocrx_word' id='word_1_570' title='bbox 1961 4540 1988 4567; x_wconf 89' lang='grc'><strong>››</strong></span> 
     </span>
    </p>
   </div>
   <div class='ocr_carea' id='block_1_80' title="bbox 2077 3372 3764 3447">
    <p class='ocr_par' dir='ltr' id='par_1_80' title="bbox 2077 3372 3764 3447">
     <span class='ocr_line' id='line_1_80' title="bbox 2077 3372 3764 3447; baseline 0.001 -17"><span class='ocrx_word' id='word_1_571' title='bbox 2077 3376 2543 3447; x_wconf 89' lang='lat' dir='ltr'>qualemcunque</span> <span class='ocrx_word' id='word_1_572' title='bbox 2570 3372 2921 3429; x_wconf 89' lang='lat' dir='ltr'>munditiam</span> <span class='ocrx_word' id='word_1_573' title='bbox 2940 3390 3044 3429; x_wconf 91' lang='lat' dir='ltr'>seu</span> <span class='ocrx_word' id='word_1_574' title='bbox 3047 3373 3353 3447; x_wconf 88' lang='lat' dir='ltr'>justitiam</span> <span class='ocrx_word' id='word_1_575' title='bbox 3375 3376 3616 3444; x_wconf 87' lang='lat' dir='ltr'>carnis,</span> <span class='ocrx_word' id='word_1_576' title='bbox 3644 3392 3764 3433; x_wconf 88' lang='lat' dir='ltr'>non</span> 
     </span>
    </p>
   </div>
   <div class='ocr_carea' id='block_1_81' title="bbox 2079 3460 3762 3536">
    <p class='ocr_par' dir='ltr' id='par_1_81' title="bbox 2079 3460 3762 3536">
     <span class='ocr_line' id='line_1_81' title="bbox 2079 3460 3762 3536; baseline 0.001 -18"><span class='ocrx_word' id='word_1_577' title='bbox 2079 3466 2148 3518; x_wconf 86' lang='lat' dir='ltr'>ad</span> <span class='ocrx_word' id='word_1_578' title='bbox 2173 3463 2428 3534; x_wconf 85' lang='lat' dir='ltr'>aliquam</span> <span class='ocrx_word' id='word_1_579' title='bbox 2456 3460 2820 3517; x_wconf 86' lang='lat' dir='ltr'>sanctitatem</span> <span class='ocrx_word' id='word_1_580' title='bbox 2835 3461 3051 3518; x_wconf 88' lang='lat' dir='ltr'>mentis</span> <span class='ocrx_word' id='word_1_581' title='bbox 3068 3462 3207 3517; x_wconf 88' lang='lat' dir='ltr'>data</span> <span class='ocrx_word' id='word_1_582' title='bbox 3217 3466 3362 3518; x_wconf 90' lang='lat' dir='ltr'>sunt</span> <span class='ocrx_word' id='word_1_583' title='bbox 3383 3463 3461 3519; x_wconf 87' lang='lat' dir='ltr'>ad</span> <span class='ocrx_word' id='word_1_584' title='bbox 3481 3467 3762 3536; x_wconf 84' lang='lat' dir='ltr'>tempus.</span> 
     </span>
    </p>
   </div>
   <div class='ocr_carea' id='block_1_82' title="bbox 2080 3550 3763 3622">
    <p class='ocr_par' dir='ltr' id='par_1_82' title="bbox 2080 3550 3763 3622">
     <span class='ocr_line' id='line_1_82' title="bbox 2080 3550 3763 3622; baseline 0.001 -15"><span class='ocrx_word' id='word_1_585' title='bbox 2080 3554 2180 3608; x_wconf 87' lang='lat' dir='ltr'>Est</span> <span class='ocrx_word' id='word_1_586' title='bbox 2223 3551 2374 3607; x_wconf 89' lang='lat' dir='ltr'>enim</span> <span class='ocrx_word' id='word_1_587' title='bbox 2408 3552 2477 3606; x_wconf 90' lang='lat' dir='ltr'>de</span> <span class='ocrx_word' id='word_1_588' title='bbox 2507 3551 2634 3606; x_wconf 91' lang='lat' dir='ltr'>cibo</span> <span class='ocrx_word' id='word_1_589' title='bbox 2670 3566 2683 3606; x_wconf 89' lang='lat'><strong>:</strong></span> <span class='ocrx_word' id='word_1_590' title='bbox 2715 3550 2869 3606; x_wconf 89' lang='lat' dir='ltr'>unde</span> <span class='ocrx_word' id='word_1_591' title='bbox 2908 3550 3227 3622; x_wconf 83' lang='lat' dir='ltr'>Apostolus</span> <span class='ocrx_word' id='word_1_592' title='bbox 3257 3550 3409 3608; x_wconf 86' lang='lat' dir='ltr'>dicit</span> <span class='ocrx_word' id='word_1_593' title='bbox 3443 3570 3460 3607; x_wconf 89' lang='lat'><strong>:</strong></span> <span class='ocrx_word' id='word_1_594' title='bbox 3500 3575 3526 3600; x_wconf 74' lang='grc' dir='ltr'><strong>ε</strong></span> <span class='ocrx_word' id='word_1_595' title='bbox 3565 3553 3763 3609; x_wconf 86' lang='lat' dir='ltr'>Nemo</span> 
     </span>
    </p>
   </div>
   <div class='ocr_carea' id='block_1_83' title="bbox 2079 3639 3765 3712">
    <p class='ocr_par' dir='ltr' id='par_1_83' title="bbox 2079 3639 3765 3712">
     <span class='ocr_line' id='line_1_83' title="bbox 2079 3639 3765 3712; baseline 0.002 -17"><span class='ocrx_word' id='word_1_596' title='bbox 2079 3641 2415 3712; x_wconf 90' lang='lat' dir='ltr'>vosjudicet</span> <span class='ocrx_word' id='word_1_597' title='bbox 2433 3639 2492 3694; x_wconf 88' lang='lat' dir='ltr'>in</span> <span class='ocrx_word' id='word_1_598' title='bbox 2506 3639 2635 3695; x_wconf 92' lang='lat' dir='ltr'>cibo</span> <span class='ocrx_word' id='word_1_599' title='bbox 2659 3639 2797 3710; x_wconf 83' lang='lat' dir='ltr'>(Col.</span> <span class='ocrx_word' id='word_1_600' title='bbox 2821 3654 2882 3707; x_wconf 84' lang='grc' dir='ltr'>η,</span> <span class='ocrx_word' id='word_1_601' title='bbox 2903 3640 3012 3710; x_wconf 85' lang='grc'>16).</span> <span class='ocrx_word' id='word_1_602' title='bbox 3042 3661 3070 3689; x_wconf 87' lang='grc'><strong>››</strong></span> <span class='ocrx_word' id='word_1_603' title='bbox 3095 3644 3175 3694; x_wconf 82' lang='lat' dir='ltr'>Ac</span> <span class='ocrx_word' id='word_1_604' title='bbox 3188 3639 3239 3695; x_wconf 92' lang='lat' dir='ltr'>si</span> <span class='ocrx_word' id='word_1_605' title='bbox 3256 3644 3470 3712; x_wconf 88' lang='lat' dir='ltr'>aperte</span> <span class='ocrx_word' id='word_1_606' title='bbox 3492 3641 3765 3698; x_wconf 87' lang='lat' dir='ltr'>diceret:</span> 
     </span>
    </p>
   </div>
   <div class='ocr_carea' id='block_1_84' title="bbox 2082 3727 3768 3803">
    <p class='ocr_par' dir='ltr' id='par_1_84' title="bbox 2082 3727 3768 3803">
     <span class='ocr_line' id='line_1_84' title="bbox 2082 3727 3768 3803; baseline -0.001 -17"><span class='ocrx_word' id='word_1_607' title='bbox 2082 3732 2261 3786; x_wconf 90' lang='lat' dir='ltr'>Nemo</span> <span class='ocrx_word' id='word_1_608' title='bbox 2293 3746 2390 3784; x_wconf 81' lang='lat' dir='ltr'>vos</span> <span class='ocrx_word' id='word_1_609' title='bbox 2419 3727 2576 3783; x_wconf 89' lang='lat' dir='ltr'>velut</span> <span class='ocrx_word' id='word_1_610' title='bbox 2603 3728 2840 3784; x_wconf 65' lang='lat' dir='ltr'>Judieos</span> <span class='ocrx_word' id='word_1_611' title='bbox 2860 3728 3159 3783; x_wconf 83' lang='lat' dir='ltr'>discernat</span> <span class='ocrx_word' id='word_1_612' title='bbox 3177 3729 3250 3784; x_wconf 89' lang='lat' dir='ltr'>ab</span> <span class='ocrx_word' id='word_1_613' title='bbox 3279 3727 3377 3784; x_wconf 90' lang='lat' dir='ltr'>his</span> <span class='ocrx_word' id='word_1_614' title='bbox 3408 3728 3580 3785; x_wconf 88' lang='lat' dir='ltr'>inter</span> <span class='ocrx_word' id='word_1_615' title='bbox 3612 3747 3768 3803; x_wconf 84' lang='lat' dir='ltr'>quos</span> 
     </span>
    </p>
   </div>
   <div class='ocr_carea' id='block_1_85' title="bbox 2086 3815 3774 3884">
    <p class='ocr_par' dir='ltr' id='par_1_85' title="bbox 2086 3815 3774 3884">
     <span class='ocr_line' id='line_1_85' title="bbox 2086 3815 3774 3884; baseline 0.001 -12"><span class='ocrx_word' id='word_1_616' title='bbox 2086 3816 2381 3882; x_wconf 85' lang='lat' dir='ltr'>habitatis,</span> <span class='ocrx_word' id='word_1_617' title='bbox 2411 3815 2470 3870; x_wconf 88' lang='lat' dir='ltr'>in</span> <span class='ocrx_word' id='word_1_618' title='bbox 2494 3815 2820 3871; x_wconf 76' lang='lat' dir='ltr'>differentia</span> <span class='ocrx_word' id='word_1_619' title='bbox 2854 3816 3077 3872; x_wconf 89' lang='lat' dir='ltr'>scilicet</span> <span class='ocrx_word' id='word_1_620' title='bbox 3101 3817 3397 3884; x_wconf 89' lang='lat' dir='ltr'>ciborum,</span> <span class='ocrx_word' id='word_1_621' title='bbox 3429 3821 3495 3873; x_wconf 88' lang='lat' dir='ltr'>et</span> <span class='ocrx_word' id='word_1_622' title='bbox 3527 3817 3593 3873; x_wconf 88' lang='lat' dir='ltr'>in</span> <span class='ocrx_word' id='word_1_623' title='bbox 3622 3817 3774 3874; x_wconf 85' lang='lat' dir='ltr'>reli-</span> 
     </span>
    </p>
   </div>
   <div class='ocr_carea' id='block_1_86' title="bbox 2088 3902 3775 3976">
    <p class='ocr_par' dir='ltr' id='par_1_86' title="bbox 2088 3902 3775 3976">
     <span class='ocr_line' id='line_1_86' title="bbox 2088 3902 3775 3976; baseline 0.003 -18"><span class='ocrx_word' id='word_1_624' title='bbox 2088 3906 2218 3975; x_wconf 77' lang='lat' dir='ltr'>quis</span> <span class='ocrx_word' id='word_1_625' title='bbox 2240 3922 2365 3976; x_wconf 83' lang='lat' dir='ltr'>quae</span> <span class='ocrx_word' id='word_1_626' title='bbox 2394 3904 2546 3958; x_wconf 87' lang='lat' dir='ltr'>idem</span> <span class='ocrx_word' id='word_1_627' title='bbox 2576 3902 2891 3974; x_wconf 89' lang='lat' dir='ltr'>Apostolus</span> <span class='ocrx_word' id='word_1_628' title='bbox 2917 3904 3152 3975; x_wconf 87' lang='lat' dir='ltr'>adjecit.</span> <span class='ocrx_word' id='word_1_629' title='bbox 3188 3906 3357 3970; x_wconf 90' lang='lat' dir='ltr'>Quod</span> <span class='ocrx_word' id='word_1_630' title='bbox 3395 3911 3619 3962; x_wconf 88' lang='lat' dir='ltr'>autem</span> <span class='ocrx_word' id='word_1_631' title='bbox 3654 3907 3775 3975; x_wconf 89' lang='lat' dir='ltr'>hic,</span> 
     </span>
    </p>
   </div>
   <div class='ocr_carea' id='block_1_87' title="bbox 2079 3992 3779 4067">
    <p class='ocr_par' dir='ltr' id='par_1_87' title="bbox 2079 3992 3779 4067">
     <span class='ocr_line' id='line_1_87' title="bbox 2079 3992 3779 4067; baseline 0.004 -20"><span class='ocrx_word' id='word_1_632' title='bbox 2079 3995 2351 4065; x_wconf 78' lang='lat' dir='ltr'>judicare,</span> <span class='ocrx_word' id='word_1_633' title='bbox 2373 3992 2582 4048; x_wconf 84' lang='lat' dir='ltr'>dixerit</span> <span class='ocrx_word' id='word_1_634' title='bbox 2599 3993 2951 4063; x_wconf 83' lang='lat' dir='ltr'>discernere,</span> <span class='ocrx_word' id='word_1_635' title='bbox 2974 3993 3035 4048; x_wconf 92' lang='lat' dir='ltr'>in</span> <span class='ocrx_word' id='word_1_636' title='bbox 3058 3993 3321 4067; x_wconf 87' lang='lat' dir='ltr'>Epistola</span> <span class='ocrx_word' id='word_1_637' title='bbox 3352 3993 3429 4050; x_wconf 89' lang='lat' dir='ltr'>ad</span> <span class='ocrx_word' id='word_1_638' title='bbox 3455 3995 3779 4053; x_wconf 83' lang='lat' dir='ltr'>Romanos</span> 
     </span>
    </p>
   </div>
   <div class='ocr_carea' id='block_1_88' title="bbox 2091 4079 3779 4156">
    <p class='ocr_par' dir='ltr' id='par_1_88' title="bbox 2091 4079 3779 4156">
     <span class='ocr_line' id='line_1_88' title="bbox 2091 4079 3779 4156; baseline 0.004 -21"><span class='ocrx_word' id='word_1_639' title='bbox 2091 4082 2293 4154; x_wconf 87' lang='lat' dir='ltr'>liquet,</span> <span class='ocrx_word' id='word_1_640' title='bbox 2325 4080 2423 4135; x_wconf 93' lang='lat' dir='ltr'>ubi</span> <span class='ocrx_word' id='word_1_641' title='bbox 2455 4080 2525 4135; x_wconf 89' lang='lat' dir='ltr'>de</span> <span class='ocrx_word' id='word_1_642' title='bbox 2558 4079 2781 4136; x_wconf 82' lang='lat' dir='ltr'>diverso</span> <span class='ocrx_word' id='word_1_643' title='bbox 2806 4081 3034 4152; x_wconf 88' lang='lat' dir='ltr'>jejunio</span> <span class='ocrx_word' id='word_1_644' title='bbox 3060 4082 3469 4153; x_wconf 75' lang='lat' dir='ltr'>quorumdam</span> <span class='ocrx_word' id='word_1_645' title='bbox 3505 4082 3779 4156; x_wconf 88' lang='lat' dir='ltr'>loquens</span> 
     </span>
    </p>
   </div>
   <div class='ocr_carea' id='block_1_89' title="bbox 2092 4167 3785 4244">
    <p class='ocr_par' dir='ltr' id='par_1_89' title="bbox 2092 4167 3785 4244">
     <span class='ocr_line' id='line_1_89' title="bbox 2092 4167 3785 4244; baseline 0.003 -19"><span class='ocrx_word' id='word_1_646' title='bbox 2092 4171 2173 4225; x_wconf 88' lang='lat' dir='ltr'>ait</span> <span class='ocrx_word' id='word_1_647' title='bbox 2205 4187 2218 4225; x_wconf 90' lang='lat'><strong>:</strong></span> <span class='ocrx_word' id='word_1_648' title='bbox 2262 4192 2289 4219; x_wconf 89' lang='grc'><em>‹‹</em></span> <span class='ocrx_word' id='word_1_649' title='bbox 2314 4167 2482 4223; x_wconf 85' lang='lat' dir='ltr'>Alius</span> <span class='ocrx_word' id='word_1_650' title='bbox 2504 4168 2735 4239; x_wconf 89' lang='lat' dir='ltr'>judicat</span> <span class='ocrx_word' id='word_1_651' title='bbox 2755 4168 2909 4224; x_wconf 90' lang='lat' dir='ltr'>diem</span> <span class='ocrx_word' id='word_1_652' title='bbox 2940 4169 3095 4225; x_wconf 90' lang='lat' dir='ltr'>inter</span> <span class='ocrx_word' id='word_1_653' title='bbox 3122 4170 3304 4238; x_wconf 90' lang='lat' dir='ltr'>diem,</span> <span class='ocrx_word' id='word_1_654' title='bbox 3335 4170 3501 4227; x_wconf 91' lang='lat' dir='ltr'>alius</span> <span class='ocrx_word' id='word_1_655' title='bbox 3531 4174 3785 4244; x_wconf 88' lang='lat' dir='ltr'>judicat</span> 
     </span>
    </p>
   </div>
   <div class='ocr_carea' id='block_1_90' title="bbox 2093 4257 3782 4331">
    <p class='ocr_par' dir='ltr' id='par_1_90' title="bbox 2093 4257 3782 4331">
     <span class='ocr_line' id='line_1_90' title="bbox 2093 4257 3782 4331; baseline 0.003 -18"><span class='ocrx_word' id='word_1_656' title='bbox 2093 4274 2327 4313; x_wconf 90' lang='lat' dir='ltr'>omnem</span> <span class='ocrx_word' id='word_1_657' title='bbox 2344 4257 2496 4312; x_wconf 90' lang='lat' dir='ltr'>diem</span> <span class='ocrx_word' id='word_1_658' title='bbox 2510 4258 2687 4325; x_wconf 86' lang='lat' dir='ltr'>(Rom.</span> <span class='ocrx_word' id='word_1_659' title='bbox 2710 4274 2826 4325; x_wconf 76' lang='lat' dir='ltr'>xw,</span> <span class='ocrx_word' id='word_1_660' title='bbox 2842 4258 2918 4323; x_wconf 91' lang='lat'>5).</span> <span class='ocrx_word' id='word_1_661' title='bbox 2945 4279 2973 4307; x_wconf 88' lang='lat'>»</span> <span class='ocrx_word' id='word_1_662' title='bbox 2996 4258 3391 4331; x_wconf 87' lang='lat' dir='ltr'>Quapropter,</span> <span class='ocrx_word' id='word_1_663' title='bbox 3414 4260 3587 4317; x_wconf 89' lang='lat' dir='ltr'>sicut</span> <span class='ocrx_word' id='word_1_664' title='bbox 3610 4262 3782 4318; x_wconf 88' lang='lat' dir='ltr'>idem</span> 
     </span>
    </p>
   </div>
   <div class='ocr_carea' id='block_1_91' title="bbox 2095 4343 3784 4422">
    <p class='ocr_par' dir='ltr' id='par_1_91' title="bbox 2095 4343 3784 4422">
     <span class='ocr_line' id='line_1_91' title="bbox 2095 4343 3784 4422; baseline -0.001 -21"><span class='ocrx_word' id='word_1_665' title='bbox 2095 4348 2176 4401; x_wconf 87' lang='lat' dir='ltr'>ait</span> <span class='ocrx_word' id='word_1_666' title='bbox 2209 4362 2222 4400; x_wconf 89' lang='lat'><strong>:</strong></span> <span class='ocrx_word' id='word_1_667' title='bbox 2257 4369 2284 4396; x_wconf 87' lang='lat'><strong>«</strong></span> <span class='ocrx_word' id='word_1_668' title='bbox 2318 4344 2482 4400; x_wconf 89' lang='lat' dir='ltr'>Alius</span> <span class='ocrx_word' id='word_1_669' title='bbox 2503 4343 2687 4400; x_wconf 89' lang='lat' dir='ltr'>credit</span> <span class='ocrx_word' id='word_1_670' title='bbox 2711 4361 2773 4400; x_wconf 91' lang='lat' dir='ltr'>se</span> <span class='ocrx_word' id='word_1_671' title='bbox 2795 4346 3153 4402; x_wconf 89' lang='lat' dir='ltr'>manducare</span> <span class='ocrx_word' id='word_1_672' title='bbox 3176 4348 3385 4403; x_wconf 88' lang='lat' dir='ltr'>omnia</span> <span class='ocrx_word' id='word_1_673' title='bbox 3403 4348 3604 4417; x_wconf 83' lang='lat' dir='ltr'>(Ibid.,</span> <span class='ocrx_word' id='word_1_674' title='bbox 3643 4352 3732 4422; x_wconf 88' lang='lat'>2).</span> <span class='ocrx_word' id='word_1_675' title='bbox 3756 4372 3784 4400; x_wconf 82' lang='grc'><strong>››</strong></span> 
     </span>
    </p>
   </div>
   <div class='ocr_carea' id='block_1_92' title="bbox 2099 4432 3784 4506">
    <p class='ocr_par' dir='ltr' id='par_1_92' title="bbox 2099 4432 3784 4506">
     <span class='ocr_line' id='line_1_92' title="bbox 2099 4432 3784 4506; baseline 0.004 -17"><span class='ocrx_word' id='word_1_676' title='bbox 2099 4436 2152 4489; x_wconf 92' lang='lat' dir='ltr'><strong>Is</strong></span> <span class='ocrx_word' id='word_1_677' title='bbox 2185 4433 2284 4506; x_wconf 91' lang='lat' dir='ltr'>qui</span> <span class='ocrx_word' id='word_1_678' title='bbox 2314 4450 2430 4488; x_wconf 88' lang='lat' dir='ltr'>non</span> <span class='ocrx_word' id='word_1_679' title='bbox 2459 4432 2778 4489; x_wconf 81' lang='lat' dir='ltr'>manducet</span> <span class='ocrx_word' id='word_1_680' title='bbox 2807 4435 3100 4506; x_wconf 75' lang='lat' dir='ltr'>quaedam,</span> <span class='ocrx_word' id='word_1_681' title='bbox 3151 4436 3484 4492; x_wconf 88' lang='lat' dir='ltr'>observans</span> <span class='ocrx_word' id='word_1_682' title='bbox 3534 4454 3784 4495; x_wconf 87' lang='lat' dir='ltr'>morem</span> 
     </span>
    </p>
   </div>
   <div class='ocr_carea' id='block_1_93' title="bbox 2098 4521 3783 4596">
    <p class='ocr_par' dir='ltr' id='par_1_93' title="bbox 2098 4521 3783 4596">
     <span class='ocr_line' id='line_1_93' title="bbox 2098 4521 3783 4596; baseline 0.004 -19"><span class='ocrx_word' id='word_1_683' title='bbox 2098 4539 2214 4577; x_wconf 71' lang='lat' dir='ltr'>suae</span> <span class='ocrx_word' id='word_1_684' title='bbox 2247 4521 2448 4593; x_wconf 63' lang='lat' dir='ltr'>patriae</span> <span class='ocrx_word' id='word_1_685' title='bbox 2467 4525 2523 4576; x_wconf 90' lang='lat' dir='ltr'>et</span> <span class='ocrx_word' id='word_1_686' title='bbox 2547 4521 2877 4592; x_wconf 59' lang='lat' dir='ltr'>provinciae,</span> <span class='ocrx_word' id='word_1_687' title='bbox 2905 4526 2963 4578; x_wconf 90' lang='lat' dir='ltr'>et</span> <span class='ocrx_word' id='word_1_688' title='bbox 2983 4528 3273 4596; x_wconf 65' lang='lat' dir='ltr'>praecepta</span> <span class='ocrx_word' id='word_1_689' title='bbox 3292 4526 3617 4596; x_wconf 87' lang='lat' dir='ltr'>majorum</span> <span class='ocrx_word' id='word_1_690' title='bbox 3639 4544 3783 4584; x_wconf 89' lang='lat' dir='ltr'>suo-</span> 
     </span>
    </p>
   </div>
   <div class='ocr_carea' id='block_1_94' title="bbox 350 4605 3784 4690">
    <p class='ocr_par' dir='ltr' id='par_1_94' title="bbox 350 4605 3784 4690">
     <span class='ocr_line' id='line_1_94' title="bbox 350 4605 3784 4690; baseline 0.002 -24"><span class='ocrx_word' id='word_1_691' title='bbox 350 4613 395 4678; x_wconf 92' lang='lat' dir='ltr'><strong>(I</strong></span> <span class='ocrx_word' id='word_1_692' title='bbox 424 4610 542 4666; x_wconf 83' lang='lat' dir='ltr'>Cor.</span> <span class='ocrx_word' id='word_1_693' title='bbox 576 4627 617 4679; x_wconf 81' lang='lat'>1,</span> <span class='ocrx_word' id='word_1_694' title='bbox 649 4608 764 4679; x_wconf 85' lang='lat'>20.)</span> <span class='ocrx_word' id='word_1_695' title='bbox 796 4606 918 4670; x_wconf 89' lang='lat' dir='ltr'>Qua</span> <span class='ocrx_word' id='word_1_696' title='bbox 948 4605 1196 4662; x_wconf 88' lang='lat' dir='ltr'>stultitia</span> <span class='ocrx_word' id='word_1_697' title='bbox 1224 4622 1326 4660; x_wconf 86' lang='lat' dir='ltr'>vos</span> <span class='ocrx_word' id='word_1_698' title='bbox 1362 4605 1582 4676; x_wconf 80' lang='lat' dir='ltr'>repleti,</span> <span class='ocrx_word' id='word_1_699' title='bbox 1637 4623 1739 4661; x_wconf 63' lang='lat' dir='ltr'>nec</span> <span class='ocrx_word' id='word_1_700' title='bbox 1784 4622 1989 4660; x_wconf 88' lang='lat' dir='ltr'>secun-</span> <span class='ocrx_word' id='word_1_701' title='bbox 2020 4626 2066 4690; x_wconf 82' lang='lat' dir='ltr'>D</span> <span class='ocrx_word' id='word_1_702' title='bbox 2100 4627 2252 4678; x_wconf 91' lang='lat' dir='ltr'>rum,</span> <span class='ocrx_word' id='word_1_703' title='bbox 2286 4609 2739 4665; x_wconf 87' lang='lat' dir='ltr'>manducantem</span> <span class='ocrx_word' id='word_1_704' title='bbox 2786 4627 2902 4666; x_wconf 90' lang='lat' dir='ltr'>non</span> <span class='ocrx_word' id='word_1_705' title='bbox 2928 4610 3172 4680; x_wconf 88' lang='lat' dir='ltr'>judicet.</span> <span class='ocrx_word' id='word_1_706' title='bbox 3203 4612 3289 4668; x_wconf 92' lang='lat' dir='ltr'>Tu</span> <span class='ocrx_word' id='word_1_707' title='bbox 3322 4613 3491 4669; x_wconf 89' lang='lat' dir='ltr'>enim</span> <span class='ocrx_word' id='word_1_708' title='bbox 3528 4617 3645 4687; x_wconf 89' lang='lat' dir='ltr'>qui</span> <span class='ocrx_word' id='word_1_709' title='bbox 3698 4633 3784 4682; x_wconf 87' lang='lat' dir='ltr'>es,</span> 
     </span>
    </p>
   </div>
   <div class='ocr_carea' id='block_1_95' title="bbox 351 4693 1993 4766">
    <p class='ocr_par' dir='ltr' id='par_1_95' title="bbox 351 4693 1993 4766">
     <span class='ocr_line' id='line_1_95' title="bbox 351 4693 1993 4766; baseline -0.003 -12"><span class='ocrx_word' id='word_1_710' title='bbox 351 4700 491 4754; x_wconf 92' lang='lat' dir='ltr'>dum</span> <span class='ocrx_word' id='word_1_711' title='bbox 542 4697 772 4762; x_wconf 79' lang='lat' dir='ltr'>divinas</span> <span class='ocrx_word' id='word_1_712' title='bbox 813 4694 1057 4766; x_wconf 88' lang='lat' dir='ltr'>paginas</span> <span class='ocrx_word' id='word_1_713' title='bbox 1106 4693 1452 4748; x_wconf 79' lang='lat' dir='ltr'>dcﬁnivistis</span> <span class='ocrx_word' id='word_1_714' title='bbox 1497 4693 1736 4764; x_wconf 65' lang='lat' dir='ltr'>aliquid,</span> <span class='ocrx_word' id='word_1_715' title='bbox 1788 4701 1843 4748; x_wconf 91' lang='lat' dir='ltr'>ct</span> <span class='ocrx_word' id='word_1_716' title='bbox 1874 4711 1993 4749; x_wconf 89' lang='lat' dir='ltr'>ma-</span> 
     </span>
    </p>
   </div>
   <div class='ocr_carea' id='block_1_96' title="bbox 351 4781 1996 4858">
    <p class='ocr_par' dir='ltr' id='par_1_96' title="bbox 351 4781 1996 4858">
     <span class='ocr_line' id='line_1_96' title="bbox 351 4781 1996 4858; baseline -0.002 -17"><span class='ocrx_word' id='word_1_717' title='bbox 351 4803 532 4858; x_wconf 90' lang='lat' dir='ltr'>gnum</span> <span class='ocrx_word' id='word_1_718' title='bbox 563 4783 845 4840; x_wconf 91' lang='lat' dir='ltr'>Basilium</span> <span class='ocrx_word' id='word_1_719' title='bbox 879 4782 1201 4837; x_wconf 88' lang='lat' dir='ltr'>secundum</span> <span class='ocrx_word' id='word_1_720' title='bbox 1228 4781 1519 4837; x_wconf 84' lang='lat' dir='ltr'>humanas</span> <span class='ocrx_word' id='word_1_721' title='bbox 1543 4784 1882 4838; x_wconf 83' lang='lat' dir='ltr'>monstratis</span> <span class='ocrx_word' id='word_1_722' title='bbox 1903 4784 1996 4838; x_wconf 92' lang='lat' dir='ltr'>de-</span> 
     </span>
    </p>
   </div>
   <div class='ocr_carea' id='block_1_97' title="bbox 354 4871 1996 4942">
    <p class='ocr_par' dir='ltr' id='par_1_97' title="bbox 354 4871 1996 4942">
     <span class='ocr_line' id='line_1_97' title="bbox 354 4871 1996 4942; baseline -0.001 -15"><span class='ocrx_word' id='word_1_723' title='bbox 354 4872 611 4928; x_wconf 80' lang='lat' dir='ltr'>ﬁnivisse</span> <span class='ocrx_word' id='word_1_724' title='bbox 634 4871 800 4927; x_wconf 90' lang='lat' dir='ltr'>nihil.</span> <span class='ocrx_word' id='word_1_725' title='bbox 827 4871 1230 4925; x_wconf 88' lang='lat' dir='ltr'>Falsissimum</span> <span class='ocrx_word' id='word_1_726' title='bbox 1251 4871 1406 4924; x_wconf 84' lang='lat' dir='ltr'>enim</span> <span class='ocrx_word' id='word_1_727' title='bbox 1431 4875 1519 4925; x_wconf 88' lang='lat' dir='ltr'>est</span> <span class='ocrx_word' id='word_1_728' title='bbox 1542 4876 1607 4925; x_wconf 91' lang='lat' dir='ltr'>ut</span> <span class='ocrx_word' id='word_1_729' title='bbox 1626 4871 1725 4942; x_wconf 89' lang='lat' dir='ltr'>qui</span> <span class='ocrx_word' id='word_1_730' title='bbox 1744 4872 1996 4927; x_wconf 89' lang='lat' dir='ltr'>Sabbata</span> 
     </span>
    </p>
   </div>
   <div class='ocr_carea' id='block_1_98' title="bbox 354 4958 1992 5031">
    <p class='ocr_par' dir='ltr' id='par_1_98' title="bbox 354 4958 1992 5031">
     <span class='ocr_line' id='line_1_98' title="bbox 354 4958 1992 5031; baseline 0 -16"><span class='ocrx_word' id='word_1_731' title='bbox 354 4966 410 5015; x_wconf 92' lang='lat' dir='ltr'>et</span> <span class='ocrx_word' id='word_1_732' title='bbox 439 4976 640 5031; x_wconf 86' lang='lat' dir='ltr'>azyma</span> <span class='ocrx_word' id='word_1_733' title='bbox 656 4958 1015 5023; x_wconf 90' lang='lat' dir='ltr'>custodiunt,</span> <span class='ocrx_word' id='word_1_734' title='bbox 1041 4976 1143 5012; x_wconf 86' lang='lat' dir='ltr'>nec</span> <span class='ocrx_word' id='word_1_735' title='bbox 1174 4958 1358 5013; x_wconf 68' lang='grc' dir='ltr'>Διιόωὶ</span> <span class='ocrx_word' id='word_1_736' title='bbox 1378 4975 1480 5014; x_wconf 91' lang='lat' dir='ltr'>nec</span> <span class='ocrx_word' id='word_1_737' title='bbox 1509 4959 1821 5017; x_wconf 87' lang='lat' dir='ltr'>Christiani</span> <span class='ocrx_word' id='word_1_738' title='bbox 1853 4960 1992 5017; x_wconf 77' lang='lat' dir='ltr'>sint.</span> 
     </span>
    </p>
   </div>
   <div class='ocr_carea' id='block_1_99' title="bbox 357 5046 1997 5120">
    <p class='ocr_par' dir='ltr' id='par_1_99' title="bbox 357 5046 1997 5120">
     <span class='ocr_line' id='line_1_99' title="bbox 357 5046 1997 5120; baseline 0.001 -18"><span class='ocrx_word' id='word_1_739' title='bbox 357 5048 503 5115; x_wconf 90' lang='lat' dir='ltr'>Quia</span> <span class='ocrx_word' id='word_1_740' title='bbox 546 5046 847 5103; x_wconf 88' lang='lat' dir='ltr'>verissime</span> <span class='ocrx_word' id='word_1_741' title='bbox 895 5047 1074 5102; x_wconf 78' lang='lat' dir='ltr'>Judaei</span> <span class='ocrx_word' id='word_1_742' title='bbox 1107 5053 1245 5103; x_wconf 90' lang='lat' dir='ltr'>sunt</span> <span class='ocrx_word' id='word_1_743' title='bbox 1290 5049 1387 5120; x_wconf 90' lang='lat' dir='ltr'>qui</span> <span class='ocrx_word' id='word_1_744' title='bbox 1420 5049 1674 5103; x_wconf 87' lang='lat' dir='ltr'>Sabbata</span> <span class='ocrx_word' id='word_1_745' title='bbox 1701 5053 1757 5102; x_wconf 88' lang='lat' dir='ltr'>et</span> <span class='ocrx_word' id='word_1_746' title='bbox 1794 5066 1997 5120; x_wconf 86' lang='lat' dir='ltr'>azyma</span> 
     </span>
    </p>
   </div>
   <div class='ocr_carea' id='block_1_100' title="bbox 358 5134 1994 5193">
    <p class='ocr_par' dir='ltr' id='par_1_100' title="bbox 358 5134 1994 5193">
     <span class='ocr_line' id='line_1_100' title="bbox 358 5134 1994 5193; baseline -0.001 0"><span class='ocrx_word' id='word_1_747' title='bbox 358 5135 700 5193; x_wconf 89' lang='lat' dir='ltr'>custodiunt</span> <span class='ocrx_word' id='word_1_748' title='bbox 728 5135 1053 5191; x_wconf 84' lang='lat' dir='ltr'>carnaliter.</span> <span class='ocrx_word' id='word_1_749' title='bbox 1087 5136 1195 5191; x_wconf 89' lang='lat' dir='ltr'>Sed</span> <span class='ocrx_word' id='word_1_750' title='bbox 1227 5142 1285 5192; x_wconf 91' lang='lat' dir='ltr'>et</span> <span class='ocrx_word' id='word_1_751' title='bbox 1316 5137 1454 5190; x_wconf 89' lang='lat' dir='ltr'>illud</span> <span class='ocrx_word' id='word_1_752' title='bbox 1489 5136 1544 5189; x_wconf 92' lang='lat' dir='ltr'>in</span> <span class='ocrx_word' id='word_1_753' title='bbox 1570 5134 1855 5189; x_wconf 86' lang='lat' dir='ltr'>inﬁnitam</span> <span class='ocrx_word' id='word_1_754' title='bbox 1889 5138 1994 5191; x_wconf 91' lang='lat' dir='ltr'>du-</span> 
     </span>
    </p>
   </div>
   <div class='ocr_carea' id='block_1_101' title="bbox 356 5223 1999 5291">
    <p class='ocr_par' dir='ltr' id='par_1_101' title="bbox 356 5223 1999 5291">
     <span class='ocr_line' id='line_1_101' title="bbox 356 5223 1999 5291; baseline -0.001 -10"><span class='ocrx_word' id='word_1_755' title='bbox 356 5226 633 5281; x_wconf 88' lang='lat' dir='ltr'>bietatem</span> <span class='ocrx_word' id='word_1_756' title='bbox 667 5224 891 5291; x_wconf 87' lang='lat' dir='ltr'>recidit,</span> <span class='ocrx_word' id='word_1_757' title='bbox 924 5242 1027 5280; x_wconf 90' lang='lat' dir='ltr'>nec</span> <span class='ocrx_word' id='word_1_758' title='bbox 1060 5224 1176 5279; x_wconf 91' lang='lat' dir='ltr'>ullo</span> <span class='ocrx_word' id='word_1_759' title='bbox 1207 5228 1375 5279; x_wconf 71' lang='lat' dir='ltr'>modo</span> <span class='ocrx_word' id='word_1_760' title='bbox 1408 5238 1770 5291; x_wconf 85' lang='lat' dir='ltr'>consequens</span> <span class='ocrx_word' id='word_1_761' title='bbox 1799 5223 1907 5277; x_wconf 91' lang='lat' dir='ltr'>erit</span> <span class='ocrx_word' id='word_1_762' title='bbox 1935 5230 1999 5279; x_wconf 92' lang='lat' dir='ltr'>ut</span> 
     </span>
    </p>
   </div>
   <div class='ocr_carea' id='block_1_102' title="bbox 360 5309 1997 5386">
    <p class='ocr_par' dir='ltr' id='par_1_102' title="bbox 360 5309 1997 5386">
     <span class='ocr_line' id='line_1_102' title="bbox 360 5309 1997 5386; baseline -0.002 -16"><span class='ocrx_word' id='word_1_763' title='bbox 360 5313 669 5386; x_wconf 88' lang='lat' dir='ltr'>leopardus</span> <span class='ocrx_word' id='word_1_764' title='bbox 691 5313 768 5368; x_wconf 91' lang='lat' dir='ltr'>sit</span> <span class='ocrx_word' id='word_1_765' title='bbox 789 5317 1034 5383; x_wconf 82' lang='lat' dir='ltr'>tantum,</span> <span class='ocrx_word' id='word_1_766' title='bbox 1057 5315 1225 5384; x_wconf 89' lang='lat' dir='ltr'>cujus</span> <span class='ocrx_word' id='word_1_767' title='bbox 1246 5311 1435 5384; x_wconf 86' lang='lat' dir='ltr'>capilli</span> <span class='ocrx_word' id='word_1_768' title='bbox 1461 5326 1565 5364; x_wconf 89' lang='lat' dir='ltr'>nec</span> <span class='ocrx_word' id='word_1_769' title='bbox 1586 5309 1728 5380; x_wconf 88' lang='lat' dir='ltr'>nigri</span> <span class='ocrx_word' id='word_1_770' title='bbox 1756 5327 1860 5365; x_wconf 91' lang='lat' dir='ltr'>nec</span> <span class='ocrx_word' id='word_1_771' title='bbox 1884 5311 1997 5366; x_wconf 89' lang='lat' dir='ltr'>albi</span> 
     </span>
    </p>
   </div>
   <div class='ocr_carea' id='block_1_103' title="bbox 360 5396 1997 5475">
    <p class='ocr_par' dir='ltr' id='par_1_103' title="bbox 360 5396 1997 5475">
     <span class='ocr_line' id='line_1_103' title="bbox 360 5396 1997 5475; baseline -0.002 -15"><span class='ocrx_word' id='word_1_772' title='bbox 360 5408 520 5470; x_wconf 88' lang='lat' dir='ltr'>sunt;</span> <span class='ocrx_word' id='word_1_773' title='bbox 538 5403 676 5475; x_wconf 89' lang='lat' dir='ltr'>quia</span> <span class='ocrx_word' id='word_1_774' title='bbox 691 5402 1061 5474; x_wconf 65' lang='lat' dir='ltr'>praeterhunc</span> <span class='ocrx_word' id='word_1_775' title='bbox 1079 5397 1529 5456; x_wconf 88' lang='lat' dir='ltr'>innumerabilia</span> <span class='ocrx_word' id='word_1_776' title='bbox 1546 5396 1819 5454; x_wconf 85' lang='lat' dir='ltr'>animalia</span> <span class='ocrx_word' id='word_1_777' title='bbox 1839 5406 1997 5468; x_wconf 91' lang='lat' dir='ltr'>sunt,</span> 
     </span>
    </p>
   </div>
   <div class='ocr_carea' id='block_1_104' title="bbox 362 5486 2000 5562">
    <p class='ocr_par' dir='ltr' id='par_1_104' title="bbox 362 5486 2000 5562">
     <span class='ocr_line' id='line_1_104' title="bbox 362 5486 2000 5562; baseline -0.001 -16"><span class='ocrx_word' id='word_1_778' title='bbox 362 5508 611 5562; x_wconf 88' lang='lat' dir='ltr'>quorum</span> <span class='ocrx_word' id='word_1_779' title='bbox 645 5490 748 5562; x_wconf 90' lang='lat' dir='ltr'>pili</span> <span class='ocrx_word' id='word_1_780' title='bbox 773 5507 875 5546; x_wconf 91' lang='lat' dir='ltr'>nec</span> <span class='ocrx_word' id='word_1_781' title='bbox 923 5491 1038 5545; x_wconf 92' lang='lat' dir='ltr'>albi</span> <span class='ocrx_word' id='word_1_782' title='bbox 1056 5505 1161 5543; x_wconf 91' lang='lat' dir='ltr'>nec</span> <span class='ocrx_word' id='word_1_783' title='bbox 1178 5487 1329 5560; x_wconf 87' lang='lat' dir='ltr'>nigri</span> <span class='ocrx_word' id='word_1_784' title='bbox 1360 5490 1516 5542; x_wconf 89' lang='lat' dir='ltr'>sunt.</span> <span class='ocrx_word' id='word_1_785' title='bbox 1541 5486 1583 5540; x_wconf 90' lang='grc' dir='ltr'>Ο</span> <span class='ocrx_word' id='word_1_786' title='bbox 1607 5488 1817 5559; x_wconf 88' lang='lat' dir='ltr'>egregii</span> <span class='ocrx_word' id='word_1_787' title='bbox 1843 5504 2000 5545; x_wconf 89' lang='lat' dir='ltr'>scru-</span> 
     </span>
    </p>
   </div>
   <div class='ocr_carea' id='block_1_105' title="bbox 362 5572 1999 5647">
    <p class='ocr_par' dir='ltr' id='par_1_105' title="bbox 362 5572 1999 5647">
     <span class='ocr_line' id='line_1_105' title="bbox 362 5572 1999 5647; baseline 0.001 -16"><span class='ocrx_word' id='word_1_788' title='bbox 362 5579 581 5631; x_wconf 84' lang='lat' dir='ltr'>tatores</span> <span class='ocrx_word' id='word_1_789' title='bbox 610 5576 788 5630; x_wconf 90' lang='lat' dir='ltr'>divini</span> <span class='ocrx_word' id='word_1_790' title='bbox 806 5577 1017 5647; x_wconf 90' lang='lat' dir='ltr'>eloquii</span> <span class='ocrx_word' id='word_1_791' title='bbox 1038 5575 1050 5628; x_wconf 79' lang='grc' dir='ltr'><strong>ι</strong></span> <span class='ocrx_word' id='word_1_792' title='bbox 1075 5590 1108 5628; x_wconf 93' lang='lat' dir='ltr'>o</span> <span class='ocrx_word' id='word_1_793' title='bbox 1133 5574 1347 5628; x_wconf 90' lang='lat' dir='ltr'>dociles</span> <span class='ocrx_word' id='word_1_794' title='bbox 1377 5572 1649 5644; x_wconf 90' lang='lat' dir='ltr'>discipuli</span> <span class='ocrx_word' id='word_1_795' title='bbox 1672 5575 1867 5646; x_wconf 89' lang='lat' dir='ltr'>magni</span> <span class='ocrx_word' id='word_1_796' title='bbox 1894 5576 1999 5633; x_wconf 83' lang='lat' dir='ltr'>Ba-</span> 
     </span>
    </p>
   </div>
   <div class='ocr_carea' id='block_1_106' title="bbox 365 5658 1999 5737">
    <p class='ocr_par' dir='ltr' id='par_1_106' title="bbox 365 5658 1999 5737">
     <span class='ocr_line' id='line_1_106' title="bbox 365 5658 1999 5737; baseline 0.002 -16"><span class='ocrx_word' id='word_1_797' title='bbox 365 5658 509 5731; x_wconf 75' lang='lat' dir='ltr'>silii.</span> <span class='ocrx_word' id='word_1_798' title='bbox 530 5675 599 5717; x_wconf 82' lang='lat' dir='ltr'>ex</span> <span class='ocrx_word' id='word_1_799' title='bbox 629 5663 796 5736; x_wconf 86' lang='lat' dir='ltr'>cujus</span> <span class='ocrx_word' id='word_1_800' title='bbox 821 5662 1096 5737; x_wconf 63' lang='lat' dir='ltr'>praclaro</span> <span class='ocrx_word' id='word_1_801' title='bbox 1124 5661 1282 5722; x_wconf 80' lang='lat' dir='ltr'>fonte</span> <span class='ocrx_word' id='word_1_802' title='bbox 1311 5660 1458 5722; x_wconf 85' lang='lat' dir='ltr'>nihil</span> <span class='ocrx_word' id='word_1_803' title='bbox 1486 5660 1601 5720; x_wconf 87' lang='lat' dir='ltr'>nisi</span> <span class='ocrx_word' id='word_1_804' title='bbox 1629 5659 1818 5721; x_wconf 87' lang='lat' dir='ltr'>lutum</span> <span class='ocrx_word' id='word_1_805' title='bbox 1837 5663 1999 5726; x_wconf 84' lang='lat' dir='ltr'>.heu-</span> 
     </span>
    </p>
   </div>
   <div class='ocr_carea' id='block_1_107' title="bbox 2101 4696 3790 4777">
    <p class='ocr_par' dir='ltr' id='par_1_107' title="bbox 2101 4696 3790 4777">
     <span class='ocr_line' id='line_1_107' title="bbox 2101 4696 3790 4777; baseline 0.005 -24"><span class='ocrx_word' id='word_1_806' title='bbox 2101 4699 2197 4770; x_wconf 91' lang='lat' dir='ltr'>qui</span> <span class='ocrx_word' id='word_1_807' title='bbox 2224 4698 2459 4770; x_wconf 84' lang='lat' dir='ltr'>judicas</span> <span class='ocrx_word' id='word_1_808' title='bbox 2490 4696 2746 4753; x_wconf 85' lang='lat' dir='ltr'>alienum</span> <span class='ocrx_word' id='word_1_809' title='bbox 2778 4715 3031 4767; x_wconf 88' lang='lat' dir='ltr'>servum,</span> <span class='ocrx_word' id='word_1_810' title='bbox 3065 4701 3168 4772; x_wconf 89' lang='lat' dir='ltr'>qui</span> <span class='ocrx_word' id='word_1_811' title='bbox 3199 4701 3361 4756; x_wconf 89' lang='lat' dir='ltr'>salva</span> <span class='ocrx_word' id='word_1_812' title='bbox 3386 4701 3509 4757; x_wconf 81' lang='lat' dir='ltr'>ﬁde</span> <span class='ocrx_word' id='word_1_813' title='bbox 3541 4709 3608 4759; x_wconf 89' lang='lat' dir='ltr'>et</span> <span class='ocrx_word' id='word_1_814' title='bbox 3629 4722 3790 4777; x_wconf 86' lang='lat' dir='ltr'>pura</span> 
     </span>
    </p>
   </div>
   <div class='ocr_carea' id='block_1_108' title="bbox 2102 4786 3789 4859">
    <p class='ocr_par' dir='ltr' id='par_1_108' title="bbox 2102 4786 3789 4859">
     <span class='ocr_line' id='line_1_108' title="bbox 2102 4786 3789 4859; baseline 0.005 -18"><span class='ocrx_word' id='word_1_815' title='bbox 2102 4786 2459 4842; x_wconf 90' lang='lat' dir='ltr'>conscientia</span> <span class='ocrx_word' id='word_1_816' title='bbox 2486 4787 2739 4841; x_wconf 90' lang='lat' dir='ltr'>comedit</span> <span class='ocrx_word' id='word_1_817' title='bbox 2767 4787 3055 4859; x_wconf 90' lang='lat' dir='ltr'>quidquid</span> <span class='ocrx_word' id='word_1_818' title='bbox 3087 4805 3122 4843; x_wconf 92' lang='lat' dir='ltr'>a</span> <span class='ocrx_word' id='word_1_819' title='bbox 3151 4789 3489 4859; x_wconf 86' lang='lat' dir='ltr'>majoribus</span> <span class='ocrx_word' id='word_1_820' title='bbox 3513 4792 3657 4849; x_wconf 88' lang='lat' dir='ltr'>suis</span> <span class='ocrx_word' id='word_1_821' title='bbox 3689 4810 3789 4849; x_wconf 87' lang='lat' dir='ltr'>co-</span> 
     </span>
    </p>
   </div>
   <div class='ocr_carea' id='block_1_109' title="bbox 2107 4874 3790 4945">
    <p class='ocr_par' dir='ltr' id='par_1_109' title="bbox 2107 4874 3790 4945">
     <span class='ocr_line' id='line_1_109' title="bbox 2107 4874 3790 4945; baseline 0.006 -15"><span class='ocrx_word' id='word_1_822' title='bbox 2107 4875 2459 4931; x_wconf 89' lang='lat' dir='ltr'>medendum</span> <span class='ocrx_word' id='word_1_823' title='bbox 2508 4874 2773 4945; x_wconf 75' lang='lat' dir='ltr'>accepit?</span> <span class='ocrx_word' id='word_1_824' title='bbox 2802 4879 2865 4930; x_wconf 92' lang='lat' dir='ltr'>ut</span> <span class='ocrx_word' id='word_1_825' title='bbox 2890 4875 3046 4931; x_wconf 90' lang='lat' dir='ltr'>enim</span> <span class='ocrx_word' id='word_1_826' title='bbox 3082 4878 3369 4933; x_wconf 90' lang='lat' dir='ltr'>Dominus</span> <span class='ocrx_word' id='word_1_827' title='bbox 3402 4878 3494 4934; x_wconf 90' lang='lat' dir='ltr'>ait</span> <span class='ocrx_word' id='word_1_828' title='bbox 3529 4898 3544 4935; x_wconf 89' lang='lat'><strong>:</strong></span> <span class='ocrx_word' id='word_1_829' title='bbox 3587 4904 3619 4930; x_wconf 84' lang='lat'><strong><em>«</em></strong></span> <span class='ocrx_word' id='word_1_830' title='bbox 3656 4883 3790 4940; x_wconf 88' lang='lat' dir='ltr'>Non</span> 
     </span>
    </p>
   </div>
   <div class='ocr_carea' id='block_1_110' title="bbox 2106 4963 3791 5038">
    <p class='ocr_par' dir='ltr' id='par_1_110' title="bbox 2106 4963 3791 5038">
     <span class='ocr_line' id='line_1_110' title="bbox 2106 4963 3791 5038; baseline 0.005 -20"><span class='ocrx_word' id='word_1_831' title='bbox 2106 4964 2263 5036; x_wconf 92' lang='lat' dir='ltr'>quod</span> <span class='ocrx_word' id='word_1_832' title='bbox 2304 4963 2362 5018; x_wconf 92' lang='lat' dir='ltr'>in</span> <span class='ocrx_word' id='word_1_833' title='bbox 2394 4980 2458 5018; x_wconf 90' lang='lat' dir='ltr'>os</span> <span class='ocrx_word' id='word_1_834' title='bbox 2500 4963 2675 5018; x_wconf 85' lang='lat' dir='ltr'>intrat</span> <span class='ocrx_word' id='word_1_835' title='bbox 2704 4964 3046 5035; x_wconf 89' lang='lat' dir='ltr'>coinquinat</span> <span class='ocrx_word' id='word_1_836' title='bbox 3073 4965 3385 5021; x_wconf 90' lang='lat' dir='ltr'>hominem</span> <span class='ocrx_word' id='word_1_837' title='bbox 3418 4968 3653 5036; x_wconf 73' lang='lat' dir='ltr'>(Matth.</span> <span class='ocrx_word' id='word_1_838' title='bbox 3689 4987 3791 5038; x_wconf 85' lang='lat' dir='ltr'>xv,</span> 
     </span>
    </p>
   </div>
   <div class='ocr_carea' id='block_1_111' title="bbox 2107 5052 3796 5123">
    <p class='ocr_par' dir='ltr' id='par_1_111' title="bbox 2107 5052 3796 5123">
     <span class='ocr_line' id='line_1_111' title="bbox 2107 5052 3796 5123; baseline 0.005 -17"><span class='ocrx_word' id='word_1_839' title='bbox 2107 5054 2215 5123; x_wconf 85' lang='grc'>11).</span> <span class='ocrx_word' id='word_1_840' title='bbox 2251 5074 2278 5101; x_wconf 90' lang='grc'><strong>››</strong></span> <span class='ocrx_word' id='word_1_841' title='bbox 2311 5052 2381 5106; x_wconf 87' lang='lat' dir='ltr'>Et</span> <span class='ocrx_word' id='word_1_842' title='bbox 2415 5052 2738 5110; x_wconf 90' lang='lat' dir='ltr'>secundum</span> <span class='ocrx_word' id='word_1_843' title='bbox 2779 5053 3124 5123; x_wconf 87' lang='lat' dir='ltr'>Apostolum</span> <span class='ocrx_word' id='word_1_844' title='bbox 3159 5072 3172 5110; x_wconf 92' lang='lat'>:</span> <span class='ocrx_word' id='word_1_845' title='bbox 3205 5077 3234 5104; x_wconf 85' lang='grc'><strong>‹‹</strong></span> <span class='ocrx_word' id='word_1_846' title='bbox 3264 5054 3497 5113; x_wconf 88' lang='lat' dir='ltr'>Omnia</span> <span class='ocrx_word' id='word_1_847' title='bbox 3548 5060 3796 5115; x_wconf 88' lang='lat' dir='ltr'>munda</span> 
     </span>
    </p>
   </div>
   <div class='ocr_carea' id='block_1_112' title="bbox 2106 5140 3797 5211">
    <p class='ocr_par' dir='ltr' id='par_1_112' title="bbox 2106 5140 3797 5211">
     <span class='ocr_line' id='line_1_112' title="bbox 2106 5140 3797 5211; baseline 0.004 -14"><span class='ocrx_word' id='word_1_848' title='bbox 2106 5140 2365 5197; x_wconf 90' lang='lat' dir='ltr'>mundis.</span> <span class='ocrx_word' id='word_1_849' title='bbox 2399 5140 2798 5211; x_wconf 87' lang='lat' dir='ltr'>Coinquinatis</span> <span class='ocrx_word' id='word_1_850' title='bbox 2820 5146 3013 5197; x_wconf 81' lang='lat' dir='ltr'>autem</span> <span class='ocrx_word' id='word_1_851' title='bbox 3037 5146 3095 5198; x_wconf 92' lang='lat' dir='ltr'>et</span> <span class='ocrx_word' id='word_1_852' title='bbox 3123 5142 3476 5200; x_wconf 81' lang='lat' dir='ltr'>inﬁdelibus</span> <span class='ocrx_word' id='word_1_853' title='bbox 3508 5146 3674 5202; x_wconf 86' lang='lat' dir='ltr'>nihil</span> <span class='ocrx_word' id='word_1_854' title='bbox 3702 5152 3797 5205; x_wconf 87' lang='lat' dir='ltr'>est</span> 
     </span>
    </p>
   </div>
   <div class='ocr_carea' id='block_1_113' title="bbox 2107 5228 3793 5300">
    <p class='ocr_par' dir='ltr' id='par_1_113' title="bbox 2107 5228 3793 5300">
     <span class='ocr_line' id='line_1_113' title="bbox 2107 5228 3793 5300; baseline 0.005 -16"><span class='ocrx_word' id='word_1_855' title='bbox 2107 5229 2416 5297; x_wconf 83' lang='lat' dir='ltr'>mundum,</span> <span class='ocrx_word' id='word_1_856' title='bbox 2442 5228 2542 5283; x_wconf 89' lang='lat' dir='ltr'>sed</span> <span class='ocrx_word' id='word_1_857' title='bbox 2576 5228 2895 5300; x_wconf 69' lang='lat' dir='ltr'>inquinatas</span> <span class='ocrx_word' id='word_1_858' title='bbox 2922 5236 3062 5286; x_wconf 90' lang='lat' dir='ltr'>sunt</span> <span class='ocrx_word' id='word_1_859' title='bbox 3091 5248 3295 5287; x_wconf 90' lang='lat' dir='ltr'>corum</span> <span class='ocrx_word' id='word_1_860' title='bbox 3329 5248 3511 5289; x_wconf 89' lang='lat' dir='ltr'>mens</span> <span class='ocrx_word' id='word_1_861' title='bbox 3545 5240 3613 5290; x_wconf 87' lang='lat' dir='ltr'>et</span> <span class='ocrx_word' id='word_1_862' title='bbox 3647 5254 3793 5293; x_wconf 88' lang='lat' dir='ltr'>con-</span> 
     </span>
    </p>
   </div>
   <div class='ocr_carea' id='block_1_114' title="bbox 2108 5317 3793 5386">
    <p class='ocr_par' dir='ltr' id='par_1_114' title="bbox 2108 5317 3793 5386">
     <span class='ocr_line' id='line_1_114' title="bbox 2108 5317 3793 5386; baseline 0.005 -13"><span class='ocrx_word' id='word_1_863' title='bbox 2108 5317 2349 5373; x_wconf 91' lang='lat' dir='ltr'>scientia</span> <span class='ocrx_word' id='word_1_864' title='bbox 2377 5319 2501 5386; x_wconf 84' lang='lat' dir='ltr'>(Tit.</span> <span class='ocrx_word' id='word_1_865' title='bbox 2522 5333 2560 5384; x_wconf 80' lang='grc' dir='ltr'>ι,</span> <span class='ocrx_word' id='word_1_866' title='bbox 2585 5317 2693 5385; x_wconf 76' lang='grc'>45).</span> <span class='ocrx_word' id='word_1_867' title='bbox 2721 5340 2748 5366; x_wconf 86' lang='grc'><strong>››</strong></span> <span class='ocrx_word' id='word_1_868' title='bbox 2771 5318 2932 5382; x_wconf 89' lang='lat' dir='ltr'>Quod</span> <span class='ocrx_word' id='word_1_869' title='bbox 2956 5320 3237 5375; x_wconf 84' lang='lat' dir='ltr'>Romanis</span> <span class='ocrx_word' id='word_1_870' title='bbox 3259 5322 3648 5381; x_wconf 87' lang='lat' dir='ltr'>denuntians</span> <span class='ocrx_word' id='word_1_871' title='bbox 3666 5327 3757 5381; x_wconf 85' lang='lat' dir='ltr'>ait</span> <span class='ocrx_word' id='word_1_872' title='bbox 3779 5344 3793 5381; x_wconf 92' lang='lat'><strong>:</strong></span> 
     </span>
    </p>
   </div>
   <div class='ocr_carea' id='block_1_115' title="bbox 2110 5405 3797 5481">
    <p class='ocr_par' dir='ltr' id='par_1_115' title="bbox 2110 5405 3797 5481">
     <span class='ocr_line' id='line_1_115' title="bbox 2110 5405 3797 5481; baseline 0.01 -26"><span class='ocrx_word' id='word_1_873' title='bbox 2110 5430 2136 5455; x_wconf 87' lang='grc'><em>‹‹</em></span> <span class='ocrx_word' id='word_1_874' title='bbox 2173 5406 2303 5460; x_wconf 86' lang='lat' dir='ltr'>Scio</span> <span class='ocrx_word' id='word_1_875' title='bbox 2335 5409 2392 5460; x_wconf 91' lang='lat' dir='ltr'>et</span> <span class='ocrx_word' id='word_1_876' title='bbox 2421 5405 2646 5461; x_wconf 85' lang='lat' dir='ltr'>confido</span> <span class='ocrx_word' id='word_1_877' title='bbox 2677 5406 2737 5460; x_wconf 91' lang='lat' dir='ltr'>in</span> <span class='ocrx_word' id='word_1_878' title='bbox 2767 5407 3013 5465; x_wconf 91' lang='lat' dir='ltr'>Domino</span> <span class='ocrx_word' id='word_1_879' title='bbox 3042 5410 3206 5477; x_wconf 86' lang='lat' dir='ltr'>Jesu,</span> <span class='ocrx_word' id='word_1_880' title='bbox 3239 5409 3402 5481; x_wconf 90' lang='lat' dir='ltr'>quod</span> <span class='ocrx_word' id='word_1_881' title='bbox 3424 5411 3593 5468; x_wconf 84' lang='lat' dir='ltr'>nihil</span> <span class='ocrx_word' id='word_1_882' title='bbox 3625 5431 3797 5472; x_wconf 88' lang='lat' dir='ltr'>com-</span> 
     </span>
    </p>
   </div>
   <div class='ocr_carea' id='block_1_116' title="bbox 2108 5494 3799 5570">
    <p class='ocr_par' dir='ltr' id='par_1_116' title="bbox 2108 5494 3799 5570">
     <span class='ocr_line' id='line_1_116' title="bbox 2108 5494 3799 5570; baseline 0.008 -23"><span class='ocrx_word' id='word_1_883' title='bbox 2108 5508 2281 5549; x_wconf 89' lang='lat' dir='ltr'>mune</span> <span class='ocrx_word' id='word_1_884' title='bbox 2312 5511 2413 5565; x_wconf 88' lang='lat' dir='ltr'>per</span> <span class='ocrx_word' id='word_1_885' title='bbox 2437 5494 2653 5565; x_wconf 87' lang='lat' dir='ltr'>ipsum,</span> <span class='ocrx_word' id='word_1_886' title='bbox 2688 5494 2801 5549; x_wconf 90' lang='lat' dir='ltr'>nisi</span> <span class='ocrx_word' id='word_1_887' title='bbox 2825 5497 2927 5567; x_wconf 93' lang='lat' dir='ltr'>qui</span> <span class='ocrx_word' id='word_1_888' title='bbox 2948 5496 3247 5553; x_wconf 83' lang='lat' dir='ltr'>existimat</span> <span class='ocrx_word' id='word_1_889' title='bbox 3276 5498 3423 5570; x_wconf 88' lang='lat' dir='ltr'>quid</span> <span class='ocrx_word' id='word_1_890' title='bbox 3449 5514 3799 5560; x_wconf 86' lang='lat' dir='ltr'>commune</span> 
     </span>
    </p>
   </div>
   <div class='ocr_carea' id='block_1_117' title="bbox 2109 5579 3801 5666">
    <p class='ocr_par' dir='ltr' id='par_1_117' title="bbox 2109 5579 3801 5666">
     <span class='ocr_line' id='line_1_117' title="bbox 2109 5579 3801 5666; baseline 0.009 -31"><span class='ocrx_word' id='word_1_891' title='bbox 2109 5596 2257 5651; x_wconf 88' lang='lat' dir='ltr'>esse,</span> <span class='ocrx_word' id='word_1_892' title='bbox 2301 5579 2387 5635; x_wconf 90' lang='lat' dir='ltr'>illi</span> <span class='ocrx_word' id='word_1_893' title='bbox 2434 5596 2746 5637; x_wconf 89' lang='lat' dir='ltr'>commune</span> <span class='ocrx_word' id='word_1_894' title='bbox 2792 5587 2880 5639; x_wconf 89' lang='lat' dir='ltr'>est</span> <span class='ocrx_word' id='word_1_895' title='bbox 2926 5586 3099 5658; x_wconf 83' lang='lat' dir='ltr'>(Rom.</span> <span class='ocrx_word' id='word_1_896' title='bbox 3147 5602 3265 5654; x_wconf 69' lang='lat' dir='ltr'>xxv,</span> <span class='ocrx_word' id='word_1_897' title='bbox 3300 5586 3417 5658; x_wconf 75' lang='lat' dir='ltr'>M).</span> <span class='ocrx_word' id='word_1_898' title='bbox 3469 5609 3501 5636; x_wconf 82' lang='grc'><strong>››</strong></span> <span class='ocrx_word' id='word_1_899' title='bbox 3548 5590 3631 5647; x_wconf 84' lang='lat' dir='ltr'>Et</span> <span class='ocrx_word' id='word_1_900' title='bbox 3662 5598 3801 5666; x_wconf 86' lang='lat' dir='ltr'>post</span> 
     </span>
    </p>
   </div>
   <div class='ocr_carea' id='block_1_118' title="bbox 2108 5669 3804 5756">
    <p class='ocr_par' dir='ltr' id='par_1_118' title="bbox 2108 5669 3804 5756">
     <span class='ocr_line' id='line_1_118' title="bbox 2108 5669 3804 5756; baseline 0.002 -28"><span class='ocrx_word' id='word_1_901' title='bbox 2108 5683 2296 5747; x_wconf 84' lang='lat' dir='ltr'>pauca</span> <span class='ocrx_word' id='word_1_902' title='bbox 2336 5685 2354 5732; x_wconf 84' lang='lat'><strong>:</strong></span> <span class='ocrx_word' id='word_1_903' title='bbox 2408 5692 2436 5723; x_wconf 88' lang='grc'><strong><em>››</em></strong></span> <span class='ocrx_word' id='word_1_904' title='bbox 2484 5669 2592 5740; x_wconf 86' lang='lat' dir='ltr'>Qui</span> <span class='ocrx_word' id='word_1_905' title='bbox 2647 5670 2947 5748; x_wconf 81' lang='lat' dir='ltr'>discernit,</span> <span class='ocrx_word' id='word_1_906' title='bbox 3008 5674 3075 5740; x_wconf 64' lang='lat' dir='ltr'>si.</span> <span class='ocrx_word' id='word_1_907' title='bbox 3091 5673 3581 5756; x_wconf 82' lang='lat' dir='ltr'>manducaverit,</span> <span class='ocrx_word' id='word_1_908' title='bbox 3652 5698 3804 5747; x_wconf 71' lang='lat' dir='ltr'>con.</span> 
     </span>
    </p>
   </div>
  </div>
