3876 6356
19 405 130 466 965

995 402 1411 466 ADVERSUS
1455 402 1909 488 GREOORUM
1956 405 2442 472 CALUMNIAS.

3289 412 3406 475 966

20 540 324 594 damnatus
352 539 476 593 est:
511 534 650 610 quia
679 553 795 592 non
827 552 895 591 ex
927 538 1042 592 ﬁde
1062 555 1073 592 :
1097 553 1266 591 omne
1285 541 1476 592 autem
1503 539 1657 609 quod
1689 551 1744 614 Α
1777 556 1957 611 usque
1984 559 2136 595 nunc
2161 543 2423 597 ursinam
2447 541 2720 598 alienant.
2747 543 2814 597 Et
2842 546 2994 598 certe
3017 542 3065 598 si
3087 542 3411 599 humanum

19 645 126 681 non
189 630 276 682 est
352 628 484 694 ﬁde,
563 629 870 700 peccatum
946 630 1035 682 est
1095 627 1273 699 (Ibid,
1306 629 1416 697 23).
1455 651 1480 674 ››
1540 630 1646 683 Sed

20 716 278 786 quamvis
336 717 533 772 omnia
585 717 811 772 munda
869 720 1028 784 sunt,
1061 719 1280 783 tamen,
1329 718 1650 772 secundum

19 806 282 860 eumdem
314 804 663 876 Apostolum
691 823 703 861 :
739 829 766 854 «
803 803 1020 860 Malum
1053 808 1142 860 est
1167 804 1409 872 homini,
1431 804 1531 877 qui
1554 822 1655 876 per

23 893 434 949 )ﬁ‘endiculum
458 894 778 948 manducat
806 893 1029 965 aliquid
1080 893 1260 964 (Ihid.,
1289 894 1379 964 20)
1412 916 1439 940 »
1499 894 1651 964 quod

20 981 184 1037 'rater
213 983 452 1037 modicae
486 982 618 1036 ﬁdei
635 986 691 1038 et
721 981 911 1036 adhuc
940 981 1212 1037 inﬁrmus
1242 981 1300 1035 in
1335 981 1446 1035 ﬁde
1469 982 1656 1036 credit

30 1071 385 1125 mmundum
415 1075 472 1125 et
503 1076 737 1142 propter
757 1070 865 1125 hoc
923 1087 1037 1126 non
1073 1070 1518 1124 comedendum.
1552 1069 1656 1124 Cui

20 1161 474 1215 :nndescendere
498 1160 779 1215 debemus
800 1159 859 1216 in
879 1158 1232 1215 abstinentia
1252 1175 1518 1214 escarum
1549 1158 1657 1214 hu-

27 1248 294 1315 usmodi,
328 1253 392 1302 ut
414 1248 709 1320 possimus
731 1264 865 1304 eum
887 1248 1129 1304 Domino
1154 1247 1364 1303 lucrari
1393 1266 1405 1302 :
1436 1263 1503 1303 ne
1526 1246 1658 1302 reli-

19 1336 241 1405 gionem
257 1336 644 1392 Christianam
674 1354 776 1408 pro
800 1337 998 1408 aliqua
1018 1353 1151 1392 esca
1175 1335 1414 1407 incipiat
1434 1335 1658 1390 abomi-

20 1423 161 1492 iari,
193 1430 250 1480 et
279 1426 405 1480 cibo
432 1431 628 1482 nostro
659 1426 938 1498 perdatur
969 1426 1273 1497 frater,pro
1316 1441 1428 1496 quo
1461 1423 1657 1479 Chris-

20 1529 113 1566 ;us
146 1518 414 1569 mortuus
446 1519 556 1569 est.

77 1602 166 1655 LI.
203 1603 316 1658 Nos
348 1620 482 1676 ergo
514 1604 784 1675 quamvis
816 1621 850 1659 a
877 1603 1123 1658 Domino
1165 1609 1222 1659 et
1274 1604 1345 1658 ab
1380 1602 1659 1675 apostolis

25 1690 308 1746 icentiam
333 1692 660 1748 habeamus
687 1693 1040 1748 manducare
1066 1692 1265 1748 omnia
1288 1709 1414 1764 quae
1438 1708 1542 1746 nec
1563 1709 1662 1747 no-

19 1783 138 1831 atra:
171 1795 274 1833 nec
305 1780 573 1835 fraterna:
607 1781 781 1836 saluti
815 1781 1102 1847 ofﬁciunt,
1128 1779 1549 1836 consuetudine
1572 1785 1662 1834 ta-

20 1884 138 1922 nen
159 1867 590 1938 provinciarum
605 1874 659 1924 et
685 1871 988 1940 praeceptis
1007 1870 1234 1940 majoru
1245 1886 1300 1924 m
1325 1873 1659 1924 nostrorum

20 1961 296 2012 iactenus
343 1958 582 2027 detenti,
638 1959 965 2013 devitamus
1025 1959 1330 2014 comedere
1359 1958 1659 2024 nonnulla,

20 2063 118 2100 ion
158 2045 298 2117 quia
330 2045 483 2100 mala
512 2051 614 2100 aut
644 2047 952 2102 immunda
1007 2051 1166 2113 sunt,
1227 2048 1327 2102 sed
1389 2047 1529 2118 quia
1564 2050 1665 2102 aut

19 2134 181 2188 iobis
214 2133 409 2206 aliquo
443 2135 614 2189 modo
647 2153 760 2190 non
786 2135 1120 2206 expediunt,
1151 2139 1250 2190 aut
1273 2135 1444 2208 longo
1465 2153 1573 2191 usu
1603 2136 1661 2190 in

20 2228 287 2278 laturam
312 2224 437 2294 jam
469 2241 632 2279 verso
689 2224 945 2280 horrent.
997 2225 1197 2280 Nonne
1223 2225 1398 2280 draco
1429 2224 1661 2296 populis

20 2312 346 2384 Ethiopum
379 2313 437 2367 in
468 2330 600 2368 esca
634 2314 807 2368 datus
841 2305 1051 2368 dicitur
1075 2314 1101 2368 ‘?
1133 2315 1197 2367 Et
1229 2312 1521 2368 nonnullae
1553 2331 1659 2368 na-

26 2402 203 2456 iones
238 2401 594 2473 quibusdam
625 2407 942 2457 vescuntur
973 2419 1100 2474 quae
1120 2401 1244 2457 aliae
1268 2401 1500 2474 penitus
1524 2402 1659 2456 abo-

20 2492 337 2546 ninantur.
372 2492 485 2546 Cur
516 2491 645 2558 hoc,
682 2492 793 2546 nisi
829 2491 969 2562 quia
1001 2508 1367 2562 unaquaque
1426 2507 1570 2563 gens
1601 2491 1659 2544 in

20 2598 110 2634 ιυο
145 2597 328 2635 sensu
354 2581 682 2648 abundans,
705 2581 967 2652 quaedam
995 2580 1104 2636 sibi
1131 2581 1474 2652 assumpsit,
1507 2597 1662 2650 quae-

20 2671 143 2724 lam
177 2669 426 2740 rejecit‘?
455 2670 614 2724 Unde
647 2687 752 2724 nos
804 2687 1038 2741 quoque
1098 2670 1320 2740 absque
1377 2668 1566 2740 culpis
1601 2669 1659 2723 in

19 2759 290 2814 intidotis
320 2757 574 2829 plurima
604 2759 961 2830 percipimus
993 2776 1119 2826 quae
1153 2776 1219 2813 ex
1265 2759 1658 2830 serpentibus,

19 2853 56 2900 :t
91 2863 166 2902 ex
197 2845 328 2902 aliis
359 2864 486 2918 qua:
519 2864 892 2902 exsecramur
913 2847 1337 2916 animantibus,
1357 2850 1664 2917 assumpta

20 2952 135 2990 esse
155 2952 273 2991 non
291 2935 820 3002 dubitamus.Quod
839 2952 974 3008 ergo
989 2936 1221 2990 inﬁrmo
1236 2935 1663 3007 qualiscunque

20 3025 308 3080 medicina
360 3025 467 3080 hoc
526 3027 676 3080 fame
735 3026 998 3097 pereunti
1053 3025 1478 3097 qualiscunque
1509 3041 1661 3078 esca.

20 3116 71 3168 Ct
98 3114 261 3169 sicut
280 3115 710 3169 abominandus
728 3115 1000 3170 inﬁrmus
1021 3131 1135 3169 non
1161 3119 1271 3185 est,
1289 3112 1667 3169 artiﬁcialiter

20 3203 272 3257 'et‘ectus
291 3203 576 3274 sanguine
595 3207 653 3257 et
674 3203 952 3258 cadavere
978 3202 1308 3274 aliquorum
1334 3201 1660 3273 reptilium:

1765 646 1944 699 super
2005 630 2094 684 his
2132 631 2501 703 interrogetis
2525 631 2843 702 judicium,
2905 631 3268 687 immundior
3308 632 3417 689 erit

1762 734 1971 788 porcus
2006 719 2336 790 reptilibus,
2372 720 2648 777 sordibus
2681 727 2858 794 atque
2891 721 3115 792 reliquo
3177 739 3282 777 suo
3315 739 3417 794 pa-

1761 804 1920 860 bulo.
1953 807 2060 861 Sed
2095 807 2214 862 sive
2246 825 2374 873 nos,
2408 809 2525 863 sive
2555 827 2677 876 vos,
2712 810 2866 881 quod
2901 827 2934 864 a
2957 810 3285 878 majoribus
3307 827 3416 866 no-
3494 819 3495 827 ‘

1765 894 1901 948 stris
1934 896 2265 967 accepimus
2301 902 2402 952 aut
2425 915 2535 954 usu
2560 902 2829 953 tenemus
2854 900 3306 966 comedendum,
3328 900 3415 956 sic

1765 983 2154 1050 observemus,
2189 989 2251 1038 ut
2282 985 2330 1040 is
2363 986 2461 1056 qui
2494 1003 2607 1041 non
2661 987 2998 1053 manducet,
3044 989 3415 1043 manducan-

1764 1072 1882 1123 tem
1915 1087 2029 1126 non
2062 1078 2334 1143 spernat:
2369 1078 2424 1129 et
2457 1074 2554 1145 qui
2615 1076 2948 1141 manducat,
3009 1092 3124 1131 non
3157 1077 3412 1132 mandu-

1768 1162 1994 1213 cantem
2029 1177 2144 1214 non
2169 1161 2413 1230 judicet.

1842 1247 1957 1302 LII.
2003 1247 2376 1304 Considerate
2435 1256 2627 1307 tamen
2690 1254 2760 1307 ad
2793 1257 3064 1324 quantam
3091 1252 3407 1310 stultitiam

1769 1334 2040 1389 devoluta
2071 1336 2145 1390 sit
2175 1344 2365 1392 vestra
2397 1341 2684 1411 scriptura
2706 1347 2760 1394 et
2781 1341 3084 1410 sapientia,
3108 1358 3237 1412 quas
3267 1359 3407 1398 cum

1771 1422 1842 1476 ab
1858 1422 2200 1480 hominibus
2222 1425 2521 1496 exquirere
2541 1427 2775 1482 deberet
2794 1429 2964 1482 ﬁnem
2989 1434 3408 1501 przeceptorum

1771 1511 1890 1577 Dei,
1924 1512 1979 1566 id
2013 1516 2102 1567 est
2131 1513 2475 1569 charitatem
2511 1517 2580 1570 de
2613 1517 2785 1570 corde
2819 1534 2962 1587 puro
2984 1520 3040 1570 et
3059 1518 3414 1574 conscientia

1771 1600 1921 1654 bona
1952 1605 2007 1655 et
2036 1602 2148 1656 ﬁde
2180 1619 2296 1656 non
2331 1604 2500 1658 ﬁcta:
2528 1604 2635 1658 hoc
2654 1604 2845 1658 solum
2869 1604 3292 1676 exquirendum
3317 1623 3418 1677 pu-

1770 1692 1873 1754 tat,
1907 1707 1978 1744 an
2006 1689 2322 1762 aliquando
2354 1692 2713 1747 comederint
2735 1710 2970 1747 carnem
2997 1693 3283 1749 ursinam.
3311 1695 3418 1750 Cu-

1762 1779 1864 1847 jus
1897 1796 2070 1834 usum
2103 1780 2370 1851 quamvis
2405 1799 2516 1835 non
2551 1781 2894 1847 admittatis,
2941 1782 3418 1839 admitttentibus

1769 1870 1962 1922 tamen
1999 1885 2098 1940 pro
2131 1869 2372 1925 crimine
2405 1876 2671 1941 reputare
2733 1888 2848 1925 non
2899 1871 3124 1926 debetis
3153 1889 3166 1939 ;
3200 1872 3416 1942 quibus
3484 1897 3488 1900 ~

1773 1955 2104 2027 evangelica
2136 1962 2191 2012 et
2217 1957 2534 2030 apostolica
2593 1960 2910 2014 auctoritas
2967 1960 3164 2015 omnia
3190 1961 3414 2017 edenda

1773 2045 2094 2100 constituit.

1847 2134 1983 2188 LIII.
2017 2135 2132 2190 Nec
2164 2134 2273 2190 hoc
2303 2136 2560 2192 dicentes
2592 2138 2944 2193 sutl'ocatum
2976 2142 3032 2194 et
3062 2139 3411 2211 sanguinem

1783 2223 1953 2277 nobis
1974 2228 2177 2278 contra
2217 2241 2318 2279 vos
2359 2226 2843 2282 delendentibus:
2889 2225 3190 2298 antiquam
3256 2228 3413 2284 enim

1772 2312 2254 2367 consuetudinem
2269 2329 2371 2368 seu
2388 2315 2756 2368 traditionem
2777 2316 3065 2385 majorum
3079 2320 3414 2373 nostrorum

1770 2399 2079 2471 diligenter
2098 2402 2434 2469 retinentes,
2452 2419 2558 2458 nos
2580 2419 2815 2474 quoque
2833 2403 2954 2458 haec
2977 2404 3415 2472 abominamur;

1772 2490 1915 2542 adeo
1976 2491 2326 2561 sanguinem
2383 2491 2468 2545 vel
2527 2508 2878 2562 quocunque
2929 2492 3256 2549 morticinio
3319 2499 3424 2550 aut

1770 2577 1941 2649 aquis
1971 2595 2072 2633 seu
2109 2596 2461 2651 quacunque
2512 2580 2869 2652 negligentia
2923 2580 3186 2636 humana
3213 2582 3420 2654 prwfo-

1771 2671 1917 2732 cato,
1953 2669 2106 2739 apud
2140 2686 2244 2723 nos
2288 2668 2602 2740 aliquando
2651 2669 3020 2724 vescentibus
3067 2672 3288 2741 absque
3319 2688 3418 2725 ex-

1768 2761 1954 2810 tremo
1986 2756 2240 2828 periculo
2278 2757 2400 2812 vita:
2433 2757 2632 2828 hujus,
2660 2758 2998 2829 paenitentia
3019 2758 3416 2831 gravisimpo-

1770 2851 1970 2900 natur:
2009 2863 2108 2916 pro
2131 2862 2196 2900 eo
2221 2847 2472 2901 maxime
2494 2846 2634 2918 quia
2655 2847 2931 2919 antiquas
2955 2848 3411 2905 consuetudines

1771 2937 1826 2987 et
1856 2935 2198 2990 traditiones
2230 2935 2540 3005 majorum,
2566 2952 2692 3006 quae
2710 2952 2824 2989 non
2841 2940 3194 2990 suntcontra
3215 2937 3412 3006 ﬁdem,

1771 3022 1928 3094 leges
1957 3023 2306 3094 apostolicas
2337 3024 2724 3078 arbitramur:
2759 3041 2893 3079 nam
2927 3024 2999 3078 de
3029 3023 3250 3079 caeteris
3291 3041 3419 3096 qua

1774 3111 2020 3183 aucupio
2054 3116 2156 3166 aut
2178 3112 2420 3167 canibus
2445 3129 2542 3167 seu
2566 3112 2774 3183 laqueo
2796 3113 3133 3169 venantium
3159 3113 3421 3169 moriun-

1773 3203 1886 3268 tur,
1922 3201 2177 3272 Apostoli
2214 3206 2564 3273 praeceptum
2597 3201 2939 3273 sequimur:
2980 3225 2999 3252 α
3033 3203 3216 3256 Omne
3263 3204 3416 3273 quod

19 3292 92 3346 sic
131 3308 243 3346 nec
275 3273 427 3346 fame
466 3292 791 3357 tabescens,
853 3292 900 3346 si
957 3273 1244 3362 sanguine
1303 3295 1359 3345 et
1386 3291 1667 3346 sull‘ocato
1699 3273 1740 3338 C
1772 3287 1830 3343 in
1867 3289 2176 3344 macellum
2209 3290 2383 3352 venit,
2416 3291 2784 3352 manducate,
2819 3289 2964 3344 nihil
2995 3289 3416 3361 interrogantes

20 3385 151 3435 iatu
162 3379 366 3436 raliter
380 3385 673 3435 sustentat
687 3378 1047 3435 miserabiles
1062 3384 1245 3446 artus,
1272 3383 1477 3450 potens
1492 3377 1666 3433 etiam

20 3471 78 3525 td
115 3469 374 3524 litteram
408 3487 541 3524 cum
576 3469 741 3524 beato
766 3469 874 3524 Job
905 3468 1093 3523 dicere
1121 3485 1132 3522 :
1172 3470 1304 3533 Quae
1337 3465 1500 3539 prius
1532 3471 1666 3521 tan-

19 3576 147 3629 gere
182 3558 420 3614 nolebat
441 3559 639 3613 anima
661 3575 814 3622 mea,
837 3574 991 3612 nunc
1014 3574 1126 3628 prae
1141 3555 1414 3628 angustia
1426 3555 1663 3610 cibimei

27 3652 146 3704 unt
183 3649 322 3720 (Job,
356 3665 435 3714 vx,
466 3650 542 3719 7).
582 3671 607 3695 ››
639 3648 841 3702 Omnis
871 3647 1024 3701 enim
1049 3650 1315 3701 creatura
1341 3645 1435 3700 Dei
1489 3646 1661 3710 bona,

26 3735 222 3792 tnihil
243 3736 622 3805 rejiciendum
641 3736 792 3807 quod
811 3753 942 3790 cum
958 3734 1275 3806 gratiarum
1298 3733 1523 3788 actione
1542 3749 1664 3804 per-

21 3825 220 3897 ipitur
246 3841 257 3880 :
285 3824 688 3880 sanctiﬁcatur
714 3826 867 3879 enim
884 3824 1234 3895 perverbum
1260 3822 1360 3876 Dei
1382 3821 1660 3876 etoratio-

20 3932 147 3970 cm.
183 3915 256 3968 Et
286 3931 386 3968 vos
420 3913 779 3986 peregrinos,
800 3929 1012 3985 egenos
1034 3917 1089 3967 et
1111 3928 1394 3983 pauperes
1417 3909 1655 3976 Christi,

20 4021 88 4058 ec
126 4003 291 4058 inter
321 4002 565 4073 gentiles
598 4002 972 4073 computatis,
1006 4001 1221 4072 quibus
1254 4000 1335 4054 nil
1364 4005 1451 4055 est
1484 4017 1656 4054 mun-

19 4110 150 4159 um,
170 4091 319 4162 quia
332 4091 650 4162 aliquando
671 4090 1066 4163 qualicunque
1082 4090 1208 4144 cibo
1231 4089 1484 4144 retinent
1499 4093 1659 4144 aDeo

19 4182 97 4236 ibi
136 4180 353 4235 datum
385 4181 690 4251 praesentis
711 4179 839 4234 vita:
855 4197 1072 4234 munus
1091 4178 1118 4233 ?
1133 4181 1321 4244 Quare
1337 4196 1449 4233 non
1466 4178 1660 4249 potius

20 4273 249 4342 ignatae
273 4286 436 4324 arcas
461 4269 724 4341 pecuniae
745 4274 800 4324 et
823 4268 1225 4341 promptuaria
1247 4268 1571 4323 eructantia
1593 4283 1660 4323 ex

24 4377 98 4416 oc
134 4359 206 4414 in
243 4357 388 4412 illud
423 4359 682 4430 aperitis,
718 4363 774 4414 et
803 4357 1141 4430 dispergitis
1173 4357 1551 4428 pauperibus,
1595 4361 1661 4411 ut

20 4447 239 4504 istitia
267 4451 459 4503 vestra
491 4451 724 4503 maneat
752 4447 812 4503 in
844 4452 1126 4503 aeternum
1159 4450 1216 4501 et
1256 4447 1380 4517 jam
1438 4462 1553 4500 non
1583 4445 1661 4499 sit

19 4538 62 4590 Ls
103 4535 442 4590 necessitas
475 4550 828 4606 praesumere
859 4533 1058 4589 cibum
1107 4532 1408 4589 insolitum
1433 4533 1459 4585 Ὺ
1493 4533 1657 4588 Nunc

1774 3381 2009 3449 propter
2037 3378 2451 3433 conscientiam
2484 3380 2530 3447 (Ι
2560 3378 2679 3433 Cor.
2713 3396 2768 3444 x,
2825 3379 2935 3448 25).
2971 3400 2998 3427 »
3059 3377 3287 3432 Domini
3326 3383 3415 3433 est

1775 3470 1930 3520 terra
1957 3472 2012 3521 et
2042 3466 2343 3537 plenitudo
2375 3467 2522 3536 ejus.
2558 3467 2718 3529 Quod
2756 3465 2930 3521 etiam
2990 3465 3047 3520 in
3082 3466 3409 3521 convivium

1772 3555 2078 3626 gentilium
2111 3555 2328 3610 vocatis
2352 3555 2640 3610 concessit
2661 3554 2859 3608 dicens
2883 3571 2900 3606 :
2928 3577 2953 3602 ‹‹
2977 3553 3035 3608 Si
3060 3554 3190 3624 quis
3212 3553 3414 3609 intide-

1772 3643 1916 3698 lium
1947 3648 2113 3700 vocat
2143 3661 2243 3699 vos
2274 3645 2345 3699 ad
2377 3660 2597 3698 coenam
2630 3648 2687 3698 et
2713 3642 2890 3697 vultis
2921 3643 3030 3697 ire:
3054 3642 3236 3698 Omne
3259 3644 3414 3715 quod

1771 3734 1934 3788 vobis
1964 3734 2277 3805 apponitur
2301 3733 2669 3800 manducate,
2685 3731 2830 3786 nihil
2845 3732 3268 3803 interrogantes
3285 3750 3415 3804 pro-

1771 3827 1898 3893 pter
1927 3823 2345 3877 conscientiam
2380 3822 2560 3892 (Ibz'd.,
2592 3821 2832 3890 xxvn).»
2867 3821 3149 3875 Dominus
3181 3837 3414 3891 quoque

1770 3927 1873 3981 pro
1906 3911 2171 3966 mercede
2206 3909 2683 3982 praedicatoribus
2714 3910 2836 3964 suis
2863 3910 3172 3980 providens
3204 3908 3410 3964 alimo-

1771 3998 1926 4052 niam
1961 3999 2106 4053 dixit
2137 3999 2221 4053 eis
2247 4015 2258 4051 :
2295 4021 2319 4047 ‹‹
2356 3998 2414 4052 In
2443 3998 2615 4052 domo
2641 3997 3033 4068 recipientium
3055 4015 3156 4052 vos
3183 4003 3414 4053 manete

1767 4088 2003 4142 edentes
2023 4092 2091 4142 .ot
2108 4087 2371 4142 bibentes
2396 4104 2521 4158 qua:
2539 4087 2693 4159 apud
2714 4086 2844 4142 illos
2866 4091 3004 4142 sunt
3029 4088 3181 4157 (Luc.
3209 4105 3266 4156 x,
3287 4089 3367 4158 7).
3389 4111 3415 4136 ››

1769 4177 1911 4232 Ecce
1944 4177 2228 4231 Dominus
2261 4193 2372 4231 non
2406 4177 2552 4230 dixit
2583 4177 2850 4248 quaedam
2881 4178 3035 4248 apud
3066 4176 3193 4232 illos
3225 4193 3416 4232 come-

1768 4265 1906 4335 dite,
1941 4266 2040 4320 sed
2075 4264 2473 4320 indifferenter
2503 4281 2629 4336 qua?
2659 4266 2808 4336 apud
2839 4267 2964 4320 illos
2987 4270 3132 4320 sunt.
3158 4267 3416 4337 Quapro-

1769 4359 1898 4425 pter
1931 4353 2124 4409 omnis
2157 4353 2329 4409 homo
2363 4353 2668 4408 scientiam
2701 4353 2944 4422 habens,
2996 4354 3044 4409 si
3075 4354 3420 4426 simpliciter

1767 4443 1888 4497 edit
1919 4448 1975 4498 et
2007 4443 2154 4498 bibit
2187 4443 2470 4514 quidquid
2507 4443 2566 4496 in
2600 4442 2911 4498 macellum
2944 4443 3100 4498 venit
3129 4447 3230 4499 aut
3259 4443 3413 4514 quod

1768 4531 1881 4586 sibi
1915 4531 2248 4604 apponitur,
2282 4530 2617 4586 nullatenus
2649 4535 2738 4586 est
2768 4531 3115 4602 culpandus,
3141 4531 3251 4586 nisi
3280 4531 3414 4585 inde

20 4634 235 4689 utem,
269 4623 467 4678 usuris
501 4627 557 4678 et
589 4623 1072 4696 oppressionibus
1103 4623 1457 4678 miserorum
1490 4621 1656 4676 ditati
1687 4641 1732 4704 Ι)
1769 4620 2028 4691 aliquam
2053 4619 2490 4675 immunditiam
2516 4619 2882 4675 conscientiae
2917 4637 3034 4674 suae
3083 4618 3409 4674 contrahat.

20 4757 26 4768 .
61 4711 247 4778 elati,
282 4711 748 4778 calumniamini,
783 4713 831 4768 si
865 4729 1044 4784 egens
1077 4712 1343 4767 omnium
1367 4714 1658 4766 sustente-

19 4823 73 4857 ir
109 4801 328 4871 aliquo
359 4802 512 4871 quod
534 4818 633 4856 vos
664 4800 1014 4874 impinguati
1037 4805 1093 4856 et
1115 4799 1398 4873 crapulati
1427 4800 1656 4855 abomi-

19 4889 232 4946 nmini
262 4907 275 4956 ;
311 4906 426 4944 non
457 4890 823 4946 attendentes
854 4890 1169 4956 Dominum
1194 4887 1654 4944 misericordiam

20 4980 169 5036 ialle
208 4994 390 5049 quam
424 4978 798 5033 sacriﬁcium.
833 4978 938 5042 Qui
995 4978 1182 5050 primo
1213 4977 1433 5034 mensis
1467 4977 1657 5032 homi-

19 5087 130 5125 um
172 5070 318 5140 post
331 5066 751 5138 cataclysmum
767 5067 984 5123 amovit
999 5067 1196 5138 aliqua
1217 5066 1384 5138 quasi
1407 5066 1483 5120 im
1495 5083 1661 5121 mun-

19 5178 79 5227 a,
123 5171 279 5213 cum
313 5155 513 5227 utique
543 5157 742 5212 omnia
773 5156 971 5212 fecerit
1001 5155 1163 5211 valde
1194 5157 1364 5221 bona,
1397 5160 1453 5210 et
1484 5155 1656 5210 ratio-

19 5248 144 5304 alis
183 5247 470 5299 creaturae
504 5244 710 5300 vitium
742 5245 1134 5300 abominabile
1166 5244 1241 5300 sit
1262 5245 1415 5315 apud
1447 5243 1654 5311 Deum,

20 5324 96 5393 3n
138 5332 434 5407 quaelibet
465 5333 890 5390 irrationalium
921 5338 1315 5390 creaturarum
1342 5351 1354 5400 ;
1385 5331 1657 5388 voluntas

20 5438 244 5496 uoque
266 5421 574 5477 hominum
609 5421 925 5494 aliquando
947 5422 1059 5478 sibi
1087 5423 1353 5495 quaedam
1375 5421 1652 5489 vindicat,

27 5511 329 5588 iquando
360 5511 595 5567 alienat.
638 5513 755 5568 Ceu
785 5512 1030 5569 Romani
1061 5511 1264 5585 paucis
1321 5511 1493 5567 annis
1523 5515 1656 5567 ante

20 5599 458 5662 )nstantinum
489 5600 770 5674 Magnum
803 5602 1052 5676 porcina
1109 5600 1302 5658 carnis
1357 5615 1520 5656 esum
1555 5615 1658 5672 per

19 5692 381 5756 irelianum
397 5688 810 5765 imperatorem
835 5692 944 5751 sibi
965 5691 1360 5755 vindicarunt.
1385 5691 1450 5770 Et
1472 5689 1652 5751 Graeci

1767 4710 1912 4774 Quia
1943 4726 2058 4763 non
2093 4709 2247 4779 quod
2275 4709 2427 4762 intra
2457 4709 2513 4762 in
2547 4711 2632 4773 os,
2693 4707 2792 4761 sed
2846 4709 3000 4778 quod
3060 4707 3320 4780 procedit
3343 4708 3415 4763 de

1767 4815 1862 4853 ore
1895 4797 2240 4869 coinquinat
2271 4797 2566 4852 hominem
2599 4795 2806 4865 (Matth.
2842 4814 2932 4862 xv,
2971 4797 3078 4867 11).
3137 4797 3250 4851 Nec
3281 4812 3416 4851 esca

1769 4889 1966 4960 aliqua
1997 4892 2084 4941 est
2111 4887 2166 4940 in
2201 4886 2359 4955 vitio,
2394 4885 2492 4940 sed
2529 4885 2952 4939 immoderatus
2976 4886 3290 4956 appetitus.
3314 4884 3419 4940 Ve-

1769 4995 1919 5043 rum,
1956 4993 2027 5032 ne
2059 4973 2490 5030 scandalizatur
2518 4974 2694 5028 frater
2724 4973 2998 5028 inﬁrmus
3031 4974 3092 5028 in
3151 4975 3283 5041 ﬁde,
3317 4975 3419 5046 qui

1769 5071 1934 5139 putat
1951 5064 2499 5136 aliquidcommune
2517 5061 2602 5115 vel
2625 5061 3002 5118 immundum
3026 5080 3154 5118 esse
3182 5081 3194 5132 ;
3221 5063 3269 5118 si
3288 5064 3422 5136 quis

1767 5155 2009 5210 dixerit:
2042 5153 2149 5207 hoc
2182 5151 2534 5206 sutl'ocatum
2567 5155 2674 5216 est,
2709 5149 2795 5206 vel
2829 5153 3231 5207 morticinium
3266 5170 3419 5218 ;non

1768 5248 1856 5299 est
1889 5241 2334 5306 comedendum,
2366 5244 2432 5293 ut
2459 5240 2774 5310 Apostolus
2817 5241 2888 5294 de
2946 5241 3266 5312 idolothyto
3297 5242 3411 5295 ait:

1769 5357 1795 5382 ‹‹
1829 5331 1889 5386 Si
1918 5330 2049 5402 quis
2081 5328 2312 5398 dixerit,
2347 5332 2456 5383 hoc
2488 5327 2858 5383 immolatum
2892 5335 2980 5384 est
3012 5330 3204 5393 idolis,
3239 5327 3413 5382 nolite

1767 5421 2145 5484 manducare,
2179 5421 2416 5489 propter
2443 5433 2578 5472 eum
2610 5417 2710 5488 qui
2743 5417 3036 5487 indicavit,
3097 5421 3151 5472 et
3181 5421 3412 5486 propter

1769 5508 2208 5567 conscientiam.
2240 5505 2670 5562 Conscientiam
2694 5511 2886 5561 autem
2913 5506 3059 5571 dico,
3087 5519 3200 5558 non
3225 5509 3406 5570 tuam,

1765 5599 1864 5657 sed
1896 5595 2140 5653 alterius
2162 5595 2207 5666 (ι
2234 5598 2360 5652 Cor.
2394 5612 2452 5663 x,
2509 5596 2599 5660 28,
2648 5595 2760 5666 29).
2795 5617 2823 5644 »
2878 5591 3060 5647 Multa
3112 5591 3407 5662 siquidem

1761 5705 1874 5747 usu
1905 5689 2008 5748 aut
2034 5683 2347 5747 traditione
2381 5681 2674 5756 majorum
2699 5682 2780 5743 ita
2799 5683 3192 5749 observamus,
3216 5684 3281 5738 ut
3301 5679 3407 5743 ali-
3469 5708 3474 5714 ·
