3876 6376
359 441 476 519 96“!

1366 424 1855 506 nonnsa'rus
1901 437 1964 496 s.
2013 433 2086 495 Β.
2132 429 2212 502 ηδ
2251 419 2743 494 CARDINALIS.

3714 412 3816 479 9m

359 594 449 644 ter
477 584 756 640 facientes
789 579 1026 638 omnino
1056 577 1493 642 abhorreamus,
1551 572 1704 630 sicut
1761 572 1848 626 est
1877 584 1991 624 non
2019 563 2078 636 Α
2107 570 2166 622 et
2194 581 2292 622 eos
2321 562 2582 620 asseritis
2607 575 2712 617 nec
2747 555 2997 632 gentiles
3051 567 3340 612 esse-nee
3374 549 3685 617 Jud‘aeus,
3714 549 3811 607 nisi

361 674 500 735 lotis
522 673 798 728 manibus
824 670 1196 726 manducare.
1219 666 1379 732 Quod
1403 661 1692 736 quamvis,
1701 660 1870 730 juxta
1884 673 2010 713 sen-

362 762 616 818 tentiam
659 759 957 824 Veritatis,
1016 773 1132 811 non
1185 751 1521 825 coinquinat
1575 747 1894 813 hominem,
1920 748 2010 799 ta-

369 865 502 908 men
533 848 691 904 velut
720 847 1095 902 immundum
1126 843 1431 899 exhorrere
1454 838 1600 894 solet
1625 837 1799 892 homo
1820 832 2008 888 homi-

370 955 504 996 nem
535 953 649 994 non
680 937 814 992 lotis
845 933 1117 990 manibus
1148 930 1618 986 manducantem.

442 1027 577 1083 LIX.
611 1025 721 1080 Sed
753 1024 948 1078 forsan
970 1020 1182 1076 dicturi
1214 1018 1358 1074 estis
1385 1035 1396 1072 :
1427 1017 1558 1071 Non
1589 1012 1782 1070 solum
1814 1009 1872 1064 in
1899 1011 2008 1062 Ve-

360 1117 486 1182 teri,
519 1114 620 1171 sed
652 1117 709 1168 et
738 1112 797 1166 in
834 1112 992 1166 Novo
1023 1109 1398 1165 Testamento
1425 1104 1494 1160 ab
1519 1097 1813 1174 Apostolis
1829 1094 2009 1152 tradi-

359 1209 487 1260 tum
521 1201 795 1276 gentibus
824 1204 887 1254 ut
909 1199 1240 1254 abstineant
1261 1213 1294 1250 a
1314 1191 1597 1265 sanguine
1619 1194 1676 1245 et
1705 1187 2004 1242 suilocato.

359 1294 473 1348 Nec
506 1307 610 1347 nos
641 1289 962 1354 nescimus,
997 1291 1196 1342 tamen
1228 1299 1330 1355 pro
1363 1281 1485 1336 loco
1509 1284 1564 1334 et
1583 1284 1842 1348 tempore
1866 1289 2008 1328 non-

366 1377 796 1436 nullacarnalia
827 1373 1035 1432 veteris
1065 1373 1214 1444 legis
1246 1369 1524 1426 mandata
1573 1363 1864 1438 apostolos
1908 1361 2008 1416 ob-

367 1483 628 1526 servasse
661 1465 902 1530 scimus,
937 1462 1166 1533 quando
1201 1459 1392 1515 adhuc
1415 1455 1584 1529 quasi
1627 1454 1684 1508 in
1716 1450 2008 1508 matutino

363 1555 703 1628 crepusculo
733 1554 982 1608 tenebrae
1020 1555 1076 1606 et
1106 1549 1206 1605 lux
1237 1545 1666 1617 confulgebant,
1703 1546 1758 1596 et
1775 1539 2008 1628 intuen-

364 1626 513 1701 tium
545 1641 743 1699 oculos
774 1657 928 1696 nunc
960 1639 1093 1704 huc,
1127 1653 1280 1692 nunc
1311 1633 1450 1689 illuc
1510 1629 1882 1687 reducebant.
1917 1626 2010 1680 Sic

367 1731 611 1806 apostoli
643 1731 704 1786 in
734 1729 936 1786 Judaea
967 1723 1334 1791 commorati,
1371 1719 1710 1792 aliquando,
1751 1714 2012 1772 claritate

365 1803 660 1893 Evangelii
691 1814 1094 1890 expergefacti,
1118 1813 1189 1869 ab
1215 1811 1422 1866 umbra
1450 1807 1596 1880 legis
1627 1803 2007 1868 recedebant;

367 1907 700 1982 aliquando,
734 1904 1078 1960 necessitate
1108 1901 1194 1957 vel
1239 1897 1664 1955 consuetudine
1695 1895 2008 1964 torpentes,

367 1999 426 2052 in
456 1977 583 2052 eam
616 1993 966 2050 recidebant.
1003 1990 1262 2061 Denique
1293 1991 1447 2044 sorte
1500 1982 1864 2040 associarunt
1895 1977 2006 2034 sibi

368 2084 696 2151 Matthiam,
729 2087 786 2138 et
816 2079 1124 2153 templum,
1155 2079 1212 2133 in
1245 2093 1360 2148 quo
1387 2073 1576 2130 adhuc
1603 2069 1844 2142 sanguis
1883 2065 2008 2122 ani-

369 2173 610 2230 malium
642 2170 1010 2236 offerebatur,
1035 2165 1314 2222 orationis
1336 2163 1522 2236 gratia
1542 2157 2004 2231 frequentabant.

369 2263 499 2335 Ipse
519 2276 752 2334 quoque
779 2262 970 2314 vertex
993 2253 1389 2328 apostolorum
1411 2251 1613 2306 Petrus
1638 2265 1652 2317 ;
1677 2246 1848 2302 modo
1874 2259 2007 2300 cum

371 2332 645 2424 gentibus
676 2346 1038 2410 comedebat,
1071 2343 1242 2398 modo
1292 2341 1364 2396 ab
1393 2339 1477 2394 eis
1533 2338 1749 2392 timens
1781 2350 1842 2390 se
1868 2332 2008 2388 sub-

371 2420 658 2492 trahebat.
677 2435 856 2504 Cujus
873 2430 1239 2504 coapostolus
1257 2427 1492 2491 Paulus,
1517 2423 1783 2498 quamvis
1805 2420 2012 2477 dixerit

373 2522 632 2579 Galatia:
671 2544 698 2571 (ι
729 2521 786 2577 Si
809 2516 1335 2583 circumcidamini,
1367 2513 1633 2570 Christus
1661 2508 1830 2566 vobis
1866 2506 2010 2562 nihil

374 2610 631 2684 proderit
660 2608 800 2682 (Gal.
831 2626 888 2676 v,
919 2608 1000 2678 2),
1034 2629 1062 2655 ››
1110 2609 1306 2660 tamen
1360 2601 1636 2657 dilectum
1659 2595 2010 2669 discipulum

375 2683 611 2773 propter
641 2697 1118 2753 subintroductos
1161 2691 1340 2748 falsos
1393 2691 1600 2745 fratres
1629 2683 2010 2773 circumcidit,

375 2771 432 2844 et
459 2804 592 2843 cum
625 2785 756 2843 aliis
785 2785 1128 2858 puriﬁcatus
1156 2781 1214 2836 in
1246 2777 1465 2852 templo
1498 2771 2013 2844 sacriﬁciumlegis

376 2875 654 2933 exhibuit.
687 2875 796 2930 Sed
829 2873 951 2942 ubi,
981 2873 1054 2928 ab
1086 2869 1374 2943 angustiis
1391 2867 1604 2923 Judmze
1631 2862 1873 2926 exclusi,
1897 2876 2016 2914 am-

377 2963 664 3036 plitudine
695 2961 956 3034 gentium
989 2960 1149 3014 fuere
1180 2957 1367 3030 potiti,
1404 2971 1556 3019 mox,
1589 2950 1757 3024 quasi
1796 2947 2014 3004 catenis

381 3051 676 3108 servitutis
707 3049 898 3122 palam
939 3047 1142 3120 erepti,
1198 3047 1486 3117 quotquot
1531 3041 1602 3097 ad
1654 3037 2015 3112 spiritualem

381 3139 630 3214 gratiam
660 3137 1050 3204 attrahebant,
1075 3153 1107 3190 a
1137 3133 1469 3190 carnalibus
1487 3126 1845 3185 caeremoniis
1871 3124 2016 3196 legis

387 3232 640 3284 avertere
695 3243 808 3282 non
832 3225 1158 3281 cessabant.
1182 3221 1340 3286 Quod
1361 3217 1560 3292 procul
1577 3217 1752 3272 dubio
1774 3232 1842 3270 ex
1873 3231 2015 3286 prae-

2127 653 2418 710 obediant.
2449 650 2613 718 Quia,
2665 653 2732 704 ut
2776 646 2973 713 dictis,
3033 641 3286 718 gentiles
3349 639 3700 706 occidunt,
3731 641 3812 694 aut

2123 742 2428 815 plagantes
2459 737 2812 795 comedunt:
2841 733 3012 808 quasi
3043 731 3250 790 Latini
3271 727 3455 788 soliti
3515 727 3656 815 sint
3688 725 3810 815 pani-

2119 813 2297 886 malis
2313 829 2442 884 viva
2470 831 2574 884 aut
2593 826 2819 898 integra
2838 822 3162 880 comedere.
3177 813 3812 892 Nunquidarchima-

2117 919 2227 992 giri
2259 917 2532 974 omnibus
2559 913 2900 971 nationibus
2927 908 3177 983 delegati
3199 907 3368 965 estis
3388 907 3423 962 ‘P
3461 903 3544 962 Et
3581 903 3638 962 si
3682 904 3812 960 forte

2117 1006 2292 1062 alicui
2324 1007 2476 1061 fame
2513 1001 2803 1059 deﬁcienti
2823 1001 3032 1058 anima:
3087 997 3428 1056 obsonium
3490 993 3601 1051 vel
3633 993 3813 1049 victus

2119 1095 2286 1165 desit,
2309 1093 2433 1150 avis
2456 1096 2651 1149 autem
2682 1093 2740 1147 et
2776 1089 2898 1146 ovis
2927 1087 3106 1156 adsit,
3165 1087 3271 1142 sed
3341 1085 3612 1142 ferrum
3644 1082 3809 1150 absit,

2117 1183 2302 1240 satius
2331 1184 2444 1239 erit
2465 1196 2598 1238 eum
2621 1178 2816 1236 inedia
2845 1177 3091 1234 deiicere
3122 1191 3305 1247 quam
3370 1172 3620 1247 quovis
3659 1171 3811 1244 inge-

2118 1273 2212 1328 nio
2244 1289 2312 1328 ea
2343 1274 2592 1327 mactare
2613 1272 2668 1324 et
2687 1267 2989 1324 comedere
3005 1265 3036 1320 ?
3063 1266 3268 1337 Itaque
3288 1262 3620 1319 doctrinis
3639 1259 3810 1317 variis

2118 1367 2173 1415 et
2197 1359 2514 1432 peregrinis
2541 1356 2806 1413 nolentes
2837 1353 3089 1410 abduci:
3123 1376 3152 1403 «
3207 1351 3464 1408 Scimus
3525 1353 3594 1407 et
3633 1348 3810 1406 conﬂ-

2117 1449 2312 1504 dimus
2343 1449 2400 1502 in
2431 1445 2674 1502 Domino
2701 1444 2863 1512 Jesu,
2915 1442 3056 1516 quia
3113 1439 3264 1496 nihil
3328 1451 3686 1496 commune
3715 1449 3812 1510 per

2119 1539 2336 1610 ipsum,
2361 1535 2472 1591 nisi
2496 1535 2547 1590 ei
2565 1534 2666 1606 qui
2689 1532 2990 1588 existimat
3009 1529 3151 1602 quid
3175 1543 3518 1585 commune
3542 1541 3709 1594 esse,
3732 1524 3810 1581 illi

2119 1639 2429 1681 commune
2459 1627 2548 1678 est
2575 1623 2747 1692 (Rom.
2779 1635 2899 1688 xxv,
2932 1617 3043 1690 14),
3079 1637 3107 1668 ››
3139 1615 3300 1674 sicut
3359 1615 3612 1672 Paulus
3642 1614 3805 1670 dicit.

2119 1715 2335 1771 Deinde
2365 1712 2652 1784 optimum
2683 1714 2770 1766 est
2800 1705 2989 1782 gratia
3019 1703 3288 1762 stabilire
3319 1721 3451 1774 cor,
3480 1719 3614 1761 non
3631 1701 3810 1770 escis,

2121 1820 2247 1875 quae
2281 1817 2395 1857 non
2426 1799 2769 1872 profuerunt
2792 1793 3246 1854 ambulantibus
3276 1792 3339 1848 in
3370 1792 3490 1850 eis.
3527 1792 3657 1850 Sed
3679 1791 3807 1864 jam

2121 1891 2464 1947 insistamus
2497 1887 2762 1960 reliquis.

2188 1980 2326 2035 LXI.
2360 1978 3100 2033 Cons'rmrmoronrrmus.
3143 1969 3380 2028 Etenim
3438 1967 3718 2027 Alleluia
3746 1969 3805 2025 in

2115 2067 2573 2138 Quadragesima
2604 2080 2717 2119 non
2749 2061 3025 2136 psallitis,
3061 2059 3168 2116 sed
3219 2057 3402 2116 semel
3463 2059 3530 2114 in
3561 2055 3810 2114 Pascha

2113 2155 2540 2217 tantummodo,
2561 2147 3424 2224 quodinterpretaturDominu:
3449 2145 3647 2215 venit,
3674 2147 3812 2202 lau-

2117 2246 2256 2314 date,
2291 2245 2555 2315 hymnum
2595 2240 2776 2308 dicite,
2828 2243 2880 2294 et
2933 2236 3234 2294 benedicite
3283 2249 3430 2292 eum.
3494 2233 3670 2306 Ergo
3708 2247 3813 2290 se-

2117 2333 2375 2390 cundum
2403 2331 2514 2386 hoc
2538 2345 2727 2402 neque
2757 2328 3022 2396 Laudale,
3057 2341 3250 2398 neque
3307 2323 3658 2380 Benedictus
3709 2324 3812 2394 qui

2118 2423 2284 2490 venit,
2318 2418 2587 2492 psallitis.
2621 2418 2686 2472 Et
2717 2416 2872 2473 istud
2905 2431 3039 2472 vero
3070 2413 3326 2470 Alleluia
3367 2409 3686 2469 .hebraice
3719 2411 3808 2466 di-

2119 2516 2280 2568 ctum
2311 2512 2418 2564 est.

2192 2599 2358 2654 LVlI.
2379 2597 2678 2652 Romans.
2705 2593 2936 2650 Scimus
2957 2590 3210 2648 Alleluia
3225 2587 3515 2646 hebraice
3534 2587 3802 2655 dictum,

2121 2691 2177 2742 et
2233 2685 2410 2740 latine
2466 2679 2836 2754 interpretari
2892 2681 3131 2736 Laudato
3183 2678 3381 2746 Deum,
3445 2677 3558 2734 sed
3636 2676 3800 2750 quod

2121 2775 2316 2842 etiam,
2376 2774 2636 2830 Dominus
2682 2772 2850 2842 venit,
2913 2773 3036 2837 aut,
3099 2767 3440 2824 Benedictus
3488 2767 3596 2838 qui
3625 2767 3800 2830 venit,

2123 2865 2549 2934 interpretetur,
2583 2859 2900 2925 nescimus,
2935 2875 3039 2916 nec
3070 2858 3188 2914 nisi
3221 2873 3258 2914 a
3285 2855 3466 2912 vobis
3495 2854 3802 2912 hactenus

2124 2951 2473 3008 audivimus.
2507 2955 2680 3004 Porro
2713 2948 2907 3020 ipsum
2939 2947 3210 3014 Alleluia,
3255 2945 3418 3002 sicut
3453 2943 3798 3000 calumnia-

2124 3040 2292 3106 mini,
2327 3057 2439 3094 non
2471 3037 2840 3094 solummodo
2894 3035 2957 3091 in
2983 3079 2991 3086 .
3016 3035 3244 3092 Pascha
3304 3035 3672 3102 cantamus,
3707 3031 3802 3088 sed

2125 3128 2398 3184 omnibus
2427 3126 2610 3181 totius
2639 3124 2777 3179 anni
2823 3123 3216 3196 temporibus,
3277 3122 3555 3192 exceptis
3589 3135 3800 3176 novem

2124 3215 2590 3277 hebdomadibus
2619 3213 2834 3286 quibus
2850 3212 2907 3268 id
2923 3213 3313 3269 intermittere
3331 3226 3366 3265 a
3383 3207 3684 3282 patribus
3703 3223 3803 3264 no-

383 3315 722 3373 cedentibus
751 3319 807 3370 et
828 3311 1322 3385 subsequentibus
1341 3288 1533 3364 verbis
1551 3303 1716 3362 Pauli
1746 3301 2014 3374 intelligi-
2045 3288 2090 3356 Ο
2128 3297 3528 3376 strisaccepimus;scilicetquibusnegligentias
3541 3296 3804 3354 aliorum

382 3409 500 3474 tur,
527 3403 625 3460 ubi
655 3403 738 3460 sic
771 3406 1160 3475 protestatur:
1199 3423 1224 3450 ‹‹
1255 3397 1506 3470 Spiritus
1537 3393 1836 3449 manifeste
1877 3389 2018 3446 dicit

383 3494 522 3566 quia
550 3493 608 3548 in
642 3491 978 3548 novissimis
997 3487 1360 3562 temporibus
1392 3483 1690 3541 discedent
1715 3480 1952 3554 quidam
1985 3494 2020 3532 a

382 3583 495 3638 ﬁde
547 3581 910 3638 attendentes
984 3578 1293 3652 spiritibus
1357 3573 1571 3630 erroris
1629 3576 1686 3627 et
1739 3567 2018 3624 doctrinis

387 3669 803 3725 daemoniorum
838 3668 896 3722 in
928 3665 1214 3740 hypocrisi
1237 3661 1601 3735 loquentium
1624 3656 2018 3722 mendacium,

385 3761 442 3813 et
471 3755 851 3812 cauteriatam
883 3753 1224 3810 habentium
1251 3748 1666 3812 conscentiam,
1705 3744 2019 3818 prohiben-

385 3847 532 3900 tium
565 3844 825 3910 nulbere,
859 3847 916 3898 et
940 3842 1232 3898 abstinere
1263 3856 1296 3894 a
1325 3838 1470 3894 cibis
1491 3853 1636 3908 quos
1681 3835 1834 3890 Deus
1867 3850 2022 3886 crcu-

384 3933 468 3990 vit
494 3933 565 3990 ad
598 3931 1036 4006 percipiendum
1067 3946 1200 3986 cum
1231 3927 1551 4001 gratiarum
1584 3923 1806 4001 actione
1839 3919 2022 3976 fideli-

387 4023 498 4078 bus
527 4025 584 4076 et
639 4020 732 4076 his
778 4018 878 4093 qui
937 4020 1332 4092 cognoverunt
1383 4013 1704 4070 veritatem.
1740 4009 2023 4075 Quoniam

387 4109 580 4164 omnis
611 4111 874 4164 creatura
892 4107 992 4162 Dei
1025 4109 1176 4162 bona
1203 4108 1311 4172 est,
1346 4106 1403 4158 et
1459 4100 1604 4156 nihil
1638 4097 2023 4172 rejiciendum

390 4196 544 4268 quod
559 4211 691 4252 cum
706 4196 1026 4268 gratiarum
1043 4193 1270 4250 actione
1281 4187 2028 4264 percipitur.Sanctiiicatur

391 4284 546 4340 enim
603 4300 706 4356 per
767 4284 1008 4338 verbum
1067 4281 1168 4338 Dei
1223 4285 1282 4336 et
1336 4279 1658 4335 orationem
1709 4277 1758 4348 (Ι
1787 4277 1916 4330 Tim.
1951 4291 2025 4339 1v,

393 4372 524 4445 4.5).
563 4395 584 4422 ι
650 4371 796 4428 Ecce
849 4375 1048 4426 tantus
1107 4367 1443 4442 Apostolus,
1505 4371 1705 4438 raptus
1743 4379 1928 4435 usque
1959 4363 2028 4417 ad

392 4459 628 4518 tertium
661 4459 869 4516 cmlum
901 4464 960 4516 et
988 4460 1046 4514 in
1078 4459 1272 4531 ipsum
1303 4455 1663 4529 paradisum,
1711 4451 2030 4524 proclamat

392 4551 588 4608 omnia
618 4550 839 4606 munda
869 4549 1127 4617 mundis,
1161 4553 1216 4603 et
1264 4547 1408 4602 nihil
1469 4543 1845 4613 rejiciendum
1876 4541 2027 4612 quod

395 4655 527 4696 cum
552 4638 875 4712 gratiarum
899 4637 1126 4693 actione
1149 4633 1486 4708 percipitur,
1515 4633 1653 4703 quia
1676 4648 1777 4704 per
1793 4629 2030 4684 verbum

397 4727 494 4784 Dei
556 4731 612 4784 et
641 4726 962 4784 orationem
1010 4724 1431 4781 sanctiﬁcatur.
1465 4722 1536 4776 Et
1563 4737 1664 4776 vos
1718 4717 1816 4791 qui
1873 4717 2034 4786 estis,

397 4815 520 4887 qui,
551 4815 912 4870 attendentes
945 4813 1248 4886 spiritibus
1278 4811 1490 4868 erroris
1521 4811 1578 4865 et
1607 4807 1888 4864 doctrinis
1919 4806 2030 4861 da:-

399 4899 752 4968 moniorum,
805 4901 866 4956 in
923 4901 1212 4974 hypocrisi
1271 4898 1578 4972 loquimini
1636 4894 2030 4960 mendacium,

402 4988 620 5060 scripta
650 4989 872 5044 Latinis
910 4991 1141 5062 populis
1199 4989 1558 5045 destinantes
1616 4990 1682 5040 ut
1701 4984 2035 5056 relinquant

404 5076 678 5132 mandata
708 5076 808 5132 Dei
833 5081 888 5132 et
919 5095 1043 5149 quae
1075 5079 1336 5152 graviora
1367 5080 1505 5132 sunt
1534 5074 1700 5146 legis,
1743 5071 2032 5143 judicium

405 5163 627 5222 scilicet
654 5167 710 5220 et
737 5165 1195 5223 misericordiam
1250 5171 1308 5222 et
1367 5165 1562 5230 ﬁdem,
1622 5165 1679 5214 et
1717 5162 2038 5230 sequantur

405 5253 747 5311 traditiones
778 5259 834 5310 et
849 5255 1149 5327 opiniones
1169 5260 1414 5319 vestras,
1435 5247 1606 5320 quasi
1634 5247 1827 5302 nullos
1852 5263 2037 5318 usque

406 5359 562 5401 nunc
593 5341 903 5400 habuerint
927 5345 1330 5416 praedicatores
1363 5355 1428 5395 ac
1463 5339 1675 5408 patres,
1709 5349 1774 5390 ac
1803 5349 2039 5390 necesse

405 5432 657 5489 habeant
689 5447 722 5488 a
752 5432 917 5490 vobis
947 5432 1140 5488 doceri
1171 5446 1300 5502 qua:
1331 5428 1450 5486 sint
1480 5423 1767 5481 elementa
1821 5439 2038 5480 sermo-

410 5535 553 5575 num
583 5519 684 5576 Dei
703 5519 732 5576 ἵ

487 5605 600 5660 LV.
632 5606 848 5680 Nempe
877 5608 1028 5666 inter
1056 5608 1170 5664 alia
1197 5607 1432 5682 ignaros
1453 5600 1719 5660 omnium
1751 5601 2044 5659 conamini

414 5690 706 5752 instruere
729 5697 867 5768 quid
898 5701 955 5756 et
1007 5695 1259 5772 qualiter
1313 5693 1703 5771 praeparatum
1735 5691 2047 5752 comedent

2124 3399 2455 3465 temporum
2487 3390 2706 3446 diluere
2737 3388 3020 3446 attentius
3050 3389 3364 3444 debemus.
3397 3385 3586 3442 Sicut
3647 3383 3806 3440 enim

2127 3481 2419 3554 quondam
2453 3478 2702 3552 populus
2733 3477 2795 3532 in
2824 3493 3041 3546 eremo,
3074 3477 3386 3549 peccatum
3442 3472 3806 3530 idololatria

2126 3571 2186 3624 in
2218 3570 2408 3641 seipso
2439 3567 2773 3640 puniturus,
2832 3571 2890 3622 et
2933 3565 3205 3622 Ninivitaa
3261 3561 3714 3636 pmnitentiam
3751 3561 3808 3618 in

2127 3657 2531 3730 prmdicatione
2559 3655 2717 3712 Jonas
2750 3654 2936 3711 acturi
2958 3669 3196 3711 omnem
3218 3655 3511 3708 ornatum
3531 3664 3732 3707 suum
3758 3652 3812 3706 et

2128 3747 2366 3802 delicias
2387 3746 2802 3818 deposuerunt,
2833 3747 2892 3800 et
2910 3759 3149 3800 saccum
3171 3745 3230 3798 et
3251 3741 3524 3798 cinerem
3549 3740 3680 3798 sibi
3701 3739 3813 3796 im-

2133 3838 2487 3908 posuerunt;
2521 3849 2625 3888 nec
2653 3836 2774 3888 tam
2807 3831 3132 3906 peregrinis
3161 3829 3362 3886 verbis
3383 3845 3456 3885 ac
3477 3827 3813 3900 exquisitis

2131 3941 2232 3980 seu
2254 3921 2572 3978 dulcisonis
2589 3919 2880 3986 melodiis,
2899 3920 3001 3976 sed
3019 3917 3278 3992 propriis
3303 3917 3745 3985 sermonibus,
3761 3919 3821 3972 et

2130 4011 2533 4084 incompositis
2557 4010 2676 4066 sive
2705 4008 2922 4066 amaris
2974 4007 3298 4080 ejulatibus
3358 4007 3435 4062 ad
3470 4003 3815 4062 Dominum

2133 4101 2564 4166 clamaverunt;
2595 4097 2678 4154 sic
2709 4102 2766 4154 et
2793 4096 3158 4154 venerabiles
3181 4099 3383 4168 patres
3405 4095 3616 4151 nostri
3641 4107 3822 4168 agere

2133 4189 2574 4246 consueverunt.
2609 4185 2789 4254 Unde,
2822 4187 3169 4241 ornamenta
3196 4188 3255 4240 et
3285 4180 3554 4238 delicias
3604 4182 3818 4238 divitis

2133 4279 2346 4350 linguae
2366 4280 2625 4347 tempore
2641 4273 3108 4348 Quadragesimaa
3130 4271 3529 4345 deponentes,
3547 4283 3818 4344 pauper-

2137 4367 2352 4423 rimum
2373 4364 2638 4421 habitum
2662 4366 2872 4420 nostra:
2892 4359 3110 4434 linguae
3133 4359 3307 4417 nobis
3325 4357 3727 4431 inponimus,
3744 4363 3816 4425 et,

2137 4454 2300 4512 stulti
2330 4453 2464 4508 facti
2493 4456 2730 4525 propter
2755 4450 3076 4519 Christum,
3109 4448 3258 4505 nihil
3291 4464 3402 4504 nos
3460 4447 3632 4505 scire
3666 4447 3818 4504 indi-

2139 4539 2695 4614 camus,nisiipsum
2710 4539 3076 4595 crucifixum.
3095 4539 3279 4609 Cujus
3301 4535 3676 4593 districtum
3707 4552 3820 4610 pra

2065 4653 2112 4720 D
2143 4631 2328 4690 oculis
2351 4629 2630 4686 habentes
2653 4627 2970 4699 judicium,
2999 4625 3282 4684 vinculati
3313 4629 3374 4682 et
3403 4626 3660 4699 gravati
3692 4641 3823 4699 pec-

2145 4719 2310 4788 catis,
2341 4722 2624 4790 tanquam
2653 4716 2864 4784 idiotis,
2894 4716 2988 4772 vix
3017 4715 3308 4772 audemus
3335 4713 3431 4770 vel
3498 4711 3570 4770 in
3617 4717 3826 4771 nostro

2137 4809 2414 4866 idiomate
2443 4804 2811 4878 interpellare
2833 4805 3040 4861 Deum.
3061 4804 3211 4860 Nam
3232 4819 3301 4858 ex
3321 4801 3483 4859 libro
3507 4801 3828 4876 Sapientis

2139 4897 2473 4963 didicimus,
2524 4893 2662 4967 quia
2692 4915 2720 4943 «
2753 4906 2868 4950 non
2900 4897 2990 4949 est
3019 4893 3289 4965 speciosa
3308 4889 3450 4947 laus
3473 4889 3540 4946 in
3566 4909 3682 4948 ore
3701 4907 3830 4965 pec-

2141 4983 2352 5040 catoris
2377 4982 2563 5052 (Eccli.
2596 4997 2687 5036 xv.
2720 4981 2797 5052 9).
2837 5003 2858 5030 ιι
2893 4982 2964 5036 Et
2991 4985 3188 5037 tamen
3218 4983 3364 5034 tunc
3390 4978 3642 5052 jugiter
3657 4979 3830 5054 hym-

2144 5089 2286 5128 num
2319 5071 2568 5126 dicimus
2598 5069 2866 5138 Domino,
2899 5073 3076 5140 atque
3135 5067 3473 5124 Benedictus
3527 5071 3644 5141 qui
3683 5071 3834 5126 venit

2144 5159 2471 5234 psallimus,
2505 5163 2562 5215 et
2590 5174 2824 5214 omnem
2842 5163 3172 5215 creaturam
3194 5157 3268 5212 ad
3292 5155 3550 5212 laudem
3574 5160 3724 5230 ejus
3743 5158 3833 5214 die

2143 5253 2434 5320 noctuque
2480 5246 2820 5316 invitemus,
2881 5241 3144 5302 dicentes
3200 5244 3454 5301 Laudate
3486 5245 3832 5313 Dominum,

2148 5339 2272 5407 sed,
2296 5341 2362 5394 ut
2389 5335 2786 5409 praediximus,
2819 5333 3010 5407 patria
3035 5349 3172 5390 voce
3191 5336 3460 5390 tantum.
3483 5334 3672 5393 Tune
3697 5351 3835 5409 quo-

2149 5443 2262 5500 que
2283 5425 2464 5483 alium
2491 5422 2820 5496 angelicum
2833 5421 3119 5496 hymnum
3132 5421 3646 5494 intermittimus,
3670 5425 3738 5482 id
3756 5427 3836 5482 est

2158 5515 2343 5572 Gloria
2371 5515 2432 5570 in
2456 5513 2688 5570 excelsis
2713 5516 2845 5570 Deo.
2879 5510 3140 5584 Denique
3166 5510 3237 5567 hi‘
3261 5512 3382 5568 duo
3427 5513 3832 5572 solummodo

2150 5603 2351 5679 hymni
2380 5603 2451 5660 ab
2484 5601 2706 5674 angelis
2737 5601 2798 5656 in
2824 5599 2980 5657 Novo
3010 5595 3400 5660 Testamento
3428 5601 3836 5664 inveniuntur

2152 5693 2441 5756 decantati
2461 5706 2479 5757 :
2509 5689 2748 5755 Alleluia
2766 5687 3009 5766 scilicet,
3032 5693 3092 5750 et
3111 5689 3304 5752 Gloria
3313 5693 3403 5752 in-
3421 5693 3690 5758 excelsis
3712 5700 3834 5758 Dn.
