3876 6354
107 424 224 486 969

1094 423 1511 485 ADVERSUS
1556 422 2008 485 GRECORUM
2053 423 2536 486 CALUMNIAS.

3389 407 3508 482 910

113 556 268 618 Quos
289 551 504 625 pariter
525 553 584 608 in
609 553 1051 625 Septuagesima
1072 555 1514 610 intermittimus
1544 575 1555 623 ;
1591 555 1748 627 quia,
1781 555 1834 621 Α
1863 554 2033 611 Jesus
2054 555 2322 612 Christus
2353 555 2412 610 in
2443 553 2630 626 gloria
2648 557 2736 609 est
2766 552 2865 608 Dei
2889 551 3092 609 Patris.
3117 551 3249 623 Ipsa
3270 550 3506 622 quidem

111 648 348 715 peccato
379 642 586 698 veteris
608 641 867 699 hominis
889 661 922 699 a
942 649 1227 700 conventu
1253 645 1526 718 angelica:
1541 645 1758 716 jubila-

109 732 286 789 tionis
316 732 539 804 expulsi
571 732 631 787 in
662 731 844 803 hujus
868 733 1092 788 miserae
1116 735 1242 788 vitae
1275 735 1757 806 Babylonem,su-

108 839 214 893 per
242 822 486 878 ﬁumina
513 822 644 892 ejus
675 822 949 877 sedemus
974 826 1031 878 et
1061 824 1289 893 flemus,
1323 825 1463 878 dum
1495 824 1757 879 recorda-

108 928 241 966 mur
260 911 420 966 illius
436 912 576 967 Sion
597 911 657 965 in
679 911 991 980 quaDeum
1018 913 1184 968 decet
1204 913 1478 985 hymnus,
1499 913 1756 968 dicentes

106 1000 456 1056 adversariis
474 1000 690 1056 nostris
726 1018 738 1055 :
775 1023 802 1050 ‹‹
835 1003 1134 1066 Quomodo
1165 1002 1533 1060 cantabimus
1563 1002 1753 1057 canti-

104 1105 244 1144 cum
284 1088 513 1144 Domini
544 1088 604 1144 in
635 1094 790 1145 terra
819 1089 1009 1146 aliena
1037 1091 1065 1145 ‘I
1100 1111 1123 1141 ι
1187 1093 1361 1161 (Psat.
1394 1107 1616 1158 cxxxvx,
1678 1091 1756 1162 4.)

105 1177 412 1249 Siquidem
434 1183 598 1234 vetus
620 1178 792 1234 homo
811 1184 977 1236 vetus
996 1183 1053 1235 et
1074 1197 1188 1236 non
1221 1197 1436 1236 novum
1463 1180 1754 1235 canticum

101 1272 342 1324 cantare
372 1272 580 1340 potest,
615 1268 797 1323 donec
827 1273 958 1340 post
989 1269 1139 1325 hanc
1170 1269 1521 1326 laboriosam
1551 1269 1753 1336 vitam,

101 1374 236 1428 quis
260 1357 627 1429 signiﬁcatur
652 1373 754 1429 per
783 1359 1326 1431 Quadragesimam,
1362 1362 1669 1414 renovetur
1697 1359 1755 1412 in

104 1445 406 1517 agnitione
427 1447 753 1502 secundum
771 1447 1086 1518 imaginem
1102 1448 1231 1519 ejus
1245 1448 1344 1520 qui
1358 1449 1573 1503 creavit
1593 1463 1755 1515 eum,

108 1551 217 1607 per
244 1537 726 1592 resurrectionem
784 1536 926 1591 Jesu
980 1536 1194 1592 Christi
1241 1554 1309 1593 ex
1339 1537 1605 1593 mortuis.
1640 1537 1756 1591 Nec

101 1629 300 1680 tamen
369 1628 620 1694 Sanctus,
682 1627 923 1692 sanctus,
1004 1635 1229 1681 sanctus
1295 1628 1556 1680 Dominus
1613 1627 1755 1680 Deus

103 1712 339 1767 Sabaoth
370 1712 430 1768 in
470 1713 931 1783 Quadragesima
984 1714 1452 1784 intermittimus,
1485 1714 1753 1785 quamvis

103 1801 185 1854 sit
215 1799 470 1871 hymnus
501 1800 802 1872 angelicus
832 1805 887 1856 et
945 1802 1001 1855 in
1035 1803 1190 1857 Novo
1245 1804 1621 1858 Testamento
1654 1803 1751 1858 de-

1865 661 1997 699 cum
2031 645 2268 700 Hebraea
2295 646 2351 700 et
2409 644 2606 700 Graeca
2663 641 2906 698 titulum
2965 641 3222 697 cruciﬁxi
3278 639 3508 696 Domini

1864 734 2408 805 complevit,et,quze
2440 737 2565 788 erat
2594 732 2933 799 novissima,
2967 732 3122 787 facta
3151 733 3240 787 est
3281 730 3508 800 prima:

1864 823 2012 878 ferro
2043 827 2098 878 et
2130 823 2242 878 ﬁde
2295 839 2482 894 usque
2536 823 2608 878 ad
2641 823 2956 877 adventum
3010 820 3151 876 mali
3211 817 3512 876 Antichri-

1864 911 1939 966 sti
1970 916 2026 967 et
2051 912 2286 984 benigni
2313 913 2451 968 Jesu
2484 911 2697 967 Christi
2725 910 3041 966 defendens
3075 909 3187 967 sibi
3213 912 3511 965 terrenam

1863 1004 1919 1054 et
1939 1001 2224 1056 caelestem
2257 1004 2622 1073 potestatem.
2661 1000 2823 1065 Hinc,
2849 1000 2976 1070 jam
3027 999 3128 1055 diu
3189 997 3509 1054 calumniis

1863 1088 2068 1145 vestris
2097 1089 2382 1156 reluctati,
2414 1089 2660 1145 breviter
2705 1089 3064 1161 attingamus
3113 1086 3510 1144 intentionem

1862 1177 2042 1234 vestri
2074 1177 2305 1250 epilogi.

1940 1267 2075 1321 LIX.
2111 1267 2834 1323 Consrmnxoromauos.
2895 1268 3010 1324 Cur
3048 1271 3270 1323 tantam
3334 1265 3503 1322 dece-

1865 1357 2124 1428 ptionem
2146 1355 2354 1411 horum
2367 1356 2578 1411 talium
2599 1373 2714 1411 non
2738 1356 3016 1427 aspicitis,
3031 1353 3501 1427 necintelligitis,

1865 1462 2052 1516 neque
2083 1444 2371 1516 corrigitis
2403 1443 2672 1516 populos,
2702 1444 2852 1499 sicut
2880 1443 2979 1515 qui
3011 1443 3293 1499 debentur
3330 1441 3498 1513 judi-

1864 1533 1980 1589 cari
2004 1551 2037 1588 a
2056 1533 2211 1590 Deo?
2233 1534 2357 1589 Non
2384 1532 2789 1604 derelinquitis
2812 1533 2966 1604 quod
2991 1531 3201 1587 dicitur
3222 1529 3502 1602 quoniam

1863 1623 1968 1678 hoc
1999 1625 2202 1679 Petrus
2253 1629 2308 1678 et
2337 1623 2686 1678 Benedictus
2735 1626 2790 1677 et
2840 1621 3053 1677 Paulus
3084 1625 3141 1676 et
3169 1619 3358 1676 caeteri
3407 1619 3508 1673 do-

1862 1718 2106 1768 cuerunt
2127 1713 2153 1766 ?
2184 1712 2462 1784 Decipitis
2507 1729 2606 1767 vos
2640 1711 2798 1783 ipsos
2831 1715 2886 1766 et
2945 1709 3229 1784 populum
3267 1709 3328 1764 in
3359 1707 3508 1764 istis.

1860 1804 1992 1868 Quae
2023 1818 2155 1857 vero
2183 1801 2409 1872 scripsi,
2444 1818 2510 1855 ea
2541 1805 2680 1856 sunt
2725 1817 2851 1871 qua:
2886 1799 3090 1856 Petrus
3121 1803 3176 1854 et
3209 1797 3424 1854 Paulus
3454 1800 3512 1853 et

101 1893 399 1960 cantatus,
431 1889 531 1960 qui
561 1894 617 1944 et
674 1890 732 1943 in
763 1891 954 1945 Veteri
990 1891 1154 1962 prius
1187 1891 1298 1946 fuit
1326 1891 1543 1956 dictus,
1576 1893 1750 1947 ﬁdem
1783 1924 1830 1990 Β
1863 1892 2052 1948 czeteri
2084 1890 2329 1964 apostoli
2353 1895 2407 1945 et
2436 1890 2701 1946 Christus
2748 1889 2963 1958 docuit,
2997 1893 3055 1945 et
3101 1891 3304 1990 sancta
3335 1890 3510 1986 atque

99 1977 374 2034 videlicet
402 1979 714 2048 perfectam
749 1983 983 2050 patrum
1007 1979 1309 2034 humiliter
1337 1981 1454 2036 Deo
1487 1982 1753 2050 offerens,

98 2067 338 2122 nullum
385 2071 578 2123 autem
638 2068 915 2123 meritum
948 2068 1112 2124 bonae
1144 2069 1497 2141 operationis
1548 2086 1750 2125 eorum

97 2155 397 2213 attollens.
430 2155 524 2211 Sic
553 2160 610 2210 et
639 2173 756 2211 non
789 2156 1023 2212 interim
1045 2157 1103 2211 in
1161 2157 1268 2213 hac
1311 2162 1519 2214 nostra:
1590 2175 1752 2230 pere-

97 2244 457 2317 grinationis
485 2245 962 2317 Quadragesima,
998 2247 1217 2302 sciente
1259 2263 1364 2302 nos
1418 2265 1521 2319 per
1577 2249 1752 2304 ﬁdem

98 2340 160 2390 et
193 2351 310 2390 non
341 2351 443 2406 per
472 2335 724 2406 speciem
756 2334 1077 2404 ambulare,
1115 2337 1212 2390 sed
1269 2336 1393 2392 sola
1441 2338 1553 2391 ﬁde
1596 2338 1751 2409 apud

97 2424 293 2480 Deum
319 2424 730 2495 praesuminus,
764 2424 1014 2496 supplici
1045 2426 1409 2481 confessione
1441 2425 1700 2481 dicentes
1734 2444 1745 2481 :

96 2517 356 2581 Sanctus,
389 2517 630 2581 sanctus,
685 2519 908 2568 sanctus
940 2517 1199 2570 Dominus
1260 2516 1399 2568 Deus
1458 2515 1695 2570 Sabaoth
1730 2535 1748 2570 :

99 2604 223 2670 cui,
258 2604 329 2658 de
360 2603 634 2675 operibus
656 2603 1008 2672 difﬁdentes,
1033 2621 1165 2659 cum
1189 2603 1500 2659 Psalmista
1522 2603 1746 2675 procla-

96 2709 340 2749 mamus
375 2708 388 2747 :
425 2716 451 2742 ‹‹
486 2693 610 2747 Non
629 2692 811 2748 intres
843 2691 1210 2762 injudicium
1242 2709 1375 2748 cum
1398 2693 1577 2748 servis
1606 2693 1744 2762 tuis,

95 2783 244 2854 quia
275 2799 390 2838 non
415 2781 839 2853 justiﬁcabitur
872 2781 932 2837 in
964 2787 1278 2854 conspectu
1305 2786 1405 2838 tuo
1437 2782 1627 2838 omnis
1658 2783 1745 2837 vi-

94 2888 244 2928 vens
274 2872 444 2939 (Psat.
478 2871 666 2941 exui).
697 2873 752 2924 2.
790 2893 816 2919 ››

169 2961 366 3017 LVIII.
397 2961 560 3026 Quod
593 2963 787 3015 autem
846 2974 1054 3016 novem
1083 2959 1549 3015 hebdomadibus
1596 2982 1623 3008 ‹‹
1655 2959 1749 3015 AI-

95 3050 306 3116 leluia,
360 3048 828 3116 intermittimus,
882 3065 997 3103 non
1047 3049 1362 3121 incongrue
1413 3067 1515 3122 per
1545 3066 1751 3106 novem

100 3139 506 3197 hebdomadas
535 3154 738 3193 novem
758 3137 993 3194 ordines
1025 3137 1368 3210 angelorum
1401 3139 1746 3211 accipimus.

83 3231 361 3294 Quorum
407 3227 670 3283 decimus
700 3228 862 3295 ordo,
897 3243 1000 3298 per
1055 3227 1391 3299 superbiam
1451 3245 1748 3298 corruens,

1865 1981 2147 2038 catholica
2184 1979 2438 2036 Ecclesia
2484 1979 2741 2050 suscepit
2790 1983 2846 2034 et
2904 1977 3158 2034 custodit
3188 1975 3457 2048 religiose
3491 1990 3504 2043 ;

1866 2090 1992 2144 qua:
2023 2076 2080 2127 et
2105 2088 2204 2126 vos
2234 2067 2474 2125 correcti
2505 2067 2808 2124 custodite.

1935 2161 2042 2216 LX.
2079 2160 2382 2216 Romsus.
2417 2157 2575 2213 Sicut
2605 2157 2966 2213 sufﬁcienter
3004 2158 3368 2212 monstratur
3398 2171 3505 2210 su-

1863 2251 2080 2321 perius,
2111 2264 2385 2304 converso
2417 2246 2620 2302 ordine
2651 2250 2707 2300 et
2763 2261 2929 2303 versa
2958 2245 3080 2302 vice
3130 2245 3509 2318 procederent

1861 2340 1979 2394 haec
2011 2338 2245 2403 rectius,
2279 2335 2500 2391 scilicet
2527 2335 2574 2389 si
2603 2351 2704 2390 vos
2741 2335 3036 2403 seductos,
3089 2335 3421 2390 seductores
3453 2335 3510 2389 et

1861 2432 2089 2484 mature
2111 2426 2465 2498 judicandos
2497 2441 2530 2480 a
2558 2423 2804 2480 Domino
2837 2425 3187 2481 diceremus.
3220 2423 3367 2489 Quia
3412 2439 3511 2480 vo-

1861 2518 2045 2574 lentes
2077 2532 2204 2572 esse
2234 2517 2520 2580 doctores,
2575 2530 2680 2568 nec
2712 2513 3105 2586 intelligentes
3158 2530 3284 2585 qua
3318 2511 3512 2584 loqui-

1863 2607 2006 2661 mini
2043 2621 2228 2676 neque
2259 2605 2328 2659 de
2360 2603 2576 2674 quibus
2608 2602 2941 2671 afﬁrmatis,
3000 2606 3337 2659 sanctorum
3370 2617 3512 2674 apo-

1860 2695 2144 2751 stolorum
2168 2698 2222 2749 et
2255 2692 2677 2748 catholicorum
2701 2707 2909 2764 puram
2941 2692 3226 2748 doctriam
3248 2692 3511 2747 humana

1858 2783 2310 2858 praesumptione
2370 2782 2750 2847 fermentatis,
2785 2781 2981 2838 omnio
3013 2782 3366 2854 decipientes
3404 2797 3506 2836 vos

1857 2879 1912 2930 et
1944 2874 2087 2930 alios
2118 2872 2176 2927 in
2209 2871 2357 2927 istis.
2391 2871 2523 2934 Quae
2555 2875 2753 2927 autem
2783 2887 2939 2926 nunc
2963 2871 3126 2928 vobis
3156 2869 3503 2944 scripsimus

1857 2962 2124 3019 Christus
2152 2959 2369 3025 docuit,
2404 2963 2460 3015 et
2487 2959 2735 3031 apostoli
2764 2959 2992 3031 ipsius;
3027 2973 3154 3032 quas
3215 2961 3286 3018 ab
3317 2959 3403 3015 eis
3452 2961 3510 3014 et

1859 3071 1892 3108 a
1921 3050 2138 3108 sanctis
2170 3048 2438 3104 Patribus
2466 3052 2669 3104 sancta.
2725 3052 2782 3103 et
2831 3047 3116 3106 catholica
3172 3047 3500 3121 suscipiens

1861 3140 2114 3198 Ecclesia
2143 3138 2411 3211 religiose
2467 3139 2737 3194 observat
2775 3137 3098 3208 hactenus;
3135 3155 3263 3211 quae
3322 3141 3380 3195 et
3406 3153 3508 3194 vos

1863 3229 2103 3287 correcti
2152 3229 2470 3294 observate,
2502 3227 2550 3282 si
2607 3240 2722 3282 non
2775 3227 2954 3283 vultis
3012 3245 3045 3283 a
3092 3227 3320 3284 Christo
3371 3243 3508 3282 ana-

91 3318 434 3392 angelicum
466 3332 779 3372 numerum
810 3315 1130 3383 imminuit,
1163 3321 1220 3372 et
1250 3317 1584 3373 felicitatem
1618 3335 1750 3389 per-
1781 3295 1824 3363 Ο
1862 3321 2079 3387 thema,
2113 3334 2260 3373 esse.
2296 3317 2469 3372 Porro
2501 3315 2850 3372 Benedictus
2881 3315 3304 3372 monachorum
3335 3315 3505 3371 Pater

91 3408 381 3465 turbavit.
411 3407 517 3472 Qui
550 3405 924 3462 condolentes
952 3423 1068 3461 sua:
1100 3405 1501 3474 diminutioni,
1555 3411 1612 3462 et
1643 3425 1749 3478 pa-

92 3515 229 3554 rem
261 3497 493 3552 ruinam
515 3495 792 3550 timentes
825 3494 959 3560 sibi,
994 3511 1027 3549 a
1050 3495 1303 3566 perfecta
1323 3494 1495 3550 laude
1525 3497 1750 3551 Creato-

90 3589 182 3646 ris
214 3588 378 3644 fuere
405 3585 726 3658 przepediti.
751 3584 1006 3647 Quorum
1027 3583 1451 3656 recuperationi
1473 3588 1528 3639 et
1549 3601 1751 3641 conso-

88 3677 303 3735 lationi
333 3674 644 3731 consulens
677 3673 1045 3744 omnipotens
1093 3673 1330 3730 Creator
1359 3673 1616 3746 primum
1650 3675 1750 3729 ho-

89 3767 322 3824 minem
353 3766 423 3820 de
479 3763 619 3819 limo
652 3767 815 3818 terrae
875 3761 1164 3830 formavit,
1208 3764 1308 3834 qui
1368 3763 1460 3818 sui
1521 3763 1751 3835 generis

89 3853 591 3927 multiplicatione
622 3853 838 3907 damna
890 3850 1141 3908 caelestis
1173 3852 1372 3923 patriae
1423 3853 1749 3920 resarciret,

95 3952 284 4018 atque
315 3942 658 4015 angelorum
689 3940 906 4013 gaudia
936 3941 1252 4013 suppleret.
1289 3943 1411 4006 Qua
1444 3959 1544 4012 spe
1576 3958 1752 4014 ange-

90 4037 256 4093 licus
285 4033 501 4090 chorus
531 4031 602 4088 ad
635 4031 933 4086 modicum
992 4029 1370 4098 exhilaratus,
1435 4047 1538 4086 nec
1568 4047 1752 4096 mora,

89 4142 162 4182 ex
197 4125 373 4196 lapsu
403 4120 561 4193 ipius
594 4119 852 4176 hominis
883 4118 970 4174 {iit
1015 4119 1418 4175 conturbatus.
1448 4119 1610 4175 Unde
1660 4119 1756 4175 ille

88 4229 312 4271 novem
339 4211 614 4268 ordinum
646 4212 960 4265 concentus
989 4207 1050 4262 in
1110 4207 1283 4264 laude
1325 4208 1610 4264 Creatoris
1668 4225 1758 4264 re-

87 4301 324 4360 mansit
355 4299 750 4372 imperfectus,
783 4299 967 4354 donec
1008 4299 1068 4352 in
1127 4297 1358 4354 Christo
1419 4301 1758 4369 resurgente

88 4389 424 4449 resurrexit
441 4388 751 4461 prolapsus
772 4386 870 4442 ille
888 4386 1302 4459 protoplastus.
1331 4386 1414 4442 Ibi
1446 4391 1760 4460 augmento

90 4482 193 4538 sui
230 4478 462 4551 collegii
493 4483 550 4534 et
573 4476 797 4532 meliori
831 4493 932 4548 spe
989 4475 1290 4547 angelicus
1343 4476 1628 4531 exercitus
1659 4492 1760 4548 ga-

1858 3408 2126 3481 egregius
2149 3407 2208 3460 in
2242 3403 2403 3460 nullo
2425 3421 2458 3459 a
2478 3403 2639 3459 vobis
2661 3408 2751 3458 est
2772 3403 3186 3472 detrahendus,
3207 3403 3346 3476 quia
3364 3403 3497 3472 ﬁde,

1856 3497 2121 3553 doctrina
2151 3499 2208 3548 et
2237 3494 2351 3548 vita
2380 3491 2728 3564 praecipuus,
2763 3507 2868 3546 nec
2894 3493 2966 3547 ad
2998 3492 3259 3548 dextram
3286 3507 3391 3548 nec
3425 3489 3498 3546 ad

1858 3586 2159 3642 sinistram
2182 3581 2494 3653 aliquando
2531 3579 2845 3635 declinavit
2865 3597 2900 3635 a
2919 3585 3076 3637 recta
3106 3579 3217 3649 via,
3250 3596 3355 3635 nec
3385 3583 3503 3635 ter-

1859 3676 2050 3731 minos
2079 3689 2224 3744 quos
2254 3671 2452 3726 Patres
2483 3673 2806 3742 posuerunt
2835 3673 2924 3725 est
2951 3674 3380 3742 transgressus,
3401 3685 3506 3725 nec

1859 3763 2199 3836 leopardum
2224 3759 2447 3816 curavit
2464 3759 2728 3828 deﬁnire,
2752 3759 2855 3815 sed
2877 3759 3141 3832 regulam
3163 3759 3512 3815 discretione

1861 3855 2092 3927 plenam
2125 3849 2431 3907 cmnobitis
2453 3849 2700 3904 tradere.
2759 3850 2822 3903 In
2850 3865 2967 3921 qua
2998 3853 3054 3904 et
3100 3849 3149 3904 si
3206 3848 3512 3932 constituit

1863 3959 2029 3999 esum
2063 3940 2329 3996 carnium
2363 3937 2698 4005 inﬁrmis,et
2719 3937 3021 3994 femoralia
3039 3937 3099 3992 in
3131 3937 3338 3993 itinere
3361 3936 3514 4010 posi-

1863 4033 1938 4088 tis
1971 4031 2124 4087 absit
2181 4033 2378 4084 tamen
2437 4031 2500 4082 ut
2559 4026 2942 4084 arbitraretur
2985 4027 3106 4083 haec
3164 4028 3279 4082 duo
3311 4027 3513 4099 pejora

1864 4138 1992 4178 esse
2014 4117 2599 4188 fornicatione,quam
2623 4115 2867 4187 quidam
2883 4115 3224 4172 vestratium
3241 4117 3384 4172 adeo
3405 4115 3518 4172 sibi

1865 4209 2204 4274 defendunt,
2238 4211 2303 4262 ut
2332 4205 2562 4278 publice
2592 4206 2854 4277 proﬁteri
2887 4222 2991 4262 nec
3041 4207 3391 4263 erubescant
3417 4222 3521 4263 nec

1867 4303 2154 4367 metuant,
2185 4295 2301 4352 tale
2359 4311 2487 4351 esse
2544 4295 2838 4363 fornicari,
2900 4295 3071 4368 quale
3129 4300 3216 4353 est
3263 4294 3523 4368 quolibet

1870 4406 2043 4461 pomo
2075 4386 2225 4442 vesci
2259 4389 2315 4440 et
2345 4384 2503 4439 reﬁci
2529 4383 2541 4438 Ι
2579 4384 2741 4440 Unde
2771 4389 2828 4440 et
2857 4385 3210 4441 fornicantes
3255 4383 3522 4441 Sarabai-

1868 4483 1958 4534 tas
1989 4478 2340 4533 venerantur
2370 4490 2382 4528 :
2422 4473 2800 4529 femoralibus
2854 4489 2986 4529 vero
3045 4478 3101 4529 et
3126 4474 3428 4529 ’carnibus
3458 4472 3517 4528 in

88 4570 290 4636 visus,
325 4568 383 4624 in
417 4583 632 4623 novum
671 4583 693 4613 ι
726 4564 972 4620 Alleluia
1007 4588 1033 4612 ››
1065 4565 1433 4621 consurrexit
1489 4568 1672 4633 totus,
1705 4567 1763 4620 et
1870 4567 2214 4624 necessitate
2245 4565 2473 4619 utentes
2503 4561 2822 4617 coenobitas
2861 4562 3099 4618 omnino
3129 4562 3517 4617 detestantur.

90 4661 154 4715 in
192 4674 268 4714 eo
298 4659 520 4728 perstat
550 4656 812 4710 devotus.
864 4656 1048 4720 Quem
1106 4658 1162 4708 et
1212 4670 1316 4709 nos
1372 4670 1476 4725 pro
1522 4652 1762 4709 modulo
1793 4673 1840 4737 Β
1872 4656 1984 4713 Sed
2011 4655 2150 4728 quid
2184 4652 2324 4708 dicit
2346 4651 2641 4706 Proheta‘?
2671 4673 2699 4700 ‹‹
2741 4652 2827 4708 Vw
2860 4651 2952 4706 his
3012 4650 3112 4723 qui
3163 4649 3368 4706 dicunt
3406 4650 3511 4707 ho-

93 4751 312 4805 nostro
342 4744 662 4810 imitantes,
698 4760 731 4798 a
759 4742 1225 4815 Septuagesima,
1286 4744 1522 4814 quando
1562 4743 1766 4814 lapsus
1877 4762 2019 4802 num
2048 4742 2295 4813 malum,
2330 4746 2387 4796 et
2446 4740 2667 4796 malum
2722 4740 2940 4795 bonum
3001 4740 3151 4812 (Isai.
3209 4757 3264 4809 v,
3321 4740 3452 4812 20)l
3491 4761 3520 4789 »

93 4831 459 4909 protoplasti
491 4833 554 4887 in
586 4830 843 4887 Ecclesia
861 4832 1156 4899 recitatur,
1189 4851 1210 4878 α
1235 4830 1531 4886 Alleluia»
1566 4847 1773 4887 novem
1882 4833 2160 4906 Nunquid
2192 4849 2294 4887 vas
2315 4830 2615 4886 electionis
2637 4830 2844 4885 beatus
2867 4828 3166 4901 apostolus
3190 4828 3407 4885 Paulus
3421 4827 3528 4885 ali-

91 4922 580 4982 hebdomadibus
601 4919 1300 4985 intermittimus,scilicet
1323 4920 1382 4976 in
1407 4920 1645 4992 pascha,
1669 4919 1770 4974 ubi
1879 4925 2013 4982 cubi
2043 4921 2246 4978 deﬁnit
2278 4936 2290 4974 :
2324 4920 2522 4992 Neque
2554 4919 2828 4974 carnibus
2858 4923 2959 4974 aut
2989 4918 3311 4975 femoribus
3359 4921 3532 4975 uten-

92 5013 383 5073 Christus
431 5026 748 5083 resurgens
778 5026 812 5066 a
866 5010 1115 5066 mortuis
1173 5010 1474 5066 tristitiam
1506 5014 1770 5065 nostram
1877 5021 1988 5082 tes,
2025 5027 2269 5083 regnum
2301 5009 2400 5065 Dei
2425 5009 2857 5080 possidebunt?
2877 5008 2985 5072 Qui
3006 5013 3206 5064 tamen
3238 5007 3535 5082 plerisque

94 5105 159 5161 in
187 5101 484 5176 gandlllm
503 5099 768 5168 vertit,“
789 5121 817 5148 (ί
841 5099 1095 5155 Alleluia
1117 5098 1547 5163 "reddit-011M
1571 5097 1773 5168 utique
1880 5105 2024 5161 locis
2055 5102 2425 5157 vehementer
2456 5097 2954 5166 inculcat,dicens
2985 5114 3000 5154 :
3045 5120 3072 5152 α
3103 5097 3294 5157 Nolite
3312 5115 3532 5168 errare;

94 5195 150 5252 si
185 5208 316 5249 non
347 5189 664 5261 aliquando
688 5189 893 5245 Latina
913 5189 1169 5245 Ecclesia
1190 5189 1543 5257 decantaret,
1579 5207 1771 5263 repre-
1882 5209 2070 5264 neque
2101 5187 2370 5255 adulteri,
2403 5203 2590 5258 neque
2623 5185 2851 5252 molles,
2914 5203 3104 5258 neque
3136 5186 3531 5243 masculorum

94 5280 297 5340 bendi
321 5296 354 5335 a
379 5279 544 5335 vobis
566 5294 683 5334 non
704 5279 962 5349 deberet,
986 5294 1118 5333 cum
1145 5281 1341 5332 tamen
1362 5278 1420 5332 in
1444 5294 1553 5332 sua
1572 5278 1774 5352 lingua
1881 5279 2285 5337 concubitores
2304 5292 2552 5347 regnum
2575 5275 3082 5347 Deipossidebunt
3101 5275 3148 5347 (1
3176 5273 3525 5344 Car.vx,20).n

89 5370 352 5430 laudem
400 5367 631 5423 Domini
681 5371 1039 5439 personaret.
1090 5365 1254 5421 Nunc
1310 5365 1387 5420 sit
1423 5364 1534 5421 ista
1581 5371 1773 5423 vestra
1881 5371 2068 5425 item:
2104 5390 2132 5417 «
2167 5365 2564 5421 Fornicatores
2615 5367 2672 5419 et
2705 5363 3001 5420 adulteros
3041 5361 3331 5435 judicabit
3380 5361 3529 5416 Deus

95 5457 402 5534 superbia
443 5457 754 5525 miramur,
807 5473 934 5528 quae
964 5456 1138 5513 latrat
1171 5454 1406 5511 Latinos
1437 5471 1551 5510 non
1592 5457 1772 5528 perti—
1879 5460 2062 5528 (Hebr.
2096 5473 2216 5523 xm,
2243 5454 2321 5524 ἆ).
2358 5475 2384 5502 ››
2419 5454 2572 5508 Etz<<
2608 5453 2791 5509 Omne
2822 5457 3123 5526 peccatum
3139 5451 3530 5523 quodcunque

96 5565 254 5609 nere
289 5547 362 5604 ad
414 5551 617 5615 Deum,
651 5545 700 5601 si
732 5545 1008 5603 Hebraice
1040 5548 1142 5601 aut
1170 5543 1363 5599 Graece
1403 5559 1518 5599 non
1550 5543 1771 5616 persol-
1883 5547 2088 5604 fecerit
2118 5545 2314 5609 homo,
2346 5545 2509 5600 extra
2541 5559 2753 5616 corpus
2785 5547 2907 5599 est:
2933 5541 3032 5612 qui
3059 5544 3259 5596 autem
3289 5537 3532 5597 fornica-

93 5640 257 5700 vant
289 5639 347 5692 et
374 5632 664 5711 hymnum
695 5639 756 5692 et
809 5635 1072 5692 debitum
1103 5633 1384 5702 ofﬁcium,
1426 5648 1561 5688 cum
1594 5632 1770 5689 etiam
1883 5642 2002 5706 tur,
2039 5637 2099 5692 in
2131 5651 2341 5707 corpus
2374 5650 2550 5690 suum
2579 5638 2778 5707 peccat
2805 5637 2855 5705 (Ι
2874 5636 2998 5692 (lor.
3029 5651 3106 5704 vx,
3137 5637 3219 5706 8).
3255 5659 3284 5687 »

95 5727 332 5795 Latina
346 5724 550 5801 lingua
565 5724 964 5799 principaliter
979 5725 1325 5783 conﬁteatur
1338 5720 1771 5796 quiaDominus
1952 5725 2088 5785 LXI.
2122 5739 2848 5783 consrammorommnus.
2882 5727 3135 5799 Azymas
3178 5741 3314 5784 vero
3345 5728 3403 5782 et
3429 5733 3532 5781 σαί

448 5853 712 5918 Panos.
760 5853 1018 5918 CXLIII.
3136 5854 3210 5918 3i
