3876 6362
426 416 536 490 971

1099 415 1578 484 HUMBERTUS
1623 419 1684 480 S.
1733 419 1805 479 R.
1852 417 1924 479 E.
1969 417 2462 480 CARDINALIS.
2495 417 2750 480 —LlB.
2795 415 3129 483 NICETxE.

3722 413 3799 478 972

425 547 646 603 stodias
676 545 1058 603 Sabbatorum
1089 549 1353 620 projicite
1384 552 1614 606 miseris
1641 549 2050 606 Judaeis.Simi-
2078 552 2134 617 Α
2163 552 2336 606 corda
2365 550 2765 606 innocentum.
2802 551 2942 606 Ecce
2972 551 3067 606 his
3094 547 3462 622 specialiter
3491 547 3796 605 Tranensem

425 636 562 692 liter
591 639 648 691 et
674 636 958 692 suifocata
986 637 1250 694 barbaris
1281 640 1647 710 gentibus,ut
1687 640 1900 695 fiamus
1925 639 2058 710 puri

425 739 629 780 omnes
658 723 718 778 in
748 724 1132 781 immaculata
1160 732 1217 781 et
1249 727 1307 781 in
1330 732 1486 782 recta
1515 729 1646 796 tide,
1665 732 1720 782 et
1752 745 1902 782 unus
1923 743 2060 799 grex

427 813 604 868 unius
635 813 884 886 pastoris
913 814 1146 870 Christi.
1181 816 1360 885 Cujus
1389 817 1448 870 in
1482 832 1650 872 cruce
1691 816 1887 870 divino
1918 832 2061 870 san-

429 901 605 973 guine
633 901 922 970 inebriati,
955 902 1264 958 laudamus
1297 904 1426 976 puri
1459 920 1600 975 pure
1630 905 1852 960 Petrem
1887 909 1944 959 et
1975 903 2062 958 Fi-

430 989 576 1044 lium
606 993 662 1045 et
686 989 966 1061 Spiritum
985 997 1256 1046 sanctum
1291 1010 1303 1047 :
1337 993 1606 1047 universa
1625 992 1885 1047 Mosaicae
1917 989 2062 1061 legis

429 1082 486 1132 et
515 1078 586 1132 ab
613 1094 677 1133 eo
706 1079 995 1134 custodita
1025 1079 1493 1149 derelinquentes
1518 1079 1642 1134 sine
1674 1080 1788 1134 Deo
1819 1079 2059 1134 Judaeis.

431 1165 536 1228 Qui
567 1164 724 1220 velut
755 1167 883 1220 0830i
917 1167 1317 1238 perquirentes
1340 1167 1656 1230 Christum,
1689 1167 1885 1222 lumen
1918 1165 2061 1220 ami-

432 1257 652 1319 serunt,
685 1259 1088 1324 permanentes
1148 1255 1207 1309 in
1265 1256 1475 1310 umbra
1532 1255 1684 1310 sicut
1723 1254 2064 1325 insipientes

432 1346 730 1413 perpetuo.

503 1429 666 1484 LXII.
701 1431 1302 1502 Romanusﬁuperius
1325 1432 1780 1486 monstravimus
1811 1430 2062 1502 copiose,

436 1532 542 1572 nec
573 1517 829 1573 Sabbata
857 1518 946 1573 vel
978 1535 1176 1590 azyma
1208 1537 1312 1574 nos
1343 1520 1576 1590 judaice
1607 1521 1928 1585 observare,
1961 1533 2066 1573 nec

436 1605 718 1660 suﬁ‘ocata
765 1605 1053 1678 gentiliter
1107 1608 1478 1674 manducare,
1540 1609 1640 1663 sed
1687 1607 2066 1679 apostolicam

439 1691 898 1764 catholicamque
963 1695 1136 1750 fidem
1195 1696 1590 1768 principaliter
1637 1696 1900 1760 retinere,
1963 1709 2066 1748 nec

438 1780 758 1852 procaciter
787 1782 1048 1853 refugere
1078 1785 1178 1838 sed
1227 1783 1529 1840 humiliter
1559 1785 1754 1856 fugere
1780 1785 1849 1838 ad
1884 1798 2065 1838 unum

439 1870 614 1924 unius
646 1870 862 1924 summi
894 1871 1029 1926 boni
1060 1872 1314 1928 Pastoris
1344 1873 1509 1939 ovile,
1543 1873 1642 1944 qui
1700 1873 1893 1944 posuit
1939 1871 2067 1926 ani-

439 1974 594 2013 mam
625 1974 794 2014 suam
819 1975 922 2030 pro
955 1959 1158 2016 ovibus
1191 1961 1511 2032 suis:quas
1528 1977 1724 2016 vocem
1757 1976 2068 2026 suam,non

436 2047 782 2118 alienorum,
815 2055 1292 2120 recognoscentes
1323 2055 1378 2105 et
1407 2053 1717 2120 sequentes
1748 2065 1918 2103 carne
1965 2064 2074 2102 sua

435 2135 722 2191 instanter
751 2136 907 2191 cibat
937 2141 994 2192 et
1023 2138 1308 2210 sanguine
1365 2143 1544 2210 potat,
1603 2142 1668 2192 ut
1697 2139 1866 2192 corde
1888 2153 1983 2191 ore
2015 2139 2072 2190 et

438 2239 609 2295 opere
639 2223 973 2280 collaudent
1029 2231 1292 2281 sanctam
1349 2234 1405 2281 et
1436 2226 1792 2280 individuam
1824 2225 2070 2278 'I‘rinila-

438 2316 580 2366 tem.
632 2311 794 2367 Unde
851 2329 1026 2384 super
1077 2313 1276 2368 omnia
1331 2315 1598 2370 dolemus
1655 2319 1876 2369 veteres
1908 2312 2071 2367 anias

438 2403 631 2454 vestro
665 2399 736 2454 de
766 2399 1042 2470 pulmone
1070 2401 1352 2456 hactenus
1401 2418 1515 2456 non
1564 2402 1824 2472 potuisse
1855 2398 2066 2455 revelli.

442 2485 524 2542 De
553 2486 768 2557 quibus
790 2486 849 2541 in
879 2489 1118 2544 Actibus
1141 2488 1532 2560 apostolorum
1555 2489 1769 2543 dicitur
1804 2505 1816 2543 :
1851 2511 1877 2538 «
1907 2487 2072 2542 Athe-

438 2574 672 2630 nienses
701 2576 774 2630 ad
805 2574 949 2630 nihil
973 2575 1131 2631 aliud
1162 2577 1463 2641 vacabant,
1499 2577 1609 2632 nisi
1641 2576 1941 2632 addiscere
1971 2579 2072 2629 ant

435 2661 636 2718 audire
665 2662 885 2734 aliquid
920 2665 1046 2720 novi
1079 2666 1213 2733 (Act.
1241 2682 1378 2732 xvn,
1409 2666 1520 2735 21).
1546 2688 1570 2713 ››
1595 2665 1703 2720 Sed
1727 2665 1854 2735 jam
1885 2664 2070 2735 profa-

433 2768 540 2808 nas
567 2768 775 2808 vocum
806 2753 1091 2808 novitates
1111 2753 1704 2819 devitando,veterem
1738 2752 2068 2824 pelliculam

431 2840 778 2912 quantocius
809 2841 1060 2912 abjicite,
1094 2859 1186 2909 ne,
1219 2843 1375 2914 quod
1427 2842 1581 2898 absit
1612 2841 1624 2895 i
1655 2842 1882 2897 dicatur
1909 2839 2070 2896 vobis

431 2929 641 3000 Sponsi
669 2945 806 2984 voce
840 2946 852 2983 :
889 2952 916 2980 «
950 2930 1007 2984 Si
1037 2930 1270 3001 ignoras
1299 2935 1374 2995 te,
1407 2931 1676 3000 egredere
1706 2933 1762 2984 et
1793 2929 1887 2984 abi
1938 2931 2070 3000 post

428 3016 674 3088 vestigia
701 3021 1030 3088 gregum,et
1049 3033 1218 3088 pasce
1243 3017 1439 3072 haedos
1468 3023 1602 3073 tuos
1633 3018 1812 3087 (Cant.
1847 3035 1885 3082 ι,
1916 3017 1972 3086 7)
1997 3031 2010 3070 :
2037 3036 2065 3063 ››

430 3103 563 3159 illos
615 3103 838 3160 scilicet
894 3121 1040 3176 quos
1091 3106 1214 3176 ipse
1282 3109 1479 3176 pastor
1532 3106 1592 3160 in
1652 3106 1765 3159 ﬁne
1820 3122 1854 3160 a
1912 3108 2066 3160 sorte

429 3191 744 3248 humilium
778 3192 971 3248 ovium
1003 3197 1270 3264 separat;
1303 3193 1461 3264 quia,
1515 3193 1710 3248 lascivi
1742 3197 1799 3248 et
1855 3191 2065 3264 petulci

428 3279 524 3334 hic
553 3297 615 3336 se
643 3281 696 3336 vi
728 3281 1011 3351 superbiae
1041 3281 1290 3338 exaltare
1320 3298 1435 3336 non
1468 3285 1715 3336 cessant.

497 3367 688 3424 LXIII.
721 3367 938 3423 Deinde
958 3367 1007 3423 si
1028 3368 1293 3424 universa
1324 3368 1584 3424 Mosaicae
1607 3368 1750 3440 legis
1783 3367 2058 3440 relinqui-

426 3473 560 3512 mus
589 3455 828 3522 Judzeis,
860 3456 1019 3512 nulla
1050 3457 1326 3513 honestas
1358 3462 1460 3512 aut
1490 3457 1766 3512 sanctitas
1796 3473 2058 3512 remane-

425 3545 512 3602 bit
540 3545 730 3613 nobis,
763 3561 868 3600 ceu
899 3561 966 3600 ex
996 3545 1395 3618 superioribus
1427 3544 1759 3616 recolligere
1793 3545 2054 3616 potestis.

425 3633 850 3704 Relinquantur
905 3637 1040 3706 ergo
1070 3633 1154 3689 eis
1197 3633 1320 3688 sola
1349 3633 1606 3689 carnalia
1654 3633 1948 3701 mandata,
2001 3636 2055 3688 et

422 3725 693 3776 sanctum
723 3719 1015 3788 saeculare,
1062 3720 1123 3778 in
1181 3721 1396 3792 quibus
1457 3721 1588 3776 caeci
1620 3726 1886 3792 quaerunt
1915 3719 2054 3792 quid

421 3808 699 3881 invenire,
731 3809 875 3864 dum
907 3809 1177 3864 umbram
1209 3813 1498 3864 sectantes
1546 3808 1816 3864 exsulant
1843 3824 1878 3864 a
1905 3807 2052 3863 luce.

421 3899 484 3954 In
516 3916 634 3972 qua
666 3899 880 3954 umbra
917 3903 1262 3952 numeratur
1307 3902 1365 3952 et
1396 3897 1714 3952 Sabbatum
1769 3899 2051 3964 vestrum,

418 3985 692 4059 Apostolo
721 3986 948 4042 dicente
983 4001 996 4040 :
1035 4007 1055 4034 α
1091 3985 1268 4040 Nemo
1299 4002 1400 4040 vos
1447 3985 1676 4053 judicet
1705 3983 1764 4038 in
1795 3984 1922 4038 cibo
1955 3987 2056 4038 aut

422 4079 562 4146 potu
595 4078 694 4130 aut
721 4074 781 4128 in
813 4077 974 4144 parte
1003 4073 1119 4127 diei
1139 4073 1292 4142 festi,
1316 4077 1417 4127 aut
1445 4071 1760 4127 neomenize
1781 4077 1882 4126 aut
1911 4072 2054 4127 Sab-

423 4162 716 4230 batorum,
774 4177 903 4232 quae
973 4165 1114 4215 sunt
1169 4161 1378 4216 umbra
1445 4160 1772 4216 futurorum
1829 4159 2050 4232 (Coloss.

420 4269 482 4318 ιι,
517 4251 626 4322 16).
660 4271 689 4299 ››
720 4249 892 4304 Porro
922 4247 1072 4304 sicut
1101 4248 1224 4304 sine
1257 4250 1368 4304 Deo
1415 4253 1552 4304 sunt
1607 4249 1815 4315 Judaei,
1875 4249 1959 4305 sic
1997 4254 2056 4305 et

419 4355 624 4396 omnes
653 4337 926 4394 haeretici.
959 4337 1173 4392 Verum
1229 4353 1300 4392 ne
1330 4337 1470 4408 quid
1517 4337 1594 4393 sit
1623 4337 1838 4404 minus,
1897 4338 2052 4409 quod

418 4428 684 4500 sequitur
713 4427 1107 4483 attendamus.

485 4516 668 4574 LXIV.
696 4515 1428 4572 CONSTANTINOPOLITANUS.
1465 4517 1589 4571 Haec
1618 4519 1812 4572 autem
1839 4515 2050 4586 hujus-

2166 636 2506 707 episcopum
2533 638 2840 705 Joannem,
2865 637 2959 691 cui
2982 635 3126 692 talia
3159 635 3536 708 scripsistis,
3562 634 3798 708 alloquen-

2167 730 2254 779 tes
2282 725 2406 780 oleo
2427 725 2747 796 peccatoris
2769 730 2945 796 caput
2973 725 3104 795 ejus
3128 723 3538 797 impinguare
3559 727 3796 796 satagitis,

2167 813 2424 868 dicentes
2451 830 2462 868 :
2497 835 2525 863 «
2553 817 2686 868 Haec
2718 817 2915 869 autem
2947 812 3308 882 hujusmodi
3346 811 3662 868 multoties
3709 831 3797 870 cum

2169 901 2380 972 populo
2411 917 2732 972 agnoscens
2778 901 3031 956 docuisti
3087 917 3210 969 eos,
3266 905 3333 956 et
3366 905 3677 956 correctus
3703 903 3799 956 scri-

2171 989 2338 1060 psisti
2361 989 2563 1044 multis
2584 989 2838 1045 similem
2863 989 3374 1045 consuetudinem
3401 989 3758 1046 habentibus.
3782 1017 3797 1038 is

2171 1079 2279 1133 Sed
2314 1094 2418 1132 nos
2449 1094 2480 1133 e
2501 1077 2788 1133 contrario
2820 1093 2924 1150 per
2949 1079 3340 1133 Salomonem
3367 1075 3635 1133 dicimus
3659 1078 3798 1133 vobis.

2177 1185 2198 1213 ι
2233 1166 2308 1220 Os
2341 1167 2495 1236 quod
2526 1166 2827 1230 mentitur,
2859 1166 3075 1222 occidit
3103 1165 3386 1221 animam
3418 1166 3576 1237 (Sap.
3609 1183 3646 1232 ι,
3676 1167 3796 1234 11);:

2173 1255 2367 1325 Neque
2395 1255 2550 1310 enim
2583 1254 2856 1326 praefatus
2885 1254 3199 1324 episcopus
3251 1258 3572 1309 correctus
3621 1271 3655 1308 a
3678 1254 3798 1308 vobis

2173 1342 2483 1413 aliquando
2513 1340 2655 1396 talia
2685 1339 2968 1412 populum
2989 1341 3189 1396 docuit
3221 1344 3334 1397 aut
3357 1341 3645 1412 cuiquam
3667 1357 3799 1413 super

2175 1430 2266 1485 his
2297 1429 2548 1501 scripsit.
2580 1429 2744 1494 Quod
2803 1428 2852 1484 si
2883 1428 3140 1497 fecisset,
3205 1433 3528 1484 correctus
3586 1445 3620 1483 a
3667 1429 3797 1483 nobis

2175 1519 2399 1584 fuisset,
2433 1534 2536 1572 cur
2555 1520 2856 1588 correptus
2881 1533 2994 1572 non
3021 1521 3223 1572 autem
3255 1521 3573 1572 correctus
3597 1534 3630 1572 a
3654 1516 3796 1582 vobis,

2174 1606 2314 1661 talia
2345 1605 2814 1678 praesumpsisset
2844 1605 2872 1659 ‘2
2901 1605 3013 1660 Sed
3047 1603 3149 1660 ille
3179 1604 3629 1678 qualiscunque
3669 1605 3736 1661 sit
3757 1605 3798 1660 in

2176 1711 2364 1766 Opere,
2397 1711 2576 1749 sanus
2605 1699 2800 1748 tamen
2831 1694 3119 1749 hactenus
3148 1693 3384 1749 exstitit
3427 1695 3490 1749 in
3523 1693 3799 1750 orthodoxa

2175 1784 2288 1838 fide
2291 1785 2460 1853 juxta
2479 1783 2858 1852 capacitatem
2879 1798 3000 1836 suae
3017 1780 3798 1854 intelligentiae.Unde,nullis

2172 1871 2380 1926 vestris
2409 1869 2909 1926 susurrationibus
2940 1869 3565 1940 acquiescens,adhuc
3593 1886 3814 1951 persua-l

2175 1959 2296 2015 deri
2330 1976 2443 2014 non
2476 1957 2662 2029 potuit
2692 1963 2757 2013 ut
2787 1958 2965 2013 alicui
2997 1959 3379 2014 sacerdotum
3441 1958 3551 2015 has
3605 1964 3798 2014 vestras

2179 2047 2396 2103 naeniae
2427 2063 2528 2118 pro
2559 2047 2908 2101 correctione
2934 2045 3174 2101 illorum
3196 2051 3255 2101 et
3276 2046 3476 2119 pepuli
3503 2062 3637 2102 cum
3661 2047 3800 2116 adju-

2179 2136 2402 2190 toribus
2433 2135 2706 2189 mitteret.
2741 2135 2806 2188 Et
2835 2135 2960 2206 ipse
2989 2151 3111 2190 non
3145 2133 3334 2190 solum
3355 2134 3582 2190 nullam
3601 2151 3800 2191 meroe-

2179 2226 2307 2279 dem
2346 2225 2401 2277 in
2431 2223 2524 2278 his
2563 2223 2803 2279 haberet
2831 2223 3210 2294 sed-insuper
3227 2223 3440 2294 gradus
3472 2223 3565 2277 sui
3596 2223 3800 2294 pericu-

2179 2313 2300 2368 lum
2330 2313 2667 2366 incurreret.
2699 2311 2802 2366 Cui
2831 2312 3036 2376 etiam.
3068 2312 3120 2366 si
3149 2311 3313 2368 vobis
3331 2311 3393 2366 in
3412 2313 3626 2366 vestris
3645 2311 3796 2383 nugis

2179 2401 2429 2466 obediat,
2479 2399 2636 2454 aliud
2687 2398 2973 2454 mercedis
3004 2397 3369 2470 repromittis
3410 2417 3424 2454 :
3474 2397 3693 2454 scilicet
3715 2414 3794 2454 vos

2179 2489 2432 2544 secundo
2463 2487 2514 2542 ei
2545 2485 2827 2558 scriptum
2861 2487 2945 2541 ire
2975 2488 3206 2558 majora
3234 2489 3296 2542 et
3335 2485 3676 2558 perfectiora
3700 2487 3791 2552 his,

2176 2592 2310 2630 vera
2337 2575 2470 2630 fidei
2491 2576 2841 2641 ostensione,
2865 2591 2932 2630 ac
2957 2576 3336 2632 firmamento
3363 2575 3792 2647 animarum,pro

2177 2664 2393 2736 quibus
2423 2661 2690 2718 Christus
2717 2667 2910 2734 posuit
2959 2662 3222 2718 animam
3277 2680 3478 2720 suam.
3524 2664 3584 2720 In
3613 2664 3790 2736 quibus

2175 2753 2343 2824 plane
2375 2751 2680 2823 promissis
2708 2751 3018 2822 antiquum
3041 2752 3224 2808 ritum
3255 2751 3657 2808 hereticorum
3685 2751 3790 2806 reti-

2175 2841 2346 2907 netis,
2379 2856 2626 2909 quorum
2657 2856 2847 2895 sermo
2895 2840 3048 2896 sicut
3071 2856 3288 2896 cancer
3337 2841 3546 2913 serpit,
3573 2845 3622 2897 et
3646 2839 3786 2912 polli-

2175 2935 2337 2984 cetur
2364 2928 2609 2983 curiosis
2640 2928 2941 3000 fastigium
2981 2930 3252 3000 perfectae
3285 2929 3571 2998 scientiae,
3599 2933 3659 2984 ut
3681 2944 3785 3000 per-

2174 3016 2366 3071 trahat
2395 3017 2466 3070 ad
2509 3016 2849 3070 barathrum
2901 3020 3174 3072 extermm
3226 3016 3524 3074 stultitiae.
3571 3017 3782 3081 Quorum

2172 3106 2490 3160 vanitatem
2539 3104 2838 3174 Sapientia
2865 3103 2965 3160 Dei
2999 3121 3104 3177 per
3158 3103 3545 3162 Salomonem
3599 3104 3784 3178 preprie

2174 3193 2581 3249 demonstrans
2612 3193 2728 3248 ait:
2763 3215 2791 3242 «
2823 3191 3030 3248 Mulier
3053 3193 3240 3249 stulta
3255 3197 3316 3249 et
3343 3193 3784 3266 clamosa,plena-

2091 3265 2134 3332 C
2173 3297 2286 3351 que
2317 3279 2624 3346 illecebris,
2656 3285 2714 3335 et
2741 3279 2890 3335 nihil
2921 3281 3164 3337 omnino
3207 3281 3434 3350 sciens,
3467 3265 3698 3340 sedetis
3722 3281 3784 3334 fo-

2170 3369 2332 3424 ribus
2361 3369 2572 3423 domus
2605 3385 2742 3434 sum,
2770 3369 2831 3423 in
2872 3367 3100 3425 excelso
3155 3369 3328 3426 urbis
3389 3370 3544 3436 loco,
3573 3374 3632 3426 ut
3655 3372 3784 3425 vocet

2166 3462 2534 3514 transeuntes
2568 3474 2668 3529 per
2687 3457 2934 3524 viam,et
2963 3461 3274 3531 pergentes
3299 3458 3522 3516 itinere
3550 3458 3782 3522 suo.0uis

2165 3550 2254 3602 est
2283 3544 2597 3617 parvulus?
2613 3545 2866 3600 declinet
2892 3547 2966 3600 ad
2999 3547 3189 3602 me.Et
3216 3548 3458 3604 vecordi
3492 3547 3674 3604 locuta
3689 3550 3783 3602 est:

2163 3636 2338 3705 Aquae
2368 3633 2589 3688 furtivae
2619 3633 2908 3688 dulciores
2939 3637 3100 3700 sunt,
3131 3639 3192 3690 et
3221 3635 3404 3707 panis
3446 3635 3785 3692 absconditus

2164 3721 2416 3778 suavior.
2450 3722 2521 3776 Et
2551 3720 2843 3793 ignoravit
2871 3723 3027 3794 quod
3063 3723 3338 3795 gigantes
3372 3724 3456 3780 ibi
3489 3727 3641 3792 sunt,
3669 3725 3718 3778 et
3741 3719 3786 3776 in

2165 3809 2488 3882 profundis,
2517 3809 2728 3864 inferni
2759 3809 3009 3866 οοηνίνω
3045 3811 3176 3882 ejus
3206 3812 3403 3881 (Prov.
3439 3829 3514 3876 Ix,
3547 3810 3740 3878 43-18).
3766 3829 3786 3854 ιε

2162 3899 2266 3953 Ηίο
2297 3897 2466 3970 plane
2488 3897 2581 3952 hic
2602 3897 2780 3952 vestri
2801 3898 3005 3954 efﬁcax
3027 3899 3294 3970 depictor
3321 3905 3440 3967 est,
3464 3899 3562 3972 qui
3592 3899 3786 3970 majora

2161 3992 2217 4042 et
2247 3985 2588 4057 perfectiora
2607 3987 2677 4040 ad
2709 3987 3102 4042 ostensionem
3125 3987 3264 4042 ﬁdei
3285 3992 3350 4044 et
3383 3990 3787 4045 firmamentum

2161 4075 2492 4130 animarum
2505 4073 2861 4146 pollicemini
2874 4075 3170 4131 invitando
3183 4077 3474 4148 parvulos
3485 4075 3790 4134 etvecordes

2161 4163 2234 4218 ad
2265 4179 2429 4234 aqua;
2462 4163 2684 4217 furtivas
2715 4162 3110 4230 dulcedinem,
3143 4169 3204 4219 et
3261 4168 3446 4236 panis
3495 4161 3788 4222 absconditi

2161 4252 2528 4307 suavitatem.
2561 4250 2708 4306 Vere
2739 4251 2979 4307 omnino
3009 4268 3166 4324 aqua
3197 4253 3425 4310 furtiva
3472 4259 3584 4320 est,
3615 4255 3672 4308 in
3698 4266 3788 4324 qua

2159 4338 2528 4411 rebaptizatis
2558 4339 2792 4395 Latinos
2821 4339 3103 4397 catholice
3124 4340 3488 4414 baptizatos,
3523 4342 3674 4416 quod
3694 4337 3789 4395 nul-

2159 4428 2252 4484 lus
2283 4427 2602 4484 catholicus
2624 4427 2816 4484 adhuc
2833 4429 3212 4502 praesumpsit
3242 4429 3478 4488 scilicet
3495 4436 3562 4487 ut
3581 4427 3788 4502 rebapti-

2157 4520 2315 4573 zaret
2344 4515 2592 4587 aliquos,
2624 4515 2684 4571 in
2717 4516 2953 4572 nomine
2975 4521 3190 4573 sanctae
3223 4519 3547 4576 Trinitatis
3577 4519 3648 4576 ab
3671 4515 3785 4590 ipsis

410 4605 569 4662 modi
603 4605 902 4662 multoties
926 4609 982 4660 et
1011 4605 1134 4677 ipse
1163 4621 1297 4660 cum
1330 4603 1544 4676 populo
1573 4621 1896 4676 agnoscens
1947 4605 2048 4661 do-
2081 4625 2128 4690 D
2159 4605 2333 4662 etiam
2362 4603 2648 4660 haereticis
2680 4604 3026 4676 baptizatos.
3052 4610 3202 4662 Vere
3231 4608 3488 4665 omnino
3521 4610 3594 4665 ad
3625 4605 3784 4663 nescio

413 4695 583 4752 cuisti
609 4711 728 4764 eos,
763 4697 819 4750 et
837 4698 1130 4750 correctus
1160 4693 1442 4766 scripsisti
1475 4692 1674 4748 multis
1704 4693 1879 4750 talem
1912 4709 2052 4749 con-

413 4783 787 4839 suetudinem
817 4781 1190 4838 habentibus.
1212 4783 1280 4836 Et
1311 4787 1377 4837 ut
1401 4781 1616 4837 habeas
1647 4780 1896 4837 salutem
1928 4781 2048 4837 ani-

417 4887 527 4925 mai
556 4875 688 4936 tuas,
725 4869 888 4924 mitte
919 4868 1279 4940 principibus
1311 4871 1677 4926 sacerdotum
1691 4875 1747 4926 et
1777 4871 2049 4926 sacerdo-

418 4957 602 5022 tibus,
634 4960 691 5010 et
718 4957 926 5026 adjura
955 4961 1018 5010 ut
1073 4973 1174 5028 per
1202 4958 1323 5014 haec
1370 4959 1592 5027 seipsos
1651 4959 1945 5029 corrigant
1994 4964 2052 5014 et

419 5041 702 5117 populum
735 5045 800 5096 ut
853 5045 1175 5099 mercedem
1206 5049 1261 5101 et
1288 5047 1348 5100 in
1381 5047 1510 5100 istis
1566 5046 1835 5100 habeant.
1895 5047 1962 5100 Et
1999 5047 2047 5101 si

418 5131 529 5187 hoc
553 5129 828 5195 feceritis,
851 5147 1108 5201 propono
1129 5137 1186 5188 et
1205 5151 1308 5205 per
1328 5134 1646 5190 secundam
1677 5133 2047 5202 scriptionem

419 5221 644 5292 majora
693 5221 748 5272 et
803 5220 1142 5289 perfectiora
1169 5221 1262 5276 his
1293 5222 1544 5278 scribere
1579 5218 1680 5274 tibi
1730 5220 1862 5274 fidei
1916 5238 2048 5276 vera

413 5309 746 5366 ostensione
773 5309 830 5362 et
858 5307 1223 5364 firmamento
1279 5309 1632 5370 animarum,
1673 5323 1776 5378 pro
1835 5307 2048 5378 quibus

413 5396 682 5452 Christus
713 5395 908 5468 posuit
931 5397 1191 5452 animam
1223 5412 1411 5451 suam.

483 5483 642 5538 LXV.
677 5484 976 5540 Romanus.
1015 5486 1058 5540 Ο
1113 5483 1222 5538 viri
1263 5483 1500 5549 cordati,
1562 5483 1896 5554 perpendite
1951 5483 2044 5540 hic

421 5574 479 5624 et
508 5575 699 5624 cavete
730 5571 1127 5628 haereticorum
1155 5571 1424 5627 callidam
1455 5571 1886 5644 subreptionem
1907 5591 1919 5639 ;
1944 5574 2044 5644 qui

415 5669 520 5748 per
575 5655 1004 5718 benedictiones
1059 5662 1118 5718 et
1153 5658 1354 5724 dulces
1397 5676 1693 5722 sermones
1759 5660 2046 5748 seducunt

2161 4710 2334 4766 quem
2365 4709 2576 4764 panem
2607 4693 3016 4749 absconditum
3041 4693 3584 4769 invitatis,quando
3600 4695 3788 4752 vivitis:

2161 4787 2218 4838 et
2247 4780 2528 4837 terribilia
2547 4786 2913 4838 sacramenta
2939 4783 3204 4856 corporis
3235 4788 3296 4840 et
3329 4786 3650 4859 sanguinis
3675 4784 3784 4840 Jesu

2159 4868 2368 4925 Christi
2393 4869 2652 4942 profanis
2683 4869 2930 4940 pedibus
2959 4871 3342 4929 conculcatis.

2235 4957 2414 5013 LXVI.
2451 4957 2710 5012 limccine
2741 4964 2881 5014 sunt
2910 4959 3011 5015 illa
3069 4961 3295 5032 majora
3323 4966 3386 5018 et
3449 4963 3783 5037 perfectiora,

2158 5053 2222 5102 ut
2253 5051 2413 5102 tanta
2433 5047 2646 5102 oblatio
2704 5047 3043 5118 imponatur
3073 5049 3264 5116 altari,
3298 5058 3537 5122 quanta
3575 5053 3786 5124 nequeat

2157 5153 2192 5190 a
2219 5134 2505 5190 ministris
2536 5135 2622 5190 vel
2653 5151 2688 5189 a
2715 5135 2928 5206 populo
2969 5137 3148 5204 sumi,
3212 5141 3269 5193 et
3326 5139 3559 5198 idcirco
3615 5138 3787 5195 debeat

2156 5224 2601 5290 subterrari,aut
2629 5223 2688 5278 in
2722 5229 2964 5295 puteum
2996 5227 3070 5282 ad
3102 5225 3212 5282 hoc
3243 5235 3652 5302 praeparatum
3680 5243 3786 5300 pro-

2146 5311 2251 5382 jici
2279 5311 2306 5366 ‘I
2338 5312 2593 5367 Haeccine
2623 5327 2856 5384 quoque
2885 5317 3028 5368 sunt
3056 5312 3158 5369 illa
3213 5316 3452 5387 majora
3497 5325 3558 5374 et
3595 5317 3788 5390 perfec-

2153 5399 2322 5467 tiora,
2355 5405 2422 5453 ut
2450 5415 2634 5454 novus
2665 5399 2912 5456 maritus
2942 5404 3000 5456 et
3027 5403 3249 5458 recenti
3279 5405 3492 5462 carnis
3525 5405 3784 5478 voluptats

2154 5485 2444 5542 resolutus
2475 5491 2533 5542 et
2561 5491 2720 5543 totus
2741 5487 3042 5545 marcidus
3072 5489 3292 5547 Christi
3331 5493 3652 5570 =ministret
3677 5490 3783 5548 alta-

2153 5575 2339 5642 ribus,
2369 5579 2426 5630 et
2453 5577 2525 5631 ab
2556 5576 2684 5647 ejus
2716 5575 3092 5633 immaculato
3124 5595 3371 5652 corpore
3411 5583 3782 5640 sanctiﬁcatas
3822 5609 3823 5642 1

2153 5677 2364 5722 manus
2383 5663 2688 5730 confestim
2700 5664 2771 5723 ad
2793 5664 3114 5728 muliebres
3134 5669 3459 5736 transferat
3469 5665 3784 5746 amplexus?
3821 5691 3823 5736 λ
