3876 6354
25 460 132 522 973

1351 465 1670 527 CONTRA
1715 465 2073 526 LATINOS.

3292 467 3409 526 9'14

25 593 273 649 [-Izeccine
304 597 442 649 sunt
473 593 571 649 illa
598 595 961 666 perfectiora,
995 600 1059 651 ut
1090 596 1432 652 mulieribus
1490 598 1654 654 Chri-
1683 601 1736 666 Α
1767 599 1935 668 peius
1968 598 2045 652 sit
2077 599 2395 654 monachos
2433 599 2814 654 femoralibus
2855 598 3016 652 indui
3065 600 3121 652 et
3142 596 3416 653 carnibus

25 681 220 737 stianis
249 682 306 737 in
341 688 510 754 partu
563 683 654 738 vel
713 683 773 738 in
833 690 1136 740 menstruo
1195 685 1660 757 periclitantibus

26 771 343 825 :ommunio
367 772 733 843 degenetur?
764 777 864 827 aut
895 775 1138 846 paganis
1188 775 1520 846 baptismus
1571 775 1660 829 in-

25 860 446 915 .erdicatur?et
477 860 742 932 parvulis
798 862 1101 917 morituris
1158 869 1293 918 ante
1352 870 1480 920 octo
1539 864 1661 919 dies

25 949 363 1017 'egeneratio
396 966 501 1020 per
531 966 747 1020 aquam
780 954 836 1005 et
866 950 1151 1022 Spiritum
1197 957 1467 1007 sanctum
1527 954 1663 1008 sub-

33 1035 307 1092 rahatur?
342 1038 407 1093 In
439 1054 554 1109 quo
587 1039 791 1110 utique
834 1039 1189 1095 crudeliores
1245 1040 1489 1104 Herode,
1547 1058 1662 1096 non

33 1128 241 1178 autum
275 1124 334 1178 in
369 1142 608 1197 corpore
641 1127 739 1181 sed
773 1130 830 1181 et
867 1126 926 1181 in
987 1127 1187 1182 anima
1241 1128 1499 1198 quotidie
1545 1132 1666 1182 tru-

25 1210 218 1267 :idatis
265 1214 640 1284 parvulorum
698 1215 1192 1272 innumerabilem
1242 1216 1548 1288 pepulum,
1609 1219 1664 1271 et

25 1300 314 1357 lestinatis
346 1303 414 1358 ad
449 1302 642 1374 ignem
676 1309 981 1360 aeternum.
1007 1303 1285 1376 Nunquid
1305 1305 1482 1360 etiam
1526 1305 1662 1360 inde

31 1392 89 1442 st
123 1391 274 1459 quod
307 1390 560 1446 hominis
590 1392 859 1449 morituri
892 1393 1207 1464 imaginem
1241 1392 1504 1464 affligitis
1526 1410 1657 1448 cru-

28 1477 182 1532 ilixze
214 1479 450 1551 imagini
479 1479 716 1548 Christi,
751 1482 834 1536 ita
868 1486 930 1536 ut
961 1482 1203 1552 quidam
1260 1482 1660 1537 Antichristus

26 1583 51 1618 η
88 1583 261 1623 cruce
291 1568 503 1624 Christi
537 1571 739 1624 sedeat
794 1571 1112 1625 ostendens
1173 1588 1234 1626 se
1294 1571 1659 1626 adorandum

25 1671 276 1726 mquam
309 1657 384 1714 sit
409 1657 562 1714 Deus
584 1660 610 1712 ‘?
641 1657 921 1730 Nunquid
959 1663 1014 1714 et
1036 1658 1183 1716 illud
1217 1659 1351 1715 inde
1382 1663 1471 1715 est
1500 1659 1656 1730 quod

1770 687 1945 754 vesci,
1980 703 2154 758 quam
2187 687 2510 742 fornicari?
2538 687 2750 744 Idcone
2799 685 3073 742 clauditis
3130 684 3422 741 Ecclesiae

1769 776 2103 830 Latinorum
2136 780 2190 830 et
2218 776 2469 847 dirigitis
2511 776 2733 847 scripta
2763 792 2864 846 per
2885 779 3075 830 totum
3101 775 3334 840 urbem,
3357 779 3422 828 ut

1772 865 1844 918 ad
1877 864 1997 918 haec
2028 866 2247 934 majora
2276 871 2335 919 et
2364 865 2711 936 perfectiora
2768 864 3120 935 pertrahatis
3181 880 3423 919 omnem

1772 951 2166 1006 Christianum
2197 948 2476 1025 pepulum
2497 953 2523 1008 ‘?
2545 953 2672 1007 Non
2695 956 2834 1008 sunt
2858 953 2977 1007 haec
2998 952 3141 1008 talia
3153 951 3417 1008 ostensio

1772 1057 1916 1095 verae
1949 1040 2104 1106 fidei,
2138 1043 2236 1096 sed
2271 1041 2600 1097 adinventio
2627 1041 2862 1096 diaboli.
2890 1041 3004 1096 Nec
3045 1044 3186 1096 sunt
3215 1041 3419 1096 ﬁrma-

1773 1133 2062 1193 mentum,
2096 1129 2195 1184 sed
2243 1129 2558 1185 destructio
2617 1129 2966 1185 animarum.
3024 1129 3130 1186 Pro
3191 1128 3413 1201 quibus

1772 1217 2047 1272 omnibus
2071 1216 2285 1285 etaliis,
2309 1220 2462 1288 quod
2494 1219 2735 1289 longum
2755 1223 2842 1274 est
2872 1218 3085 1290 scripto
3108 1218 3408 1290 prosequi,

1772 1306 2094 1374 erroribus,
2129 1307 2240 1361 nisi
2269 1307 2627 1378 resipueritis
2658 1313 2714 1364 et
2756 1308 2929 1379 digne
2983 1306 3407 1374 satisfeceritis,

1771 1393 2146 1449 irrevocabile
2178 1395 2489 1450 anathema
2517 1395 2611 1449 hic
2643 1399 2698 1450 et
2727 1397 2786 1450 in
2817 1396 3009 1450 futuro
3029 1397 3188 1452 eritis
3213 1413 3248 1452 a
3266 1396 3408 1462 Deo,

1773 1489 1830 1536 et
1861 1484 1931 1536 ab
1964 1484 2239 1537 omnibus
2269 1483 2604 1554 Catholicis,
2627 1501 2728 1556 pro
2747 1484 2960 1556 quibus
2991 1485 3255 1542 Christus
3286 1483 3412 1541 ani-

1772 1587 1929 1625 mam
1961 1589 2127 1626 suam
2153 1573 2364 1644 posuit.

1389 1828 1645 1867 EXPLIClT
1697 1827 2019 1868 RESPONSIO.

25 1960 2024 1990 ΖΜ

1560 2089 1848 2151 INCIPIT

880 2263 1788 2368 αυεσευΔΜ
1872 2267 2548 2368 Νιρεῖ-λιι

976 2487 1354 2530 PRESBYTERI
1397 2487 1470 2530 ET
1510 2486 1792 2531 MONACHI
1836 2487 2210 2532 MONASTERII
2250 2488 2457 2531 STUDII

607 2633 1363 2727 LIBELLUS

1465 2633 2055 2729 CONTRA
2151 2633 2789 2728 LATINOS

682 2840 771 2900 Et
798 2840 875 2901 ab
904 2840 1312 2921 apocrisiariz's
1340 2839 1675 2920 apostolica:
1709 2840 1858 2901 sedis
1893 2839 2403 2921 Constantinopoli
2433 2848 2718 2922 repertus.

55 3167 110 3217 Ι.
151 3161 355 3218 Niceta
386 3161 688 3233 presbyter
717 3165 772 3216 et
802 3160 1130 3216 monachus
1162 3160 1504 3216 monasterii
1529 3161 1659 3216 Stu-
1686 3163 1732 3228 B
1765 3161 1933 3217 nobis
1962 3164 2050 3217 est
2080 3159 2637 3217 consubstantialis‘?
2667 3160 2825 3216 Alter
2849 3163 3046 3216 autem
3077 3159 3278 3218 nullus
3313 3166 3406 3220 est

25 3255 252 3317 iorum,
285 3251 385 3322 qui
417 3251 810 3322 praenominor
827 3250 1190 3306 Pectoratus:
1226 3250 1526 3317 Romanis,
1579 3251 1649 3304 de

25 3341 215 3414 :ymis
243 3344 298 3396 et
329 3341 707 3396 sabbatorum
733 3340 979 3410 jejuniis
1012 3344 1068 3394 et
1126 3339 1326 3411 nuptis
1377 3339 1648 3394 sacerdo-

25 3448 142 3486 ιω.
174 3430 335 3484 Bona
355 3433 445 3484 est
475 3428 704 3484 dilectio
720 3429 789 3483 ad
805 3428 1206 3499 proximum,o
1234 3428 1496 3482 omnium
1512 3443 1648 3497 gen-

25 3536 142 3575 um
177 3517 606 3590 sapientissimi
638 3522 693 3572 et
725 3516 1074 3572 nobilissimi
1099 3516 1364 3571 Romani.
1391 3517 1470 3570 Ex
1490 3515 1649 3570 habi-

25 3609 200 3663 [dine
223 3606 380 3662 enim
412 3605 740 3661 dilectionis
771 3606 840 3659 ad
876 3605 1230 3677 proximum,
1252 3608 1310 3660 et
1340 3603 1644 3659 humilitas

26 3697 259 3754 )undat
284 3695 354 3751 ad
387 3711 520 3751 eum
545 3695 644 3766 qui
677 3694 850 3750 habet
879 3693 1062 3750 illam.
1092 3694 1223 3766 Ipsa
1244 3699 1436 3749 autem
1460 3693 1645 3749 abun-

25 3804 140 3844 tns
163 3785 347 3841 efficit
377 3784 720 3856 participem
753 3783 845 3838 sui
878 3783 1074 3838 omnia
1131 3783 1390 3856 diligere,
1449 3782 1647 3838 omnia

26 3874 316 3944 istinere,
349 3878 416 3929 ut
447 3873 525 3929 ait
555 3873 787 3928 divinus
812 3872 1145 3944 Apostolus,
1179 3878 1235 3927 et
1289 3889 1406 3926 non
1455 3870 1646 3926 inﬂari

25 3967 280 4020 [versus
310 3963 643 4035 proximum
666 3979 842 4018 suum
858 3961 1194 4033 aliquando,
1218 3977 1405 4032 neque
1431 3978 1497 4016 ea
1521 3978 1644 4032 quae

25 4054 177 4110 sius
213 4050 398 4108 solius
431 4057 572 4107 sunt
586 4067 863 4122 quaerere,
888 4055 994 4105 aut"
1018 4049 1208 4105 zelum
1221 4050 1436 4106 habere
1449 4051 1646 4105 adver-

39 4161 74 4199 s
114 4157 264 4198 eum
305 4145 362 4196 et
392 4139 832 4196 altercationem
864 4144 920 4194 et
950 4138 1403 4194 aemulationem.
1443 4139 1651 4194 Omnia

26 4233 144 4286 im
175 4230 301 4284 haec
317 4228 687 4284 dilectionem
719 4232 1150 4300 persequuntur
1168 4227 1648 4293 ethumilitatem,

41 4319 297 4376 faciunt
313 4317 612 4372 hominem
636 4335 750 4372 non
775 4317 1101 4374 secundum
1125 4317 1310 4372 Deum
1328 4317 1649 4382 ambulare,

25 4411 67 4466 d
112 4407 458 4464 secundum
491 4406 798 4461 hominum
861 4405 1118 4460 libitum.
1155 4406 1317 4468 Quod
1348 4410 1405 4461 et
1433 4404 1651 4460 Paulus

25 4499 208 4572 guit,
243 4495 475 4551 dicens:
517 4518 538 4544 «ι
573 4496 717 4550 Cum
749 4495 828 4550 sit
858 4494 1009 4550 inter
1028 4512 1128 4550 vos
1151 4494 1308 4550 zelus
1329 4497 1385 4549 et
1410 4500 1647 4550 conten-

1767 3251 1940 3308 nobis
1954 3249 2473 3306 consubstantialis
2487 3242 2782 3322 panis,sed
2798 3248 3408 3321 corpusChristi,quod

1763 3338 2069 3394 consimile
2096 3339 2265 3394 nobis
2296 3344 2386 3394 est
2416 3339 2738 3394 secundum
2763 3353 2996 3393 carnem
3016 3337 3406 3394 humanitatis

1757 3427 1964 3498 ipsius.
1991 3427 2046 3481 Si
2079 3432 2274 3482 autem
2295 3428 2551 3482 animata
2571 3430 2659 3481 est
2676 3431 2885 3481 nostra:
2910 3443 3115 3481 massae
3128 3427 3402 3482 substan-

1756 3515 1838 3570 tia
1867 3533 1982 3587 qua
2010 3515 2265 3571 Verbum
2311 3515 2501 3570 induit
2531 3532 2611 3583 se,
2646 3530 2781 3586 ergo
2813 3531 2927 3569 non
2951 3513 3398 3570 substantialem

1757 3605 1926 3659 nobis
1958 3621 2166 3677 panem
2197 3604 2523 3675 comeditis,
2555 3603 2693 3675 quia
2724 3619 3060 3676 azymorum
3084 3603 3398 3676 participa-

1757 3693 1922 3748 mini.
1956 3696 2169 3764 Azyma
2196 3694 2352 3748 enim
2376 3693 2698 3748 inanimata
2713 3693 3033 3761 sunt,sicut
3057 3693 3185 3765 ipsa
3202 3710 3400 3750 rerum

1758 3787 1970 3838 natura
1989 3781 2245 3838 declarat
2264 3787 2439 3854 atque
2459 3781 2742 3854 liquidius
2763 3783 2979 3838 edocet.
2999 3782 3400 3840 Intermistum

1757 3870 1913 3926 enim
1941 3871 2237 3927 modicum
2270 3871 2619 3927 fermentum
2652 3871 2710 3925 in
2766 3871 2954 3926 farina
3005 3875 3062 3927 et
3089 3871 3401 3928 commista
3457 3939 3460 3942 ,

1758 3959 1894 4026 sibi,
1927 3961 2053 4032 ipsa
2072 3977 2252 4015 unam
2274 3960 2452 4015 efficit
2481 3960 2735 4032 seipsam
2765 3964 3001 4032 propter
3022 3960 3398 4032 fermentum,

1757 4049 1982 4104 vivifica
2015 4049 2268 4120 quadam
2299 4050 2531 4117 virtute,
2563 4053 2619 4104 et
2644 4048 2910 4106 calefacit
2961 4066 3112 4122 eam,
3164 4054 3222 4105 et
3278 4055 3402 4106 tam

1760 4137 2035 4193 mobilem
2069 4155 2247 4209 quam
2273 4139 2457 4194 vivam
2481 4143 2773 4210 operatur.
2806 4139 2967 4202 Quod
2987 4139 3047 4195 in
3071 4155 3275 4212 azymo
3299 4141 3406 4196 fer-

1761 4232 1957 4282 mento
1990 4227 2435 4294 Pharisaeorum,
2470 4229 2627 4299 quod
2661 4228 2913 4302 effugere
2945 4246 3052 4285 nos
3079 4245 3270 4286 sermo
3299 4230 3406 4286 ad-

1762 4321 1980 4385 monet,
2016 4333 2202 4388 neque
2233 4317 2502 4372 effectum
2534 4322 2624 4374 est
2661 4317 3002 4389 aliquando,
3059 4335 3250 4391 neque
3309 4319 3408 4376 fiet

1762 4406 2021 4462 omnino.
2054 4406 2272 4461 Divinas
2305 4406 2460 4461 enim
2488 4408 2674 4462 effecti
2700 4424 2908 4464 sumus
2938 4408 3261 4480 particepes
3299 4425 3404 4464 na-

1761 4496 2111 4565 turae,cujus
2133 4500 2188 4550 ct
2210 4495 2628 4567 participamur
2650 4495 2930 4567 quotidie,
2954 4496 3053 4568 qui
3076 4496 3403 4552 communi-

25 4612 33 4642 ι
79 4592 158 4644 et
181 4585 500 4653 discordia,
520 4600 712 4640 nonne
744 4583 1010 4640 carnales
1042 4585 1205 4649 estis,
1240 4588 1296 4640 et
1327 4583 1651 4638 secundum
1682 4582 1724 4648 C
1763 4587 1942 4639 tatem
1975 4583 2262 4640 habemus
2293 4601 2426 4639 cum
2461 4583 2711 4652 Christo,
2745 4585 2898 4640 sicut
2927 4584 3070 4640 dicit
3115 4589 3171 4640 et
3198 4585 3403 4641 Petrus

26 4677 300 4733 lminem
360 4671 779 4728 ambulatis?»
855 4674 900 4743 (I
958 4673 1078 4728 Cor.
1143 4689 1227 4742 ιιι,
1279 4673 1354 4742 3).
1413 4675 1656 4744 Propter

37 4765 140 4823 od
171 4779 314 4835 rogo
334 4769 594 4818 vestrum
619 4760 1290 4829 charitatem,humiliari
1304 4777 1404 4816 vos
1417 4764 1653 4832 prepter

25 4858 56 4911 :i
108 4856 510 4926 praeceptum,
545 4855 602 4907 et
633 4851 838 4908 audire
871 4868 904 4907 a
936 4851 1106 4906 nobis
1139 4849 1395 4923 indignis
1427 4859 1481 4906 et
1537 4850 1651 4906 mi-

25 4945 197 5001 mis.

25 5037 122 5091 II.
171 5030 559 5102 Requirentes
617 5030 776 5085 enim
797 5029 870 5086 ab
902 5028 1016 5084 illis
1038 5029 1136 5101 qui
1157 5047 1224 5084 ex
1246 5029 1488 5085 diversis
1520 5045 1651 5100 pro-

25 5121 208 5180 ICIIS
244 5121 644 5175 Romanorum
688 5118 1133 5190 peregrinantur
1164 5119 1257 5173 hic
1298 5119 1367 5172 de
1412 5118 1654 5189 azymis,

26 5213 123 5269 .id
175 5210 445 5264 dicemus
472 5209 543 5263 de
566 5208 658 5263 his
691 5208 749 5262 in
790 5207 1100 5262 dilectione
1157 5207 1368 5263 Christi
1400 5208 1472 5261 ad
1508 5225 1605 5262 vos
1628 5207 1654 5260 ‘2

25 5303 68 5359 ii
119 5313 482 5370 azymorum
517 5297 709 5352 adhuc
728 5296 1102 5369 participant,
1135 5298 1244 5351 sub
1276 5297 1485 5351 umbra
1509 5295 1655 5367 legis

25 5411 70 5448 n
90 5395 150 5460 ι,
178 5391 238 5443 et
269 5387 646 5442 Hebraeorum
673 5403 940 5442 mensam
959 5387 1292 5453 comedunt,
1317 5403 1432 5440 non
1460 5389 1654 5440 autem

25 5474 346 5539 .ionalem
391 5482 448 5532 et
503 5475 694 5532 vivam
726 5475 827 5531 Dei
892 5492 1180 5544 mensam,
1214 5480 1271 5529 et
1328 5475 1497 5530 nobis
1555 5473 1656 5544 qui

25 5565 364 5630 :didimus
379 5563 1542 5637 supersubstantialem,quemadmodum
1557 5579 1652 5617 su-

25 5661 198 5718 rius
230 5655 460 5728 exigere
493 5653 1127 5727 supersubstantialem
1161 5653 1313 5708 docti
1339 5668 1545 5708 sumus
1562 5668 1656 5723 pa-

25 5767 135 5809 rn.
187 5744 342 5814 Quid
375 5743 533 5800 enim
567 5747 657 5800 est
705 5741 1313 5816 supersubstantialis,
1373 5741 1488 5800 nisi
1520 5739 1656 5819 quia

1763 4677 1991 4728 vertex:
2029 4695 2054 4722 «
2115 4673 2314 4728 Gratia
2368 4673 2531 4728 vobis
2588 4678 2643 4728 et
2689 4690 2799 4745 pax
2855 4673 3281 4745 multiplicetur
3335 4675 3397 4730 in

1761 4761 2088 4834 cognitione
2109 4761 2293 4832 Dei,et
2308 4762 2448 4818 Jesu
2471 4762 2697 4818 Domini
2728 4763 2911 4818 nostri
2943 4764 2991 4834 (I
3006 4768 3157 4820 Petr.
3193 4781 3233 4833 ι,
3263 4764 3343 4836 2).
3377 4786 3404 4814 ››

1761 4851 1831 4905 Et
1870 4855 2001 4923 post
2037 4867 2258 4922 pauca:
2289 4874 2315 4900 ‹‹
2350 4851 2420 4906 Ut
2475 4869 2578 4923 per
2623 4867 2750 4907 eam
2811 4852 3150 4909 efficiamini
3197 4853 3406 4910 divinae

1761 4940 2071 5012 participes
2119 4944 2337 4995 naturae
2377 4941 2452 5012 (ll
2477 4942 2628 4995 Patr.
2655 4958 2691 5007 ι,
2727 4943 2803 5010 4),
2834 4963 2861 4991 ››
2897 4959 3013 4998 non
3044 4946 3242 4999 autem
3299 4943 3412 5001 fer-

1763 5033 1960 5084 mento
1993 5028 2178 5101 azymi
2218 5029 2654 5085 interfectorum
2714 5030 2835 5086 Dei.
2897 5031 3164 5088 Divinam
3216 5036 3415 5090 autem

1765 5123 2057 5187 naturam,
2092 5118 2361 5190 quisquis
2393 5119 2635 5174 rationis
2667 5123 2756 5174 est
2783 5120 3085 5189 dominus,
3126 5121 3279 5180 dicet
3310 5121 3416 5179 ali-

1765 5208 2000 5277 quando
2035 5225 2298 5280 azymum
2330 5213 2384 5262 et
2416 5213 2714 5263 mortuum
2765 5210 3124 5267 fermentum
3180 5212 3410 5268 Judan-

1767 5314 1918 5363 rum,
1953 5299 2105 5367 quod
2140 5298 2196 5351 in
2225 5297 2506 5353 sacrificio
2536 5315 2637 5353 vos
2668 5299 2784 5353 Deo
2830 5299 3072 5367 offertis,
3135 5299 3286 5370 quod
3346 5299 3406 5353 in

1764 5386 1956 5457 figura
1985 5403 2127 5441 vera)
2157 5390 2213 5440 et
2232 5387 2368 5441 vivae
2389 5387 2582 5442 carnis
2607 5387 2839 5443 Domini
2864 5386 3160 5444 comeditis
3182 5389 3208 5441 Ὺ
3254 5389 3403 5451 Quo-

1767 5475 1940 5534 modo
1972 5474 2269 5547 unilatem.
2284 5475 2576 5532 habebitis
2596 5493 2729 5532 cum
2748 5477 2997 5545 Christo,
3024 5476 3242 5530 vivente
3262 5475 3402 5546 Deo,

1769 5568 2085 5631 mortuum,
2107 5568 2171 5618 ut
2193 5563 2414 5620 dictum
2439 5569 2546 5633 est,
2580 5569 2635 5620 et
2656 5566 3129 5622 infermentatum
3151 5562 3404 5620 fermen-

1767 5655 1892 5707 tum
1924 5653 2320 5723 comedentes,
2346 5653 2512 5726 legis,
2548 5655 2786 5719 umbrae,
2859 5671 2972 5708 non
3004 5651 3140 5706 Novi
3197 5653 3402 5709 Testa-

1766 5739 1972 5799 mentil
2007 5741 2066 5800 Si
2085 5741 2242 5800 enim
2275 5747 2331 5801 et
2360 5743 2468 5802 hoc
2489 5741 2881 5813 dixeritis,sed
2911 5757 3023 5799 non
3074 5738 3156 5798 sic
3202 5757 3266 5800 se
3295 5739 3401 5804 ha-
