  <div class='ocr_page' id='page_1' title='image "/cluster/home/n/w/nwhite01/storage/ocr_20150623/142-143/uc1.31175018423130/1227.png"; bbox 0 0 3876 6372; ppageno 0'>
   <div class='ocr_carea' id='block_1_1' title="bbox 401 398 520 464">
    <p class='ocr_par' dir='ltr' id='par_1_1' title="bbox 401 398 520 464">
     <span class='ocr_line' id='line_1_1' title="bbox 401 398 520 464; baseline -0.05 0"><span class='ocrx_word' id='word_1_1' title='bbox 401 398 520 464; x_wconf 77' lang='grc' dir='ltr'><strong>9Ἱῦ</strong></span> 
     </span>
    </p>
   </div>
   <div class='ocr_carea' id='block_1_2' title="bbox 403 527 2113 602">
    <p class='ocr_par' dir='ltr' id='par_1_2' title="bbox 403 527 2113 602">
     <span class='ocr_line' id='line_1_2' title="bbox 403 527 2113 602; baseline -0.001 -17"><span class='ocrx_word' id='word_1_2' title='bbox 403 531 520 586; x_wconf 91' lang='lat' dir='ltr'><strong>bet.</strong></span> <span class='ocrx_word' id='word_1_3' title='bbox 555 529 751 602; x_wconf 90' lang='lat' dir='ltr'><strong>Inquit</strong></span> <span class='ocrx_word' id='word_1_4' title='bbox 780 529 934 587; x_wconf 89' lang='lat' dir='ltr'><strong>enim</strong></span> <span class='ocrx_word' id='word_1_5' title='bbox 965 531 1210 588; x_wconf 89' lang='lat' dir='ltr'><strong>dilectus</strong></span> <span class='ocrx_word' id='word_1_6' title='bbox 1245 531 1460 588; x_wconf 78' lang='lat' dir='ltr'><strong>Christi</strong></span> <span class='ocrx_word' id='word_1_7' title='bbox 1516 529 1872 601; x_wconf 85' lang='lat' dir='ltr'><strong>discipulus:</strong></span> <span class='ocrx_word' id='word_1_8' title='bbox 1912 551 1939 578; x_wconf 87' lang='lat'><strong>«</strong></span> <span class='ocrx_word' id='word_1_9' title='bbox 1969 527 2029 583; x_wconf 93' lang='lat' dir='ltr'><strong>Si</strong></span> <span class='ocrx_word' id='word_1_10' title='bbox 2057 527 2113 595; x_wconf 83' lang='grc' dir='ltr'>Α</span> 
     </span>
    </p>
   </div>
   <div class='ocr_carea' id='block_1_3' title="bbox 402 619 2035 692">
    <p class='ocr_par' dir='ltr' id='par_1_3' title="bbox 402 619 2035 692">
     <span class='ocr_line' id='line_1_3' title="bbox 402 619 2035 692; baseline -0.001 -16"><span class='ocrx_word' id='word_1_11' title='bbox 402 619 721 676; x_wconf 79' lang='lat' dir='ltr'><strong>dixerimus</strong></span> <span class='ocrx_word' id='word_1_12' title='bbox 752 620 890 692; x_wconf 83' lang='lat' dir='ltr'>quia</span> <span class='ocrx_word' id='word_1_13' title='bbox 909 621 1386 677; x_wconf 82' lang='lat' dir='ltr'><strong>communitatem</strong></span> <span class='ocrx_word' id='word_1_14' title='bbox 1416 621 1700 676; x_wconf 83' lang='lat' dir='ltr'><strong>habemus</strong></span> <span class='ocrx_word' id='word_1_15' title='bbox 1727 636 1859 673; x_wconf 90' lang='lat' dir='ltr'><strong>cum</strong></span> <span class='ocrx_word' id='word_1_16' title='bbox 1887 621 2035 683; x_wconf 88' lang='lat' dir='ltr'><strong>eo,et</strong></span> 
     </span>
    </p>
   </div>
   <div class='ocr_carea' id='block_1_4' title="bbox 400 707 2034 780">
    <p class='ocr_par' dir='ltr' id='par_1_4' title="bbox 400 707 2034 780">
     <span class='ocr_line' id='line_1_4' title="bbox 400 707 2034 780; baseline -0.001 -17"><span class='ocrx_word' id='word_1_17' title='bbox 400 709 461 764; x_wconf 93' lang='lat' dir='ltr'><strong>in</strong></span> <span class='ocrx_word' id='word_1_18' title='bbox 482 709 736 766; x_wconf 81' lang='lat' dir='ltr'><strong>tenebris</strong></span> <span class='ocrx_word' id='word_1_19' title='bbox 765 710 1157 778; x_wconf 90' lang='lat' dir='ltr'><strong>ambulamus,</strong></span> <span class='ocrx_word' id='word_1_20' title='bbox 1193 710 1529 780; x_wconf 86' lang='lat' dir='ltr'><strong>mentimur,</strong></span> <span class='ocrx_word' id='word_1_21' title='bbox 1563 714 1618 763; x_wconf 88' lang='lat' dir='ltr'><strong>et</strong></span> <span class='ocrx_word' id='word_1_22' title='bbox 1640 725 1755 763; x_wconf 88' lang='lat' dir='ltr'><strong>non</strong></span> <span class='ocrx_word' id='word_1_23' title='bbox 1788 707 2034 762; x_wconf 84' lang='lat' dir='ltr'><strong>facimus</strong></span> 
     </span>
    </p>
   </div>
   <div class='ocr_carea' id='block_1_5' title="bbox 399 795 2035 867">
    <p class='ocr_par' dir='ltr' id='par_1_5' title="bbox 399 795 2035 867">
     <span class='ocr_line' id='line_1_5' title="bbox 399 795 2035 867; baseline -0.001 -14"><span class='ocrx_word' id='word_1_24' title='bbox 399 797 721 854; x_wconf 81' lang='lat' dir='ltr'><strong>veritatem.</strong></span> <span class='ocrx_word' id='word_1_25' title='bbox 755 799 813 856; x_wconf 88' lang='lat' dir='ltr'><strong>Si</strong></span> <span class='ocrx_word' id='word_1_26' title='bbox 831 803 1026 856; x_wconf 90' lang='lat' dir='ltr'><strong>autem</strong></span> <span class='ocrx_word' id='word_1_27' title='bbox 1043 799 1102 855; x_wconf 92' lang='lat' dir='ltr'><strong>in</strong></span> <span class='ocrx_word' id='word_1_28' title='bbox 1117 798 1337 856; x_wconf 89' lang='lat' dir='ltr'><strong>lumine</strong></span> <span class='ocrx_word' id='word_1_29' title='bbox 1353 797 1727 854; x_wconf 88' lang='lat' dir='ltr'><strong>ambulamus</strong></span> <span class='ocrx_word' id='word_1_30' title='bbox 1743 796 1894 852; x_wconf 82' lang='lat' dir='ltr'><strong>sicut</strong></span> <span class='ocrx_word' id='word_1_31' title='bbox 1909 795 2035 867; x_wconf 88' lang='lat' dir='ltr'><strong>ipse</strong></span> 
     </span>
    </p>
   </div>
   <div class='ocr_carea' id='block_1_6' title="bbox 401 885 2032 954">
    <p class='ocr_par' dir='ltr' id='par_1_6' title="bbox 401 885 2032 954">
     <span class='ocr_line' id='line_1_6' title="bbox 401 885 2032 954; baseline -0.003 -12"><span class='ocrx_word' id='word_1_32' title='bbox 401 890 491 942; x_wconf 87' lang='lat' dir='ltr'><strong>est</strong></span> <span class='ocrx_word' id='word_1_33' title='bbox 519 886 580 942; x_wconf 89' lang='lat' dir='ltr'><strong>in</strong></span> <span class='ocrx_word' id='word_1_34' title='bbox 604 885 846 954; x_wconf 86' lang='lat' dir='ltr'><strong>lumine,</strong></span> <span class='ocrx_word' id='word_1_35' title='bbox 865 889 1339 944; x_wconf 87' lang='lat' dir='ltr'><strong>communitatem</strong></span> <span class='ocrx_word' id='word_1_36' title='bbox 1361 888 1648 942; x_wconf 81' lang='lat' dir='ltr'><strong>habemus</strong></span> <span class='ocrx_word' id='word_1_37' title='bbox 1673 887 1741 941; x_wconf 91' lang='lat' dir='ltr'><strong>ad</strong></span> <span class='ocrx_word' id='word_1_38' title='bbox 1769 885 2032 950; x_wconf 84' lang='lat' dir='ltr'><strong>invicem,</strong></span> 
     </span>
    </p>
   </div>
   <div class='ocr_carea' id='block_1_7' title="bbox 399 974 2032 1048">
    <p class='ocr_par' dir='ltr' id='par_1_7' title="bbox 399 974 2032 1048">
     <span class='ocr_line' id='line_1_7' title="bbox 399 974 2032 1048; baseline -0.002 -17"><span class='ocrx_word' id='word_1_39' title='bbox 399 979 458 1031; x_wconf 85' lang='lat' dir='ltr'><strong>et</strong></span> <span class='ocrx_word' id='word_1_40' title='bbox 485 977 726 1048; x_wconf 87' lang='lat' dir='ltr'><strong>sanguis</strong></span> <span class='ocrx_word' id='word_1_41' title='bbox 749 976 887 1032; x_wconf 90' lang='lat' dir='ltr'><strong>Jesu</strong></span> <span class='ocrx_word' id='word_1_42' title='bbox 918 977 1130 1033; x_wconf 89' lang='lat' dir='ltr'><strong>Christi</strong></span> <span class='ocrx_word' id='word_1_43' title='bbox 1162 978 1427 1048; x_wconf 88' lang='lat' dir='ltr'><strong>puriﬁcat</strong></span> <span class='ocrx_word' id='word_1_44' title='bbox 1459 993 1563 1031; x_wconf 91' lang='lat' dir='ltr'><strong>nos</strong></span> <span class='ocrx_word' id='word_1_45' title='bbox 1595 977 1665 1031; x_wconf 92' lang='lat' dir='ltr'><strong>ab</strong></span> <span class='ocrx_word' id='word_1_46' title='bbox 1713 974 1872 1030; x_wconf 92' lang='lat' dir='ltr'><strong>omni</strong></span> <span class='ocrx_word' id='word_1_47' title='bbox 1905 989 2032 1046; x_wconf 88' lang='lat' dir='ltr'><strong>pec-</strong></span> 
     </span>
    </p>
   </div>
   <div class='ocr_carea' id='block_1_8' title="bbox 401 1061 2033 1137">
    <p class='ocr_par' dir='ltr' id='par_1_8' title="bbox 401 1061 2033 1137">
     <span class='ocr_line' id='line_1_8' title="bbox 401 1061 2033 1137; baseline -0.004 -17"><span class='ocrx_word' id='word_1_48' title='bbox 401 1067 528 1120; x_wconf 84' lang='lat' dir='ltr'><strong>cato</strong></span> <span class='ocrx_word' id='word_1_49' title='bbox 557 1065 605 1136; x_wconf 92' lang='grc'><strong>(1</strong></span> <span class='ocrx_word' id='word_1_50' title='bbox 630 1067 784 1121; x_wconf 86' lang='lat' dir='ltr'><strong>Joan.</strong></span> <span class='ocrx_word' id='word_1_51' title='bbox 820 1083 857 1131; x_wconf 80' lang='grc' dir='ltr'><strong>ι,</strong></span> <span class='ocrx_word' id='word_1_52' title='bbox 887 1068 941 1134; x_wconf 88' lang='grc'><strong>6,</strong></span> <span class='ocrx_word' id='word_1_53' title='bbox 973 1067 1048 1136; x_wconf 88' lang='grc'><strong>7).</strong></span> <span class='ocrx_word' id='word_1_54' title='bbox 1083 1087 1111 1115; x_wconf 89' lang='grc'><strong>››</strong></span> <span class='ocrx_word' id='word_1_55' title='bbox 1139 1066 1243 1128; x_wconf 89' lang='lat' dir='ltr'><strong>Qui</strong></span> <span class='ocrx_word' id='word_1_56' title='bbox 1276 1083 1410 1137; x_wconf 84' lang='lat' dir='ltr'><strong>ergo</strong></span> <span class='ocrx_word' id='word_1_57' title='bbox 1443 1082 1642 1136; x_wconf 81' lang='lat' dir='ltr'>azyma</span> <span class='ocrx_word' id='word_1_58' title='bbox 1671 1063 1941 1128; x_wconf 84' lang='lat' dir='ltr'><strong>comedit,</strong></span> <span class='ocrx_word' id='word_1_59' title='bbox 1973 1061 2033 1115; x_wconf 91' lang='lat' dir='ltr'><strong>in</strong></span> 
     </span>
    </p>
   </div>
   <div class='ocr_carea' id='block_1_9' title="bbox 396 1151 2035 1226">
    <p class='ocr_par' dir='ltr' id='par_1_9' title="bbox 396 1151 2035 1226">
     <span class='ocr_line' id='line_1_9' title="bbox 396 1151 2035 1226; baseline -0.002 -18"><span class='ocrx_word' id='word_1_60' title='bbox 396 1151 651 1208; x_wconf 86' lang='lat' dir='ltr'><strong>tenebris</strong></span> <span class='ocrx_word' id='word_1_61' title='bbox 695 1153 839 1226; x_wconf 86' lang='lat' dir='ltr'><strong>legis</strong></span> <span class='ocrx_word' id='word_1_62' title='bbox 871 1153 1148 1209; x_wconf 80' lang='lat' dir='ltr'><strong>ambulat.</strong></span> <span class='ocrx_word' id='word_1_63' title='bbox 1182 1156 1252 1210; x_wconf 90' lang='lat' dir='ltr'><strong>Et</strong></span> <span class='ocrx_word' id='word_1_64' title='bbox 1282 1155 1571 1224; x_wconf 91' lang='lat' dir='ltr'><strong>quomodo</strong></span> <span class='ocrx_word' id='word_1_65' title='bbox 1603 1154 1764 1224; x_wconf 83' lang='lat' dir='ltr'><strong>[non]</strong></span> <span class='ocrx_word' id='word_1_66' title='bbox 1798 1151 2035 1206; x_wconf 84' lang='lat' dir='ltr'><strong>habebit</strong></span> 
     </span>
    </p>
   </div>
   <div class='ocr_carea' id='block_1_10' title="bbox 401 1238 2032 1314">
    <p class='ocr_par' dir='ltr' id='par_1_10' title="bbox 401 1238 2032 1314">
     <span class='ocr_line' id='line_1_10' title="bbox 401 1238 2032 1314; baseline -0.002 -18"><span class='ocrx_word' id='word_1_67' title='bbox 401 1241 886 1298; x_wconf 90' lang='lat' dir='ltr'><strong>societatemcum</strong></span> <span class='ocrx_word' id='word_1_68' title='bbox 907 1243 1154 1311; x_wconf 86' lang='lat' dir='ltr'><strong>Christo,</strong></span> <span class='ocrx_word' id='word_1_69' title='bbox 1189 1242 1288 1314; x_wconf 90' lang='lat' dir='ltr'>qui</span> <span class='ocrx_word' id='word_1_70' title='bbox 1321 1247 1407 1298; x_wconf 90' lang='lat' dir='ltr'><strong>est</strong></span> <span class='ocrx_word' id='word_1_71' title='bbox 1441 1243 1499 1297; x_wconf 93' lang='lat' dir='ltr'><strong>in</strong></span> <span class='ocrx_word' id='word_1_72' title='bbox 1533 1241 1754 1296; x_wconf 89' lang='lat' dir='ltr'><strong>lumine</strong></span> <span class='ocrx_word' id='word_1_73' title='bbox 1773 1239 1911 1295; x_wconf 90' lang='lat' dir='ltr'><strong>Novi</strong></span> <span class='ocrx_word' id='word_1_74' title='bbox 1943 1238 2032 1294; x_wconf 92' lang='lat' dir='ltr'><strong>sui</strong></span> 
     </span>
    </p>
   </div>
   <div class='ocr_carea' id='block_1_11' title="bbox 399 1327 2034 1402">
    <p class='ocr_par' dir='ltr' id='par_1_11' title="bbox 399 1327 2034 1402">
     <span class='ocr_line' id='line_1_11' title="bbox 399 1327 2034 1402; baseline -0.002 -18"><span class='ocrx_word' id='word_1_75' title='bbox 399 1329 758 1384; x_wconf 84' lang='lat' dir='ltr'><strong>Tcstamenti</strong></span> <span class='ocrx_word' id='word_1_76' title='bbox 787 1335 843 1384; x_wconf 89' lang='lat' dir='ltr'><strong>et</strong></span> <span class='ocrx_word' id='word_1_77' title='bbox 873 1329 1112 1402; x_wconf 68' lang='lat' dir='ltr'><strong>gratim?</strong></span> <span class='ocrx_word' id='word_1_78' title='bbox 1127 1331 1271 1384; x_wconf 89' lang='lat' dir='ltr'><strong>Nam</strong></span> <span class='ocrx_word' id='word_1_79' title='bbox 1303 1329 1400 1401; x_wconf 90' lang='lat' dir='ltr'><strong>qui</strong></span> <span class='ocrx_word' id='word_1_80' title='bbox 1424 1329 1714 1384; x_wconf 90' lang='lat' dir='ltr'><strong>inlumine</strong></span> <span class='ocrx_word' id='word_1_81' title='bbox 1731 1327 2034 1383; x_wconf 87' lang='lat' dir='ltr'><strong>ambulant</strong></span> 
     </span>
    </p>
   </div>
   <div class='ocr_carea' id='block_1_12' title="bbox 396 1417 2037 1490">
    <p class='ocr_par' dir='ltr' id='par_1_12' title="bbox 396 1417 2037 1490">
     <span class='ocr_line' id='line_1_12' title="bbox 396 1417 2037 1490; baseline -0.001 -18"><span class='ocrx_word' id='word_1_82' title='bbox 396 1418 616 1490; x_wconf 72' lang='lat' dir='ltr'><strong>gratiae,</strong></span> <span class='ocrx_word' id='word_1_83' title='bbox 648 1435 860 1490; x_wconf 90' lang='lat' dir='ltr'><strong>panem</strong></span> <span class='ocrx_word' id='word_1_84' title='bbox 889 1420 1200 1474; x_wconf 89' lang='lat' dir='ltr'><strong>comedunt</strong></span> <span class='ocrx_word' id='word_1_85' title='bbox 1221 1419 1319 1490; x_wconf 89' lang='lat' dir='ltr'><strong>qui</strong></span> <span class='ocrx_word' id='word_1_86' title='bbox 1342 1423 1430 1474; x_wconf 90' lang='lat' dir='ltr'><strong>est</strong></span> <span class='ocrx_word' id='word_1_87' title='bbox 1459 1435 1668 1490; x_wconf 89' lang='lat' dir='ltr'><strong>corpus</strong></span> <span class='ocrx_word' id='word_1_88' title='bbox 1705 1417 1938 1484; x_wconf 85' lang='lat' dir='ltr'><strong>Christi,</strong></span> <span class='ocrx_word' id='word_1_89' title='bbox 1980 1420 2037 1471; x_wconf 92' lang='lat' dir='ltr'><strong>et</strong></span> 
     </span>
    </p>
   </div>
   <div class='ocr_carea' id='block_1_13' title="bbox 400 1505 2035 1578">
    <p class='ocr_par' dir='ltr' id='par_1_13' title="bbox 400 1505 2035 1578">
     <span class='ocr_line' id='line_1_13' title="bbox 400 1505 2035 1578; baseline -0.001 -19"><span class='ocrx_word' id='word_1_90' title='bbox 400 1505 611 1562; x_wconf 91' lang='lat' dir='ltr'><strong>bibunt</strong></span> <span class='ocrx_word' id='word_1_91' title='bbox 639 1507 985 1578; x_wconf 88' lang='lat' dir='ltr'><strong>sanguinem</strong></span> <span class='ocrx_word' id='word_1_92' title='bbox 1006 1507 1449 1562; x_wconf 86' lang='lat' dir='ltr'><strong>immaculatum</strong></span> <span class='ocrx_word' id='word_1_93' title='bbox 1479 1509 1626 1577; x_wconf 83' lang='lat' dir='ltr'><strong>ejus,</strong></span> <span class='ocrx_word' id='word_1_94' title='bbox 1654 1511 1708 1561; x_wconf 93' lang='lat' dir='ltr'><strong>et</strong></span> <span class='ocrx_word' id='word_1_95' title='bbox 1727 1506 1804 1560; x_wconf 89' lang='lat' dir='ltr'><strong>ita</strong></span> <span class='ocrx_word' id='word_1_96' title='bbox 1822 1505 2035 1560; x_wconf 82' lang='lat' dir='ltr'><strong>habent</strong></span> 
     </span>
    </p>
   </div>
   <div class='ocr_carea' id='block_1_14' title="bbox 403 1593 2032 1666">
    <p class='ocr_par' dir='ltr' id='par_1_14' title="bbox 403 1593 2032 1666">
     <span class='ocr_line' id='line_1_14' title="bbox 403 1593 2032 1666; baseline -0.002 -16"><span class='ocrx_word' id='word_1_97' title='bbox 403 1594 476 1650; x_wconf 89' lang='lat' dir='ltr'><strong>ad</strong></span> <span class='ocrx_word' id='word_1_98' title='bbox 507 1593 776 1663; x_wconf 88' lang='lat' dir='ltr'><strong>invicem,</strong></span> <span class='ocrx_word' id='word_1_99' title='bbox 808 1600 1016 1650; x_wconf 90' lang='lat' dir='ltr'><strong>etcum</strong></span> <span class='ocrx_word' id='word_1_100' title='bbox 1048 1595 1274 1651; x_wconf 84' lang='lat' dir='ltr'><strong>Christo</strong></span> <span class='ocrx_word' id='word_1_101' title='bbox 1305 1596 1658 1661; x_wconf 86' lang='lat' dir='ltr'><strong>societatem,</strong></span> <span class='ocrx_word' id='word_1_102' title='bbox 1722 1593 2032 1666; x_wconf 88' lang='lat' dir='ltr'><strong>puriﬁeati,</strong></span> 
     </span>
    </p>
   </div>
   <div class='ocr_carea' id='block_1_15' title="bbox 405 1683 2034 1755">
    <p class='ocr_par' dir='ltr' id='par_1_15' title="bbox 405 1683 2034 1755">
     <span class='ocr_line' id='line_1_15' title="bbox 405 1683 2034 1755; baseline 0.001 -19"><span class='ocrx_word' id='word_1_103' title='bbox 405 1683 557 1738; x_wconf 87' lang='lat' dir='ltr'><strong>sicut</strong></span> <span class='ocrx_word' id='word_1_104' title='bbox 585 1683 806 1740; x_wconf 87' lang='lat' dir='ltr'><strong>dictum</strong></span> <span class='ocrx_word' id='word_1_105' title='bbox 837 1690 943 1752; x_wconf 91' lang='lat' dir='ltr'><strong>est,</strong></span> <span class='ocrx_word' id='word_1_106' title='bbox 977 1685 1047 1738; x_wconf 90' lang='lat' dir='ltr'><strong>ab</strong></span> <span class='ocrx_word' id='word_1_107' title='bbox 1079 1685 1235 1738; x_wconf 90' lang='lat' dir='ltr'><strong>omni</strong></span> <span class='ocrx_word' id='word_1_108' title='bbox 1269 1684 1731 1755; x_wconf 88' lang='lat' dir='ltr'><strong>inquinamento.</strong></span> <span class='ocrx_word' id='word_1_109' title='bbox 1754 1687 2034 1755; x_wconf 77' lang='lat' dir='ltr'><strong>Azymum</strong></span> 
     </span>
    </p>
   </div>
   <div class='ocr_carea' id='block_1_16' title="bbox 407 1773 2034 1844">
    <p class='ocr_par' dir='ltr' id='par_1_16' title="bbox 407 1773 2034 1844">
     <span class='ocr_line' id='line_1_16' title="bbox 407 1773 2034 1844; baseline 0 -18"><span class='ocrx_word' id='word_1_110' title='bbox 407 1776 602 1826; x_wconf 89' lang='lat' dir='ltr'><strong>autem</strong></span> <span class='ocrx_word' id='word_1_111' title='bbox 619 1789 733 1828; x_wconf 90' lang='lat' dir='ltr'><strong>non</strong></span> <span class='ocrx_word' id='word_1_112' title='bbox 765 1777 853 1828; x_wconf 89' lang='lat' dir='ltr'><strong>est</strong></span> <span class='ocrx_word' id='word_1_113' title='bbox 875 1774 1059 1844; x_wconf 89' lang='lat' dir='ltr'><strong>panis.</strong></span> <span class='ocrx_word' id='word_1_114' title='bbox 1085 1773 1281 1844; x_wconf 86' lang='lat' dir='ltr'><strong>Neque</strong></span> <span class='ocrx_word' id='word_1_115' title='bbox 1294 1773 1448 1828; x_wconf 90' lang='lat' dir='ltr'><strong>enim</strong></span> <span class='ocrx_word' id='word_1_116' title='bbox 1463 1773 2034 1844; x_wconf 87' lang='lat' dir='ltr'><strong>compositus,nequc</strong></span> 
     </span>
    </p>
   </div>
   <div class='ocr_carea' id='block_1_17' title="bbox 405 1861 2036 1933">
    <p class='ocr_par' dir='ltr' id='par_1_17' title="bbox 405 1861 2036 1933">
     <span class='ocr_line' id='line_1_17' title="bbox 405 1861 2036 1933; baseline 0 -19"><span class='ocrx_word' id='word_1_117' title='bbox 405 1876 508 1930; x_wconf 88' lang='lat' dir='ltr'><strong>per</strong></span> <span class='ocrx_word' id='word_1_118' title='bbox 522 1877 582 1915; x_wconf 90' lang='lat' dir='ltr'><strong>se</strong></span> <span class='ocrx_word' id='word_1_119' title='bbox 599 1861 790 1932; x_wconf 90' lang='lat' dir='ltr'><strong>ipsum</strong></span> <span class='ocrx_word' id='word_1_120' title='bbox 810 1863 1098 1932; x_wconf 87' lang='lat' dir='ltr'><strong>perfectus</strong></span> <span class='ocrx_word' id='word_1_121' title='bbox 1111 1863 1325 1928; x_wconf 90' lang='lat' dir='ltr'><strong>est,sed</strong></span> <span class='ocrx_word' id='word_1_122' title='bbox 1348 1861 1616 1932; x_wconf 84' lang='lat' dir='ltr'><strong>indigens</strong></span> <span class='ocrx_word' id='word_1_123' title='bbox 1635 1861 1898 1933; x_wconf 89' lang='lat' dir='ltr'><strong>semiquc</strong></span> <span class='ocrx_word' id='word_1_124' title='bbox 1915 1877 2036 1932; x_wconf 89' lang='lat' dir='ltr'><strong>per-</strong></span> 
     </span>
    </p>
   </div>
   <div class='ocr_carea' id='block_1_18' title="bbox 403 1949 2038 2022">
    <p class='ocr_par' dir='ltr' id='par_1_18' title="bbox 403 1949 2038 2022">
     <span class='ocr_line' id='line_1_18' title="bbox 403 1949 2038 2022; baseline 0.002 -20"><span class='ocrx_word' id='word_1_125' title='bbox 403 1949 609 2016; x_wconf 83' lang='lat' dir='ltr'><strong>fectus,</strong></span> <span class='ocrx_word' id='word_1_126' title='bbox 644 1949 911 2022; x_wconf 84' lang='lat' dir='ltr'><strong>indigens</strong></span> <span class='ocrx_word' id='word_1_127' title='bbox 942 1950 1301 2022; x_wconf 90' lang='lat' dir='ltr'><strong>plenitudine</strong></span> <span class='ocrx_word' id='word_1_128' title='bbox 1324 1950 1612 2005; x_wconf 86' lang='lat' dir='ltr'><strong>fermenti.</strong></span> <span class='ocrx_word' id='word_1_129' title='bbox 1645 1951 1818 2006; x_wconf 90' lang='lat' dir='ltr'><strong>Panis</strong></span> <span class='ocrx_word' id='word_1_130' title='bbox 1843 1957 2038 2006; x_wconf 89' lang='lat' dir='ltr'><strong>autem</strong></span> 
     </span>
    </p>
   </div>
   <div class='ocr_carea' id='block_1_19' title="bbox 403 2038 2040 2112">
    <p class='ocr_par' dir='ltr' id='par_1_19' title="bbox 403 2038 2040 2112">
     <span class='ocr_line' id='line_1_19' title="bbox 403 2038 2040 2112; baseline 0 -20"><span class='ocrx_word' id='word_1_131' title='bbox 403 2038 788 2109; x_wconf 90' lang='lat' dir='ltr'><strong>compositus,</strong></span> <span class='ocrx_word' id='word_1_132' title='bbox 812 2055 912 2110; x_wconf 89' lang='lat' dir='ltr'><strong>per</strong></span> <span class='ocrx_word' id='word_1_133' title='bbox 933 2040 1192 2112; x_wconf 90' lang='lat' dir='ltr'><strong>seipsum</strong></span> <span class='ocrx_word' id='word_1_134' title='bbox 1231 2040 1524 2112; x_wconf 87' lang='lat' dir='ltr'><strong>perfectus</strong></span> <span class='ocrx_word' id='word_1_135' title='bbox 1555 2042 1641 2094; x_wconf 88' lang='lat' dir='ltr'><strong>est</strong></span> <span class='ocrx_word' id='word_1_136' title='bbox 1672 2043 1727 2092; x_wconf 89' lang='lat' dir='ltr'><strong>et</strong></span> <span class='ocrx_word' id='word_1_137' title='bbox 1771 2038 2040 2110; x_wconf 89' lang='lat' dir='ltr'><strong>plenissi-</strong></span> 
     </span>
    </p>
   </div>
   <div class='ocr_carea' id='block_1_20' title="bbox 401 2127 2042 2200">
    <p class='ocr_par' dir='ltr' id='par_1_20' title="bbox 401 2127 2042 2200">
     <span class='ocr_line' id='line_1_20' title="bbox 401 2127 2042 2200; baseline 0 -18"><span class='ocrx_word' id='word_1_138' title='bbox 401 2143 555 2194; x_wconf 88' lang='lat' dir='ltr'><strong>mus,</strong></span> <span class='ocrx_word' id='word_1_139' title='bbox 576 2127 726 2183; x_wconf 89' lang='lat' dir='ltr'><strong>sicut</strong></span> <span class='ocrx_word' id='word_1_140' title='bbox 758 2127 852 2184; x_wconf 91' lang='lat' dir='ltr'><strong>ille</strong></span> <span class='ocrx_word' id='word_1_141' title='bbox 880 2130 978 2200; x_wconf 86' lang='lat' dir='ltr'><strong>qui</strong></span> <span class='ocrx_word' id='word_1_142' title='bbox 1021 2132 1208 2184; x_wconf 90' lang='lat' dir='ltr'><strong>totum</strong></span> <span class='ocrx_word' id='word_1_143' title='bbox 1238 2128 1414 2184; x_wconf 85' lang='lat' dir='ltr'><strong>habet</strong></span> <span class='ocrx_word' id='word_1_144' title='bbox 1448 2128 1502 2180; x_wconf 89' lang='lat' dir='ltr'><strong>in</strong></span> <span class='ocrx_word' id='word_1_145' title='bbox 1537 2127 1730 2200; x_wconf 87' lang='lat' dir='ltr'><strong>seipse</strong></span> <span class='ocrx_word' id='word_1_146' title='bbox 1792 2128 2042 2199; x_wconf 87' lang='lat' dir='ltr'><strong>plenitu-</strong></span> 
     </span>
    </p>
   </div>
   <div class='ocr_carea' id='block_1_21' title="bbox 407 2216 584 2272">
    <p class='ocr_par' dir='ltr' id='par_1_21' title="bbox 407 2216 584 2272">
     <span class='ocr_line' id='line_1_21' title="bbox 407 2216 584 2272; baseline 0.011 -2"><span class='ocrx_word' id='word_1_147' title='bbox 407 2216 584 2272; x_wconf 91' lang='lat' dir='ltr'><strong>dinis.</strong></span> 
     </span>
    </p>
   </div>
   <div class='ocr_carea' id='block_1_22' title="bbox 479 2304 2043 2377">
    <p class='ocr_par' dir='ltr' id='par_1_22' title="bbox 479 2304 2043 2377">
     <span class='ocr_line' id='line_1_22' title="bbox 479 2304 2043 2377; baseline -0.001 -19"><span class='ocrx_word' id='word_1_148' title='bbox 479 2304 572 2359; x_wconf 91' lang='lat' dir='ltr'><strong>IIl.</strong></span> <span class='ocrx_word' id='word_1_149' title='bbox 606 2305 1060 2360; x_wconf 87' lang='lat' dir='ltr'><strong>Animadvertite</strong></span> <span class='ocrx_word' id='word_1_150' title='bbox 1090 2309 1148 2360; x_wconf 87' lang='lat' dir='ltr'><strong>et</strong></span> <span class='ocrx_word' id='word_1_151' title='bbox 1203 2305 1486 2361; x_wconf 86' lang='lat' dir='ltr'><strong>attendite</strong></span> <span class='ocrx_word' id='word_1_152' title='bbox 1535 2306 1672 2377; x_wconf 88' lang='lat' dir='ltr'><strong>quia</strong></span> <span class='ocrx_word' id='word_1_153' title='bbox 1721 2305 1778 2359; x_wconf 90' lang='lat' dir='ltr'><strong>in</strong></span> <span class='ocrx_word' id='word_1_154' title='bbox 1826 2304 2043 2376; x_wconf 78' lang='lat' dir='ltr'><strong>azymis</strong></span> 
     </span>
    </p>
   </div>
   <div class='ocr_carea' id='block_1_23' title="bbox 413 2391 2047 2464">
    <p class='ocr_par' dir='ltr' id='par_1_23' title="bbox 413 2391 2047 2464">
     <span class='ocr_line' id='line_1_23' title="bbox 413 2391 2047 2464; baseline 0 -18"><span class='ocrx_word' id='word_1_155' title='bbox 413 2391 575 2448; x_wconf 90' lang='lat' dir='ltr'><strong>nulla</strong></span> <span class='ocrx_word' id='word_1_156' title='bbox 603 2397 694 2448; x_wconf 91' lang='lat' dir='ltr'><strong>est</strong></span> <span class='ocrx_word' id='word_1_157' title='bbox 715 2393 912 2448; x_wconf 87' lang='lat' dir='ltr'><strong>vivens</strong></span> <span class='ocrx_word' id='word_1_158' title='bbox 931 2394 1137 2464; x_wconf 89' lang='lat' dir='ltr'><strong>virtus,</strong></span> <span class='ocrx_word' id='word_1_159' title='bbox 1162 2399 1392 2450; x_wconf 90' lang='lat' dir='ltr'><strong>mortua</strong></span> <span class='ocrx_word' id='word_1_160' title='bbox 1421 2394 1576 2449; x_wconf 90' lang='lat' dir='ltr'><strong>enim</strong></span> <span class='ocrx_word' id='word_1_161' title='bbox 1609 2397 1773 2460; x_wconf 88' lang='lat' dir='ltr'><strong>sunt;</strong></span> <span class='ocrx_word' id='word_1_162' title='bbox 1807 2393 1866 2446; x_wconf 90' lang='lat' dir='ltr'><strong>in</strong></span> <span class='ocrx_word' id='word_1_163' title='bbox 1900 2409 2047 2464; x_wconf 86' lang='lat' dir='ltr'><strong>pane</strong></span> 
     </span>
    </p>
   </div>
   <div class='ocr_carea' id='block_1_24' title="bbox 414 2480 2049 2554">
    <p class='ocr_par' dir='ltr' id='par_1_24' title="bbox 414 2480 2049 2554">
     <span class='ocr_line' id='line_1_24' title="bbox 414 2480 2049 2554; baseline 0.001 -19"><span class='ocrx_word' id='word_1_164' title='bbox 414 2483 610 2536; x_wconf 91' lang='lat' dir='ltr'><strong>autem</strong></span> <span class='ocrx_word' id='word_1_165' title='bbox 632 2480 743 2536; x_wconf 92' lang='lat' dir='ltr'><strong>hoc</strong></span> <span class='ocrx_word' id='word_1_166' title='bbox 773 2485 884 2550; x_wconf 89' lang='lat' dir='ltr'><strong>est,</strong></span> <span class='ocrx_word' id='word_1_167' title='bbox 914 2498 1150 2554; x_wconf 90' lang='lat' dir='ltr'><strong>corpore</strong></span> <span class='ocrx_word' id='word_1_168' title='bbox 1179 2482 1414 2549; x_wconf 89' lang='lat' dir='ltr'><strong>Christi,</strong></span> <span class='ocrx_word' id='word_1_169' title='bbox 1472 2481 1583 2537; x_wconf 87' lang='lat' dir='ltr'><strong>tria</strong></span> <span class='ocrx_word' id='word_1_170' title='bbox 1615 2488 1753 2536; x_wconf 90' lang='lat' dir='ltr'><strong>sunt</strong></span> <span class='ocrx_word' id='word_1_171' title='bbox 1799 2481 2049 2536; x_wconf 87' lang='lat' dir='ltr'><strong>viventia</strong></span> 
     </span>
    </p>
   </div>
   <div class='ocr_carea' id='block_1_25' title="bbox 416 2569 2050 2642">
    <p class='ocr_par' dir='ltr' id='par_1_25' title="bbox 416 2569 2050 2642">
     <span class='ocr_line' id='line_1_25' title="bbox 416 2569 2050 2642; baseline -0.001 -17"><span class='ocrx_word' id='word_1_172' title='bbox 416 2572 474 2625; x_wconf 90' lang='lat' dir='ltr'><strong>et</strong></span> <span class='ocrx_word' id='word_1_173' title='bbox 499 2569 680 2625; x_wconf 91' lang='lat' dir='ltr'><strong>vitam</strong></span> <span class='ocrx_word' id='word_1_174' title='bbox 729 2570 1045 2642; x_wconf 72' lang='lat' dir='ltr'><strong>praebentia</strong></span> <span class='ocrx_word' id='word_1_175' title='bbox 1085 2571 1169 2626; x_wconf 90' lang='lat' dir='ltr'><strong>eis</strong></span> <span class='ocrx_word' id='word_1_176' title='bbox 1227 2572 1324 2641; x_wconf 92' lang='lat' dir='ltr'><strong>qui</strong></span> <span class='ocrx_word' id='word_1_177' title='bbox 1365 2588 1432 2626; x_wconf 89' lang='lat' dir='ltr'><strong>ea</strong></span> <span class='ocrx_word' id='word_1_178' title='bbox 1505 2571 1678 2642; x_wconf 81' lang='lat' dir='ltr'><strong>digne</strong></span> <span class='ocrx_word' id='word_1_179' title='bbox 1737 2569 2050 2626; x_wconf 91' lang='lat' dir='ltr'><strong>comedunt</strong></span> 
     </span>
    </p>
   </div>
   <div class='ocr_carea' id='block_1_26' title="bbox 416 2657 2051 2732">
    <p class='ocr_par' dir='ltr' id='par_1_26' title="bbox 416 2657 2051 2732">
     <span class='ocr_line' id='line_1_26' title="bbox 416 2657 2051 2732; baseline 0.001 -20"><span class='ocrx_word' id='word_1_180' title='bbox 416 2657 689 2729; x_wconf 90' lang='lat' dir='ltr'><strong>Spiritus,</strong></span> <span class='ocrx_word' id='word_1_181' title='bbox 723 2675 876 2730; x_wconf 91' lang='lat' dir='ltr'><strong>aqua</strong></span> <span class='ocrx_word' id='word_1_182' title='bbox 903 2663 960 2714; x_wconf 91' lang='lat' dir='ltr'><strong>et</strong></span> <span class='ocrx_word' id='word_1_183' title='bbox 989 2659 1252 2732; x_wconf 81' lang='lat' dir='ltr'><strong>sanguis,</strong></span> <span class='ocrx_word' id='word_1_184' title='bbox 1277 2677 1376 2716; x_wconf 91' lang='lat' dir='ltr'><strong>ceu</strong></span> <span class='ocrx_word' id='word_1_185' title='bbox 1409 2668 1463 2715; x_wconf 89' lang='lat' dir='ltr'><strong>et</strong></span> <span class='ocrx_word' id='word_1_186' title='bbox 1513 2659 1655 2730; x_wconf 86' lang='lat' dir='ltr'><strong>ipse,</strong></span> <span class='ocrx_word' id='word_1_187' title='bbox 1715 2657 1817 2730; x_wconf 90' lang='lat' dir='ltr'><strong>qui</strong></span> <span class='ocrx_word' id='word_1_188' title='bbox 1875 2675 2051 2730; x_wconf 89' lang='lat' dir='ltr'><strong>super</strong></span> 
     </span>
    </p>
   </div>
   <div class='ocr_carea' id='block_1_27' title="bbox 415 2745 2051 2818">
    <p class='ocr_par' dir='ltr' id='par_1_27' title="bbox 415 2745 2051 2818">
     <span class='ocr_line' id='line_1_27' title="bbox 415 2745 2051 2818; baseline 0 -18"><span class='ocrx_word' id='word_1_189' title='bbox 415 2748 616 2818; x_wconf 87' lang='lat' dir='ltr'><strong>pectus</strong></span> <span class='ocrx_word' id='word_1_190' title='bbox 629 2745 841 2802; x_wconf 89' lang='lat' dir='ltr'><strong>Christi</strong></span> <span class='ocrx_word' id='word_1_191' title='bbox 872 2747 931 2802; x_wconf 92' lang='lat' dir='ltr'><strong>in</strong></span> <span class='ocrx_word' id='word_1_192' title='bbox 959 2764 1121 2802; x_wconf 86' lang='lat' dir='ltr'><strong>coena</strong></span> <span class='ocrx_word' id='word_1_193' title='bbox 1150 2747 1433 2814; x_wconf 88' lang='lat' dir='ltr'><strong>recubuit,</strong></span> <span class='ocrx_word' id='word_1_194' title='bbox 1464 2748 1720 2802; x_wconf 81' lang='lat' dir='ltr'><strong>Joannes</strong></span> <span class='ocrx_word' id='word_1_195' title='bbox 1738 2747 2051 2802; x_wconf 87' lang='lat' dir='ltr'><strong>contestiﬁ-</strong></span> 
     </span>
    </p>
   </div>
   <div class='ocr_carea' id='block_1_28' title="bbox 417 2833 2049 2908">
    <p class='ocr_par' dir='ltr' id='par_1_28' title="bbox 417 2833 2049 2908">
     <span class='ocr_line' id='line_1_28' title="bbox 417 2833 2049 2908; baseline 0.001 -19"><span class='ocrx_word' id='word_1_196' title='bbox 417 2838 583 2890; x_wconf 86' lang='lat' dir='ltr'><strong>catur</strong></span> <span class='ocrx_word' id='word_1_197' title='bbox 608 2833 667 2890; x_wconf 89' lang='lat' dir='ltr'><strong>in</strong></span> <span class='ocrx_word' id='word_1_198' title='bbox 721 2851 786 2891; x_wconf 91' lang='lat' dir='ltr'><strong>eo</strong></span> <span class='ocrx_word' id='word_1_199' title='bbox 816 2835 1018 2891; x_wconf 82' lang='lat' dir='ltr'><strong>verbo:</strong></span> <span class='ocrx_word' id='word_1_200' title='bbox 1053 2859 1080 2886; x_wconf 85' lang='lat'><strong>«</strong></span> <span class='ocrx_word' id='word_1_201' title='bbox 1114 2838 1256 2893; x_wconf 87' lang='lat' dir='ltr'><strong>Tres</strong></span> <span class='ocrx_word' id='word_1_202' title='bbox 1294 2841 1434 2893; x_wconf 90' lang='lat' dir='ltr'><strong>sunt</strong></span> <span class='ocrx_word' id='word_1_203' title='bbox 1498 2836 1600 2908; x_wconf 90' lang='lat' dir='ltr'><strong>qui</strong></span> <span class='ocrx_word' id='word_1_204' title='bbox 1647 2835 2049 2892; x_wconf 89' lang='lat' dir='ltr'><strong>testimonium</strong></span> 
     </span>
    </p>
   </div>
   <div class='ocr_carea' id='block_1_29' title="bbox 415 2923 2051 2996">
    <p class='ocr_par' dir='ltr' id='par_1_29' title="bbox 415 2923 2051 2996">
     <span class='ocr_line' id='line_1_29' title="bbox 415 2923 2051 2996; baseline 0.001 -18"><span class='ocrx_word' id='word_1_205' title='bbox 415 2923 576 2992; x_wconf 86' lang='lat' dir='ltr'><strong>dant,</strong></span> <span class='ocrx_word' id='word_1_206' title='bbox 603 2923 875 2994; x_wconf 89' lang='lat' dir='ltr'><strong>Spiritus,</strong></span> <span class='ocrx_word' id='word_1_207' title='bbox 903 2941 1055 2996; x_wconf 89' lang='lat' dir='ltr'><strong>aqua</strong></span> <span class='ocrx_word' id='word_1_208' title='bbox 1086 2929 1142 2980; x_wconf 90' lang='lat' dir='ltr'><strong>et</strong></span> <span class='ocrx_word' id='word_1_209' title='bbox 1165 2925 1424 2996; x_wconf 84' lang='lat' dir='ltr'><strong>sanguis,</strong></span> <span class='ocrx_word' id='word_1_210' title='bbox 1459 2929 1515 2980; x_wconf 91' lang='lat' dir='ltr'><strong>et</strong></span> <span class='ocrx_word' id='word_1_211' title='bbox 1545 2925 1604 2979; x_wconf 92' lang='lat' dir='ltr'><strong>hi</strong></span> <span class='ocrx_word' id='word_1_212' title='bbox 1652 2929 1770 2980; x_wconf 91' lang='lat' dir='ltr'><strong>tres</strong></span> <span class='ocrx_word' id='word_1_213' title='bbox 1822 2924 1880 2978; x_wconf 90' lang='lat' dir='ltr'><strong>in</strong></span> <span class='ocrx_word' id='word_1_214' title='bbox 1937 2941 2051 2980; x_wconf 92' lang='lat' dir='ltr'><strong>uno</strong></span> 
     </span>
    </p>
   </div>
   <div class='ocr_carea' id='block_1_30' title="bbox 417 3012 2048 3085">
    <p class='ocr_par' dir='ltr' id='par_1_30' title="bbox 417 3012 2048 3085">
     <span class='ocr_line' id='line_1_30' title="bbox 417 3012 2048 3085; baseline 0.001 -19"><span class='ocrx_word' id='word_1_215' title='bbox 417 3014 555 3066; x_wconf 90' lang='lat' dir='ltr'><strong>sunt</strong></span> <span class='ocrx_word' id='word_1_216' title='bbox 582 3012 632 3080; x_wconf 89' lang='grc' dir='ltr'><strong>(ι</strong></span> <span class='ocrx_word' id='word_1_217' title='bbox 657 3013 894 3081; x_wconf 81' lang='lat' dir='ltr'><strong>Joan.v,</strong></span> <span class='ocrx_word' id='word_1_218' title='bbox 945 3016 1021 3084; x_wconf 83' lang='lat'><strong>8),</strong></span> <span class='ocrx_word' id='word_1_219' title='bbox 1079 3013 1348 3069; x_wconf 88' lang='lat' dir='ltr'><strong>videlicet</strong></span> <span class='ocrx_word' id='word_1_220' title='bbox 1391 3013 1451 3068; x_wconf 92' lang='lat' dir='ltr'><strong>in</strong></span> <span class='ocrx_word' id='word_1_221' title='bbox 1519 3030 1757 3085; x_wconf 90' lang='lat' dir='ltr'><strong>corpore</strong></span> <span class='ocrx_word' id='word_1_222' title='bbox 1812 3012 2048 3068; x_wconf 90' lang='lat' dir='ltr'><strong>Christi.</strong></span> 
     </span>
    </p>
   </div>
   <div class='ocr_carea' id='block_1_31' title="bbox 415 3098 2050 3174">
    <p class='ocr_par' dir='ltr' id='par_1_31' title="bbox 415 3098 2050 3174">
     <span class='ocr_line' id='line_1_31' title="bbox 415 3098 2050 3174; baseline 0.002 -21"><span class='ocrx_word' id='word_1_223' title='bbox 415 3098 577 3162; x_wconf 89' lang='lat' dir='ltr'><strong>Quod</strong></span> <span class='ocrx_word' id='word_1_224' title='bbox 606 3101 662 3154; x_wconf 88' lang='lat' dir='ltr'><strong>et</strong></span> <span class='ocrx_word' id='word_1_225' title='bbox 691 3100 1015 3156; x_wconf 89' lang='lat' dir='ltr'><strong>secundum</strong></span> <span class='ocrx_word' id='word_1_226' title='bbox 1045 3105 1280 3174; x_wconf 88' lang='lat' dir='ltr'><strong>tempus</strong></span> <span class='ocrx_word' id='word_1_227' title='bbox 1319 3101 1629 3157; x_wconf 65' lang='lat' dir='ltr'><strong>Dominicae</strong></span> <span class='ocrx_word' id='word_1_228' title='bbox 1661 3100 2050 3157; x_wconf 81' lang='lat' dir='ltr'><strong>cruciﬁxionis</strong></span> 
     </span>
    </p>
   </div>
   <div class='ocr_carea' id='block_1_32' title="bbox 417 3186 2052 3262">
    <p class='ocr_par' dir='ltr' id='par_1_32' title="bbox 417 3186 2052 3262">
     <span class='ocr_line' id='line_1_32' title="bbox 417 3186 2052 3262; baseline 0.002 -20"><span class='ocrx_word' id='word_1_229' title='bbox 417 3186 774 3244; x_wconf 87' lang='lat' dir='ltr'><strong>declaratum</strong></span> <span class='ocrx_word' id='word_1_230' title='bbox 805 3192 910 3257; x_wconf 92' lang='lat' dir='ltr'><strong>est,</strong></span> <span class='ocrx_word' id='word_1_231' title='bbox 930 3205 1228 3262; x_wconf 90' lang='lat' dir='ltr'><strong>cumaqua</strong></span> <span class='ocrx_word' id='word_1_232' title='bbox 1241 3195 1295 3246; x_wconf 93' lang='lat' dir='ltr'><strong>et</strong></span> <span class='ocrx_word' id='word_1_233' title='bbox 1316 3190 1558 3262; x_wconf 88' lang='lat' dir='ltr'><strong>sanguis</strong></span> <span class='ocrx_word' id='word_1_234' title='bbox 1577 3207 1644 3244; x_wconf 81' lang='lat' dir='ltr'><strong>ex</strong></span> <span class='ocrx_word' id='word_1_235' title='bbox 1673 3189 2052 3246; x_wconf 88' lang='lat' dir='ltr'><strong>immaculata</strong></span> 
     </span>
    </p>
   </div>
   <div class='ocr_carea' id='block_1_33' title="bbox 413 3263 2123 3350">
    <p class='ocr_par' dir='ltr' id='par_1_33' title="bbox 413 3263 2123 3350">
     <span class='ocr_line' id='line_1_33' title="bbox 413 3263 2123 3350; baseline 0 -20"><span class='ocrx_word' id='word_1_236' title='bbox 413 3280 572 3332; x_wconf 90' lang='lat' dir='ltr'><strong>costa</strong></span> <span class='ocrx_word' id='word_1_237' title='bbox 601 3275 788 3349; x_wconf 90' lang='lat' dir='ltr'><strong>ipsius</strong></span> <span class='ocrx_word' id='word_1_238' title='bbox 817 3278 1068 3334; x_wconf 81' lang='lat' dir='ltr'><strong>efﬂuxit:</strong></span> <span class='ocrx_word' id='word_1_239' title='bbox 1097 3278 1299 3334; x_wconf 89' lang='lat' dir='ltr'><strong>lancea</strong></span> <span class='ocrx_word' id='word_1_240' title='bbox 1319 3295 1593 3350; x_wconf 89' lang='lat' dir='ltr'><strong>percussa</strong></span> <span class='ocrx_word' id='word_1_241' title='bbox 1629 3295 1800 3334; x_wconf 88' lang='lat' dir='ltr'><strong>carne</strong></span> <span class='ocrx_word' id='word_1_242' title='bbox 1841 3279 2046 3350; x_wconf 87' lang='lat' dir='ltr'><strong>ipsius,</strong></span> <span class='ocrx_word' id='word_1_243' title='bbox 2081 3263 2123 3330; x_wconf 87' lang='lat' dir='ltr'><strong>C</strong></span> 
     </span>
    </p>
   </div>
   <div class='ocr_carea' id='block_1_34' title="bbox 411 3366 2059 3439">
    <p class='ocr_par' dir='ltr' id='par_1_34' title="bbox 411 3366 2059 3439">
     <span class='ocr_line' id='line_1_34' title="bbox 411 3366 2059 3439; baseline 0.004 -20"><span class='ocrx_word' id='word_1_244' title='bbox 411 3369 649 3422; x_wconf 90' lang='lat' dir='ltr'><strong>sanctus</strong></span> <span class='ocrx_word' id='word_1_245' title='bbox 678 3366 931 3438; x_wconf 87' lang='lat' dir='ltr'><strong>Spiritus</strong></span> <span class='ocrx_word' id='word_1_246' title='bbox 953 3367 1329 3439; x_wconf 89' lang='lat' dir='ltr'><strong>viviﬁcusque</strong></span> <span class='ocrx_word' id='word_1_247' title='bbox 1350 3368 1408 3423; x_wconf 92' lang='lat' dir='ltr'><strong>in</strong></span> <span class='ocrx_word' id='word_1_248' title='bbox 1430 3368 1696 3424; x_wconf 88' lang='lat' dir='ltr'><strong>deiﬁcata</strong></span> <span class='ocrx_word' id='word_1_249' title='bbox 1715 3384 1890 3424; x_wconf 91' lang='lat' dir='ltr'><strong>carne</strong></span> <span class='ocrx_word' id='word_1_250' title='bbox 1920 3369 2059 3438; x_wconf 84' lang='lat' dir='ltr'><strong>ejus.</strong></span> 
     </span>
    </p>
   </div>
   <div class='ocr_carea' id='block_1_35' title="bbox 408 3454 2046 3529">
    <p class='ocr_par' dir='ltr' id='par_1_35' title="bbox 408 3454 2046 3529">
     <span class='ocr_line' id='line_1_35' title="bbox 408 3454 2046 3529; baseline 0.001 -19"><span class='ocrx_word' id='word_1_251' title='bbox 408 3454 940 3526; x_wconf 90' lang='lat' dir='ltr'><strong>permansit.Quam</strong></span> <span class='ocrx_word' id='word_1_252' title='bbox 955 3457 1320 3512; x_wconf 88' lang='lat' dir='ltr'><strong>comedentes</strong></span> <span class='ocrx_word' id='word_1_253' title='bbox 1337 3457 1394 3511; x_wconf 90' lang='lat' dir='ltr'><strong>in</strong></span> <span class='ocrx_word' id='word_1_254' title='bbox 1413 3457 1686 3529; x_wconf 87' lang='lat' dir='ltr'><strong>pane,qui</strong></span> <span class='ocrx_word' id='word_1_255' title='bbox 1701 3457 2046 3512; x_wconf 86' lang='lat' dir='ltr'><strong>immutatus</strong></span> 
     </span>
    </p>
   </div>
   <div class='ocr_carea' id='block_1_36' title="bbox 409 3543 2044 3618">
    <p class='ocr_par' dir='ltr' id='par_1_36' title="bbox 409 3543 2044 3618">
     <span class='ocr_line' id='line_1_36' title="bbox 409 3543 2044 3618; baseline 0.002 -21"><span class='ocrx_word' id='word_1_256' title='bbox 409 3547 498 3598; x_wconf 90' lang='lat' dir='ltr'><strong>est</strong></span> <span class='ocrx_word' id='word_1_257' title='bbox 526 3559 631 3615; x_wconf 89' lang='lat' dir='ltr'><strong>per</strong></span> <span class='ocrx_word' id='word_1_258' title='bbox 655 3543 935 3616; x_wconf 86' lang='lat' dir='ltr'><strong>Spiritum</strong></span> <span class='ocrx_word' id='word_1_259' title='bbox 961 3549 1017 3601; x_wconf 88' lang='lat' dir='ltr'><strong>et</strong></span> <span class='ocrx_word' id='word_1_260' title='bbox 1040 3546 1278 3602; x_wconf 73' lang='lat' dir='ltr'><strong>effectus</strong></span> <span class='ocrx_word' id='word_1_261' title='bbox 1309 3550 1397 3602; x_wconf 84' lang='lat' dir='ltr'><strong>est</strong></span> <span class='ocrx_word' id='word_1_262' title='bbox 1417 3563 1628 3618; x_wconf 90' lang='lat' dir='ltr'><strong>corpus</strong></span> <span class='ocrx_word' id='word_1_263' title='bbox 1645 3545 1878 3611; x_wconf 88' lang='lat' dir='ltr'><strong>Christi,</strong></span> <span class='ocrx_word' id='word_1_264' title='bbox 1903 3546 2044 3602; x_wconf 90' lang='lat' dir='ltr'><strong>vivi-</strong></span> 
     </span>
    </p>
   </div>
   <div class='ocr_carea' id='block_1_37' title="bbox 408 3631 2042 3706">
    <p class='ocr_par' dir='ltr' id='par_1_37' title="bbox 408 3631 2042 3706">
     <span class='ocr_line' id='line_1_37' title="bbox 408 3631 2042 3706; baseline 0.003 -21"><span class='ocrx_word' id='word_1_265' title='bbox 408 3647 542 3686; x_wconf 91' lang='lat' dir='ltr'><strong>mus</strong></span> <span class='ocrx_word' id='word_1_266' title='bbox 562 3631 630 3686; x_wconf 84' lang='lat' dir='ltr'><strong>in</strong></span> <span class='ocrx_word' id='word_1_267' title='bbox 661 3632 808 3703; x_wconf 88' lang='lat' dir='ltr'><strong>ipso,</strong></span> <span class='ocrx_word' id='word_1_268' title='bbox 840 3637 1123 3706; x_wconf 86' lang='lat' dir='ltr'><strong>tanquam</strong></span> <span class='ocrx_word' id='word_1_269' title='bbox 1152 3634 1342 3690; x_wconf 88' lang='lat' dir='ltr'><strong>vivam</strong></span> <span class='ocrx_word' id='word_1_270' title='bbox 1363 3638 1420 3690; x_wconf 92' lang='lat' dir='ltr'><strong>et</strong></span> <span class='ocrx_word' id='word_1_271' title='bbox 1449 3635 1781 3690; x_wconf 88' lang='lat' dir='ltr'><strong>deiﬁcatam</strong></span> <span class='ocrx_word' id='word_1_272' title='bbox 1803 3651 2042 3692; x_wconf 87' lang='lat' dir='ltr'><strong>carnem</strong></span> 
     </span>
    </p>
   </div>
   <div class='ocr_carea' id='block_1_38' title="bbox 407 3720 2042 3796">
    <p class='ocr_par' dir='ltr' id='par_1_38' title="bbox 407 3720 2042 3796">
     <span class='ocr_line' id='line_1_38' title="bbox 407 3720 2042 3796; baseline 0.002 -21"><span class='ocrx_word' id='word_1_273' title='bbox 407 3720 766 3777; x_wconf 88' lang='lat' dir='ltr'><strong>edentes.Sic</strong></span> <span class='ocrx_word' id='word_1_274' title='bbox 796 3727 991 3778; x_wconf 89' lang='lat' dir='ltr'><strong>autem</strong></span> <span class='ocrx_word' id='word_1_275' title='bbox 1023 3728 1079 3778; x_wconf 89' lang='lat' dir='ltr'><strong>et</strong></span> <span class='ocrx_word' id='word_1_276' title='bbox 1100 3724 1446 3796; x_wconf 88' lang='lat' dir='ltr'><strong>sanguinem</strong></span> <span class='ocrx_word' id='word_1_277' title='bbox 1463 3725 1655 3779; x_wconf 89' lang='lat' dir='ltr'><strong>vivum</strong></span> <span class='ocrx_word' id='word_1_278' title='bbox 1677 3728 1733 3779; x_wconf 91' lang='lat' dir='ltr'><strong>et</strong></span> <span class='ocrx_word' id='word_1_279' title='bbox 1753 3723 2042 3780; x_wconf 88' lang='lat' dir='ltr'><strong>calidissi-</strong></span> 
     </span>
    </p>
   </div>
   <div class='ocr_carea' id='block_1_39' title="bbox 407 3809 2039 3884">
    <p class='ocr_par' dir='ltr' id='par_1_39' title="bbox 407 3809 2039 3884">
     <span class='ocr_line' id='line_1_39' title="bbox 407 3809 2039 3884; baseline 0.003 -21"><span class='ocrx_word' id='word_1_280' title='bbox 407 3825 569 3864; x_wconf 91' lang='lat' dir='ltr'><strong>mum</strong></span> <span class='ocrx_word' id='word_1_281' title='bbox 600 3809 730 3880; x_wconf 87' lang='lat' dir='ltr'><strong>ejus</strong></span> <span class='ocrx_word' id='word_1_282' title='bbox 759 3811 1023 3867; x_wconf 88' lang='lat' dir='ltr'><strong>bibentes</strong></span> <span class='ocrx_word' id='word_1_283' title='bbox 1045 3828 1178 3866; x_wconf 92' lang='lat' dir='ltr'><strong>cum</strong></span> <span class='ocrx_word' id='word_1_284' title='bbox 1197 3813 1465 3868; x_wconf 83' lang='lat' dir='ltr'><strong>el&#39;ﬁuente</strong></span> <span class='ocrx_word' id='word_1_285' title='bbox 1495 3829 1646 3884; x_wconf 91' lang='lat' dir='ltr'><strong>aqua</strong></span> <span class='ocrx_word' id='word_1_286' title='bbox 1667 3830 1732 3868; x_wconf 86' lang='lat' dir='ltr'><strong>ex</strong></span> <span class='ocrx_word' id='word_1_287' title='bbox 1755 3813 2039 3868; x_wconf 90' lang='lat' dir='ltr'><strong>immacu-</strong></span> 
     </span>
    </p>
   </div>
   <div class='ocr_carea' id='block_1_40' title="bbox 403 3895 2038 3972">
    <p class='ocr_par' dir='ltr' id='par_1_40' title="bbox 403 3895 2038 3972">
     <span class='ocr_line' id='line_1_40' title="bbox 403 3895 2038 3972; baseline 0.003 -21"><span class='ocrx_word' id='word_1_288' title='bbox 403 3895 521 3954; x_wconf 85' lang='lat' dir='ltr'><strong>lata</strong></span> <span class='ocrx_word' id='word_1_289' title='bbox 542 3903 702 3954; x_wconf 91' lang='lat' dir='ltr'><strong>costa</strong></span> <span class='ocrx_word' id='word_1_290' title='bbox 719 3899 1230 3970; x_wconf 90' lang='lat' dir='ltr'><strong>ejus,mundamur</strong></span> <span class='ocrx_word' id='word_1_291' title='bbox 1249 3902 1320 3956; x_wconf 91' lang='lat' dir='ltr'><strong>ab</strong></span> <span class='ocrx_word' id='word_1_292' title='bbox 1344 3901 1501 3956; x_wconf 88' lang='lat' dir='ltr'><strong>omni</strong></span> <span class='ocrx_word' id='word_1_293' title='bbox 1525 3900 1752 3972; x_wconf 88' lang='lat' dir='ltr'><strong>delicto,</strong></span> <span class='ocrx_word' id='word_1_294' title='bbox 1796 3903 2038 3958; x_wconf 87' lang='lat' dir='ltr'><strong>ferventi</strong></span> 
     </span>
    </p>
   </div>
   <div class='ocr_carea' id='block_1_41' title="bbox 402 3984 2039 4060">
    <p class='ocr_par' dir='ltr' id='par_1_41' title="bbox 402 3984 2039 4060">
     <span class='ocr_line' id='line_1_41' title="bbox 402 3984 2039 4060; baseline 0.004 -20"><span class='ocrx_word' id='word_1_295' title='bbox 402 3984 698 4058; x_wconf 81' lang='lat' dir='ltr'><strong>replemur</strong></span> <span class='ocrx_word' id='word_1_296' title='bbox 725 3987 1241 4059; x_wconf 89' lang='lat' dir='ltr'><strong>Spiritu.Calidum</strong></span> <span class='ocrx_word' id='word_1_297' title='bbox 1267 3990 1516 4059; x_wconf 90' lang='lat' dir='ltr'><strong>enim,ut</strong></span> <span class='ocrx_word' id='word_1_298' title='bbox 1542 3989 1932 4060; x_wconf 89' lang='lat' dir='ltr'><strong>videtis,velut</strong></span> <span class='ocrx_word' id='word_1_299' title='bbox 1970 4007 2039 4048; x_wconf 78' lang='lat' dir='ltr'><strong>ex</strong></span> 
     </span>
    </p>
   </div>
   <div class='ocr_carea' id='block_1_42' title="bbox 399 4071 2037 4150">
    <p class='ocr_par' dir='ltr' id='par_1_42' title="bbox 399 4071 2037 4150">
     <span class='ocr_line' id='line_1_42' title="bbox 399 4071 2037 4150; baseline 0.004 -22"><span class='ocrx_word' id='word_1_300' title='bbox 399 4071 580 4130; x_wconf 87' lang='lat' dir='ltr'><strong>latere</strong></span> <span class='ocrx_word' id='word_1_301' title='bbox 597 4075 848 4144; x_wconf 89' lang='lat' dir='ltr'><strong>Domini,</strong></span> <span class='ocrx_word' id='word_1_302' title='bbox 879 4077 1116 4134; x_wconf 90' lang='lat' dir='ltr'><strong>calicem</strong></span> <span class='ocrx_word' id='word_1_303' title='bbox 1148 4079 1428 4147; x_wconf 82' lang='lat' dir='ltr'><strong>bibimus,</strong></span> <span class='ocrx_word' id='word_1_304' title='bbox 1453 4079 1591 4150; x_wconf 91' lang='lat' dir='ltr'><strong>quia</strong></span> <span class='ocrx_word' id='word_1_305' title='bbox 1613 4095 1675 4134; x_wconf 87' lang='lat' dir='ltr'><strong>ex</strong></span> <span class='ocrx_word' id='word_1_306' title='bbox 1709 4080 1834 4134; x_wconf 92' lang='lat' dir='ltr'><strong>viva</strong></span> <span class='ocrx_word' id='word_1_307' title='bbox 1863 4095 2037 4136; x_wconf 88' lang='lat' dir='ltr'><strong>carne</strong></span> 
     </span>
    </p>
   </div>
   <div class='ocr_carea' id='block_1_43' title="bbox 400 4161 2034 4240">
    <p class='ocr_par' dir='ltr' id='par_1_43' title="bbox 400 4161 2034 4240">
     <span class='ocr_line' id='line_1_43' title="bbox 400 4161 2034 4240; baseline 0.004 -22"><span class='ocrx_word' id='word_1_308' title='bbox 400 4165 459 4219; x_wconf 88' lang='lat' dir='ltr'><strong>et</strong></span> <span class='ocrx_word' id='word_1_309' title='bbox 487 4161 675 4219; x_wconf 84' lang='lat' dir='ltr'><strong>calida</strong></span> <span class='ocrx_word' id='word_1_310' title='bbox 703 4163 912 4235; x_wconf 89' lang='lat' dir='ltr'><strong>spiritu</strong></span> <span class='ocrx_word' id='word_1_311' title='bbox 943 4165 1155 4222; x_wconf 89' lang='lat' dir='ltr'><strong>Christi</strong></span> <span class='ocrx_word' id='word_1_312' title='bbox 1179 4165 1574 4222; x_wconf 89' lang='lat' dir='ltr'><strong>calidissimus</strong></span> <span class='ocrx_word' id='word_1_313' title='bbox 1609 4167 1774 4223; x_wconf 88' lang='lat' dir='ltr'><strong>nobis</strong></span> <span class='ocrx_word' id='word_1_314' title='bbox 1793 4169 2034 4240; x_wconf 86' lang='lat' dir='ltr'><strong>sanguis</strong></span> 
     </span>
    </p>
   </div>
   <div class='ocr_carea' id='block_1_44' title="bbox 399 4253 2034 4328">
    <p class='ocr_par' dir='ltr' id='par_1_44' title="bbox 399 4253 2034 4328">
     <span class='ocr_line' id='line_1_44' title="bbox 399 4253 2034 4328; baseline 0.004 -22"><span class='ocrx_word' id='word_1_315' title='bbox 399 4253 457 4306; x_wconf 90' lang='lat' dir='ltr'><strong>et</strong></span> <span class='ocrx_word' id='word_1_316' title='bbox 483 4267 638 4324; x_wconf 88' lang='lat' dir='ltr'><strong>aqua</strong></span> <span class='ocrx_word' id='word_1_317' title='bbox 667 4253 977 4308; x_wconf 88' lang='lat' dir='ltr'><strong>emanavit.</strong></span> <span class='ocrx_word' id='word_1_318' title='bbox 1009 4255 1170 4320; x_wconf 89' lang='lat' dir='ltr'><strong>Quod</strong></span> <span class='ocrx_word' id='word_1_319' title='bbox 1201 4254 1260 4310; x_wconf 92' lang='lat' dir='ltr'><strong>in</strong></span> <span class='ocrx_word' id='word_1_320' title='bbox 1301 4254 1384 4311; x_wconf 87' lang='lat' dir='ltr'><strong>eis</strong></span> <span class='ocrx_word' id='word_1_321' title='bbox 1435 4256 1534 4328; x_wconf 91' lang='lat' dir='ltr'><strong>qui</strong></span> <span class='ocrx_word' id='word_1_322' title='bbox 1593 4273 1794 4328; x_wconf 81' lang='lat' dir='ltr'><strong>azyma</strong></span> <span class='ocrx_word' id='word_1_323' title='bbox 1842 4274 2034 4313; x_wconf 90' lang='lat' dir='ltr'><strong>come-</strong></span> 
     </span>
    </p>
   </div>
   <div class='ocr_carea' id='block_1_45' title="bbox 398 4339 972 4413">
    <p class='ocr_par' dir='ltr' id='par_1_45' title="bbox 398 4339 972 4413">
     <span class='ocr_line' id='line_1_45' title="bbox 398 4339 972 4413; baseline 0 -17"><span class='ocrx_word' id='word_1_324' title='bbox 398 4339 566 4411; x_wconf 90' lang='lat' dir='ltr'><strong>dunt,</strong></span> <span class='ocrx_word' id='word_1_325' title='bbox 599 4340 802 4413; x_wconf 88' lang='lat' dir='ltr'><strong>nequit</strong></span> <span class='ocrx_word' id='word_1_326' title='bbox 831 4341 972 4398; x_wconf 89' lang='lat' dir='ltr'><strong>ﬁeri.</strong></span> 
     </span>
    </p>
   </div>
   <div class='ocr_carea' id='block_1_46' title="bbox 467 4428 2029 4502">
    <p class='ocr_par' dir='ltr' id='par_1_46' title="bbox 467 4428 2029 4502">
     <span class='ocr_line' id='line_1_46' title="bbox 467 4428 2029 4502; baseline 0.004 -18"><span class='ocrx_word' id='word_1_327' title='bbox 467 4428 560 4486; x_wconf 87' lang='lat' dir='ltr'><strong>IV.</strong></span> <span class='ocrx_word' id='word_1_328' title='bbox 596 4429 655 4486; x_wconf 93' lang='lat' dir='ltr'><strong>Si</strong></span> <span class='ocrx_word' id='word_1_329' title='bbox 686 4434 882 4486; x_wconf 87' lang='lat' dir='ltr'><strong>autem</strong></span> <span class='ocrx_word' id='word_1_330' title='bbox 912 4434 1210 4488; x_wconf 90' lang='lat' dir='ltr'><strong>mortuum</strong></span> <span class='ocrx_word' id='word_1_331' title='bbox 1243 4431 1592 4488; x_wconf 83' lang='lat' dir='ltr'><strong>fermentum</strong></span> <span class='ocrx_word' id='word_1_332' title='bbox 1624 4433 1950 4502; x_wconf 85' lang='lat' dir='ltr'><strong>comeditis,</strong></span> <span class='ocrx_word' id='word_1_333' title='bbox 1996 4452 2029 4491; x_wconf 91' lang='grc' dir='ltr'>ο</span> 
     </span>
    </p>
   </div>
   <div class='ocr_carea' id='block_1_47' title="bbox 393 4519 2030 4594">
    <p class='ocr_par' dir='ltr' id='par_1_47' title="bbox 393 4519 2030 4594">
     <span class='ocr_line' id='line_1_47' title="bbox 393 4519 2030 4594; baseline 0.002 -18"><span class='ocrx_word' id='word_1_334' title='bbox 393 4519 832 4592; x_wconf 88' lang='lat' dir='ltr'><strong>sapientissimi,</strong></span> <span class='ocrx_word' id='word_1_335' title='bbox 865 4525 929 4576; x_wconf 89' lang='lat' dir='ltr'><strong>ut</strong></span> <span class='ocrx_word' id='word_1_336' title='bbox 958 4537 1146 4578; x_wconf 91' lang='lat' dir='ltr'><strong>sermo</strong></span> <span class='ocrx_word' id='word_1_337' title='bbox 1175 4521 1505 4590; x_wconf 89' lang='lat' dir='ltr'><strong>declaravit,</strong></span> <span class='ocrx_word' id='word_1_338' title='bbox 1537 4523 1705 4593; x_wconf 89' lang='lat' dir='ltr'><strong>cujus</strong></span> <span class='ocrx_word' id='word_1_339' title='bbox 1723 4523 1801 4578; x_wconf 92' lang='lat' dir='ltr'><strong>rei</strong></span> <span class='ocrx_word' id='word_1_340' title='bbox 1843 4523 2030 4594; x_wconf 87' lang='lat' dir='ltr'><strong>gratia</strong></span> 
     </span>
    </p>
   </div>
   <div class='ocr_carea' id='block_1_48' title="bbox 391 4607 2105 4698">
    <p class='ocr_par' dir='ltr' id='par_1_48' title="bbox 391 4607 2105 4698">
     <span class='ocr_line' id='line_1_48' title="bbox 391 4607 2105 4698; baseline 0.004 -35"><span class='ocrx_word' id='word_1_341' title='bbox 391 4607 746 4680; x_wconf 89' lang='lat' dir='ltr'><strong>gloriamini,</strong></span> <span class='ocrx_word' id='word_1_342' title='bbox 772 4609 1070 4666; x_wconf 88' lang='lat' dir='ltr'><strong>dicentes:</strong></span> <span class='ocrx_word' id='word_1_343' title='bbox 1111 4631 1132 4660; x_wconf 73' lang='grc' dir='ltr'>ι</span> <span class='ocrx_word' id='word_1_344' title='bbox 1165 4611 1311 4676; x_wconf 88' lang='lat' dir='ltr'><strong>Quia</strong></span> <span class='ocrx_word' id='word_1_345' title='bbox 1340 4627 1453 4666; x_wconf 90' lang='lat' dir='ltr'><strong>non</strong></span> <span class='ocrx_word' id='word_1_346' title='bbox 1473 4610 1623 4668; x_wconf 91' lang='lat' dir='ltr'><strong>sicut</strong></span> <span class='ocrx_word' id='word_1_347' title='bbox 1652 4628 1752 4667; x_wconf 91' lang='lat' dir='ltr'><strong>vos</strong></span> <span class='ocrx_word' id='word_1_348' title='bbox 1786 4611 1908 4667; x_wconf 88' lang='lat' dir='ltr'><strong>sale</strong></span> <span class='ocrx_word' id='word_1_349' title='bbox 1967 4617 2024 4668; x_wconf 91' lang='lat' dir='ltr'><strong>et</strong></span> <span class='ocrx_word' id='word_1_350' title='bbox 2057 4632 2105 4698; x_wconf 84' lang='lat' dir='ltr'>D</span> 
     </span>
    </p>
   </div>
   <div class='ocr_carea' id='block_1_49' title="bbox 389 4699 2024 4772">
    <p class='ocr_par' dir='ltr' id='par_1_49' title="bbox 389 4699 2024 4772">
     <span class='ocr_line' id='line_1_49' title="bbox 389 4699 2024 4772; baseline 0.002 -19"><span class='ocrx_word' id='word_1_351' title='bbox 389 4699 671 4754; x_wconf 82' lang='lat' dir='ltr'><strong>fermento</strong></span> <span class='ocrx_word' id='word_1_352' title='bbox 702 4703 876 4772; x_wconf 89' lang='lat' dir='ltr'><strong>atque</strong></span> <span class='ocrx_word' id='word_1_353' title='bbox 905 4717 1059 4772; x_wconf 90' lang='lat' dir='ltr'><strong>aqua</strong></span> <span class='ocrx_word' id='word_1_354' title='bbox 1089 4701 1336 4758; x_wconf 88' lang='lat' dir='ltr'><strong>farinam</strong></span> <span class='ocrx_word' id='word_1_355' title='bbox 1360 4704 1776 4772; x_wconf 85' lang='lat' dir='ltr'><strong>temperamus,</strong></span> <span class='ocrx_word' id='word_1_356' title='bbox 1837 4704 1894 4756; x_wconf 91' lang='lat' dir='ltr'><strong>et</strong></span> <span class='ocrx_word' id='word_1_357' title='bbox 1941 4700 2024 4758; x_wconf 90' lang='lat' dir='ltr'><strong>sic</strong></span> 
     </span>
    </p>
   </div>
   <div class='ocr_carea' id='block_1_50' title="bbox 389 4785 2027 4862">
    <p class='ocr_par' dir='ltr' id='par_1_50' title="bbox 389 4785 2027 4862">
     <span class='ocr_line' id='line_1_50' title="bbox 389 4785 2027 4862; baseline 0.002 -22"><span class='ocrx_word' id='word_1_358' title='bbox 389 4785 639 4844; x_wconf 82' lang='lat' dir='ltr'><strong>facimus</strong></span> <span class='ocrx_word' id='word_1_359' title='bbox 659 4789 1012 4846; x_wconf 87' lang='lat' dir='ltr'><strong>oblationem</strong></span> <span class='ocrx_word' id='word_1_360' title='bbox 1035 4807 1370 4862; x_wconf 74' lang='lat' dir='ltr'><strong>azymorum</strong></span> <span class='ocrx_word' id='word_1_361' title='bbox 1393 4789 1853 4857; x_wconf 87' lang='lat' dir='ltr'><strong>nostrorum,sed</strong></span> <span class='ocrx_word' id='word_1_362' title='bbox 1873 4807 2027 4861; x_wconf 90' lang='lat' dir='ltr'><strong>aqua</strong></span> 
     </span>
    </p>
   </div>
   <div class='ocr_carea' id='block_1_51' title="bbox 389 4873 2026 4952">
    <p class='ocr_par' dir='ltr' id='par_1_51' title="bbox 389 4873 2026 4952">
     <span class='ocr_line' id='line_1_51' title="bbox 389 4873 2026 4952; baseline 0.005 -26"><span class='ocrx_word' id='word_1_363' title='bbox 389 4873 514 4928; x_wconf 89' lang='lat' dir='ltr'><strong>sola</strong></span> <span class='ocrx_word' id='word_1_364' title='bbox 533 4879 590 4930; x_wconf 92' lang='lat' dir='ltr'><strong>et</strong></span> <span class='ocrx_word' id='word_1_365' title='bbox 610 4876 794 4934; x_wconf 87' lang='lat' dir='ltr'><strong>farina</strong></span> <span class='ocrx_word' id='word_1_366' title='bbox 814 4882 872 4934; x_wconf 88' lang='lat' dir='ltr'><strong>et</strong></span> <span class='ocrx_word' id='word_1_367' title='bbox 886 4877 1006 4950; x_wconf 84' lang='lat' dir='ltr'><strong>igni</strong></span> <span class='ocrx_word' id='word_1_368' title='bbox 1025 4896 1293 4952; x_wconf 78' lang='lat' dir='ltr'><strong>azymum</strong></span> <span class='ocrx_word' id='word_1_369' title='bbox 1317 4879 1740 4944; x_wconf 88' lang='lat' dir='ltr'><strong>conﬁcimus,et</strong></span> <span class='ocrx_word' id='word_1_370' title='bbox 1765 4879 1824 4932; x_wconf 90' lang='lat' dir='ltr'><strong>in</strong></span> <span class='ocrx_word' id='word_1_371' title='bbox 1838 4878 2026 4934; x_wconf 90' lang='lat' dir='ltr'><strong>tribus</strong></span> 
     </span>
    </p>
   </div>
   <div class='ocr_carea' id='block_1_52' title="bbox 391 4958 2029 5039">
    <p class='ocr_par' dir='ltr' id='par_1_52' title="bbox 391 4958 2029 5039">
     <span class='ocr_line' id='line_1_52' title="bbox 391 4958 2029 5039; baseline 0.006 -26"><span class='ocrx_word' id='word_1_372' title='bbox 391 4958 484 5014; x_wconf 90' lang='lat' dir='ltr'><strong>his</strong></span> <span class='ocrx_word' id='word_1_373' title='bbox 499 4978 708 5032; x_wconf 87' lang='lat' dir='ltr'><strong>puram</strong></span> <span class='ocrx_word' id='word_1_374' title='bbox 730 4965 978 5022; x_wconf 84' lang='lat' dir='ltr'><strong>facimus</strong></span> <span class='ocrx_word' id='word_1_375' title='bbox 998 4974 1258 5024; x_wconf 87' lang='lat' dir='ltr'><strong>nostram</strong></span> <span class='ocrx_word' id='word_1_376' title='bbox 1281 4968 1629 5024; x_wconf 74' lang='lat' dir='ltr'><strong>oblationem</strong></span> <span class='ocrx_word' id='word_1_377' title='bbox 1657 4985 1708 5035; x_wconf 85' lang='grc'><strong>;››</strong></span> <span class='ocrx_word' id='word_1_378' title='bbox 1732 4973 2029 5039; x_wconf 88' lang='lat' dir='ltr'><strong>perconta-</strong></span> 
     </span>
    </p>
   </div>
   <div class='ocr_carea' id='block_1_53' title="bbox 389 5049 2022 5128">
    <p class='ocr_par' dir='ltr' id='par_1_53' title="bbox 389 5049 2022 5128">
     <span class='ocr_line' id='line_1_53' title="bbox 389 5049 2022 5128; baseline 0.006 -26"><span class='ocrx_word' id='word_1_379' title='bbox 389 5062 525 5102; x_wconf 89' lang='lat' dir='ltr'><strong>mur</strong></span> <span class='ocrx_word' id='word_1_380' title='bbox 552 5049 731 5120; x_wconf 86' lang='lat' dir='ltr'><strong>igitur</strong></span> <span class='ocrx_word' id='word_1_381' title='bbox 747 5055 998 5121; x_wconf 65' lang='lat' dir='ltr'><strong>vos,haec</strong></span> <span class='ocrx_word' id='word_1_382' title='bbox 1020 5057 1364 5128; x_wconf 85' lang='lat' dir='ltr'><strong>tria,aquam</strong></span> <span class='ocrx_word' id='word_1_383' title='bbox 1387 5062 1444 5111; x_wconf 89' lang='lat' dir='ltr'><strong>et</strong></span> <span class='ocrx_word' id='word_1_384' title='bbox 1467 5056 1711 5111; x_wconf 84' lang='lat' dir='ltr'><strong>farinam</strong></span> <span class='ocrx_word' id='word_1_385' title='bbox 1735 5063 1792 5110; x_wconf 92' lang='lat' dir='ltr'><strong>ct</strong></span> <span class='ocrx_word' id='word_1_386' title='bbox 1809 5057 2022 5127; x_wconf 82' lang='lat' dir='ltr'><strong>ignem,</strong></span> 
     </span>
    </p>
   </div>
   <div class='ocr_carea' id='block_1_54' title="bbox 388 5135 2026 5216">
    <p class='ocr_par' dir='ltr' id='par_1_54' title="bbox 388 5135 2026 5216">
     <span class='ocr_line' id='line_1_54' title="bbox 388 5135 2026 5216; baseline 0.005 -24"><span class='ocrx_word' id='word_1_387' title='bbox 388 5136 461 5192; x_wconf 89' lang='lat' dir='ltr'><strong>ad</strong></span> <span class='ocrx_word' id='word_1_388' title='bbox 493 5135 633 5207; x_wconf 90' lang='lat' dir='ltr'><strong>quid</strong></span> <span class='ocrx_word' id='word_1_389' title='bbox 668 5140 967 5212; x_wconf 90' lang='lat' dir='ltr'><strong>accipitis;</strong></span> <span class='ocrx_word' id='word_1_390' title='bbox 1001 5145 1167 5200; x_wconf 90' lang='lat' dir='ltr'><strong>etcui</strong></span> <span class='ocrx_word' id='word_1_391' title='bbox 1195 5145 1446 5216; x_wconf 74' lang='lat' dir='ltr'><strong>effigiem</strong></span> <span class='ocrx_word' id='word_1_392' title='bbox 1479 5145 1746 5199; x_wconf 71' lang='lat' dir='ltr'><strong>essetnec</strong></span> <span class='ocrx_word' id='word_1_393' title='bbox 1776 5145 2026 5200; x_wconf 75' lang='lat' dir='ltr'><strong>aestima-</strong></span> 
     </span>
    </p>
   </div>
   <div class='ocr_carea' id='block_1_55' title="bbox 386 5224 2024 5304">
    <p class='ocr_par' dir='ltr' id='par_1_55' title="bbox 386 5224 2024 5304">
     <span class='ocr_line' id='line_1_55' title="bbox 386 5224 2024 5304; baseline 0.005 -23"><span class='ocrx_word' id='word_1_394' title='bbox 386 5225 464 5282; x_wconf 87' lang='lat' dir='ltr'><strong>tis</strong></span> <span class='ocrx_word' id='word_1_395' title='bbox 483 5224 733 5282; x_wconf 87' lang='lat' dir='ltr'><strong>?Carnis</strong></span> <span class='ocrx_word' id='word_1_396' title='bbox 751 5231 1025 5286; x_wconf 88' lang='lat' dir='ltr'><strong>Domini?</strong></span> <span class='ocrx_word' id='word_1_397' title='bbox 1049 5234 1160 5288; x_wconf 87' lang='lat' dir='ltr'><strong>Sed</strong></span> <span class='ocrx_word' id='word_1_398' title='bbox 1182 5250 1296 5288; x_wconf 92' lang='lat' dir='ltr'><strong>non</strong></span> <span class='ocrx_word' id='word_1_399' title='bbox 1317 5233 1511 5304; x_wconf 90' lang='lat' dir='ltr'><strong>inquit</strong></span> <span class='ocrx_word' id='word_1_400' title='bbox 1530 5232 1776 5286; x_wconf 88' lang='lat' dir='ltr'><strong>dilectus</strong></span> <span class='ocrx_word' id='word_1_401' title='bbox 1798 5233 2024 5290; x_wconf 87' lang='lat' dir='ltr'><strong>Christo</strong></span> 
     </span>
    </p>
   </div>
   <div class='ocr_carea' id='block_1_56' title="bbox 383 5313 2027 5391">
    <p class='ocr_par' dir='ltr' id='par_1_56' title="bbox 383 5313 2027 5391">
     <span class='ocr_line' id='line_1_56' title="bbox 383 5313 2027 5391; baseline 0.004 -20"><span class='ocrx_word' id='word_1_402' title='bbox 383 5313 886 5372; x_wconf 72' lang='lat' dir='ltr'><strong>Joanneszcc&#39;l‘res</strong></span> <span class='ocrx_word' id='word_1_403' title='bbox 925 5323 1068 5375; x_wconf 92' lang='lat' dir='ltr'><strong>sunt</strong></span> <span class='ocrx_word' id='word_1_404' title='bbox 1113 5320 1213 5391; x_wconf 93' lang='lat' dir='ltr'><strong>qui</strong></span> <span class='ocrx_word' id='word_1_405' title='bbox 1259 5319 1661 5375; x_wconf 87' lang='lat' dir='ltr'><strong>testimonium</strong></span> <span class='ocrx_word' id='word_1_406' title='bbox 1723 5320 2027 5390; x_wconf 89' lang='lat' dir='ltr'><strong>perhibent</strong></span> 
     </span>
    </p>
   </div>
   <div class='ocr_carea' id='block_1_57' title="bbox 387 5403 2028 5478">
    <p class='ocr_par' dir='ltr' id='par_1_57' title="bbox 387 5403 2028 5478">
     <span class='ocr_line' id='line_1_57' title="bbox 387 5403 2028 5478; baseline 0.004 -20"><span class='ocrx_word' id='word_1_407' title='bbox 387 5403 436 5474; x_wconf 83' lang='grc' dir='ltr'><strong>(Ι</strong></span> <span class='ocrx_word' id='word_1_408' title='bbox 471 5404 626 5460; x_wconf 83' lang='lat' dir='ltr'><strong>Joan.</strong></span> <span class='ocrx_word' id='word_1_409' title='bbox 659 5421 713 5474; x_wconf 93' lang='lat' dir='ltr'><strong>v,</strong></span> <span class='ocrx_word' id='word_1_410' title='bbox 749 5405 824 5476; x_wconf 90' lang='lat'><strong>8),</strong></span> <span class='ocrx_word' id='word_1_411' title='bbox 851 5427 880 5455; x_wconf 83' lang='lat'>»</span> <span class='ocrx_word' id='word_1_412' title='bbox 911 5420 1062 5478; x_wconf 85' lang='lat' dir='ltr'><strong>aqua</strong></span> <span class='ocrx_word' id='word_1_413' title='bbox 1091 5412 1146 5462; x_wconf 89' lang='lat' dir='ltr'><strong>et</strong></span> <span class='ocrx_word' id='word_1_414' title='bbox 1169 5407 1352 5461; x_wconf 86' lang='lat' dir='ltr'><strong>farina</strong></span> <span class='ocrx_word' id='word_1_415' title='bbox 1383 5411 1439 5462; x_wconf 86' lang='lat' dir='ltr'><strong>et</strong></span> <span class='ocrx_word' id='word_1_416' title='bbox 1469 5406 1640 5478; x_wconf 88' lang='lat' dir='ltr'><strong>ignis.</strong></span> <span class='ocrx_word' id='word_1_417' title='bbox 1690 5407 1797 5462; x_wconf 85' lang='lat' dir='ltr'><strong>Sed</strong></span> <span class='ocrx_word' id='word_1_418' title='bbox 1851 5407 2028 5478; x_wconf 82' lang='lat' dir='ltr'><strong>quid?</strong></span> 
     </span>
    </p>
   </div>
   <div class='ocr_carea' id='block_1_58' title="bbox 385 5491 2027 5568">
    <p class='ocr_par' dir='ltr' id='par_1_58' title="bbox 385 5491 2027 5568">
     <span class='ocr_line' id='line_1_58' title="bbox 385 5491 2027 5568; baseline 0.008 -28"><span class='ocrx_word' id='word_1_419' title='bbox 385 5511 415 5540; x_wconf 85' lang='lat'><strong>«</strong></span> <span class='ocrx_word' id='word_1_420' title='bbox 443 5491 696 5562; x_wconf 84' lang='lat' dir='ltr'><strong>Spiritus</strong></span> <span class='ocrx_word' id='word_1_421' title='bbox 731 5499 789 5550; x_wconf 91' lang='lat' dir='ltr'><strong>et</strong></span> <span class='ocrx_word' id='word_1_422' title='bbox 809 5511 962 5568; x_wconf 91' lang='lat' dir='ltr'><strong>aqua</strong></span> <span class='ocrx_word' id='word_1_423' title='bbox 993 5499 1049 5552; x_wconf 90' lang='lat' dir='ltr'><strong>et</strong></span> <span class='ocrx_word' id='word_1_424' title='bbox 1077 5496 1339 5567; x_wconf 89' lang='lat' dir='ltr'><strong>sanguis,</strong></span> <span class='ocrx_word' id='word_1_425' title='bbox 1363 5500 1418 5550; x_wconf 92' lang='lat' dir='ltr'><strong>et</strong></span> <span class='ocrx_word' id='word_1_426' title='bbox 1449 5495 1507 5550; x_wconf 90' lang='lat' dir='ltr'><strong>hi</strong></span> <span class='ocrx_word' id='word_1_427' title='bbox 1529 5499 1646 5550; x_wconf 89' lang='lat' dir='ltr'><strong>tres</strong></span> <span class='ocrx_word' id='word_1_428' title='bbox 1670 5494 1728 5550; x_wconf 91' lang='lat' dir='ltr'><strong>in</strong></span> <span class='ocrx_word' id='word_1_429' title='bbox 1753 5512 1866 5551; x_wconf 89' lang='lat' dir='ltr'><strong>uno</strong></span> <span class='ocrx_word' id='word_1_430' title='bbox 1891 5501 2027 5554; x_wconf 91' lang='lat' dir='ltr'><strong>sunt</strong></span> 
     </span>
    </p>
   </div>
   <div class='ocr_carea' id='block_1_59' title="bbox 386 5577 2023 5657">
    <p class='ocr_par' dir='ltr' id='par_1_59' title="bbox 386 5577 2023 5657">
     <span class='ocr_line' id='line_1_59' title="bbox 386 5577 2023 5657; baseline 0.003 -20"><span class='ocrx_word' id='word_1_431' title='bbox 386 5577 612 5648; x_wconf 70' lang='lat' dir='ltr'><strong>(Ibid-,),</strong></span> <span class='ocrx_word' id='word_1_432' title='bbox 647 5604 674 5630; x_wconf 85' lang='grc'><strong>››</strong></span> <span class='ocrx_word' id='word_1_433' title='bbox 695 5583 960 5641; x_wconf 89' lang='lat' dir='ltr'><strong>videlicet</strong></span> <span class='ocrx_word' id='word_1_434' title='bbox 1002 5584 1064 5640; x_wconf 91' lang='lat' dir='ltr'><strong>in</strong></span> <span class='ocrx_word' id='word_1_435' title='bbox 1123 5602 1360 5657; x_wconf 87' lang='lat' dir='ltr'><strong>corpore</strong></span> <span class='ocrx_word' id='word_1_436' title='bbox 1413 5583 1646 5648; x_wconf 84' lang='lat' dir='ltr'><strong>Christi,</strong></span> <span class='ocrx_word' id='word_1_437' title='bbox 1709 5587 1774 5639; x_wconf 93' lang='lat' dir='ltr'><strong>ut</strong></span> <span class='ocrx_word' id='word_1_438' title='bbox 1803 5585 2023 5642; x_wconf 89' lang='lat' dir='ltr'><strong>dictum</strong></span> 
     </span>
    </p>
   </div>
   <div class='ocr_carea' id='block_1_60' title="bbox 386 5666 2027 5750">
    <p class='ocr_par' dir='ltr' id='par_1_60' title="bbox 386 5666 2027 5750">
     <span class='ocr_line' id='line_1_60' title="bbox 386 5666 2027 5750; baseline -0.001 -17"><span class='ocrx_word' id='word_1_439' title='bbox 386 5666 494 5733; x_wconf 66' lang='grc' dir='ltr'><strong>εει»</strong></span> <span class='ocrx_word' id='word_1_440' title='bbox 525 5671 680 5738; x_wconf 88' lang='lat' dir='ltr'><strong>quod</strong></span> <span class='ocrx_word' id='word_1_441' title='bbox 714 5690 818 5732; x_wconf 90' lang='lat' dir='ltr'><strong>nos</strong></span> <span class='ocrx_word' id='word_1_442' title='bbox 835 5679 1202 5736; x_wconf 75' lang='lat' dir='ltr'><strong>comedentes</strong></span> <span class='ocrx_word' id='word_1_443' title='bbox 1222 5675 1456 5731; x_wconf 88' lang='lat' dir='ltr'><strong>unimur</strong></span> <span class='ocrx_word' id='word_1_444' title='bbox 1477 5673 1778 5730; x_wconf 83' lang='lat' dir='ltr'><strong>iucarnato</strong></span> <span class='ocrx_word' id='word_1_445' title='bbox 1791 5679 2027 5750; x_wconf 84' lang='lat' dir='ltr'><strong>propter</strong></span> 
     </span>
    </p>
   </div>
   <div class='ocr_carea' id='block_1_61' title="bbox 1079 386 3109 486">
    <p class='ocr_par' dir='ltr' id='par_1_61' title="bbox 1079 386 3109 486">
     <span class='ocr_line' id='line_1_61' title="bbox 1079 386 3109 486; baseline -0 -25"><span class='ocrx_word' id='word_1_446' title='bbox 1079 399 1560 462; x_wconf 82' lang='lat' dir='ltr'><strong>HUMBERTUS</strong></span> <span class='ocrx_word' id='word_1_447' title='bbox 1605 403 1670 460; x_wconf 94' lang='lat' dir='ltr'><strong>S.</strong></span> <span class='ocrx_word' id='word_1_448' title='bbox 1721 400 1790 458; x_wconf 68' lang='lat' dir='ltr'><strong>li.</strong></span> <span class='ocrx_word' id='word_1_449' title='bbox 1837 386 1908 458; x_wconf 37' lang='lat' dir='ltr'><strong>E&#39;.</strong></span> <span class='ocrx_word' id='word_1_450' title='bbox 1955 394 2441 486; x_wconf 57' lang='lat' dir='ltr'><strong>CARDINALIS.</strong></span> <span class='ocrx_word' id='word_1_451' title='bbox 2475 429 2554 444; x_wconf 89' lang='lat'><strong>—</strong></span> <span class='ocrx_word' id='word_1_452' title='bbox 2581 397 2730 459; x_wconf 91' lang='lat' dir='ltr'><strong>LIB.</strong></span> <span class='ocrx_word' id='word_1_453' title='bbox 2773 397 3109 460; x_wconf 66' lang='lat' dir='ltr'><strong>NICETE.</strong></span> 
     </span>
    </p>
   </div>
   <div class='ocr_carea' id='block_1_62' title="bbox 3769 392 3857 464">
    <p class='ocr_par' dir='ltr' id='par_1_62' title="bbox 3769 392 3857 464">
     <span class='ocr_line' id='line_1_62' title="bbox 3769 392 3857 464; baseline 0 -14"><span class='ocrx_word' id='word_1_454' title='bbox 3769 392 3857 464; x_wconf 67' lang='grc'><strong>9⁸18</strong></span> 
     </span>
    </p>
   </div>
   <div class='ocr_carea' id='block_1_63' title="bbox 2141 522 3854 602">
    <p class='ocr_par' dir='ltr' id='par_1_63' title="bbox 2141 522 3854 602">
     <span class='ocr_line' id='line_1_63' title="bbox 2141 522 3854 602; baseline -0.004 -18"><span class='ocrx_word' id='word_1_455' title='bbox 2141 545 2246 584; x_wconf 90' lang='lat' dir='ltr'><strong>nos</strong></span> <span class='ocrx_word' id='word_1_456' title='bbox 2276 533 2332 584; x_wconf 93' lang='lat' dir='ltr'><strong>et</strong></span> <span class='ocrx_word' id='word_1_457' title='bbox 2360 527 2660 586; x_wconf 91' lang='lat' dir='ltr'><strong>immolato</strong></span> <span class='ocrx_word' id='word_1_458' title='bbox 2691 529 2920 587; x_wconf 90' lang='lat' dir='ltr'><strong>Christo</strong></span> <span class='ocrx_word' id='word_1_459' title='bbox 2951 527 3360 602; x_wconf 85' lang='lat' dir='ltr'><strong>incorporati,</strong></span> <span class='ocrx_word' id='word_1_460' title='bbox 3397 528 3470 582; x_wconf 84' lang='lat' dir='ltr'><strong>et</strong></span> <span class='ocrx_word' id='word_1_461' title='bbox 3504 522 3703 581; x_wconf 85' lang='lat' dir='ltr'><strong>velut</strong></span> <span class='ocrx_word' id='word_1_462' title='bbox 3752 538 3854 578; x_wconf 75' lang='lat' dir='ltr'><strong>can:-</strong></span> 
     </span>
    </p>
   </div>
   <div class='ocr_carea' id='block_1_64' title="bbox 2139 615 3852 690">
    <p class='ocr_par' dir='ltr' id='par_1_64' title="bbox 2139 615 3852 690">
     <span class='ocr_line' id='line_1_64' title="bbox 2139 615 3852 690; baseline -0.003 -18"><span class='ocrx_word' id='word_1_463' title='bbox 2139 618 2286 686; x_wconf 91' lang='lat' dir='ltr'><strong>ejus,</strong></span> <span class='ocrx_word' id='word_1_464' title='bbox 2321 618 2472 673; x_wconf 90' lang='lat' dir='ltr'><strong>sicut</strong></span> <span class='ocrx_word' id='word_1_465' title='bbox 2501 617 2786 690; x_wconf 86' lang='lat' dir='ltr'><strong>scriptum</strong></span> <span class='ocrx_word' id='word_1_466' title='bbox 2819 623 2926 674; x_wconf 87' lang='lat' dir='ltr'><strong>est.</strong></span> <span class='ocrx_word' id='word_1_467' title='bbox 2959 617 3017 673; x_wconf 92' lang='lat' dir='ltr'><strong>Si</strong></span> <span class='ocrx_word' id='word_1_468' title='bbox 3050 621 3263 674; x_wconf 89' lang='lat' dir='ltr'><strong>autem</strong></span> <span class='ocrx_word' id='word_1_469' title='bbox 3298 616 3388 673; x_wconf 87' lang='lat' dir='ltr'><strong>ad</strong></span> <span class='ocrx_word' id='word_1_470' title='bbox 3422 615 3800 671; x_wconf 87' lang='lat' dir='ltr'><strong>increatam</strong></span> <span class='ocrx_word' id='word_1_471' title='bbox 3819 628 3852 668; x_wconf 70' lang='grc' dir='ltr'><strong>εξ</strong></span> 
     </span>
    </p>
   </div>
   <div class='ocr_carea' id='block_1_65' title="bbox 2143 702 3850 778">
    <p class='ocr_par' dir='ltr' id='par_1_65' title="bbox 2143 702 3850 778">
     <span class='ocr_line' id='line_1_65' title="bbox 2143 702 3850 778; baseline -0.003 -18"><span class='ocrx_word' id='word_1_472' title='bbox 2143 706 2541 778; x_wconf 79' lang='lat' dir='ltr'><strong>incorporeum</strong></span> <span class='ocrx_word' id='word_1_473' title='bbox 2576 711 2847 762; x_wconf 90' lang='lat' dir='ltr'><strong>naturam</strong></span> <span class='ocrx_word' id='word_1_474' title='bbox 2875 711 3092 764; x_wconf 67' lang='lat' dir='ltr'><strong>sanctas</strong></span> <span class='ocrx_word' id='word_1_475' title='bbox 3122 705 3478 763; x_wconf 83' lang='lat' dir='ltr'><strong>Trinitatis</strong></span> <span class='ocrx_word' id='word_1_476' title='bbox 3513 702 3850 762; x_wconf 74' lang='lat' dir='ltr'><strong>assumitis.</strong></span> 
     </span>
    </p>
   </div>
   <div class='ocr_carea' id='block_1_66' title="bbox 2141 793 3852 867">
    <p class='ocr_par' dir='ltr' id='par_1_66' title="bbox 2141 793 3852 867">
     <span class='ocr_line' id='line_1_66' title="bbox 2141 793 3852 867; baseline -0.002 -19"><span class='ocrx_word' id='word_1_477' title='bbox 2141 795 2346 850; x_wconf 90' lang='lat' dir='ltr'><strong>erratis</strong></span> <span class='ocrx_word' id='word_1_478' title='bbox 2377 795 2652 851; x_wconf 89' lang='lat' dir='ltr'><strong>cadentes</strong></span> <span class='ocrx_word' id='word_1_479' title='bbox 2679 795 2738 851; x_wconf 93' lang='lat' dir='ltr'><strong>in</strong></span> <span class='ocrx_word' id='word_1_480' title='bbox 2771 795 3042 852; x_wconf 81' lang='lat' dir='ltr'><strong>haeresim</strong></span> <span class='ocrx_word' id='word_1_481' title='bbox 3102 811 3323 852; x_wconf 90' lang='lat' dir='ltr'><strong>eorum</strong></span> <span class='ocrx_word' id='word_1_482' title='bbox 3395 793 3526 867; x_wconf 84' lang='lat' dir='ltr'><strong>qui</strong></span> <span class='ocrx_word' id='word_1_483' title='bbox 3594 804 3852 848; x_wconf 70' lang='lat' dir='ltr'><strong>asserunt</strong></span> 
     </span>
    </p>
   </div>
   <div class='ocr_carea' id='block_1_67' title="bbox 2141 882 3858 956">
    <p class='ocr_par' dir='ltr' id='par_1_67' title="bbox 2141 882 3858 956">
     <span class='ocr_line' id='line_1_67' title="bbox 2141 882 3858 956; baseline -0.001 -18"><span class='ocrx_word' id='word_1_484' title='bbox 2141 883 2324 938; x_wconf 90' lang='lat' dir='ltr'><strong>Deum</strong></span> <span class='ocrx_word' id='word_1_485' title='bbox 2341 883 2709 956; x_wconf 88' lang='lat' dir='ltr'><strong>passum,qui</strong></span> <span class='ocrx_word' id='word_1_486' title='bbox 2721 884 2928 940; x_wconf 90' lang='lat' dir='ltr'><strong>dicunt</strong></span> <span class='ocrx_word' id='word_1_487' title='bbox 2943 899 3341 956; x_wconf 89' lang='lat' dir='ltr'><strong>compassum</strong></span> <span class='ocrx_word' id='word_1_488' title='bbox 3359 882 3686 940; x_wconf 80' lang='lat' dir='ltr'><strong>Verbum</strong></span> <span class='ocrx_word' id='word_1_489' title='bbox 3701 882 3858 942; x_wconf 82' lang='lat' dir='ltr'><strong>carni.</strong></span> 
     </span>
    </p>
   </div>
   <div class='ocr_carea' id='block_1_68' title="bbox 2141 969 3856 1045">
    <p class='ocr_par' dir='ltr' id='par_1_68' title="bbox 2141 969 3856 1045">
     <span class='ocr_line' id='line_1_68' title="bbox 2141 969 3856 1045; baseline -0.002 -19"><span class='ocrx_word' id='word_1_490' title='bbox 2141 976 2197 1026; x_wconf 90' lang='lat' dir='ltr'><strong>et</strong></span> <span class='ocrx_word' id='word_1_491' title='bbox 2225 972 2489 1027; x_wconf 88' lang='lat' dir='ltr'><strong>eamdem</strong></span> <span class='ocrx_word' id='word_1_492' title='bbox 2521 973 2711 1045; x_wconf 88' lang='lat' dir='ltr'><strong>ipsam</strong></span> <span class='ocrx_word' id='word_1_493' title='bbox 2743 973 3022 1030; x_wconf 89' lang='lat' dir='ltr'><strong>deitatem</strong></span> <span class='ocrx_word' id='word_1_494' title='bbox 3051 971 3450 1029; x_wconf 86' lang='lat' dir='ltr'><strong>sustinuisse</strong></span> <span class='ocrx_word' id='word_1_495' title='bbox 3479 969 3856 1044; x_wconf 85' lang='lat' dir='ltr'><strong>passionem.</strong></span> 
     </span>
    </p>
   </div>
   <div class='ocr_carea' id='block_1_69' title="bbox 2142 1061 3858 1134">
    <p class='ocr_par' dir='ltr' id='par_1_69' title="bbox 2142 1061 3858 1134">
     <span class='ocr_line' id='line_1_69' title="bbox 2142 1061 3858 1134; baseline -0.002 -20"><span class='ocrx_word' id='word_1_496' title='bbox 2142 1061 2265 1115; x_wconf 77' lang='lat' dir='ltr'><strong>Non</strong></span> <span class='ocrx_word' id='word_1_497' title='bbox 2297 1061 2452 1116; x_wconf 90' lang='lat' dir='ltr'><strong>enim</strong></span> <span class='ocrx_word' id='word_1_498' title='bbox 2475 1062 2692 1134; x_wconf 89' lang='lat' dir='ltr'><strong>pariter</strong></span> <span class='ocrx_word' id='word_1_499' title='bbox 2719 1062 2979 1118; x_wconf 81' lang='lat' dir='ltr'><strong>Trinitas</strong></span> <span class='ocrx_word' id='word_1_500' title='bbox 3009 1061 3330 1118; x_wconf 88' lang='lat' dir='ltr'><strong>incarnata</strong></span> <span class='ocrx_word' id='word_1_501' title='bbox 3364 1066 3503 1130; x_wconf 79' lang='lat' dir='ltr'><strong>est,</strong></span> <span class='ocrx_word' id='word_1_502' title='bbox 3579 1063 3774 1116; x_wconf 83' lang='lat' dir='ltr'><strong>Pater</strong></span> <span class='ocrx_word' id='word_1_503' title='bbox 3819 1075 3858 1112; x_wconf 67' lang='grc' dir='ltr'>εξ</span> 
     </span>
    </p>
   </div>
   <div class='ocr_carea' id='block_1_70' title="bbox 2142 1148 3858 1223">
    <p class='ocr_par' dir='ltr' id='par_1_70' title="bbox 2142 1148 3858 1223">
     <span class='ocr_line' id='line_1_70' title="bbox 2142 1148 3858 1223; baseline -0.001 -21"><span class='ocrx_word' id='word_1_504' title='bbox 2142 1149 2320 1204; x_wconf 81' lang='lat' dir='ltr'><strong>Filius</strong></span> <span class='ocrx_word' id='word_1_505' title='bbox 2351 1154 2406 1204; x_wconf 92' lang='lat' dir='ltr'><strong>et</strong></span> <span class='ocrx_word' id='word_1_506' title='bbox 2435 1149 2684 1222; x_wconf 85' lang='lat' dir='ltr'><strong>Spiritus</strong></span> <span class='ocrx_word' id='word_1_507' title='bbox 2715 1155 2976 1219; x_wconf 88' lang='lat' dir='ltr'><strong>sanctus,</strong></span> <span class='ocrx_word' id='word_1_508' title='bbox 3014 1154 3080 1206; x_wconf 90' lang='lat' dir='ltr'><strong>ut</strong></span> <span class='ocrx_word' id='word_1_509' title='bbox 3111 1149 3630 1223; x_wconf 84' lang='lat' dir='ltr'><strong>conspiciantur</strong></span> <span class='ocrx_word' id='word_1_510' title='bbox 3692 1148 3754 1204; x_wconf 92' lang='lat' dir='ltr'><strong>in</strong></span> <span class='ocrx_word' id='word_1_511' title='bbox 3811 1165 3858 1202; x_wconf 70' lang='lat' dir='ltr'><strong>es</strong></span> 
     </span>
    </p>
   </div>
   <div class='ocr_carea' id='block_1_71' title="bbox 2142 1236 3855 1310">
    <p class='ocr_par' dir='ltr' id='par_1_71' title="bbox 2142 1236 3855 1310">
     <span class='ocr_line' id='line_1_71' title="bbox 2142 1236 3855 1310; baseline -0.002 -19"><span class='ocrx_word' id='word_1_512' title='bbox 2142 1236 2262 1292; x_wconf 79' lang='lat' dir='ltr'><strong>haec</strong></span> <span class='ocrx_word' id='word_1_513' title='bbox 2280 1238 2410 1303; x_wconf 86' lang='lat' dir='ltr'><strong>tria,</strong></span> <span class='ocrx_word' id='word_1_514' title='bbox 2445 1255 2597 1310; x_wconf 87' lang='lat' dir='ltr'><strong>aqua</strong></span> <span class='ocrx_word' id='word_1_515' title='bbox 2629 1243 2692 1294; x_wconf 93' lang='lat' dir='ltr'><strong>ut</strong></span> <span class='ocrx_word' id='word_1_516' title='bbox 2722 1239 2954 1306; x_wconf 90' lang='lat' dir='ltr'><strong>dicitur,</strong></span> <span class='ocrx_word' id='word_1_517' title='bbox 2989 1239 3184 1296; x_wconf 87' lang='lat' dir='ltr'><strong>farina</strong></span> <span class='ocrx_word' id='word_1_518' title='bbox 3213 1242 3276 1295; x_wconf 91' lang='lat' dir='ltr'><strong>et</strong></span> <span class='ocrx_word' id='word_1_519' title='bbox 3307 1238 3529 1310; x_wconf 83' lang='lat' dir='ltr'><strong>ignis,</strong></span> <span class='ocrx_word' id='word_1_520' title='bbox 3605 1241 3672 1293; x_wconf 88' lang='lat' dir='ltr'><strong>et</strong></span> <span class='ocrx_word' id='word_1_521' title='bbox 3705 1240 3771 1291; x_wconf 85' lang='lat' dir='ltr'><strong>ut</strong></span> <span class='ocrx_word' id='word_1_522' title='bbox 3815 1237 3855 1288; x_wconf 82' lang='lat' dir='ltr'><strong>in</strong></span> 
     </span>
    </p>
   </div>
   <div class='ocr_carea' id='block_1_72' title="bbox 2139 1326 3858 1401">
    <p class='ocr_par' dir='ltr' id='par_1_72' title="bbox 2139 1326 3858 1401">
     <span class='ocr_line' id='line_1_72' title="bbox 2139 1326 3858 1401; baseline 0 -21"><span class='ocrx_word' id='word_1_523' title='bbox 2139 1327 2325 1397; x_wconf 83' lang='lat' dir='ltr'><strong>ﬁgura</strong></span> <span class='ocrx_word' id='word_1_524' title='bbox 2353 1327 2538 1398; x_wconf 90' lang='lat' dir='ltr'><strong>ipsius</strong></span> <span class='ocrx_word' id='word_1_525' title='bbox 2563 1327 2788 1384; x_wconf 91' lang='lat' dir='ltr'><strong>faciatis</strong></span> <span class='ocrx_word' id='word_1_526' title='bbox 2821 1345 3104 1401; x_wconf 85' lang='lat' dir='ltr'><strong>azymum</strong></span> <span class='ocrx_word' id='word_1_527' title='bbox 3136 1333 3195 1384; x_wconf 91' lang='lat' dir='ltr'><strong>et</strong></span> <span class='ocrx_word' id='word_1_528' title='bbox 3211 1328 3638 1384; x_wconf 79' lang='lat' dir='ltr'><strong>sacriﬁcium</strong></span> <span class='ocrx_word' id='word_1_529' title='bbox 3664 1326 3858 1394; x_wconf 66' lang='lat' dir='ltr'><strong>offera-</strong></span> 
     </span>
    </p>
   </div>
   <div class='ocr_carea' id='block_1_73' title="bbox 2143 1415 3863 1484">
    <p class='ocr_par' dir='ltr' id='par_1_73' title="bbox 2143 1415 3863 1484">
     <span class='ocr_line' id='line_1_73' title="bbox 2143 1415 3863 1484; baseline -0.001 -15"><span class='ocrx_word' id='word_1_530' title='bbox 2143 1416 2216 1470; x_wconf 89' lang='lat' dir='ltr'><strong>tis</strong></span> <span class='ocrx_word' id='word_1_531' title='bbox 2243 1433 2254 1470; x_wconf 92' lang='lat'><strong>:</strong></span> <span class='ocrx_word' id='word_1_532' title='bbox 2291 1415 2390 1470; x_wconf 88' lang='lat' dir='ltr'><strong>sed</strong></span> <span class='ocrx_word' id='word_1_533' title='bbox 2424 1432 2576 1472; x_wconf 91' lang='lat' dir='ltr'><strong>unus</strong></span> <span class='ocrx_word' id='word_1_534' title='bbox 2606 1433 2674 1472; x_wconf 82' lang='lat' dir='ltr'><strong>ex</strong></span> <span class='ocrx_word' id='word_1_535' title='bbox 2705 1417 2989 1473; x_wconf 86' lang='lat' dir='ltr'><strong>Trinitate</strong></span> <span class='ocrx_word' id='word_1_536' title='bbox 3009 1416 3288 1484; x_wconf 91' lang='lat' dir='ltr'><strong>Filius,et</strong></span> <span class='ocrx_word' id='word_1_537' title='bbox 3321 1417 3642 1472; x_wconf 85' lang='lat' dir='ltr'><strong>Verbum</strong></span> <span class='ocrx_word' id='word_1_538' title='bbox 3667 1415 3777 1471; x_wconf 88' lang='lat' dir='ltr'><strong>Dei</strong></span> <span class='ocrx_word' id='word_1_539' title='bbox 3798 1415 3863 1468; x_wconf 84' lang='lat' dir='ltr'><strong>in-</strong></span> 
     </span>
    </p>
   </div>
   <div class='ocr_carea' id='block_1_74' title="bbox 2142 1504 3860 1579">
    <p class='ocr_par' dir='ltr' id='par_1_74' title="bbox 2142 1504 3860 1579">
     <span class='ocr_line' id='line_1_74' title="bbox 2142 1504 3860 1579; baseline 0 -21"><span class='ocrx_word' id='word_1_540' title='bbox 2142 1509 2445 1560; x_wconf 90' lang='lat' dir='ltr'><strong>carnatum</strong></span> <span class='ocrx_word' id='word_1_541' title='bbox 2459 1509 2640 1572; x_wconf 86' lang='lat' dir='ltr'><strong>cst,ex</strong></span> <span class='ocrx_word' id='word_1_542' title='bbox 2661 1505 3011 1562; x_wconf 90' lang='lat' dir='ltr'><strong>castissimis</strong></span> <span class='ocrx_word' id='word_1_543' title='bbox 3026 1505 3566 1579; x_wconf 72' lang='lat' dir='ltr'><strong>sanctasVirginis</strong></span> <span class='ocrx_word' id='word_1_544' title='bbox 3581 1504 3860 1562; x_wconf 77' lang='lat' dir='ltr'><strong>carnibus</strong></span> 
     </span>
    </p>
   </div>
   <div class='ocr_carea' id='block_1_75' title="bbox 2143 1593 3861 1669">
    <p class='ocr_par' dir='ltr' id='par_1_75' title="bbox 2143 1593 3861 1669">
     <span class='ocr_line' id='line_1_75' title="bbox 2143 1593 3861 1669; baseline -0.001 -22"><span class='ocrx_word' id='word_1_545' title='bbox 2143 1594 2317 1649; x_wconf 86' lang='lat' dir='ltr'><strong>homo</strong></span> <span class='ocrx_word' id='word_1_546' title='bbox 2336 1595 2572 1650; x_wconf 73' lang='lat' dir='ltr'><strong>effectus</strong></span> <span class='ocrx_word' id='word_1_547' title='bbox 2596 1598 2672 1663; x_wconf 89' lang='lat' dir='ltr'><strong>;et</strong></span> <span class='ocrx_word' id='word_1_548' title='bbox 2692 1593 2892 1650; x_wconf 89' lang='lat' dir='ltr'><strong>omnia</strong></span> <span class='ocrx_word' id='word_1_549' title='bbox 2911 1594 3314 1651; x_wconf 89' lang='lat' dir='ltr'><strong>ordinationis</strong></span> <span class='ocrx_word' id='word_1_550' title='bbox 3333 1611 3473 1651; x_wconf 69' lang='lat' dir='ltr'><strong>sua:</strong></span> <span class='ocrx_word' id='word_1_551' title='bbox 3503 1593 3861 1669; x_wconf 79' lang='lat' dir='ltr'><strong>perﬁciens,</strong></span> 
     </span>
    </p>
   </div>
   <div class='ocr_carea' id='block_1_76' title="bbox 2145 1681 3860 1756">
    <p class='ocr_par' dir='ltr' id='par_1_76' title="bbox 2145 1681 3860 1756">
     <span class='ocr_line' id='line_1_76' title="bbox 2145 1681 3860 1756; baseline -0.001 -20"><span class='ocrx_word' id='word_1_552' title='bbox 2145 1682 2455 1738; x_wconf 85' lang='lat' dir='ltr'><strong>cruciﬁxus</strong></span> <span class='ocrx_word' id='word_1_553' title='bbox 2486 1687 2574 1738; x_wconf 90' lang='lat' dir='ltr'><strong>est</strong></span> <span class='ocrx_word' id='word_1_554' title='bbox 2603 1698 2794 1751; x_wconf 90' lang='lat' dir='ltr'><strong>carne,</strong></span> <span class='ocrx_word' id='word_1_555' title='bbox 2829 1699 2946 1739; x_wconf 88' lang='lat' dir='ltr'><strong>non</strong></span> <span class='ocrx_word' id='word_1_556' title='bbox 2996 1700 3179 1755; x_wconf 90' lang='lat' dir='ltr'><strong>passa</strong></span> <span class='ocrx_word' id='word_1_557' title='bbox 3237 1683 3596 1740; x_wconf 85' lang='lat' dir='ltr'><strong>divinitate</strong></span> <span class='ocrx_word' id='word_1_558' title='bbox 3655 1681 3860 1756; x_wconf 78' lang='lat' dir='ltr'><strong>ipsius.</strong></span> 
     </span>
    </p>
   </div>
   <div class='ocr_carea' id='block_1_77' title="bbox 2143 1771 3858 1844">
    <p class='ocr_par' dir='ltr' id='par_1_77' title="bbox 2143 1771 3858 1844">
     <span class='ocr_line' id='line_1_77' title="bbox 2143 1771 3858 1844; baseline -0.001 -18"><span class='ocrx_word' id='word_1_559' title='bbox 2143 1773 2326 1826; x_wconf 88' lang='lat' dir='ltr'><strong>Carne</strong></span> <span class='ocrx_word' id='word_1_560' title='bbox 2350 1771 2526 1841; x_wconf 84' lang='lat' dir='ltr'><strong>igitur</strong></span> <span class='ocrx_word' id='word_1_561' title='bbox 2553 1771 2887 1840; x_wconf 83' lang='lat' dir='ltr'><strong>cruciﬁxus,</strong></span> <span class='ocrx_word' id='word_1_562' title='bbox 2945 1771 3196 1828; x_wconf 90' lang='lat' dir='ltr'><strong>tradidit</strong></span> <span class='ocrx_word' id='word_1_563' title='bbox 3254 1772 3446 1830; x_wconf 88' lang='lat' dir='ltr'><strong>nobis</strong></span> <span class='ocrx_word' id='word_1_564' title='bbox 3505 1773 3713 1830; x_wconf 87' lang='lat' dir='ltr'><strong>edere</strong></span> <span class='ocrx_word' id='word_1_565' title='bbox 3771 1788 3858 1844; x_wconf 82' lang='lat' dir='ltr'><strong>per</strong></span> 
     </span>
    </p>
   </div>
   <div class='ocr_carea' id='block_1_78' title="bbox 2147 1860 3858 1933">
    <p class='ocr_par' dir='ltr' id='par_1_78' title="bbox 2147 1860 3858 1933">
     <span class='ocr_line' id='line_1_78' title="bbox 2147 1860 3858 1933; baseline -0.001 -19"><span class='ocrx_word' id='word_1_566' title='bbox 2147 1877 2356 1931; x_wconf 84' lang='lat' dir='ltr'><strong>panem</strong></span> <span class='ocrx_word' id='word_1_567' title='bbox 2389 1877 2620 1915; x_wconf 83' lang='lat' dir='ltr'><strong>carnem</strong></span> <span class='ocrx_word' id='word_1_568' title='bbox 2653 1877 2846 1929; x_wconf 90' lang='lat' dir='ltr'><strong>suam,</strong></span> <span class='ocrx_word' id='word_1_569' title='bbox 2880 1877 3062 1932; x_wconf 90' lang='lat' dir='ltr'><strong>quam</strong></span> <span class='ocrx_word' id='word_1_570' title='bbox 3089 1861 3150 1916; x_wconf 93' lang='lat' dir='ltr'><strong>in</strong></span> <span class='ocrx_word' id='word_1_571' title='bbox 3203 1861 3444 1933; x_wconf 88' lang='lat' dir='ltr'><strong>Spiritu</strong></span> <span class='ocrx_word' id='word_1_572' title='bbox 3497 1865 3742 1918; x_wconf 83' lang='lat' dir='ltr'><strong>sancto</strong></span> <span class='ocrx_word' id='word_1_573' title='bbox 3796 1860 3858 1914; x_wconf 83' lang='lat' dir='ltr'><strong>ita</strong></span> 
     </span>
    </p>
   </div>
   <div class='ocr_carea' id='block_1_79' title="bbox 2149 1948 3854 2022">
    <p class='ocr_par' dir='ltr' id='par_1_79' title="bbox 2149 1948 3854 2022">
     <span class='ocr_line' id='line_1_79' title="bbox 2149 1948 3854 2022; baseline 0 -18"><span class='ocrx_word' id='word_1_574' title='bbox 2149 1949 2333 2004; x_wconf 89' lang='lat' dir='ltr'><strong>vivam</strong></span> <span class='ocrx_word' id='word_1_575' title='bbox 2367 1949 2628 2004; x_wconf 89' lang='lat' dir='ltr'><strong>dicimus</strong></span> <span class='ocrx_word' id='word_1_576' title='bbox 2651 1968 2669 2003; x_wconf 92' lang='lat'><strong><em>:</em></strong></span> <span class='ocrx_word' id='word_1_577' title='bbox 2705 1972 2726 1998; x_wconf 80' lang='grc' dir='ltr'>ι</span> <span class='ocrx_word' id='word_1_578' title='bbox 2759 1948 3016 2022; x_wconf 83' lang='lat' dir='ltr'><strong>Accipite</strong></span> <span class='ocrx_word' id='word_1_579' title='bbox 3047 1954 3106 2006; x_wconf 88' lang='lat' dir='ltr'><strong>et</strong></span> <span class='ocrx_word' id='word_1_580' title='bbox 3163 1951 3500 2021; x_wconf 88' lang='lat' dir='ltr'><strong>comedite,</strong></span> <span class='ocrx_word' id='word_1_581' title='bbox 3579 1951 3712 2008; x_wconf 89' lang='lat' dir='ltr'><strong>hoc</strong></span> <span class='ocrx_word' id='word_1_582' title='bbox 3781 1957 3854 2005; x_wconf 74' lang='lat' dir='ltr'><strong>es:</strong></span> 
     </span>
    </p>
   </div>
   <div class='ocr_carea' id='block_1_80' title="bbox 2149 2038 3862 2110">
    <p class='ocr_par' dir='ltr' id='par_1_80' title="bbox 2149 2038 3862 2110">
     <span class='ocr_line' id='line_1_80' title="bbox 2149 2038 3862 2110; baseline 0.001 -17"><span class='ocrx_word' id='word_1_583' title='bbox 2149 2054 2360 2109; x_wconf 86' lang='lat' dir='ltr'><strong>corpus</strong></span> <span class='ocrx_word' id='word_1_584' title='bbox 2393 2054 2608 2104; x_wconf 90' lang='lat' dir='ltr'><strong>meum,</strong></span> <span class='ocrx_word' id='word_1_585' title='bbox 2642 2039 2795 2108; x_wconf 90' lang='lat' dir='ltr'><strong>quod</strong></span> <span class='ocrx_word' id='word_1_586' title='bbox 2819 2055 2924 2110; x_wconf 90' lang='lat' dir='ltr'><strong>pro</strong></span> <span class='ocrx_word' id='word_1_587' title='bbox 2955 2039 3122 2094; x_wconf 88' lang='lat' dir='ltr'><strong>vobis</strong></span> <span class='ocrx_word' id='word_1_588' title='bbox 3155 2038 3419 2096; x_wconf 88' lang='lat' dir='ltr'><strong>fractum</strong></span> <span class='ocrx_word' id='word_1_589' title='bbox 3453 2044 3592 2108; x_wconf 84' lang='lat' dir='ltr'><strong>est,</strong></span> <span class='ocrx_word' id='word_1_590' title='bbox 3653 2040 3725 2094; x_wconf 90' lang='lat' dir='ltr'><strong>in</strong></span> <span class='ocrx_word' id='word_1_591' title='bbox 3779 2055 3862 2094; x_wconf 85' lang='lat' dir='ltr'><strong>re-</strong></span> 
     </span>
    </p>
   </div>
   <div class='ocr_carea' id='block_1_81' title="bbox 2151 2126 3686 2199">
    <p class='ocr_par' dir='ltr' id='par_1_81' title="bbox 2151 2126 3686 2199">
     <span class='ocr_line' id='line_1_81' title="bbox 2151 2126 3686 2199; baseline -0.002 -18"><span class='ocrx_word' id='word_1_592' title='bbox 2151 2126 2489 2182; x_wconf 77' lang='lat' dir='ltr'><strong>missionem</strong></span> <span class='ocrx_word' id='word_1_593' title='bbox 2521 2132 2892 2198; x_wconf 88' lang='lat' dir='ltr'><strong>peccatorum</strong></span> <span class='ocrx_word' id='word_1_594' title='bbox 2928 2127 3140 2199; x_wconf 79' lang='lat' dir='ltr'><strong>(Matth.</strong></span> <span class='ocrx_word' id='word_1_595' title='bbox 3174 2146 3323 2197; x_wconf 76' lang='lat' dir='ltr'><strong>xxvr,</strong></span> <span class='ocrx_word' id='word_1_596' title='bbox 3355 2129 3603 2198; x_wconf 82' lang='lat'><strong>26-28).</strong></span> <span class='ocrx_word' id='word_1_597' title='bbox 3649 2151 3686 2178; x_wconf 86' lang='grc'><strong><em>››</em></strong></span> 
     </span>
    </p>
   </div>
   <div class='ocr_carea' id='block_1_82' title="bbox 2225 2215 3862 2287">
    <p class='ocr_par' dir='ltr' id='par_1_82' title="bbox 2225 2215 3862 2287">
     <span class='ocr_line' id='line_1_82' title="bbox 2225 2215 3862 2287; baseline 0.001 -19"><span class='ocrx_word' id='word_1_598' title='bbox 2225 2215 2289 2271; x_wconf 86' lang='grc' dir='ltr'><strong>ν.</strong></span> <span class='ocrx_word' id='word_1_599' title='bbox 2323 2215 2469 2278; x_wconf 85' lang='lat' dir='ltr'><strong>Quid</strong></span> <span class='ocrx_word' id='word_1_600' title='bbox 2501 2232 2638 2287; x_wconf 85' lang='lat' dir='ltr'><strong>ergo</strong></span> <span class='ocrx_word' id='word_1_601' title='bbox 2667 2215 2852 2283; x_wconf 89' lang='lat' dir='ltr'><strong>vobis,</strong></span> <span class='ocrx_word' id='word_1_602' title='bbox 2882 2216 2943 2272; x_wconf 93' lang='lat' dir='ltr'><strong>in</strong></span> <span class='ocrx_word' id='word_1_603' title='bbox 2971 2216 3202 2272; x_wconf 82' lang='lat' dir='ltr'><strong>Christo</strong></span> <span class='ocrx_word' id='word_1_604' title='bbox 3231 2215 3532 2272; x_wconf 81' lang='lat' dir='ltr'><strong>fratribus</strong></span> <span class='ocrx_word' id='word_1_605' title='bbox 3595 2215 3862 2278; x_wconf 84' lang='lat' dir='ltr'><strong>nostris,</strong></span> 
     </span>
    </p>
   </div>
   <div class='ocr_carea' id='block_1_83' title="bbox 2154 2302 3860 2376">
    <p class='ocr_par' dir='ltr' id='par_1_83' title="bbox 2154 2302 3860 2376">
     <span class='ocr_line' id='line_1_83' title="bbox 2154 2302 3860 2376; baseline 0.002 -20"><span class='ocrx_word' id='word_1_606' title='bbox 2154 2307 2211 2358; x_wconf 88' lang='lat' dir='ltr'><strong>et</strong></span> <span class='ocrx_word' id='word_1_607' title='bbox 2228 2302 2338 2374; x_wconf 87' lang='lat' dir='ltr'><strong>legi</strong></span> <span class='ocrx_word' id='word_1_608' title='bbox 2365 2322 2492 2375; x_wconf 74' lang='lat' dir='ltr'><strong>qum</strong></span> <span class='ocrx_word' id='word_1_609' title='bbox 2517 2304 2820 2360; x_wconf 84' lang='lat' dir='ltr'><strong>moledicta</strong></span> <span class='ocrx_word' id='word_1_610' title='bbox 2837 2309 2929 2360; x_wconf 90' lang='lat' dir='ltr'><strong>est</strong></span> <span class='ocrx_word' id='word_1_611' title='bbox 2945 2304 3004 2359; x_wconf 92' lang='lat' dir='ltr'><strong>in</strong></span> <span class='ocrx_word' id='word_1_612' title='bbox 3020 2305 3251 2361; x_wconf 91' lang='lat' dir='ltr'><strong>Christo</strong></span> <span class='ocrx_word' id='word_1_613' title='bbox 3265 2305 3292 2359; x_wconf 87' lang='lat'><strong>?</strong></span> <span class='ocrx_word' id='word_1_614' title='bbox 3314 2305 3636 2376; x_wconf 86' lang='lat' dir='ltr'><strong>quoniam</strong></span> <span class='ocrx_word' id='word_1_615' title='bbox 3662 2305 3860 2361; x_wconf 56' lang='lat' dir='ltr'><strong>adhuc</strong></span> 
     </span>
    </p>
   </div>
   <div class='ocr_carea' id='block_1_84' title="bbox 2157 2393 3859 2464">
    <p class='ocr_par' dir='ltr' id='par_1_84' title="bbox 2157 2393 3859 2464">
     <span class='ocr_line' id='line_1_84' title="bbox 2157 2393 3859 2464; baseline 0.001 -18"><span class='ocrx_word' id='word_1_616' title='bbox 2157 2409 2426 2464; x_wconf 87' lang='lat' dir='ltr'><strong>azymum</strong></span> <span class='ocrx_word' id='word_1_617' title='bbox 2460 2393 2812 2448; x_wconf 88' lang='lat' dir='ltr'><strong>fermentum</strong></span> <span class='ocrx_word' id='word_1_618' title='bbox 2833 2394 2964 2464; x_wconf 89' lang='lat' dir='ltr'><strong>ejus</strong></span> <span class='ocrx_word' id='word_1_619' title='bbox 2985 2393 3339 2452; x_wconf 84' lang='lat' dir='ltr'><strong>comeditis?</strong></span> <span class='ocrx_word' id='word_1_620' title='bbox 3358 2393 3540 2450; x_wconf 81' lang='lat' dir='ltr'><strong>Nova</strong></span> <span class='ocrx_word' id='word_1_621' title='bbox 3573 2399 3859 2450; x_wconf 80' lang='lat' dir='ltr'><strong>creatura</strong></span> 
     </span>
    </p>
   </div>
   <div class='ocr_carea' id='block_1_85' title="bbox 2157 2481 3858 2540">
    <p class='ocr_par' dir='ltr' id='par_1_85' title="bbox 2157 2481 3858 2540">
     <span class='ocr_line' id='line_1_85' title="bbox 2157 2481 3858 2540; baseline 0.001 -4"><span class='ocrx_word' id='word_1_622' title='bbox 2157 2498 2364 2537; x_wconf 91' lang='lat' dir='ltr'><strong>sumus</strong></span> <span class='ocrx_word' id='word_1_623' title='bbox 2386 2481 2445 2536; x_wconf 94' lang='lat' dir='ltr'><strong>in</strong></span> <span class='ocrx_word' id='word_1_624' title='bbox 2467 2481 2695 2536; x_wconf 91' lang='lat' dir='ltr'><strong>Christo</strong></span> <span class='ocrx_word' id='word_1_625' title='bbox 2715 2500 2728 2537; x_wconf 88' lang='lat'>:</span> <span class='ocrx_word' id='word_1_626' title='bbox 2749 2485 2944 2538; x_wconf 87' lang='lat' dir='ltr'><strong>vetera</strong></span> <span class='ocrx_word' id='word_1_627' title='bbox 2960 2482 3650 2540; x_wconf 85' lang='lat' dir='ltr'><strong>transierunt.Paulum</strong></span> <span class='ocrx_word' id='word_1_628' title='bbox 3664 2484 3858 2540; x_wconf 83' lang='lat' dir='ltr'><strong>audite</strong></span> 
     </span>
    </p>
   </div>
   <div class='ocr_carea' id='block_1_86' title="bbox 2159 2571 3856 2644">
    <p class='ocr_par' dir='ltr' id='par_1_86' title="bbox 2159 2571 3856 2644">
     <span class='ocr_line' id='line_1_86' title="bbox 2159 2571 3856 2644; baseline 0.001 -19"><span class='ocrx_word' id='word_1_629' title='bbox 2159 2571 2479 2626; x_wconf 87' lang='lat' dir='ltr'><strong>dicentem:</strong></span> <span class='ocrx_word' id='word_1_630' title='bbox 2511 2594 2537 2620; x_wconf 89' lang='grc'><em>‹‹</em></span> <span class='ocrx_word' id='word_1_631' title='bbox 2568 2572 2710 2626; x_wconf 87' lang='lat' dir='ltr'><strong>Ecce</strong></span> <span class='ocrx_word' id='word_1_632' title='bbox 2743 2571 2894 2626; x_wconf 89' lang='lat' dir='ltr'><strong>facta</strong></span> <span class='ocrx_word' id='word_1_633' title='bbox 2924 2575 3068 2628; x_wconf 89' lang='lat' dir='ltr'><strong>sunt</strong></span> <span class='ocrx_word' id='word_1_634' title='bbox 3099 2571 3310 2628; x_wconf 87' lang='lat' dir='ltr'><strong>omnia</strong></span> <span class='ocrx_word' id='word_1_635' title='bbox 3369 2589 3540 2629; x_wconf 90' lang='lat' dir='ltr'><strong>nova</strong></span> <span class='ocrx_word' id='word_1_636' title='bbox 3606 2574 3704 2644; x_wconf 86' lang='lat' dir='ltr'><strong>(Il</strong></span> <span class='ocrx_word' id='word_1_637' title='bbox 3741 2574 3856 2628; x_wconf 86' lang='lat' dir='ltr'><strong>Cor.</strong></span> 
     </span>
    </p>
   </div>
   <div class='ocr_carea' id='block_1_87' title="bbox 2159 2657 3854 2734">
    <p class='ocr_par' dir='ltr' id='par_1_87' title="bbox 2159 2657 3854 2734">
     <span class='ocr_line' id='line_1_87' title="bbox 2159 2657 3854 2734; baseline -0.001 -16"><span class='ocrx_word' id='word_1_638' title='bbox 2159 2678 2212 2729; x_wconf 82' lang='grc' dir='ltr'><strong>ν,</strong></span> <span class='ocrx_word' id='word_1_639' title='bbox 2255 2659 2361 2730; x_wconf 88' lang='grc'><strong>17).</strong></span> <span class='ocrx_word' id='word_1_640' title='bbox 2400 2682 2427 2708; x_wconf 90' lang='grc'><strong>››</strong></span> <span class='ocrx_word' id='word_1_641' title='bbox 2445 2659 2506 2716; x_wconf 90' lang='lat' dir='ltr'><strong>Si</strong></span> <span class='ocrx_word' id='word_1_642' title='bbox 2528 2664 2726 2715; x_wconf 87' lang='lat' dir='ltr'><strong>autem</strong></span> <span class='ocrx_word' id='word_1_643' title='bbox 2748 2659 2870 2716; x_wconf 68' lang='lat' dir='ltr'><strong>haec</strong></span> <span class='ocrx_word' id='word_1_644' title='bbox 2881 2661 3194 2718; x_wconf 87' lang='lat' dir='ltr'><strong>comedere</strong></span> <span class='ocrx_word' id='word_1_645' title='bbox 3214 2657 3558 2718; x_wconf 85' lang='lat' dir='ltr'><strong>decernitis</strong></span> <span class='ocrx_word' id='word_1_646' title='bbox 3573 2663 3854 2734; x_wconf 87' lang='lat' dir='ltr'><strong>justum:</strong></span> 
     </span>
    </p>
   </div>
   <div class='ocr_carea' id='block_1_88' title="bbox 2160 2748 3852 2809">
    <p class='ocr_par' dir='ltr' id='par_1_88' title="bbox 2160 2748 3852 2809">
     <span class='ocr_line' id='line_1_88' title="bbox 2160 2748 3852 2809; baseline 0.001 -4"><span class='ocrx_word' id='word_1_647' title='bbox 2160 2767 2264 2805; x_wconf 92' lang='lat' dir='ltr'><strong>cur</strong></span> <span class='ocrx_word' id='word_1_648' title='bbox 2293 2765 2408 2804; x_wconf 92' lang='lat' dir='ltr'><strong>non</strong></span> <span class='ocrx_word' id='word_1_649' title='bbox 2441 2752 2498 2804; x_wconf 88' lang='lat' dir='ltr'><strong>et</strong></span> <span class='ocrx_word' id='word_1_650' title='bbox 2525 2748 3018 2805; x_wconf 88' lang='lat' dir='ltr'><strong>circumcidimini</strong></span> <span class='ocrx_word' id='word_1_651' title='bbox 3039 2749 3068 2804; x_wconf 86' lang='lat'><strong>?</strong></span> <span class='ocrx_word' id='word_1_652' title='bbox 3099 2749 3384 2807; x_wconf 89' lang='lat' dir='ltr'><strong>Christus</strong></span> <span class='ocrx_word' id='word_1_653' title='bbox 3443 2751 3852 2809; x_wconf 86' lang='lat' dir='ltr'><strong>circumcisus</strong></span> 
     </span>
    </p>
   </div>
   <div class='ocr_carea' id='block_1_89' title="bbox 2160 2837 3849 2908">
    <p class='ocr_par' dir='ltr' id='par_1_89' title="bbox 2160 2837 3849 2908">
     <span class='ocr_line' id='line_1_89' title="bbox 2160 2837 3849 2908; baseline 0.002 -16"><span class='ocrx_word' id='word_1_654' title='bbox 2160 2842 2267 2893; x_wconf 91' lang='lat' dir='ltr'><strong>est.</strong></span> <span class='ocrx_word' id='word_1_655' title='bbox 2301 2838 2416 2892; x_wconf 92' lang='lat' dir='ltr'><strong>Cur</strong></span> <span class='ocrx_word' id='word_1_656' title='bbox 2444 2854 2557 2892; x_wconf 90' lang='lat' dir='ltr'><strong>non</strong></span> <span class='ocrx_word' id='word_1_657' title='bbox 2579 2842 2634 2892; x_wconf 93' lang='lat' dir='ltr'><strong>et</strong></span> <span class='ocrx_word' id='word_1_658' title='bbox 2665 2837 3106 2908; x_wconf 77' lang='lat' dir='ltr'><strong>puriﬁcamini.’</strong></span> <span class='ocrx_word' id='word_1_659' title='bbox 3138 2838 3368 2895; x_wconf 79' lang='lat' dir='ltr'><strong>Paulus</strong></span> <span class='ocrx_word' id='word_1_660' title='bbox 3403 2840 3600 2896; x_wconf 89' lang='lat' dir='ltr'><strong>etiam</strong></span> <span class='ocrx_word' id='word_1_661' title='bbox 3650 2845 3715 2896; x_wconf 88' lang='lat' dir='ltr'><strong>et</strong></span> <span class='ocrx_word' id='word_1_662' title='bbox 3747 2840 3849 2896; x_wconf 89' lang='lat' dir='ltr'><strong>hoc</strong></span> 
     </span>
    </p>
   </div>
   <div class='ocr_carea' id='block_1_90' title="bbox 2161 2925 3854 2986">
    <p class='ocr_par' dir='ltr' id='par_1_90' title="bbox 2161 2925 3854 2986">
     <span class='ocr_line' id='line_1_90' title="bbox 2161 2925 3854 2986; baseline 0.002 -6"><span class='ocrx_word' id='word_1_663' title='bbox 2161 2925 2319 2982; x_wconf 82' lang='lat' dir='ltr'><strong>fecit:</strong></span> <span class='ocrx_word' id='word_1_664' title='bbox 2353 2931 2408 2981; x_wconf 89' lang='lat' dir='ltr'><strong>et</strong></span> <span class='ocrx_word' id='word_1_665' title='bbox 2437 2925 2552 2980; x_wconf 90' lang='lat' dir='ltr'><strong>alia</strong></span> <span class='ocrx_word' id='word_1_666' title='bbox 2581 2927 2758 2980; x_wconf 87' lang='lat' dir='ltr'><strong>etiam</strong></span> <span class='ocrx_word' id='word_1_667' title='bbox 2790 2926 2990 2982; x_wconf 89' lang='lat' dir='ltr'><strong>omnia</strong></span> <span class='ocrx_word' id='word_1_668' title='bbox 3047 2926 3334 2984; x_wconf 88' lang='lat' dir='ltr'><strong>similiter</strong></span> <span class='ocrx_word' id='word_1_669' title='bbox 3399 2945 3655 2986; x_wconf 86' lang='lat' dir='ltr'><strong>servare</strong></span> <span class='ocrx_word' id='word_1_670' title='bbox 3703 2933 3854 2986; x_wconf 84' lang='lat' dir='ltr'><strong>vete-</strong></span> 
     </span>
    </p>
   </div>
   <div class='ocr_carea' id='block_1_91' title="bbox 2161 3013 3841 3091">
    <p class='ocr_par' dir='ltr' id='par_1_91' title="bbox 2161 3013 3841 3091">
     <span class='ocr_line' id='line_1_91' title="bbox 2161 3013 3841 3091; baseline 0.001 -19"><span class='ocrx_word' id='word_1_671' title='bbox 2161 3031 2312 3082; x_wconf 89' lang='lat' dir='ltr'><strong>rum,</strong></span> <span class='ocrx_word' id='word_1_672' title='bbox 2343 3014 2495 3071; x_wconf 92' lang='lat' dir='ltr'><strong>sicut</strong></span> <span class='ocrx_word' id='word_1_673' title='bbox 2515 3018 2572 3069; x_wconf 92' lang='lat' dir='ltr'><strong>et</strong></span> <span class='ocrx_word' id='word_1_674' title='bbox 2597 3013 2655 3068; x_wconf 93' lang='lat' dir='ltr'><strong>hi</strong></span> <span class='ocrx_word' id='word_1_675' title='bbox 2686 3031 2754 3070; x_wconf 90' lang='lat' dir='ltr'><strong>ea</strong></span> <span class='ocrx_word' id='word_1_676' title='bbox 2783 3032 2909 3086; x_wconf 75' lang='lat' dir='ltr'><strong>quae</strong></span> <span class='ocrx_word' id='word_1_677' title='bbox 2931 3014 3078 3086; x_wconf 89' lang='lat' dir='ltr'><strong>legis</strong></span> <span class='ocrx_word' id='word_1_678' title='bbox 3102 3020 3246 3072; x_wconf 91' lang='lat' dir='ltr'><strong>sunt</strong></span> <span class='ocrx_word' id='word_1_679' title='bbox 3269 3015 3545 3086; x_wconf 83' lang='lat' dir='ltr'><strong>faciunt,</strong></span> <span class='ocrx_word' id='word_1_680' title='bbox 3571 3035 3684 3091; x_wconf 85' lang='lat' dir='ltr'><strong>per</strong></span> <span class='ocrx_word' id='word_1_681' title='bbox 3703 3034 3841 3089; x_wconf 66' lang='lat' dir='ltr'><strong>quos</strong></span> 
     </span>
    </p>
   </div>
   <div class='ocr_carea' id='block_1_92' title="bbox 2159 3102 3841 3176">
    <p class='ocr_par' dir='ltr' id='par_1_92' title="bbox 2159 3102 3841 3176">
     <span class='ocr_line' id='line_1_92' title="bbox 2159 3102 3841 3176; baseline 0.001 -16"><span class='ocrx_word' id='word_1_682' title='bbox 2159 3119 2369 3160; x_wconf 91' lang='lat' dir='ltr'><strong>nomen</strong></span> <span class='ocrx_word' id='word_1_683' title='bbox 2400 3102 2500 3158; x_wconf 90' lang='lat' dir='ltr'><strong>Dei</strong></span> <span class='ocrx_word' id='word_1_684' title='bbox 2523 3103 2580 3157; x_wconf 91' lang='lat' dir='ltr'><strong>in</strong></span> <span class='ocrx_word' id='word_1_685' title='bbox 2602 3103 2874 3174; x_wconf 90' lang='lat' dir='ltr'><strong>gentibus</strong></span> <span class='ocrx_word' id='word_1_686' title='bbox 2895 3103 3375 3176; x_wconf 87' lang='lat' dir='ltr'><strong>blasphematur,</strong></span> <span class='ocrx_word' id='word_1_687' title='bbox 3398 3107 3574 3164; x_wconf 88' lang='lat' dir='ltr'><strong>sicut</strong></span> <span class='ocrx_word' id='word_1_688' title='bbox 3594 3107 3841 3164; x_wconf 88' lang='lat' dir='ltr'><strong>estscri-</strong></span> 
     </span>
    </p>
   </div>
   <div class='ocr_carea' id='block_1_93' title="bbox 2159 3191 3840 3268">
    <p class='ocr_par' dir='ltr' id='par_1_93' title="bbox 2159 3191 3840 3268">
     <span class='ocr_line' id='line_1_93' title="bbox 2159 3191 3840 3268; baseline 0.001 -20"><span class='ocrx_word' id='word_1_689' title='bbox 2159 3197 2324 3265; x_wconf 90' lang='lat' dir='ltr'><strong>ptum</strong></span> <span class='ocrx_word' id='word_1_690' title='bbox 2353 3209 2366 3246; x_wconf 90' lang='lat'><strong>:</strong></span> <span class='ocrx_word' id='word_1_691' title='bbox 2400 3215 2426 3241; x_wconf 90' lang='grc'><em>‹‹</em></span> <span class='ocrx_word' id='word_1_692' title='bbox 2460 3192 2584 3247; x_wconf 86' lang='lat' dir='ltr'><strong>Non</strong></span> <span class='ocrx_word' id='word_1_693' title='bbox 2617 3192 2770 3248; x_wconf 90' lang='lat' dir='ltr'><strong>bona</strong></span> <span class='ocrx_word' id='word_1_694' title='bbox 2798 3195 2888 3248; x_wconf 89' lang='lat' dir='ltr'><strong>est</strong></span> <span class='ocrx_word' id='word_1_695' title='bbox 2915 3191 3185 3265; x_wconf 90' lang='lat' dir='ltr'><strong>gloriatio</strong></span> <span class='ocrx_word' id='word_1_696' title='bbox 3213 3197 3426 3252; x_wconf 88' lang='lat' dir='ltr'><strong>vestra</strong></span> <span class='ocrx_word' id='word_1_697' title='bbox 3461 3196 3514 3268; x_wconf 89' lang='grc' dir='ltr'><strong>(ι</strong></span> <span class='ocrx_word' id='word_1_698' title='bbox 3537 3196 3672 3254; x_wconf 86' lang='lat' dir='ltr'><strong>Cor.</strong></span> <span class='ocrx_word' id='word_1_699' title='bbox 3712 3195 3840 3267; x_wconf 77' lang='lat' dir='ltr'><strong>v,6),</strong></span> 
     </span>
    </p>
   </div>
   <div class='ocr_carea' id='block_1_94' title="bbox 2161 3281 3842 3355">
    <p class='ocr_par' dir='ltr' id='par_1_94' title="bbox 2161 3281 3842 3355">
     <span class='ocr_line' id='line_1_94' title="bbox 2161 3281 3842 3355; baseline 0.001 -17"><span class='ocrx_word' id='word_1_700' title='bbox 2161 3286 2226 3338; x_wconf 92' lang='lat' dir='ltr'><strong>ut</strong></span> <span class='ocrx_word' id='word_1_701' title='bbox 2252 3286 2307 3338; x_wconf 93' lang='lat' dir='ltr'><strong>et</strong></span> <span class='ocrx_word' id='word_1_702' title='bbox 2323 3297 2428 3353; x_wconf 90' lang='lat' dir='ltr'><strong>ego</strong></span> <span class='ocrx_word' id='word_1_703' title='bbox 2450 3297 2576 3352; x_wconf 83' lang='lat' dir='ltr'><strong>quae</strong></span> <span class='ocrx_word' id='word_1_704' title='bbox 2599 3281 2764 3337; x_wconf 89' lang='lat' dir='ltr'><strong>Pauli</strong></span> <span class='ocrx_word' id='word_1_705' title='bbox 2793 3281 3156 3354; x_wconf 89' lang='lat' dir='ltr'><strong>suntloquar</strong></span> <span class='ocrx_word' id='word_1_706' title='bbox 3176 3284 3252 3340; x_wconf 90' lang='lat' dir='ltr'><strong>ad</strong></span> <span class='ocrx_word' id='word_1_707' title='bbox 3274 3301 3422 3342; x_wconf 82' lang='lat' dir='ltr'><strong>vos:</strong></span> <span class='ocrx_word' id='word_1_708' title='bbox 3449 3309 3484 3336; x_wconf 74' lang='grc' dir='ltr'><strong>«ε</strong></span> <span class='ocrx_word' id='word_1_709' title='bbox 3512 3285 3796 3355; x_wconf 85' lang='lat' dir='ltr'><strong>Nescitis,</strong></span> <span class='ocrx_word' id='word_1_710' title='bbox 3820 3308 3842 3332; x_wconf 70' lang='grc' dir='ltr'><strong>η</strong></span> 
     </span>
    </p>
   </div>
   <div class='ocr_carea' id='block_1_95' title="bbox 2154 3369 3842 3442">
    <p class='ocr_par' dir='ltr' id='par_1_95' title="bbox 2154 3369 3842 3442">
     <span class='ocr_line' id='line_1_95' title="bbox 2154 3369 3842 3442; baseline 0.002 -16"><span class='ocrx_word' id='word_1_711' title='bbox 2154 3370 2365 3442; x_wconf 90' lang='lat' dir='ltr'><strong>inquit,</strong></span> <span class='ocrx_word' id='word_1_712' title='bbox 2400 3394 2426 3420; x_wconf 84' lang='grc'><strong>‹‹</strong></span> <span class='ocrx_word' id='word_1_713' title='bbox 2460 3369 2598 3441; x_wconf 91' lang='lat' dir='ltr'><strong>quia</strong></span> <span class='ocrx_word' id='word_1_714' title='bbox 2628 3371 2924 3426; x_wconf 91' lang='lat' dir='ltr'><strong>modicum</strong></span> <span class='ocrx_word' id='word_1_715' title='bbox 2950 3372 3311 3428; x_wconf 88' lang='lat' dir='ltr'><strong>fermentum</strong></span> <span class='ocrx_word' id='word_1_716' title='bbox 3343 3377 3556 3432; x_wconf 90' lang='lat' dir='ltr'><strong>totam</strong></span> <span class='ocrx_word' id='word_1_717' title='bbox 3588 3390 3842 3432; x_wconf 87' lang='lat' dir='ltr'><strong>massam</strong></span> 
     </span>
    </p>
   </div>
   <div class='ocr_carea' id='block_1_96' title="bbox 2155 3458 3842 3535">
    <p class='ocr_par' dir='ltr' id='par_1_96' title="bbox 2155 3458 3842 3535">
     <span class='ocr_line' id='line_1_96' title="bbox 2155 3458 3842 3535; baseline 0.002 -20"><span class='ocrx_word' id='word_1_718' title='bbox 2155 3458 2520 3532; x_wconf 91' lang='lat' dir='ltr'><strong>corrumpit?</strong></span> <span class='ocrx_word' id='word_1_719' title='bbox 2577 3481 2605 3509; x_wconf 88' lang='lat'>»</span> <span class='ocrx_word' id='word_1_720' title='bbox 2655 3460 2862 3531; x_wconf 78' lang='lat' dir='ltr'><strong>(lbid.,)</strong></span> <span class='ocrx_word' id='word_1_721' title='bbox 2949 3464 3016 3515; x_wconf 88' lang='lat' dir='ltr'><strong>Et</strong></span> <span class='ocrx_word' id='word_1_722' title='bbox 3091 3459 3267 3533; x_wconf 89' lang='lat' dir='ltr'><strong>panis</strong></span> <span class='ocrx_word' id='word_1_723' title='bbox 3357 3465 3659 3535; x_wconf 80' lang='lat' dir='ltr'><strong>tandem,</strong></span> <span class='ocrx_word' id='word_1_724' title='bbox 3739 3481 3842 3520; x_wconf 87' lang='lat' dir='ltr'><strong>non</strong></span> 
     </span>
    </p>
   </div>
   <div class='ocr_carea' id='block_1_97' title="bbox 2153 3547 3840 3628">
    <p class='ocr_par' dir='ltr' id='par_1_97' title="bbox 2153 3547 3840 3628">
     <span class='ocr_line' id='line_1_97' title="bbox 2153 3547 3840 3628; baseline 0.004 -24"><span class='ocrx_word' id='word_1_725' title='bbox 2153 3565 2422 3621; x_wconf 85' lang='lat' dir='ltr'><strong>azymum</strong></span> <span class='ocrx_word' id='word_1_726' title='bbox 2469 3547 2740 3602; x_wconf 86' lang='lat' dir='ltr'><strong>efﬁcitur.</strong></span> <span class='ocrx_word' id='word_1_727' title='bbox 2774 3548 2884 3604; x_wconf 91' lang='lat' dir='ltr'><strong>Sed</strong></span> <span class='ocrx_word' id='word_1_728' title='bbox 2931 3548 3074 3620; x_wconf 91' lang='lat' dir='ltr'><strong>quid</strong></span> <span class='ocrx_word' id='word_1_729' title='bbox 3107 3549 3204 3605; x_wconf 89' lang='lat' dir='ltr'><strong>hic</strong></span> <span class='ocrx_word' id='word_1_730' title='bbox 3257 3550 3476 3610; x_wconf 88' lang='lat' dir='ltr'><strong>dictus</strong></span> <span class='ocrx_word' id='word_1_731' title='bbox 3519 3554 3840 3628; x_wconf 76' lang='lat' dir='ltr'><strong>Apostolus</strong></span> 
     </span>
    </p>
   </div>
   <div class='ocr_carea' id='block_1_98' title="bbox 2151 3634 3838 3712">
    <p class='ocr_par' dir='ltr' id='par_1_98' title="bbox 2151 3634 3838 3712">
     <span class='ocr_line' id='line_1_98' title="bbox 2151 3634 3838 3712; baseline 0.004 -18"><span class='ocrx_word' id='word_1_732' title='bbox 2151 3637 2354 3694; x_wconf 92' lang='lat' dir='ltr'><strong>scribit</strong></span> <span class='ocrx_word' id='word_1_733' title='bbox 2382 3637 2456 3692; x_wconf 89' lang='lat' dir='ltr'><strong>ad</strong></span> <span class='ocrx_word' id='word_1_734' title='bbox 2487 3636 2852 3693; x_wconf 87' lang='lat' dir='ltr'><strong>Corinthios?</strong></span> <span class='ocrx_word' id='word_1_735' title='bbox 2875 3638 3178 3710; x_wconf 90' lang='lat' dir='ltr'><strong>Nunquid,</strong></span> <span class='ocrx_word' id='word_1_736' title='bbox 3213 3644 3281 3696; x_wconf 92' lang='lat' dir='ltr'><strong>ut</strong></span> <span class='ocrx_word' id='word_1_737' title='bbox 3311 3657 3428 3697; x_wconf 88' lang='lat' dir='ltr'><strong>vos</strong></span> <span class='ocrx_word' id='word_1_738' title='bbox 3495 3634 3838 3712; x_wconf 72' lang='lat' dir='ltr'><strong>aestimatis,</strong></span> 
     </span>
    </p>
   </div>
   <div class='ocr_carea' id='block_1_99' title="bbox 2150 3723 3850 3800">
    <p class='ocr_par' dir='ltr' id='par_1_99' title="bbox 2150 3723 3850 3800">
     <span class='ocr_line' id='line_1_99' title="bbox 2150 3723 3850 3800; baseline 0.004 -20"><span class='ocrx_word' id='word_1_739' title='bbox 2150 3727 2220 3782; x_wconf 91' lang='lat' dir='ltr'><strong>de</strong></span> <span class='ocrx_word' id='word_1_740' title='bbox 2251 3723 2635 3781; x_wconf 89' lang='lat' dir='ltr'><strong>celebratione</strong></span> <span class='ocrx_word' id='word_1_741' title='bbox 2666 3742 2844 3796; x_wconf 91' lang='lat' dir='ltr'><strong>quam</strong></span> <span class='ocrx_word' id='word_1_742' title='bbox 2874 3743 2976 3782; x_wconf 90' lang='lat' dir='ltr'><strong>vos</strong></span> <span class='ocrx_word' id='word_1_743' title='bbox 3001 3727 3060 3782; x_wconf 89' lang='lat' dir='ltr'><strong>in</strong></span> <span class='ocrx_word' id='word_1_744' title='bbox 3083 3728 3309 3800; x_wconf 79' lang='lat' dir='ltr'><strong>azymis</strong></span> <span class='ocrx_word' id='word_1_745' title='bbox 3332 3730 3690 3790; x_wconf 88' lang='lat' dir='ltr'><strong>celebratis</strong></span> <span class='ocrx_word' id='word_1_746' title='bbox 3709 3733 3739 3788; x_wconf 84' lang='lat'><strong>?</strong></span> <span class='ocrx_word' id='word_1_747' title='bbox 3758 3733 3850 3788; x_wconf 80' lang='lat' dir='ltr'><strong>Ne-</strong></span> 
     </span>
    </p>
   </div>
   <div class='ocr_carea' id='block_1_100' title="bbox 2149 3814 3843 3895">
    <p class='ocr_par' dir='ltr' id='par_1_100' title="bbox 2149 3814 3843 3895">
     <span class='ocr_line' id='line_1_100' title="bbox 2149 3814 3843 3895; baseline 0.004 -26"><span class='ocrx_word' id='word_1_748' title='bbox 2149 3831 2465 3886; x_wconf 90' lang='lat' dir='ltr'><strong>quaquam.</strong></span> <span class='ocrx_word' id='word_1_749' title='bbox 2503 3814 2615 3868; x_wconf 92' lang='lat' dir='ltr'><strong>Sed</strong></span> <span class='ocrx_word' id='word_1_750' title='bbox 2647 3815 2927 3886; x_wconf 89' lang='lat' dir='ltr'><strong>quoniam</strong></span> <span class='ocrx_word' id='word_1_751' title='bbox 2959 3814 3041 3870; x_wconf 92' lang='lat' dir='ltr'><strong>illi</strong></span> <span class='ocrx_word' id='word_1_752' title='bbox 3075 3816 3187 3872; x_wconf 92' lang='lat' dir='ltr'><strong>hoc</strong></span> <span class='ocrx_word' id='word_1_753' title='bbox 3220 3817 3673 3890; x_wconf 86' lang='lat' dir='ltr'><strong>despiciebant</strong></span> <span class='ocrx_word' id='word_1_754' title='bbox 3697 3823 3843 3895; x_wconf 90' lang='lat' dir='ltr'><strong>quod</strong></span> 
     </span>
    </p>
   </div>
   <div class='ocr_carea' id='block_1_101' title="bbox 2147 3902 3843 3980">
    <p class='ocr_par' dir='ltr' id='par_1_101' title="bbox 2147 3902 3843 3980">
     <span class='ocr_line' id='line_1_101' title="bbox 2147 3902 3843 3980; baseline 0.005 -22"><span class='ocrx_word' id='word_1_755' title='bbox 2147 3902 2362 3974; x_wconf 90' lang='lat' dir='ltr'><strong>aliquis</strong></span> <span class='ocrx_word' id='word_1_756' title='bbox 2391 3919 2697 3958; x_wconf 84' lang='lat' dir='ltr'><strong>novercam</strong></span> <span class='ocrx_word' id='word_1_757' title='bbox 2729 3907 3050 3976; x_wconf 88' lang='lat' dir='ltr'><strong>acceperat,</strong></span> <span class='ocrx_word' id='word_1_758' title='bbox 3083 3909 3140 3960; x_wconf 90' lang='lat' dir='ltr'><strong>et</strong></span> <span class='ocrx_word' id='word_1_759' title='bbox 3171 3904 3232 3960; x_wconf 91' lang='lat' dir='ltr'><strong>in</strong></span> <span class='ocrx_word' id='word_1_760' title='bbox 3265 3907 3562 3980; x_wconf 85' lang='lat' dir='ltr'><strong>antiquis</strong></span> <span class='ocrx_word' id='word_1_761' title='bbox 3598 3927 3843 3968; x_wconf 79' lang='lat' dir='ltr'><strong>consue-</strong></span> 
     </span>
    </p>
   </div>
   <div class='ocr_carea' id='block_1_102' title="bbox 2144 3989 3842 4068">
    <p class='ocr_par' dir='ltr' id='par_1_102' title="bbox 2144 3989 3842 4068">
     <span class='ocr_line' id='line_1_102' title="bbox 2144 3989 3842 4068; baseline 0.005 -22"><span class='ocrx_word' id='word_1_762' title='bbox 2144 3990 2448 4046; x_wconf 90' lang='lat' dir='ltr'><strong>tudinibus</strong></span> <span class='ocrx_word' id='word_1_763' title='bbox 2480 3989 2637 4046; x_wconf 74' lang='lat' dir='ltr'><strong>falsa:</strong></span> <span class='ocrx_word' id='word_1_764' title='bbox 2672 3991 2927 4047; x_wconf 74' lang='lat' dir='ltr'><strong>scientia:</strong></span> <span class='ocrx_word' id='word_1_765' title='bbox 2961 4009 3080 4048; x_wconf 76' lang='lat' dir='ltr'><strong>sua:</strong></span> <span class='ocrx_word' id='word_1_766' title='bbox 3113 3992 3593 4068; x_wconf 86' lang='lat' dir='ltr'><strong>gloriabantur;</strong></span> <span class='ocrx_word' id='word_1_767' title='bbox 3651 4000 3842 4056; x_wconf 81' lang='lat' dir='ltr'><strong>volens</strong></span> 
     </span>
    </p>
   </div>
   <div class='ocr_carea' id='block_1_103' title="bbox 2145 4079 3843 4146">
    <p class='ocr_par' dir='ltr' id='par_1_103' title="bbox 2145 4079 3843 4146">
     <span class='ocr_line' id='line_1_103' title="bbox 2145 4079 3843 4146; baseline 0.005 -11"><span class='ocrx_word' id='word_1_768' title='bbox 2145 4084 2339 4136; x_wconf 88' lang='lat' dir='ltr'><strong>autem</strong></span> <span class='ocrx_word' id='word_1_769' title='bbox 2373 4096 2470 4136; x_wconf 88' lang='lat' dir='ltr'><strong>eos</strong></span> <span class='ocrx_word' id='word_1_770' title='bbox 2501 4079 2757 4136; x_wconf 92' lang='lat' dir='ltr'><strong>converti</strong></span> <span class='ocrx_word' id='word_1_771' title='bbox 2787 4080 3009 4138; x_wconf 89' lang='lat' dir='ltr'><strong>Paulus</strong></span> <span class='ocrx_word' id='word_1_772' title='bbox 3039 4085 3098 4137; x_wconf 90' lang='lat' dir='ltr'><strong>et</strong></span> <span class='ocrx_word' id='word_1_773' title='bbox 3137 4099 3208 4138; x_wconf 86' lang='lat' dir='ltr'><strong>ex</strong></span> <span class='ocrx_word' id='word_1_774' title='bbox 3262 4087 3474 4144; x_wconf 89' lang='lat' dir='ltr'><strong>vetere</strong></span> <span class='ocrx_word' id='word_1_775' title='bbox 3541 4105 3843 4146; x_wconf 83' lang='lat' dir='ltr'><strong>removere</strong></span> 
     </span>
    </p>
   </div>
   <div class='ocr_carea' id='block_1_104' title="bbox 2144 4168 3841 4243">
    <p class='ocr_par' dir='ltr' id='par_1_104' title="bbox 2144 4168 3841 4243">
     <span class='ocr_line' id='line_1_104' title="bbox 2144 4168 3841 4243; baseline 0.006 -21"><span class='ocrx_word' id='word_1_776' title='bbox 2144 4169 2384 4236; x_wconf 89' lang='lat' dir='ltr'><strong>malitia,</strong></span> <span class='ocrx_word' id='word_1_777' title='bbox 2408 4168 2565 4224; x_wconf 92' lang='lat' dir='ltr'><strong>venit</strong></span> <span class='ocrx_word' id='word_1_778' title='bbox 2593 4185 2696 4241; x_wconf 89' lang='lat' dir='ltr'><strong>per</strong></span> <span class='ocrx_word' id='word_1_779' title='bbox 2717 4168 3169 4228; x_wconf 90' lang='lat' dir='ltr'><strong>similitudinem</strong></span> <span class='ocrx_word' id='word_1_780' title='bbox 3190 4170 3370 4243; x_wconf 89' lang='lat' dir='ltr'><strong>hanc,</strong></span> <span class='ocrx_word' id='word_1_781' title='bbox 3399 4173 3712 4234; x_wconf 88' lang='lat' dir='ltr'><strong>fermenti</strong></span> <span class='ocrx_word' id='word_1_782' title='bbox 3728 4179 3841 4234; x_wconf 85' lang='lat' dir='ltr'><strong>dico</strong></span> 
     </span>
    </p>
   </div>
   <div class='ocr_carea' id='block_1_105' title="bbox 2140 4257 3842 4336">
    <p class='ocr_par' dir='ltr' id='par_1_105' title="bbox 2140 4257 3842 4336">
     <span class='ocr_line' id='line_1_105' title="bbox 2140 4257 3842 4336; baseline 0.008 -24"><span class='ocrx_word' id='word_1_783' title='bbox 2140 4262 2197 4313; x_wconf 92' lang='lat' dir='ltr'><strong>et</strong></span> <span class='ocrx_word' id='word_1_784' title='bbox 2225 4274 2452 4322; x_wconf 82' lang='lat' dir='ltr'><strong>massae,</strong></span> <span class='ocrx_word' id='word_1_785' title='bbox 2485 4258 2742 4313; x_wconf 90' lang='lat' dir='ltr'><strong>ostendit</strong></span> <span class='ocrx_word' id='word_1_786' title='bbox 2767 4257 2853 4314; x_wconf 93' lang='lat' dir='ltr'><strong>eis</strong></span> <span class='ocrx_word' id='word_1_787' title='bbox 2886 4259 3171 4331; x_wconf 91' lang='lat' dir='ltr'><strong>quoniam</strong></span> <span class='ocrx_word' id='word_1_788' title='bbox 3195 4277 3391 4318; x_wconf 87' lang='lat' dir='ltr'><strong>unum</strong></span> <span class='ocrx_word' id='word_1_789' title='bbox 3422 4264 3707 4336; x_wconf 83' lang='lat' dir='ltr'><strong>malum,</strong></span> <span class='ocrx_word' id='word_1_790' title='bbox 3730 4272 3842 4324; x_wconf 84' lang='lat' dir='ltr'><strong>tan-</strong></span> 
     </span>
    </p>
   </div>
   <div class='ocr_carea' id='block_1_106' title="bbox 2139 4346 3838 4430">
    <p class='ocr_par' dir='ltr' id='par_1_106' title="bbox 2139 4346 3838 4430">
     <span class='ocr_line' id='line_1_106' title="bbox 2139 4346 3838 4430; baseline 0.006 -29"><span class='ocrx_word' id='word_1_791' title='bbox 2139 4363 2317 4419; x_wconf 90' lang='lat' dir='ltr'><strong>quam</strong></span> <span class='ocrx_word' id='word_1_792' title='bbox 2331 4346 3344 4424; x_wconf 87' lang='lat' dir='ltr'><strong>modicumcontemptum,magnam</strong></span> <span class='ocrx_word' id='word_1_793' title='bbox 3361 4351 3429 4408; x_wconf 89' lang='lat' dir='ltr'><strong>in</strong></span> <span class='ocrx_word' id='word_1_794' title='bbox 3443 4357 3592 4413; x_wconf 90' lang='lat' dir='ltr'><strong>toto</strong></span> <span class='ocrx_word' id='word_1_795' title='bbox 3607 4372 3838 4430; x_wconf 85' lang='lat' dir='ltr'><strong>corpore</strong></span> 
     </span>
    </p>
   </div>
   <div class='ocr_carea' id='block_1_107' title="bbox 2137 4434 3836 4518">
    <p class='ocr_par' dir='ltr' id='par_1_107' title="bbox 2137 4434 3836 4518">
     <span class='ocr_line' id='line_1_107' title="bbox 2137 4434 3836 4518; baseline 0.004 -27"><span class='ocrx_word' id='word_1_796' title='bbox 2137 4434 2400 4491; x_wconf 72' lang='lat' dir='ltr'><strong>Ecclcsiae</strong></span> <span class='ocrx_word' id='word_1_797' title='bbox 2417 4435 2586 4491; x_wconf 89' lang='lat' dir='ltr'><strong>faciet</strong></span> <span class='ocrx_word' id='word_1_798' title='bbox 2598 4434 3244 4510; x_wconf 69' lang='lat' dir='ltr'><strong>laesionem.Propterea</strong></span> <span class='ocrx_word' id='word_1_799' title='bbox 3261 4437 3478 4513; x_wconf 88' lang='lat' dir='ltr'><strong>inquit</strong></span> <span class='ocrx_word' id='word_1_800' title='bbox 3504 4445 3592 4501; x_wconf 89' lang='lat' dir='ltr'><strong>ad</strong></span> <span class='ocrx_word' id='word_1_801' title='bbox 3590 4447 3810 4518; x_wconf 85' lang='lat' dir='ltr'><strong>jiciens</strong></span> <span class='ocrx_word' id='word_1_802' title='bbox 3825 4462 3836 4498; x_wconf 89' lang='lat'>:</span> 
     </span>
    </p>
   </div>
   <div class='ocr_carea' id='block_1_108' title="bbox 2136 4521 3829 4595">
    <p class='ocr_par' dir='ltr' id='par_1_108' title="bbox 2136 4521 3829 4595">
     <span class='ocr_line' id='line_1_108' title="bbox 2136 4521 3829 4595; baseline 0.009 -21"><span class='ocrx_word' id='word_1_803' title='bbox 2136 4547 2163 4574; x_wconf 87' lang='lat'><strong>«</strong></span> <span class='ocrx_word' id='word_1_804' title='bbox 2196 4525 2264 4579; x_wconf 89' lang='lat' dir='ltr'><strong>Et</strong></span> <span class='ocrx_word' id='word_1_805' title='bbox 2285 4541 2398 4580; x_wconf 90' lang='lat' dir='ltr'><strong>non</strong></span> <span class='ocrx_word' id='word_1_806' title='bbox 2427 4525 2650 4580; x_wconf 90' lang='lat' dir='ltr'><strong>luctum</strong></span> <span class='ocrx_word' id='word_1_807' title='bbox 2681 4521 2996 4595; x_wconf 89' lang='lat' dir='ltr'><strong>habuistis,</strong></span> <span class='ocrx_word' id='word_1_808' title='bbox 3032 4531 3100 4582; x_wconf 89' lang='lat' dir='ltr'><strong>ut</strong></span> <span class='ocrx_word' id='word_1_809' title='bbox 3128 4526 3447 4586; x_wconf 85' lang='lat' dir='ltr'><strong>auferatur</strong></span> <span class='ocrx_word' id='word_1_810' title='bbox 3479 4532 3568 4590; x_wconf 89' lang='lat' dir='ltr'><strong>de</strong></span> <span class='ocrx_word' id='word_1_811' title='bbox 3643 4535 3829 4592; x_wconf 88' lang='lat' dir='ltr'><strong>medio</strong></span> 
     </span>
    </p>
   </div>
   <div class='ocr_carea' id='block_1_109' title="bbox 2135 4612 3837 4692">
    <p class='ocr_par' dir='ltr' id='par_1_109' title="bbox 2135 4612 3837 4692">
     <span class='ocr_line' id='line_1_109' title="bbox 2135 4612 3837 4692; baseline 0.005 -24"><span class='ocrx_word' id='word_1_812' title='bbox 2135 4613 2309 4668; x_wconf 89' lang='lat' dir='ltr'><strong>vestri</strong></span> <span class='ocrx_word' id='word_1_813' title='bbox 2357 4612 2458 4684; x_wconf 92' lang='lat' dir='ltr'><strong>qui</strong></span> <span class='ocrx_word' id='word_1_814' title='bbox 2489 4612 2598 4668; x_wconf 90' lang='lat' dir='ltr'><strong>hoc</strong></span> <span class='ocrx_word' id='word_1_815' title='bbox 2653 4629 2806 4685; x_wconf 90' lang='lat' dir='ltr'><strong>opus</strong></span> <span class='ocrx_word' id='word_1_816' title='bbox 2865 4618 3144 4686; x_wconf 89' lang='lat' dir='ltr'><strong>operatus</strong></span> <span class='ocrx_word' id='word_1_817' title='bbox 3203 4615 3344 4674; x_wconf 83' lang='lat' dir='ltr'><strong>est?</strong></span> <span class='ocrx_word' id='word_1_818' title='bbox 3377 4618 3432 4690; x_wconf 89' lang='grc' dir='ltr'><strong>(Ι</strong></span> <span class='ocrx_word' id='word_1_819' title='bbox 3465 4621 3616 4679; x_wconf 86' lang='lat' dir='ltr'><strong>Cor.</strong></span> <span class='ocrx_word' id='word_1_820' title='bbox 3653 4641 3712 4691; x_wconf 89' lang='lat' dir='ltr'><strong>v,</strong></span> <span class='ocrx_word' id='word_1_821' title='bbox 3769 4623 3837 4692; x_wconf 86' lang='lat'><strong>2.)</strong></span> 
     </span>
    </p>
   </div>
   <div class='ocr_carea' id='block_1_110' title="bbox 2137 4699 3836 4774">
    <p class='ocr_par' dir='ltr' id='par_1_110' title="bbox 2137 4699 3836 4774">
     <span class='ocr_line' id='line_1_110' title="bbox 2137 4699 3836 4774; baseline 0.006 -18"><span class='ocrx_word' id='word_1_822' title='bbox 2137 4702 2330 4757; x_wconf 90' lang='lat' dir='ltr'><strong>Potest</strong></span> <span class='ocrx_word' id='word_1_823' title='bbox 2353 4701 2530 4769; x_wconf 90' lang='lat' dir='ltr'><strong>enim,</strong></span> <span class='ocrx_word' id='word_1_824' title='bbox 2563 4699 2776 4774; x_wconf 91' lang='lat' dir='ltr'><strong>inquit,</strong></span> <span class='ocrx_word' id='word_1_825' title='bbox 2799 4700 3086 4774; x_wconf 90' lang='lat' dir='ltr'><strong>iniquitas</strong></span> <span class='ocrx_word' id='word_1_826' title='bbox 3108 4702 3227 4761; x_wconf 88' lang='lat' dir='ltr'><strong>ista</strong></span> <span class='ocrx_word' id='word_1_827' title='bbox 3242 4704 3317 4761; x_wconf 92' lang='lat' dir='ltr'><strong>ad</strong></span> <span class='ocrx_word' id='word_1_828' title='bbox 3345 4722 3591 4768; x_wconf 89' lang='lat' dir='ltr'><strong>omnes</strong></span> <span class='ocrx_word' id='word_1_829' title='bbox 3619 4716 3836 4768; x_wconf 83' lang='lat' dir='ltr'><strong>vestras</strong></span> 
     </span>
    </p>
   </div>
   <div class='ocr_carea' id='block_1_111' title="bbox 2138 4789 3836 4862">
    <p class='ocr_par' dir='ltr' id='par_1_111' title="bbox 2138 4789 3836 4862">
     <span class='ocr_line' id='line_1_111' title="bbox 2138 4789 3836 4862; baseline 0.006 -18"><span class='ocrx_word' id='word_1_830' title='bbox 2138 4790 2313 4845; x_wconf 89' lang='lat' dir='ltr'><strong>urbes</strong></span> <span class='ocrx_word' id='word_1_831' title='bbox 2331 4789 2602 4858; x_wconf 91' lang='lat' dir='ltr'><strong>transire,</strong></span> <span class='ocrx_word' id='word_1_832' title='bbox 2634 4793 2710 4858; x_wconf 91' lang='lat' dir='ltr'><strong>et,</strong></span> <span class='ocrx_word' id='word_1_833' title='bbox 2742 4794 3028 4862; x_wconf 88' lang='lat' dir='ltr'><strong>tanquam</strong></span> <span class='ocrx_word' id='word_1_834' title='bbox 3075 4793 3381 4850; x_wconf 89' lang='lat' dir='ltr'><strong>modicum</strong></span> <span class='ocrx_word' id='word_1_835' title='bbox 3449 4797 3836 4858; x_wconf 87' lang='lat' dir='ltr'><strong>fermentum</strong></span> 
     </span>
    </p>
   </div>
   <div class='ocr_carea' id='block_1_112' title="bbox 2135 4879 3831 4959">
    <p class='ocr_par' dir='ltr' id='par_1_112' title="bbox 2135 4879 3831 4959">
     <span class='ocr_line' id='line_1_112' title="bbox 2135 4879 3831 4959; baseline 0.005 -25"><span class='ocrx_word' id='word_1_836' title='bbox 2135 4883 2317 4934; x_wconf 91' lang='lat' dir='ltr'><strong>totam</strong></span> <span class='ocrx_word' id='word_1_837' title='bbox 2351 4895 2609 4934; x_wconf 89' lang='lat' dir='ltr'><strong>massam</strong></span> <span class='ocrx_word' id='word_1_838' title='bbox 2642 4879 2971 4947; x_wconf 85' lang='lat' dir='ltr'><strong>fermentat,</strong></span> <span class='ocrx_word' id='word_1_839' title='bbox 3005 4880 3090 4936; x_wconf 91' lang='lat' dir='ltr'><strong>sic</strong></span> <span class='ocrx_word' id='word_1_840' title='bbox 3121 4898 3330 4938; x_wconf 91' lang='lat' dir='ltr'><strong>omnes</strong></span> <span class='ocrx_word' id='word_1_841' title='bbox 3351 4889 3763 4959; x_wconf 86' lang='lat' dir='ltr'><strong>apprehendi</strong></span> <span class='ocrx_word' id='word_1_842' title='bbox 3784 4894 3831 4945; x_wconf 91' lang='lat' dir='ltr'><strong>et</strong></span> 
     </span>
    </p>
   </div>
   <div class='ocr_carea' id='block_1_113' title="bbox 2138 4967 3836 5051">
    <p class='ocr_par' dir='ltr' id='par_1_113' title="bbox 2138 4967 3836 5051">
     <span class='ocr_line' id='line_1_113' title="bbox 2138 4967 3836 5051; baseline 0.007 -30"><span class='ocrx_word' id='word_1_843' title='bbox 2138 4967 2496 5038; x_wconf 85' lang='lat' dir='ltr'><strong>fermentari,</strong></span> <span class='ocrx_word' id='word_1_844' title='bbox 2513 4970 2568 5022; x_wconf 92' lang='lat' dir='ltr'><strong>et</strong></span> <span class='ocrx_word' id='word_1_845' title='bbox 2583 4983 2760 5024; x_wconf 90' lang='lat' dir='ltr'><strong>unam</strong></span> <span class='ocrx_word' id='word_1_846' title='bbox 2775 4985 3033 5024; x_wconf 88' lang='lat' dir='ltr'><strong>massam</strong></span> <span class='ocrx_word' id='word_1_847' title='bbox 3050 4971 3294 5043; x_wconf 78' lang='lat' dir='ltr'><strong>majoris</strong></span> <span class='ocrx_word' id='word_1_848' title='bbox 3317 4971 3702 5046; x_wconf 88' lang='lat' dir='ltr'><strong>iniquitatis</strong></span> <span class='ocrx_word' id='word_1_849' title='bbox 3715 4993 3836 5051; x_wconf 89' lang='lat' dir='ltr'><strong>ope-</strong></span> 
     </span>
    </p>
   </div>
   <div class='ocr_carea' id='block_1_114' title="bbox 2138 5056 3832 5130">
    <p class='ocr_par' dir='ltr' id='par_1_114' title="bbox 2138 5056 3832 5130">
     <span class='ocr_line' id='line_1_114' title="bbox 2138 5056 3832 5130; baseline 0.008 -20"><span class='ocrx_word' id='word_1_850' title='bbox 2138 5056 2289 5111; x_wconf 89' lang='lat' dir='ltr'><strong>rari:</strong></span> <span class='ocrx_word' id='word_1_851' title='bbox 2333 5079 2360 5106; x_wconf 82' lang='lat'><strong><em>«</em></strong></span> <span class='ocrx_word' id='word_1_852' title='bbox 2413 5057 2760 5127; x_wconf 81' lang='lat' dir='ltr'><strong>Expurgate,</strong></span> <span class='ocrx_word' id='word_1_853' title='bbox 2795 5079 2824 5106; x_wconf 88' lang='grc'><strong>››</strong></span> <span class='ocrx_word' id='word_1_854' title='bbox 2879 5057 3090 5130; x_wconf 89' lang='lat' dir='ltr'><strong>inquit,</strong></span> <span class='ocrx_word' id='word_1_855' title='bbox 3131 5079 3158 5114; x_wconf 78' lang='grc' dir='ltr'>σ</span> <span class='ocrx_word' id='word_1_856' title='bbox 3215 5065 3391 5119; x_wconf 88' lang='lat' dir='ltr'><strong>vetus</strong></span> <span class='ocrx_word' id='word_1_857' title='bbox 3451 5065 3832 5127; x_wconf 84' lang='lat' dir='ltr'><strong>fermentum</strong></span> 
     </span>
    </p>
   </div>
   <div class='ocr_carea' id='block_1_115' title="bbox 2137 5144 3832 5223">
    <p class='ocr_par' dir='ltr' id='par_1_115' title="bbox 2137 5144 3832 5223">
     <span class='ocr_line' id='line_1_115' title="bbox 2137 5144 3832 5223; baseline 0.007 -23"><span class='ocrx_word' id='word_1_858' title='bbox 2137 5145 2428 5216; x_wconf 59' lang='lat' dir='ltr'><strong>(lbi:l.,7),</strong></span> <span class='ocrx_word' id='word_1_859' title='bbox 2463 5144 2702 5216; x_wconf 86' lang='lat' dir='ltr'><strong>peccati.</strong></span> <span class='ocrx_word' id='word_1_860' title='bbox 2734 5144 2939 5202; x_wconf 88' lang='lat' dir='ltr'><strong>Tollite</strong></span> <span class='ocrx_word' id='word_1_861' title='bbox 2973 5146 3132 5204; x_wconf 90' lang='lat' dir='ltr'><strong>hunc</strong></span> <span class='ocrx_word' id='word_1_862' title='bbox 3163 5165 3198 5205; x_wconf 87' lang='lat' dir='ltr'><strong>a</strong></span> <span class='ocrx_word' id='word_1_863' title='bbox 3227 5150 3459 5223; x_wconf 91' lang='lat' dir='ltr'><strong>medio,</strong></span> <span class='ocrx_word' id='word_1_864' title='bbox 3511 5162 3585 5212; x_wconf 87' lang='lat' dir='ltr'><strong>et</strong></span> <span class='ocrx_word' id='word_1_865' title='bbox 3621 5157 3832 5214; x_wconf 84' lang='lat' dir='ltr'><strong>efﬁcia-</strong></span> 
     </span>
    </p>
   </div>
   <div class='ocr_carea' id='block_1_116' title="bbox 2137 5233 3822 5321">
    <p class='ocr_par' dir='ltr' id='par_1_116' title="bbox 2137 5233 3822 5321">
     <span class='ocr_line' id='line_1_116' title="bbox 2137 5233 3822 5321; baseline 0.006 -31"><span class='ocrx_word' id='word_1_866' title='bbox 2137 5234 2278 5290; x_wconf 90' lang='lat' dir='ltr'><strong>miui</strong></span> <span class='ocrx_word' id='word_1_867' title='bbox 2310 5233 2540 5289; x_wconf 86' lang='lat' dir='ltr'><strong>Christo</strong></span> <span class='ocrx_word' id='word_1_868' title='bbox 2568 5251 2714 5288; x_wconf 90' lang='lat' dir='ltr'><strong>nova</strong></span> <span class='ocrx_word' id='word_1_869' title='bbox 2743 5237 3102 5307; x_wconf 89' lang='lat' dir='ltr'><strong>conspersio,</strong></span> <span class='ocrx_word' id='word_1_870' title='bbox 3138 5237 3297 5294; x_wconf 90' lang='lat' dir='ltr'><strong>sicut</strong></span> <span class='ocrx_word' id='word_1_871' title='bbox 3328 5238 3474 5298; x_wconf 90' lang='lat' dir='ltr'><strong>istis</strong></span> <span class='ocrx_word' id='word_1_872' title='bbox 3501 5243 3822 5321; x_wconf 82' lang='lat' dir='ltr'><strong>baptizati,</strong></span> 
     </span>
    </p>
   </div>
   <div class='ocr_carea' id='block_1_117' title="bbox 2135 5321 3832 5396">
    <p class='ocr_par' dir='ltr' id='par_1_117' title="bbox 2135 5321 3832 5396">
     <span class='ocr_line' id='line_1_117' title="bbox 2135 5321 3832 5396; baseline 0.007 -20"><span class='ocrx_word' id='word_1_873' title='bbox 2135 5323 2192 5377; x_wconf 92' lang='lat' dir='ltr'><strong>id</strong></span> <span class='ocrx_word' id='word_1_874' title='bbox 2216 5326 2303 5378; x_wconf 86' lang='lat' dir='ltr'><strong>est</strong></span> <span class='ocrx_word' id='word_1_875' title='bbox 2330 5322 2414 5378; x_wconf 91' lang='lat' dir='ltr'><strong>vel</strong></span> <span class='ocrx_word' id='word_1_876' title='bbox 2448 5321 2634 5394; x_wconf 82' lang='lat' dir='ltr'><strong>azymi</strong></span> <span class='ocrx_word' id='word_1_877' title='bbox 2657 5321 2744 5377; x_wconf 88' lang='lat' dir='ltr'><strong>vel</strong></span> <span class='ocrx_word' id='word_1_878' title='bbox 2775 5323 2929 5396; x_wconf 89' lang='lat' dir='ltr'><strong>puri,</strong></span> <span class='ocrx_word' id='word_1_879' title='bbox 2957 5325 3294 5384; x_wconf 84' lang='lat' dir='ltr'><strong>mortiﬁcati</strong></span> <span class='ocrx_word' id='word_1_880' title='bbox 3321 5333 3580 5391; x_wconf 88' lang='lat' dir='ltr'><strong>mundo</strong></span> <span class='ocrx_word' id='word_1_881' title='bbox 3608 5342 3675 5395; x_wconf 89' lang='lat' dir='ltr'><strong>et</strong></span> <span class='ocrx_word' id='word_1_882' title='bbox 3696 5336 3832 5394; x_wconf 87' lang='lat' dir='ltr'><strong>desi-</strong></span> 
     </span>
    </p>
   </div>
   <div class='ocr_carea' id='block_1_118' title="bbox 2135 5409 3829 5500">
    <p class='ocr_par' dir='ltr' id='par_1_118' title="bbox 2135 5409 3829 5500">
     <span class='ocr_line' id='line_1_118' title="bbox 2135 5409 3829 5500; baseline 0.008 -34"><span class='ocrx_word' id='word_1_883' title='bbox 2135 5411 2310 5500; x_wconf 85' lang='lat' dir='ltr'><strong>deriis</strong></span> <span class='ocrx_word' id='word_1_884' title='bbox 2342 5410 2554 5500; x_wconf 88' lang='lat' dir='ltr'><strong>carnis.</strong></span> <span class='ocrx_word' id='word_1_885' title='bbox 2587 5409 2817 5466; x_wconf 89' lang='lat' dir='ltr'><strong>Etenim</strong></span> <span class='ocrx_word' id='word_1_886' title='bbox 2849 5412 3073 5484; x_wconf 87' lang='lat' dir='ltr'><strong>pascha</strong></span> <span class='ocrx_word' id='word_1_887' title='bbox 3103 5419 3378 5474; x_wconf 88' lang='lat' dir='ltr'><strong>nostrum</strong></span> <span class='ocrx_word' id='word_1_888' title='bbox 3405 5417 3538 5479; x_wconf 88' lang='lat' dir='ltr'><strong>hoc</strong></span> <span class='ocrx_word' id='word_1_889' title='bbox 3566 5431 3829 5500; x_wconf 85' lang='lat' dir='ltr'><strong>est,quo-</strong></span> 
     </span>
    </p>
   </div>
   <div class='ocr_carea' id='block_1_119' title="bbox 2135 5498 3830 5582">
    <p class='ocr_par' dir='ltr' id='par_1_119' title="bbox 2135 5498 3830 5582">
     <span class='ocr_line' id='line_1_119' title="bbox 2135 5498 3830 5582; baseline 0.009 -28"><span class='ocrx_word' id='word_1_890' title='bbox 2135 5498 2314 5568; x_wconf 89' lang='lat' dir='ltr'><strong>niam,</strong></span> <span class='ocrx_word' id='word_1_891' title='bbox 2347 5503 2412 5554; x_wconf 91' lang='lat' dir='ltr'><strong>ut</strong></span> <span class='ocrx_word' id='word_1_892' title='bbox 2433 5499 2682 5570; x_wconf 90' lang='lat' dir='ltr'><strong>eriperet</strong></span> <span class='ocrx_word' id='word_1_893' title='bbox 2707 5515 2813 5556; x_wconf 90' lang='lat' dir='ltr'><strong>nos</strong></span> <span class='ocrx_word' id='word_1_894' title='bbox 2845 5517 2912 5556; x_wconf 84' lang='lat' dir='ltr'><strong>ex</strong></span> <span class='ocrx_word' id='word_1_895' title='bbox 2945 5501 3260 5574; x_wconf 85' lang='lat' dir='ltr'><strong>iniquitate</strong></span> <span class='ocrx_word' id='word_1_896' title='bbox 3282 5523 3351 5563; x_wconf 87' lang='lat' dir='ltr'><strong>ac</strong></span> <span class='ocrx_word' id='word_1_897' title='bbox 3375 5498 3830 5582; x_wconf 79' lang='lat' dir='ltr'><strong>morte,immo-</strong></span> 
     </span>
    </p>
   </div>
   <div class='ocr_carea' id='block_1_120' title="bbox 2133 5586 3828 5675">
    <p class='ocr_par' dir='ltr' id='par_1_120' title="bbox 2133 5586 3828 5675">
     <span class='ocr_line' id='line_1_120' title="bbox 2133 5586 3828 5675; baseline 0.01 -33"><span class='ocrx_word' id='word_1_898' title='bbox 2133 5586 2288 5644; x_wconf 91' lang='lat' dir='ltr'><strong>latus</strong></span> <span class='ocrx_word' id='word_1_899' title='bbox 2319 5590 2404 5644; x_wconf 89' lang='lat' dir='ltr'><strong>est</strong></span> <span class='ocrx_word' id='word_1_900' title='bbox 2422 5586 2706 5644; x_wconf 90' lang='lat' dir='ltr'><strong>Christus.</strong></span> <span class='ocrx_word' id='word_1_901' title='bbox 2741 5589 2866 5655; x_wconf 90' lang='lat' dir='ltr'><strong>Qua</strong></span> <span class='ocrx_word' id='word_1_902' title='bbox 2894 5588 2966 5645; x_wconf 91' lang='lat' dir='ltr'><strong>de</strong></span> <span class='ocrx_word' id='word_1_903' title='bbox 2998 5607 3062 5647; x_wconf 88' lang='lat' dir='ltr'><strong>re</strong></span> <span class='ocrx_word' id='word_1_904' title='bbox 3110 5593 3197 5650; x_wconf 92' lang='lat' dir='ltr'><strong>sic</strong></span> <span class='ocrx_word' id='word_1_905' title='bbox 3255 5593 3376 5653; x_wconf 86' lang='lat' dir='ltr'><strong>ait:</strong></span> <span class='ocrx_word' id='word_1_906' title='bbox 3415 5619 3448 5648; x_wconf 87' lang='grc'><strong>‹‹</strong></span> <span class='ocrx_word' id='word_1_907' title='bbox 3485 5599 3828 5675; x_wconf 81' lang='lat' dir='ltr'><strong>Epulemur</strong></span> 
     </span>
    </p>
   </div>
   <div class='ocr_carea' id='block_1_121' title="bbox 2133 5677 3823 5758">
    <p class='ocr_par' dir='ltr' id='par_1_121' title="bbox 2133 5677 3823 5758">
     <span class='ocr_line' id='line_1_121' title="bbox 2133 5677 3823 5758; baseline 0.01 -25"><span class='ocrx_word' id='word_1_908' title='bbox 2133 5693 2248 5736; x_wconf 89' lang='lat' dir='ltr'><strong>non</strong></span> <span class='ocrx_word' id='word_1_909' title='bbox 2273 5677 2334 5734; x_wconf 89' lang='lat' dir='ltr'><strong>in</strong></span> <span class='ocrx_word' id='word_1_910' title='bbox 2367 5677 2650 5736; x_wconf 88' lang='lat' dir='ltr'><strong>fermento</strong></span> <span class='ocrx_word' id='word_1_911' title='bbox 2680 5677 2881 5748; x_wconf 86' lang='lat' dir='ltr'><strong>veteri,</strong></span> <span class='ocrx_word' id='word_1_912' title='bbox 2915 5695 3105 5758; x_wconf 86' lang='lat' dir='ltr'><strong>neque</strong></span> <span class='ocrx_word' id='word_1_913' title='bbox 3134 5682 3197 5741; x_wconf 88' lang='lat' dir='ltr'><strong>in</strong></span> <span class='ocrx_word' id='word_1_914' title='bbox 3227 5683 3550 5748; x_wconf 83' lang='lat' dir='ltr'><strong>fermento</strong></span> <span class='ocrx_word' id='word_1_915' title='bbox 3583 5691 3823 5754; x_wconf 76' lang='lat' dir='ltr'><strong>malitis</strong></span> 
     </span>
    </p>
   </div>
  </div>
