3968 6366
76 492 181 575 9t?

1414 456 1730 568 conraa
1768 499 2128 569 LATINOS.

3331 464 3451 563 97s

75 652 125 705 et
148 642 422 720 nequitia,
455 641 557 701 sed
585 639 647 700 in
692 638 911 719 azymis
957 639 1311 701 sinceritatis
1341 648 1398 701 et
1424 639 1686 701 veritatis
1712 634 1770 703 Α
1796 635 1859 695 in
1891 657 2007 713 quo
2037 640 2323 716 contingit
2351 642 2580 700 evenire
2612 640 2742 700 1531
2788 657 2973 699 annos
3009 655 3021 700 :
3054 636 3250 715 cyclus
3289 637 3448 696 enim

75 736 215 811 (Ibid.
246 735 318 808 8),
349 756 377 786 »
408 732 519 791 hoc
549 737 638 790 est
668 750 825 806 pura":
852 732 979 789 vitae
1010 737 1067 789 et
1094 733 1250 805 fidei,
1284 750 1400 806 qua
1427 732 1488 789 in
1512 736 1695 788 Deum

76 827 362 893 credimus,
394 827 447 880 et
485 840 719 879 veraces
765 827 1025 879 oratores
1074 823 1202 895 ejus
1243 823 1551 879 efficimur.
1599 822 1694 879 Sic

74 919 295 989 Magnus
316 912 627 986 Gregorius
649 911 959 985 theologus
980 912 1088 968 hoc
1109 913 1349 969 verbum
1376 910 1614 983 accepit.
1650 910 1693 966 Ο

72 1002 566 1078 sapientissimi,ea
599 1019 726 1074 quae
756 1002 974 1057 mentis
1005 1001 1335 1074 apostolicae
1363 1005 1501 1059 sunt
1522 999 1691 1056 intel-

70 1095 291 1169 ligite,et
319 1091 967 1164 non,quemadmodum
998 1091 1108 1147 hoc
1136 1108 1239 1148 vos
1262 1090 1591 1163 accepistis,
1625 1090 1695 1144 de

74 1193 380 1256 azymorum
410 1180 724 1239 festivitate
755 1184 811 1235 et
839 1180 1303 1253 participatione.
1337 1180 1397 1235 Si
1424 1179 1579 1235 enim
1623 1179 1695 1234 de

74 1261 265 1335 azymis
312 1264 367 1317 et
414 1260 804 1317 celebratione
851 1277 1052 1317 eorum
1105 1260 1423 1316 Corinthiis
1478 1258 1695 1315 Paulus

72 1350 495 1424 pracepisset,et
524 1365 624 1405 eos
655 1348 714 1404 in
749 1349 967 1422 azymis
990 1349 1214 1422 epulari
1242 1350 1544 1421 jussisset,
1579 1365 1694 1403 non

75 1439 475 1512 promulgasset
506 1454 642 1495 cum
684 1438 978 1506 undecim,
1025 1442 1080 1494 et
1131 1455 1362 1494 omnem
1412 1439 1696 1494 reducens

72 1528 359 1585 Ecclesiam
393 1526 657 1583 fidelium
679 1526 736 1583 in
764 1527 1119 1596 ordinem,in
1142 1528 1574 1600 septuagesimo
1606 1543 1696 1582 ca-

75 1633 355 1685 nose,cum
374 1616 978 1674 excommunicatione
1009 1617 1378 1689 praecepisset
1397 1615 1693 1682 omnibus,

72 1706 385 1779 hujusmodi
419 1723 661 1763 causam
692 1724 727 1762 a
754 1707 973 1765 Judaais
1006 1707 1342 1763 nullatenus
1373 1706 1696 1779 accipiani

75 1796 190 1868 quis
237 1795 562 1869 episcopus,
596 1800 699 1852 aut
745 1798 1067 1870 presbyter,
1102 1800 1203 1854 aut
1250 1796 1553 1864 diaconus,
1580 1798 1699 1851 -aut

74 1884 285 1953 omnino
312 1902 378 1941 ex
404 1901 656 1941 numero
687 1884 1029 1941 clericorum
1053 1884 1409 1958 jejunaverit
1430 1902 1564 1941 cum
1588 1884 1695 1941 He-

1803 729 1944 788 solis
1989 736 2113 790 erat
2135 734 2199 790 18
2221 738 2277 790 et
2295 735 2348 801 5,
2374 735 2566 790 utnon
2589 732 2785 789 adhuc
2806 731 3057 789 traditus
3074 729 3452 805 praevenisset

1803 823 2103 895 proprium
2135 823 2353 896 pascha
2382 823 2689 897 discipulis
2720 824 2969 891 tradere,
3003 822 3356 879 recumbens
3387 820 3447 877 in

1802 929 1965 968 coena
1995 914 2317 969 secundum
2360 929 2669 986 vesperum
2700 913 2891 986 quinti
2921 912 3033 968 diei
3064 930 3076 969 :
3133 915 3449 984 postquam

1803 1000 2070 1068 cmnavit,
2100 1000 2323 1073 accepit
2352 1017 2583 1072 panem,
2634 1000 2825 1072 fregit,
2874 998 3119 1055 tradidit
3167 997 3451 1070 apostolis

1801 1089 2145 1162 mysterium
2173 1090 2314 1145 Novi
2333 1090 2690 1146 Testamenti
2722 1089 2779 1144 in
2813 1093 2982 1144 nocte
3004 1088 3213 1160 quinta
3241 1087 3301 1142 in
3333 1104 3452 1159 qua

1801 1178 2051 1234 traditus
2080 1182 2169 1235 est
2216 1196 2251 1234 a
2278 1179 2431 1235 Juda
2463 1195 2476 1234 :
2511 1178 2663 1234 sicut
2690 1178 2975 1251 scriptum
3007 1180 3114 1233 est.
3159 1177 3271 1232 Sed
3303 1176 3448 1249 quid

1802 1267 1944 1322 dicit
1974 1269 2160 1323 Lucas
2190 1267 2489 1339 apostolus
2510 1269 2537 1323 ?
2569 1292 2590 1321 ι
2627 1267 2864 1339 Accepit
2882 1283 3115 1339 panem,
3140 1270 3197 1321 et
3216 1266 3450 1322 benedi-

1802 1373 1942 1412 cens
1972 1356 2143 1427 fregit
2175 1357 2323 1427 (Luc.
2358 1375 2509 1422 xxxv,
2539 1358 2647 1428 30).
2674 1380 2699 1406 ››
2722 1359 2864 1412 Ecce
2896 1361 2952 1411 ct
2981 1358 3165 1411 Lucas
3187 1356 3455 1427 accipere

1803 1463 2013 1518 panem
2045 1446 2343 1502 Christum
2378 1446 2543 1513 dixit,
2574 1450 2630 1501 et
2661 1464 2776 1500 non
2809 1463 3099 1516 azymum.
3132 1446 3259 1500 Non
3289 1445 3448 1501 enim

1803 1536 1993 1591 adhuc
2013 1538 2135 1590 erat
2160 1540 2331 1592 sext'e
2354 1535 2506 1591 feriae
2529 1535 2673 1590 dies.
2699 1534 2895 1590 Tertia
2915 1533 3144 1589 decima
3163 1536 3287 1590 erat
3310 1534 3453 1589 luna

1802 1624 1863 1680 in
1914 1622 2015 1680 illa
2043 1624 2249 1696 quinta
2297 1624 2459 1692 feria,
2510 1628 2565 1680 et
2597 1642 2714 1681 non
2753 1627 2877 1679 erat
2918 1640 3212 1696 azymum,
3262 1638 3455 1694 neque

1804 1714 1999 1771 adhuc
2030 1713 2244 1771 oblatio
2274 1714 2628 1771 fermentati.

1876 1804 2025 1859 VIII.
2056 1810 2275 1876 Azyma
2293 1804 2449 1860 enim
2470 1804 2530 1859 in
2556 1802 2995 1874 quintadecima
3022 1800 3164 1858 luna
3191 1800 3464 1873 promul-'

1803 1896 1942 1967 gata
1969 1896 2135 1948 erant
2165 1893 2224 1948 in
2255 1893 2399 1966 lege,
2434 1896 2500 1949 ut
2537 1892 2595 1947 in
2657 1891 3100 1964 quartadecima
3129 1890 3224 1947 die
3262 1892 3335 1947 ad
3365 1906 3458 1947 ve-

74 1975 345 2076 b.cteis,aut
372 1974 649 2048 epulatus
680 1975 855 2031 fuerit
874 1992 1007 2076 cum
1037 1975 1207 2076 eis,et
1235 1974 1700 2076 acceperitfesti:
1727 2010 1777 2076 B
1805 1998 2039 2054 speram
2060 1998 2249 2055 agnus
2269 1981 2692 2049 immolaretur,
2726 1984 2784 2036 et
2809 1980 2868 2035 in
2891 1980 3335 2051 quartadecima
3361 1979 3457 2036 die

72 2061 290 2119 vitatum
320 2081 526 2120 eorum
557 2081 825 2133 munera,
859 2068 926 2121 ut
951 2068 1090 2121 sunt
1112 2081 1313 2138 azyma
1343 2068 1445 2121 aut
1473 2063 1697 2137 aliquid

74 2152 403 2224 hujusmodi,
435 2154 770 2226 deponatur
803 2173 814 2211 :
850 2155 899 2210 si
930 2157 1127 2211 autem
1155 2153 1697 2226 laicus,sequestre-

75 2244 171 2297 tur.
208 2264 234 2294 »

130 2332 212 2388 VI.
241 2333 300 2390 Si
330 2339 531 2392 autem
562 2332 756 2389 dicitis
791 2351 803 2389 :
838 2333 984 2397 Quia
1010 2334 1082 2388 ab
1111 2333 1374 2389 Hebraeis
1405 2349 1519 2388 non
1544 2331 1698 2388 acci-

76 2424 306 2491 mus,sed
339 2425 499 2480 domi
552 2424 741 2479 facere
794 2423 1233 2492 consuevimus;
1269 2440 1374 2478 cur
1402 2420 1550 2478 hoc?
1581 2421 1701 2477 sive

76 2510 135 2565 ab
161 2510 266 2567 illis
297 2513 623 2584 accipiatis,
648 2511 768 2568 sive
797 2512 956 2568 domi
989 2510 1447 2584 faciatis,azyma
1467 2511 1702 2567 sunt.Et

70 2599 213 2669 juxta
253 2601 359 2658 hoc
407 2600 736 2675 graviorem
781 2617 1012 2675 pcnnam
1062 2600 1373 2668 habebitis,
1421 2599 1698 2672 quoniam

77 2689 373 2763 relinquitis
404 2707 581 2765 agere
610 2706 738 2762 quas
763 2691 935 2763 jussa
965 2694 1105 2746 sunt
1133 2690 1298 2745 vobis
1327 2707 1361 2744 a
1387 2688 1614 2745 Christo
1645 2691 1702 2743 et

79 2778 331 2849 Apostolis
354 2780 569 2852 ipsius,
587 2779 863 2836 facientes
883 2778 1043 2835 velut
1063 2777 1147 2833 illi
1171 2779 1271 2851 qui
1290 2780 1401 2834 sub
1426 2777 1701 2833 servitute

74 2864 195 2940 legis
216 2868 579 2943 sunt,qualia
596 2868 781 2925 Judwi
806 2868 1112 2937 faciunt,in
1137 2869 1347 2924 umbra
1367 2872 1423 2923 et
1444 2866 1703 2922 tenebris

74 2954 195 3029 legis
222 2957 852 3028 sedentes,nullatenus
892 2957 1105 3013 dicenti
1137 2956 1317 3013 Paulo
1349 2956 1650 3012 credentes
1684 2972 1696 3009 :

76 3066 97 3092 ‹‹
125 3046 777 3120 Fratres,unusquisque
796 3047 856 3102 in
878 3064 944 3103 eo
967 3047 1169 3103 ordine
1192 3064 1308 3119 quo
1331 3048 1568 3101 vocatus
1590 3048 1699 3116 est,

76 3134 125 3188 in
151 3134 265 3208 ipso
295 3140 640 3211 permaneat
670 3136 716 3207 (Ι
746 3136 863 3191 Cor.
895 3153 996 3204 v11,
1030 3136 1099 3189 20
1128 3143 1177 3191 et
1198 3136 1310 3207 24).
1340 3157 1366 3183 »
1388 3135 1513 3190 Non
1544 3132 1699 3190 enim

75 3221 345 3282 invenietis
361 3225 607 3283 omnino
629 3224 689 3279 in
716 3224 915 3280 divina
945 3223 1245 3296 Scriptura
1273 3223 1552 3296 quoniam
1575 3239 1703 3294 azy-

77 3326 212 3367 mum
233 3313 452 3369 dictum
490 3313 571 3370 sit
611 3330 645 3368 a
685 3312 915 3368 Christo
950 3316 1051 3369 aut
1082 3310 1362 3384 apostolis
1383 3312 1530 3381 ejus,
1564 3327 1698 3366 cum

1812 2069 1965 2127 lunae
1983 2070 2158 2143 primi
2184 2070 2407 2127 mensis
2429 2070 2653 2126 Pascha
2673 2068 2993 2141 appellaret
3019 2068 3130 2136 lex,
3155 2068 3456 2140 quintam-

1805 2159 2095 2215 decimam
2126 2159 2279 2215 diem
2304 2160 2562 2232 primum
2579 2174 2918 2232 azymorum
2940 2162 3000 2215 et
3015 2158 3337 2214 Sabbatum
3360 2172 3469 2214 no-'

1807 2248 2078 2305 minarat.
2112 2248 2262 2305 Proh
2294 2248 2460 2305 dolor
2486 2248 2889 2321 insipientiam
2925 2246 3371 2304 illiteratoruml
3400 2250 3460 2303 et

1806 2355 1923 2393 non
1954 2341 2077 2395 erat
2106 2355 2308 2411 azyma
2328 2338 2387 2392 in
2415 2337 2621 2410 quinta
2649 2337 2812 2405 feria,
2843 2354 2978 2392 cum
2999 2341 3155 2393 esset
3183 2334 3335 2392 luna‘
3354 2342 3460 2392 ter-

1806 2427 2334 2493 tiadecima,etnon
2348 2426 3150 2499 quartadecima.Secundum
3168 2426 3469 2498 quintam-'

1808 2516 2316 2572 decimamlunam
2331 2516 2520 2572 fuerat
2538 2516 2872 2571 institutum
2904 2531 3109 2588 azyma
3127 2515 3275 2582 ﬁeri,
3308 2514 3463 2573 sicut

1809 2608 1865 2661 et
1896 2621 2085 2677 agnus
2115 2606 2183 2660 ad
2219 2620 2520 2675 vesperam
2564 2604 3028 2676 quartadecima
3077 2603 3191 2658 diei
3215 2604 3469 2673 jussum,

1807 2709 1937 2749 esse
1951 2693 2269 2760 immolari,
2283 2693 2608 2749 secundum
2628 2710 2807 2765 quam
2829 2690 3172 2748 immolatus
3183 2696 3274 2747 est
3291 2692 3456 2747 Chri-

1808 2787 1955 2851 stus,
1984 2784 2180 2854 Agnus
2200 2782 2323 2847 Dei,
2356 2782 2458 2853 qui
2480 2780 2628 2836 tollit
2653 2783 2889 2853 peccata
2917 2779 3144 2835 mundi.
3170 2779 3230 2835 Si
3261 2782 3457 2835 autem

1807 2870 2075 2927 Christus
2125 2869 2466 2926 immolatus
2512 2873 2601 2925 est
2647 2873 2705 2926 et
2756 2868 3069 2924 cruciﬁxus
3122 2868 3184 2924 in
3233 2869 3463 2925 decima

1809 2964 2019 3031 quarta
2078 2961 2173 3017 die
2220 2960 2393 3027 lunzs,
2440 2959 2593 3015 feriae
2642 2962 2835 3026 sextae,
2872 2954 2935 3013 in
2974 2958 3231 3014 Sabbato
3262 2962 3461 3015 autem

1806 3053 1932 3105 erat
1980 3050 2194 3105 festum
2235 3066 2596 3122 azymorum.
2647 3048 2889 3114 Quando
2919 3064 3125 3121 azyma
3164 3047 3464 3104 comedit?

1807 3138 1986 3194 etiam
2019 3138 2305 3211 apostolis
2337 3138 2421 3194 sic
2452 3138 2639 3194 facere
2666 3137 2728 3192 in
2758 3138 2914 3194 Novo
2943 3137 3316 3195 Testamento
3344 3140 3463 3193 traé

1807 3228 1957 3284 didit
1980 3231 2003 3284 Ρ
2030 3229 2328 3295 Quomodo
2351 3227 2542 3284 dicitis
2560 3227 2631 3283 ab
2648 3226 2929 3299 apostolis
2946 3226 3241 3298 accepisse
3260 3243 3364 3282 vos
3385 3225 3466 3282 fa-

1808 3333 1939 3373 cere
1973 3334 2177 3391 azyma
2197 3318 2325 3389 jam
2368 3320 2501 3388 post
2549 3315 3038 3371 resurrectionem
3091 3331 3126 3369 a
3173 3314 3461 3371 mortuis?

76 3399 565 3459 administraretur
583 3398 775 3457 abillo
795 3383 1310 3457 NoviTestamenti
1334 3399 1701 3472 mysterium.
1734 3383 1779 3453 Ο
1813 3406 1938 3462 Non
1980 3383 2389 3479 viaetis'quia:
2421 3403 2728 3459 manifeste
2768 3420 2836 3459 ex
2891 3402 3067 3457 rebus
3115 3400 3455 3473 arguimini,

78 3486 261 3546 Paulus
290 3489 447 3547 enim
471 3488 788 3548 Corinthiis
810 3489 1071 3545 scribens
1106 3489 1283 3544 dicit:
1313 3488 1702 3544 «Discernere

77 3579 641 3653 vos‘oportetcalicem
654 3577 1077 3634 benedictionis
1092 3595 1265 3650 quem
1278 3575 1700 3644 benedicimus;

79 3676 242 3723 nonne
269 3666 729 3725 communicatio
762 3666 1067 3741 sanguinis
1098 3666 1311 3723 Christi
1332 3666 1463 3722 est?
1486 3665 1703 3721 Panem

80 3769 225 3824 quem
238 3757 791 3833 frangimus,nonne
803 3755 1255 3812 communicatio
1275 3755 1536 3828 corporis
1549 3753 1708 3811 Chri-

81 3842 139 3896 sti
164 3847 278 3903 est?
322 3847 618 3914 Quoniam
650 3862 805 3901 unus
836 3845 1027 3919 panis,
1061 3863 1246 3901 unum
1270 3862 1502 3917 corpus,
1537 3843 1705 3899 multi

79 3946 277 3991 sumus.
310 3936 549 3993 Etenim
582 3951 787 3991 omnes
841 3952 910 3991 ex
957 3952 1073 3991 uno
1106 3952 1254 4008 pane
1285 3934 1707 4007 participamus

79 4022 118 4088 (Ι
142 4022 249 4079 Cor.
272 4042 331 4097 Χ,
364 4025 609 4098 16).Ego
641 4024 798 4080 enim
844 4023 1040 4096 accepi
1073 4041 1106 4080 a
1134 4024 1403 4092 Domino,
1451 4023 1606 4095 quod
1654 4027 1711 4079 et

80 4111 260 4169 tradidi
284 4115 454 4171 vobis
478 4133 491 4170 :
511 4113 789 4187 quoniam
820 4112 1106 4169 Dominus
1127 4114 1300 4170 Jesus
1328 4113 1385 4168 in
1410 4130 1525 4186 qua
1544 4114 1710 4168 nocte

81 4200 413 4272 tradebatur,
451 4201 678 4275 accepit
706 4218 941 4275 panem,
976 4224 1004 4251 »
1037 4205 1093 4258 ct
1125 4219 1241 4258 non
1269 4218 1559 4276 azymum,
1596 4225 1623 4251 ‹‹
1658 4205 1713 4257 et

82 4285 406 4348 benedicens
462 4290 657 4365 fregit,
691 4295 748 4346 et
779 4290 924 4346 dixit
946 4308 959 4346 ε
985 4291 1240 4364 Accipite
1273 4295 1331 4346 et
1370 4291 1656 4347 comedite
1696 4307 1709 4346 :

79 4374 169 4433 hoc
190 4384 276 4436 est
305 4392 529 4455 corpus
551 4380 935 4453 meum,quod
955 4396 1061 4453 pro
1083 4379 1248 4436 vobis
1270 4380 1715 4453 frangetur.Hoc

82 4463 229 4524 facite
273 4470 334 4526 in
390 4487 589 4527 meam
646 4468 1261 4525 commemorationem
1291 4469 1337 4542 (I
1361 4471 1481 4526 Cor.
1513 4488 1591 4539 xu,
1623 4472 1713 4539 23,

82 4555 174 4627 2t).
212 4582 232 4608 ι
264 4560 333 4616 Et
364 4577 486 4616 non
521 4558 702 4617 semel
736 4559 880 4614 dixit
909 4575 1141 4631 panem,
1175 4558 1276 4615 sed
1325 4559 1504 4615 etiam
1545 4575 1715 4631 saepe.

85 4642 190 4700 Non
226 4648 321 4705 hic
353 4650 522 4706 solus
554 4648 720 4717 dixit,
755 4648 856 4705 sed
889 4652 945 4703 et
975 4648 1166 4703 caeteri
1207 4647 1629 4720 apostolorum,
1663 4652 1721 4703 et

1811 3494 2090 3568 quoniam
2122 3511 2235 3550 non
2270 3498 2410 3549 tunc
2431 3509 2652 3565 azyma,
2686 3507 2822 3547 cum
2853 3489 3134 3563 mysteria
3156 3489 3299 3546 Novi
3317 3490 3457 3546 Tes-

1809 3585 2056 3641 tamenti
2086 3584 2340 3640 traderet
2369 3580 2648 3654 apostolis
2686 3580 2953 3636 Christus
2971 3579 2999 3633 ‘2

1887 3674 1979 3728 IX.
2029 3672 2346 3728 Ostendam
2383 3670 2548 3725 vobis
2577 3669 2686 3725 hoc
2714 3685 2784 3724 ex
2830 3667 3199 3740 legislatione
3256 3656 3475 3742 Moysi.-

1819 3762 2103 3835 Loquitur
2139 3760 2296 3818 enim
2326 3778 2338 3816 :
2376 3780 2404 3811 ‹‹
2436 3759 2531 3815 Hae
2561 3762 2703 3816 sunt
2749 3758 3094 3814 festivitates
3128 3756 3363 3814 Domini
3411 3762 3469 3814 et

1814 3853 1953 3925 ipsa:
1985 3855 2219 3917 sanctae,
2254 3867 2403 3922 quas
2422 3848 2705 3905 vocabitis
2735 3848 2795 3904 in
2825 3846 3190 3920 temporibus
3222 3845 3367 3903 suis.
3402 3848 3466 3903 In

1817 3941 2007 4016 primo
2038 3956 2239 3996 mense
2269 3939 2327 3993 in
2350 3938 2785 4010 quintadecima
2813 3936 2905 3993 die
2932 3935 3154 3992 mensis
3172 3935 3355 4007 hujus
3384 3935 3467 3992 fe-

1819 4035 1977 4087 stum
2009 4044 2346 4101 azymorum
2396 4025 2661 4093 Domini;
2696 4024 2843 4081 etin
2894 4024 3335 4097 quartadecima
3376 4022 3471 4081 die

1820 4118 2043 4175 mensis
2072 4117 2229 4173 intra
2256 4116 2518 4171 medium
2546 4114 2618 4170 ad
2649 4130 2958 4187 vesperum
2980 4112 3089 4168 erit
3106 4112 3332 4170 Pascha
3358 4113 3473 4171 Do-

1821 4208 2014 4275 mino;
2047 4210 2104 4261 et
2132 4205 2191 4260 in
2211 4203 2649 4277 quintadecima
2676 4202 2770 4259 die
2794 4200 2975 4275 hujus
3005 4201 3226 4259 mensis
3257 4202 3473 4259 festum

1823 4311 2161 4370 azymorum
2183 4293 2450 4350 Domino.
2474 4294 2709 4366 Septem
2740 4292 2897 4349 enim
2919 4292 3126 4349 diebus
3155 4308 3361 4365 azyma
3378 4308 3474 4348 co-

1825 4387 2042 4443 medite
2075 4384 2267 4457 (Leuit.
2301 4400 2464 4449 xxm,
2493 4383 2634 4455 4-6).
2679 4404 2707 4432 »
2740 4382 2885 4437 Ecce
2927 4380 3085 4437 enim
3121 4396 3191 4437 ex
3235 4378 3475 4453 legisla-

1824 4475 1982 4531 tionc
2014 4472 2199 4546 Moysi
2243 4470 2556 4536 didicistis,
2590 4469 2868 4543 quoniam
2913 4485 3029 4525 non
3061 4472 3201 4524 tunc
3249 4483 3471 4541 azyma,

1827 4564 2062 4638 quando
2092 4566 2227 4635 post
2254 4576 2479 4615 cumam
2519 4558 2845 4614 secundum
2886 4557 3041 4613 diem
3074 4556 3289 4628 quinta:
3320 4556 3476 4611 ferias

1828 4652 2096 4709 Christus
2124 4649 2366 4707 tradidit
2394 4665 2499 4721 per
2528 4647 2868 4702 fractionem
2899 4643 3070 4719 panis
3098 4644 3241 4701 Novi
3271 4645 3481 4700 Testa-

85 4730 368 4795 Matthmus
400 4739 645 4812 quidem
699 4736 779 4792 ait
830 4754 842 4794 :
877 4760 903 4787 ‹‹
952 4736 1329 4793 Ccenantibus
1374 4742 1568 4793 autem
1607 4737 1718 4793 illis
1752 4758 1799 4824 Β
1830 4741 2013 4799 menti
2046 4738 2410 4812 mysterium.
2452 4738 2596 4824 Ante
2635 4735 2851 4824 festum
2883 4738 3096 4824 autem
3141 4749 3480 4824 azymorum

83 4824 236 4895 atque
264 4827 721 4883 comedentibus
751 4826 1044 4898 accipiens
1067 4824 1239 4882 Jesus
1265 4843 1477 4898 panem
1509 4826 1719 4895 (illalth.

84 4924 215 4982 xxv1,
243 4916 336 4988 26)
373 4934 386 4973 :
423 4938 455 4965 »
488 4915 742 4989 Aspicis,
771 4931 983 4988 panem
1015 4918 1073 4970 et
1107 4914 1203 4971 hic
1232 4914 1446 4987 inquit,
1485 4936 1513 4965 «
1542 4919 1599 4970 et
1626 4916 1723 4972 he-

84 5000 335 5061 nedicens
366 5004 566 5078 fregit,
599 5008 656 5061 et
687 5004 846 5061 dedit
873 5002 1182 5077 discipulis
1228 5004 1353 5060 suis
1401 5008 1457 5060 et
1504 5002 1650 5060 dixit
1701 5021 1713 5059 :

86 5085 287 5149 Sumite
365 5098 425 5151 et
493 5093 800 5161 comedite,
869 5093 979 5149 hoc
1062 5096 1151 5148 est
1226 5110 1438 5166 corpus
1521 5110 1717 5149 meum

88 5176 270 5253 (Ibid.).
305 5205 333 5232 »
367 5182 658 5239 Similiter
686 5189 883 5238 autem
913 5187 971 5238 et
1000 5182 1111 5238 hoc
1140 5183 1372 5239 Marcus
1424 5182 1633 5254 inquit,
1667 5186 1723 5238 et

89 5264 273 5340 reliqui
308 5288 319 5327 :
355 5276 414 5329 et
446 5287 821 5343 nequaquam
848 5288 1116 5344 azymum
1151 5271 1222 5326 ab
1251 5272 1334 5327 eis
1367 5287 1721 5327 commemo-

91 5359 253 5416 ratur.

148 5443 258 5504 VII.
291 5448 588 5517 Quoniam
638 5447 879 5519 quidem
927 5448 1231 5522 oportebat
1277 5448 1398 5522 pati
1428 5449 1723 5505 Christum

92 5538 399 5594 secundum
434 5536 595 5594 diem
626 5535 828 5608 legalis
858 5537 1183 5610 paschaa,in
1215 5556 1333 5610 qua
1360 5544 1417 5595 et
1446 5555 1632 5613 agnus
1656 5541 1727 5596 ab

1832 4830 1940 4886 hoc
1958 4827 2251 4895 fecit,cum
2267 4832 2418 4881 esset
2436 4822 2964 4880 tertiadecimadies
2978 4822 3220 4879 mensis.
3239 4821 3481 4890 Quinta-

1834 4918 2063 4976 decima
2091 4916 2249 4972 enim
2280 4914 2374 4970 die
2401 4913 2643 4981 mensis,
2677 4916 2743 4968 ut
2770 4911 3060 4986 legislatio
3092 4911 3333 4985 Moysis,
3362 4915 3488 4970 erat

1834 5009 2052 5064 festum
2083 5018 2444 5078 azymorum.
2478 5003 2549 5057 Et
2575 5001 2858 5073 Chrystus
2887 5000 2948 5058 in
2976 5001 3122 5058 feria
3159 5006 3323 5059 sexta
3351 5018 3487 5059 cru-

1830 5098 2063 5163 ciﬁxus,
2095 5093 2422 5151 secundum
2453 5090 3020 5165 quartamdecimam
3051 5091 3206 5148 diem
3241 5091 3487 5160 mensis,

1835 5187 2073 5259 quando
2095 5183 2312 5240 debebo
2323 5186 2387 5237 nt
2409 5180 2595 5237 Judaei
2618 5180 2926 5237 immolare
2946 5197 3168 5254 agnum
3194 5199 3207 5250 ;
3234 5181 3490 5239 Sabbato

1833 5279 2028 5330 autem
2040 5271 2364 5327 secundum
2381 5267 2942 5342 quintamdecimam
2955 5268 3112 5325 diem
3125 5268 3345 5325 mensis
3359 5282 3491 5321 cum

1835 5367 1992 5420 esset
2021 5363 2237 5418 festum
2272 5359 2616 5426 azimorum,
2641 5358 2701 5413 in
2724 5359 2993 5431 sepulcro
3010 5357 3200 5429 jacuit
3220 5352 3492 5426 sepultus

1835 5455 2051 5526 Azyma
2079 5465 2213 5522 ergo
2232 5449 2373 5504 dum
2393 5464 2509 5503 non
2532 5451 2731 5503 essent
2762 5451 2896 5503 ante
2917 5449 3129 5503 festum
3149 5456 3488 5514 azymorum

1839 5542 1901 5597 in
1920 5544 2044 5595 tota
2074 5555 2227 5594 anno
2248 5538 2376 5609 ipso
2403 5554 2416 5592 :
2441 5541 2667 5609 septem
2701 5537 2858 5592 enim
2883 5535 3089 5591 diebus
3104 5528 3493 5586 comedebant

91 5619 326 5684 Hebraeis
358 5624 805 5687 immolabatur.
834 5627 1102 5700 Oportuit
1129 5629 1285 5684 enim
1335 5629 1462 5685 ﬁeri
1511 5628 1732 5700 pascha
1842 5644 2042 5703 azyma
2062 5626 2269 5695 Judmi,
2296 5644 2397 5682 ceu
2422 5626 2679 5682 instituit
2699 5625 2927 5697 Moyses
2947 5622 3033 5678 :in
3051 5618 3494 5691 quintadecima

91 5711 152 5767 ab
178 5714 658 5774 interfectoribus
687 5713 786 5769 Dei
820 5715 879 5771 in
906 5721 1070 5772 sexta
1097 5716 1324 5785 feria,in
1348 5734 1463 5789 qua
1494 5717 1730 5773 tandem

90 5808 135 5856 et
164 5810 367 5877 quarta
394 5804 632 5863 decima
653 5801 793 5861 luna
823 5809 945 5863 erat
958 5807 1132 5877 juxta
1160 5807 1415 5879 primum
1446 5824 1730 5879 mensem,

1844 5721 1935 5774 (lic
1959 5717 2129 5790 primi
2164 5716 2384 5772 mensis
2406 5714 2751 5786 incipientes
2773 5713 2985 5769 festum
3018 5707 3248 5773 horum,
3276 5706 3377 5762 ubi
3398 5724 3491 5762 re-

1844 5812 2008 5881 perta
2039 5810 2179 5862 sunt
2218 5821 2439 5878 azyma,
2474 5802 2709 5875 quando
2740 5816 2872 5860 cum
2903 5791 3205 5867 discipulis
3234 5794 3360 5853 suis
3380 5809 3491 5850 ca:-
