3876 6370
428 440 547 514 979

1103 446 1584 511 HUMBER’I‘US
1631 448 1694 510 S.
1742 449 1815 508 Β.
1859 444 1929 509 E.
1978 440 2758 508 CARDINALIS.—LIB.
2803 441 3141 508 NICETE.

3800 440 3876 504 θα

434 592 570 633 nam
591 576 916 633 comederet
942 576 1245 635 Christus?
1287 581 1347 636 Si
1393 581 1548 636 enim
1597 580 1747 634 sicut
1788 576 1998 643 dicitis,
2031 591 2065 630 a
2094 575 2148 640 Α
2178 589 2301 630 rem
2331 575 2484 630 circa
2510 592 2646 633 eum
2675 576 2876 632 ﬂetum
2907 576 3208 634 habebant
3242 589 3453 649 quam
3492 571 3822 650 gaudium
3847 593 3876 629 ε

434 665 677 721 Domino
706 666 949 738 apostoli
979 673 1325 739 acceperunt
1372 685 1593 741 azyma,
1625 670 1682 722 et
1726 666 1807 721 illi
1856 667 2067 721 iterum

426 754 797 811 tradiderunt
823 756 985 811 vobis
1015 756 1137 811 haec
1166 758 1224 812 in
1256 758 1442 829 figura
1471 756 1724 829 corporis
1769 754 1979 810 Christi
2010 754 2068 808 in

433 844 707 916 mysterio
735 844 871 899 Novi
903 846 1258 912 testamenti,
1306 847 1446 901 dum
1487 863 1592 901 nec
1642 844 1852 900 ablatio
1900 842 2068 915 panis

432 933 595 987 fleret
623 933 943 988 secundum
974 934 1448 988 constitutionem
1472 933 1876 1005 Moysi,neque
1906 934 2070 986 erant

433 1024 573 1076 tunc
604 1021 929 1093 azyma,ubi
960 1026 1186 1093 reperta
1216 1022 1399 1077 sunt?
1440 1022 1735 1086 Quomodo
1780 1019 2069 1075 oblivisci-

436 1127 570 1165 mur
593 1109 1026 1181 legislationum
1056 1111 1307 1183 Moysis?
1345 1112 1577 1182 Septem
1626 1125 1879 1179 namque
1927 1107 2067 1163 solis

432 1198 638 1254 diebus
667 1198 852 1253 facere
882 1199 1122 1254 tradidit
1151 1199 1333 1254 vobis.
1368 1200 1477 1253 Sed
1525 1215 1626 1253 vos
1657 1197 1713 1251 in
1750 1200 1871 1251 toto
1914 1211 2067 1250 anno

429 1286 781 1343 conculcatis
811 1287 1080 1341 instituta
1113 1288 1349 1361 Moysis.
1383 1289 1452 1341 Et
1493 1287 1761 1341 Christus
1810 1303 1921 1339 non
1966 1301 2062 1339 ve-

428 1379 591 1432 nerat
620 1375 838 1430 solvere
869 1375 1075 1447 legem,
1109 1377 1207 1431 sed
1240 1375 1559 1447 adimplere
1588 1374 1801 1446 (Matth.
1834 1392 1889 1441 v,
1920 1374 2026 1443 17).

498 1465 562 1519 Χ.
609 1463 788 1519 Valde
833 1463 987 1519 enim
1035 1464 1335 1519 veritatem
1395 1463 1697 1529 obsistilis,
1743 1464 1968 1517 fratres.
2010 1462 2067 1515 Si

428 1553 584 1609 enim
628 1552 907 1608 traditum
956 1553 1120 1607 vobis
1167 1552 1276 1607 fuit
1321 1553 1393 1607 ab
1441 1551 1719 1623 apostolis
1767 1551 2067 1606 comedere

432 1642 950 1715 azyma,quomodo
971 1641 1238 1713 Agathon
1261 1641 1673 1697 sanctissimus
1696 1657 1845 1713 papa
1859 1643 2065 1708 vester,

428 1748 742 1805 pressessor
772 1747 902 1785 cum
936 1734 1091 1786 esset
1120 1734 1289 1785 sextae
1323 1730 1527 1803 synodi
1552 1730 1661 1784 sub
1689 1728 2067 1783 Constantino

428 1820 800 1892 imperatore,
835 1823 891 1875 et
920 1819 1152 1874 divinus
1191 1820 1501 1891 Gregorius
1552 1818 2067 1890 Acragantinorum

428 1909 735 1981 episcopus
766 1925 879 1964 non
912 1907 1280 1976 abstinuere;
1313 1924 1468 1972 cum,
1492 1906 1838 1981 sicuthujus
1864 1903 2068 1977 synodi
2096 1940 2143 2006 Β

427 1996 606 2052 divini
635 1997 1173 2063 Patres,adversum
1198 2013 1399 2068 azyma
1419 1994 1605 2066 legem
1626 1994 2069 2049 constituissent

428 2103 462 2141 a
490 2086 722 2141 nemine
754 2086 1015 2142 fidelium
1047 2085 1157 2140 hoc
1187 2084 1352 2140 fieri?
1382 2085 1543 2151 Et,ut
1572 2081 2067 2150 ostendam,vobis

427 2174 639 2230 borum
660 2173 1087 2245 legislationem
1120 2176 1322 2229 contra
1351 2188 1573 2243 azyma,
1610 2170 1817 2242 adjicio
1858 2169 2067 2226 rationi

429 2264 487 2316 et
514 2276 797 2316 canonem
829 2260 1091 2331 ipsorum
1117 2260 1199 2316 sic
1222 2259 1532 2313 habentem
1556 2259 1614 2313 in
1637 2259 1944 2313 undecimo
1981 2274 2069 2313 ca-

430 2348 882 2420 pitulo:«Neque
913 2348 969 2402 in
1001 2346 1345 2403 sacerdotali
1369 2348 1719 2402 constitutus
1743 2348 2071 2411 ordine,aut

431 2435 637 2503 laicus,
670 2452 738 2490 ea
767 2452 893 2507 quae
925 2437 1078 2506 apud
1107 2437 1341 2491 Judaeos
1372 2440 1507 2491 sunt
1554 2453 1754 2508 azyma
1784 2435 2067 2503 comedat,

432 2528 535 2581 aut
563 2541 696 2579 cum
725 2523 810 2578 eis
839 2524 1258 2592 cohabitet,aut
1287 2524 1343 2579 in
1376 2524 1813 2579 infirmitatibus
1842 2523 2066 2593 invitet,

432 2616 533 2670 aut
563 2612 907 2667 medicinam
941 2613 1011 2667 ab
1042 2612 1125 2667 eis
1156 2612 1417 2683 accipiat,
1448 2612 1537 2667 vel
1586 2612 1643 2666 in
1683 2612 1905 2667 balneis
1935 2627 2068 2665 cum

430 2702 513 2757 eis
544 2701 783 2756 lavetur.
832 2700 889 2755 Si
939 2701 1070 2773 quis
1100 2700 1208 2757 hoc
1240 2718 1407 2774 agere
1437 2701 1751 2756 initiaverit
1780 2700 2069 2773 siquidem

429 2790 673 2846 clericus
700 2788 890 2859 fuerit,
923 2790 1281 2862 deponatur;
1317 2791 1365 2844 si
1397 2795 1592 2845 autem
1621 2789 1828 2858 laicus,
1862 2805 2069 2861 seque-

433 2883 673 2935 stretur.
712 2902 740 2930 »
773 2878 879 2945 Qui
906 2894 1177 2950 azymum
1204 2879 1436 2933 coniicit
1456 2883 1512 2934 et
1534 2878 1801 2946 comedit,
1826 2878 1933 2933 etsi
1957 2894 2070 2932 non

430 2967 717 3039 acceperit
744 2966 851 3022 hoc
883 2984 916 3022 a
947 2968 1187 3037 Judaeis,
1231 2968 1331 3021 sed
1362 2966 1619 3022 imitator
1649 2966 1823 3021 fuerit
1853 2966 1912 3020 in
1943 2966 2069 3032 hoc,

429 3059 497 3112 ut
522 3056 760 3112 Judeus
780 3054 1138 3126 intelligit,et
1157 3059 1317 3110 extra
1337 3054 1521 3127 legem
1555 3060 1661 3123 est,
1696 3055 2070 3127 quemadmo-

431 3146 573 3201 dum
601 3148 658 3199 et
686 3142 737 3199 si
765 3142 1192 3198 circumciderit
1221 3144 1353 3214 quis
1374 3144 1453 3199 sei
1463 3161 1656 3216 psum,
1681 3150 1781 3199 aut
1802 3161 1835 3199 a
1854 3143 2073 3199 Judzeis

433 3231 1076 3298 circumciditur,simul
1106 3236 1163 3287 et
1192 3232 1251 3287 in
1283 3232 1524 3288 scientia
1543 3236 1630 3289 est
1657 3231 2075 3303 illis,canones-

2176 664 2458 719 memoria
2506 665 2711 721 divinze
2758 665 3136 738 operationis.
3176 689 3205 715 ››
3244 664 3750 722 Verumtamen
3800 664 3876 719 ha-

2175 754 2415 827 mystice
2442 772 2543 827 per
2571 755 2927 811 Clementem
2959 771 3176 830 papam
3209 756 3757 812 constituentem
3804 772 3876 810 ne:

2176 846 2461 899 steterunt
2490 843 2607 911 hic,
2640 843 2740 899 sed
2771 843 3025 900 scientes
3057 859 3355 918 magnam
3417 842 3876 900 damnationes

2174 948 2301 986 esse
2344 931 2613 1002 jejunare
2658 932 2936 1002 Sabbata,
2985 932 3670 989 excommunicatione
3725 932 3876 986 valid

2175 1019 2361 1092 ligant
2392 1035 2459 1075 ex
2488 1020 2595 1076 hoc
2624 1020 2965 1089 Ecclesiam.
3000 1021 3154 1077 Dicit
3184 1021 3361 1077 enim
3398 1020 3472 1077 in
3511 1023 3867 1094 sexagesim

2175 1112 2381 1180 quarto
2413 1125 2633 1164 canone
2668 1124 2681 1164 :
2716 1132 2743 1158 «
2779 1109 2839 1164 Si
2870 1109 3004 1181 quis
3033 1109 3319 1166 inventus
3367 1109 3583 1166 fuerit
3636 1110 3871 1167 Domini

2175 1214 2307 1252 cum
2352 1197 2505 1252 diem
2552 1197 2845 1269 jejunare,
2880 1203 2981 1254 aut
3024 1198 3397 1267 Sabbatum,
3434 1202 3691 1272 praeter
3725 1216 3876 1254 unus

2174 1285 2386 1354 solum,
2420 1287 2779 1357 deponatur;
2812 1287 2859 1341 si
2893 1291 3092 1343 autem
3122 1286 3349 1359 laicus,
3385 1291 3867 1361 sequestretur.

2244 1374 2363 1429 XII.
2398 1374 2514 1429 Hoc
2545 1379 2740 1429 autem
2772 1379 3161 1448 exsequentes
3209 1381 3271 1433 et
3321 1376 3441 1449 qui
3487 1378 3559 1433 in
3598 1382 3791 1434 sexta
3822 1396 3873 1449 εξ·

2176 1463 2325 1519 nodo
2348 1463 2569 1534 Patres,
2588 1464 2996 1520 convenienter
3015 1464 3155 1521 huic
3178 1466 3267 1522 sic
3293 1467 3745 1539 promulgant
3776 1484 3871 1523 san

2175 1555 2285 1619 cte,
2318 1552 2659 1624 praesidente
2705 1554 2925 1625 synodo
2968 1552 3285 1626 Agathone
3338 1570 3521 1628 papa
3570 1555 3826 1623 Roma,
3852 1574 3876 1609 ε

2176 1640 2447 1711 Gregorio
2470 1657 2602 1695 cum
2625 1640 2709 1698 eis
2732 1641 3254 1714 Agrigentinorum
3288 1643 3609 1717 episcopo
3635 1661 3873 1717 praesen

2174 1732 2229 1783 te
2262 1745 2273 1784 :
2315 1750 2342 1777 «
2375 1728 2663 1794 Quoniam
2707 1729 2945 1802 quidem
2969 1731 3266 1788 discimus
3286 1748 3398 1788 eos
3424 1732 3542 1804 qui
3579 1733 3654 1788 in
3684 1733 3871 1789 Roma

2175 1833 2383 1872 norum
2407 1818 2551 1873 urbe
2572 1822 2731 1885 sunt,
2763 1818 2823 1873 in
2851 1823 3066 1875 sancta:
3089 1820 3611 1894 Quadragesimas
3638 1824 3876 1895 jejunii;

2174 1906 2373 1961 eadem
2395 1906 2646 1962 Sabbata
2663 1907 2937 1978 jejunare
2958 1910 3121 1965 extra
3142 1909 3443 1966 traditam
3467 1910 3596 1968 sibi
3614 1911 3872 1968 ecclesia

2178 1994 2383 2051 sticam
2402 1996 2909 2067 consequentiam:
2927 1996 3155 2069 placuit
3175 2002 3400 2054 sanctas
3418 2001 3681 2072 synodo
3700 2002 3872 2056 obser

2176 2100 2308 2139 vare
2321 2083 2718 2139 Romanorum
2737 2084 3059 2142 Ecclesiam
3073 2086 3454 2144 immobilem
3474 2105 3815 2145 canonem
3831 2091 3874 2144 di

2176 2174 2400 2227 centem
2427 2189 2439 2226 :
2471 2171 2530 2227 Si
2555 2172 2688 2243 quis
2709 2172 2957 2230 clericus
2979 2174 3157 2230 fuerit
3185 2174 3494 2242 inventus,
3526 2198 3561 2226 »
3588 2182 3662 2233 et
3685 2183 3876 2234 ceter.

2178 2276 2305 2331 quas
2324 2260 2530 2315 deinde
2553 2260 2776 2315 scribit.
2808 2261 2941 2317 Haec
2971 2261 3178 2335 igitur,
3206 2262 3357 2318 sicut
3391 2264 3710 2335 cernitis,
3758 2283 3876 2338 apo

2178 2348 2399 2403 stolicis
2424 2348 2940 2405 constitutionibus
2962 2355 3019 2406 et
3040 2350 3341 2407 canonicis
3357 2350 3668 2409 fidelium
3692 2354 3869 2409 Eccle

2180 2436 2325 2491 siam
2356 2436 2497 2509 ligat
2529 2454 2663 2493 cum
2681 2455 2834 2511 papa
2855 2437 3053 2494 Romae
3085 2439 3567 2512 Agathone.Vos
3592 2443 3777 2498 unde
3800 2442 3876 2497 alii

2177 2528 2265 2579 ter
2282 2528 2337 2581 et
2353 2542 2419 2579 ex
2442 2543 2557 2597 quo
2566 2526 2835 2597 jejunare
2861 2528 3119 2584 Sabbata
3139 2527 3513 2601 accepistis?
3533 2530 3876 2597 Quinetiam:

2178 2612 2527 2670 oblationem
2563 2616 2825 2686 perfecta“:
2858 2615 3055 2671 missae
3085 2632 3192 2688 per
3211 2633 3468 2673 omnem
3496 2618 3677 2675 diem
3702 2621 3876 2675 facere

2176 2700 2237 2755 in
2256 2703 2437 2757 sacris
2459 2702 2663 2759 diebus
2678 2704 3198 2775 jejuniorum,sive
3221 2705 3506 2762 Sabbato
3535 2707 3673 2764 sive
3696 2708 3876 2763 Domi

2179 2790 2306 2845 nico
2330 2790 2420 2845 die
2452 2807 2463 2844 :
2490 2793 2645 2847 unde
2666 2793 3085 2849 assuevistis?a
3105 2809 3223 2866 quo
3246 2794 3512 2851 doctore
3537 2796 3876 2869 accepistis)

2177 2880 2259 2934 Ex
2305 2879 2628 2952 apostolis?
2675 2880 3037 2938 nullatenus.
3088 2883 3363 2956 Apostoli
3421 2884 3605 2941 enim
3655 2901 3731 2941 ex
3783 2886 3876 2940 hoc

2178 2984 2421 3040 posuere
2448 2985 2731 3025 canonem
2764 2970 2848 3026 sic
2868 2970 3210 3043 loquentem
3233 2972 3361 3028 :«Si
3384 2974 3545 3046 quis
3568 2974 3876 3049 episcOpus

2180 3060 2281 3113 aut
2310 3058 2628 3130 presbyter,
2660 3059 2746 3114 vel
2799 3059 3085 3115 diaconus
3135 3063 3241 3116 aut
3266 3059 3475 3118 lector
3511 3068 3635 3120 aut
3664 3069 3871 3127 cantor,

2180 3149 2443 3201 sanctam
2473 3162 2587 3201 non
2613 3146 2967 3218 jejunaverit
2985 3148 3552 3221 Quadragesimam
3588 3158 3874 3225 quartam-

2183 3249 2295 3304 que
2323 3237 2380 3289 et
2409 3238 2631 3290 sextam
2671 3235 2895 3303 feriam,
2928 3236 3282 3307 deponatur,
3340 3237 3476 3295 nisi
3534 3239 3871 3298 inﬁmitate

429 3337 542 3395 que
560 3326 617 3377 et
636 3320 905 3376 instituta
933 3320 1331 3391 apostolorum
1366 3326 1816 3393 sanctorumque
1838 3321 2073 3375 Patrum
2104 3306 2147 3373 C
2184 3321 2440 3393 corporis
2472 3306 3294 3394 impediatur.»Ministrantes
3325 3341 3487 3399 ergo
3513 3334 3711 3403 atque
3731 3345 3871 3386 com-

429 3410 888 3482 transgrediens,
919 3412 976 3464 et
1006 3409 1169 3465 irrita
1199 3409 1397 3464 omnia
1426 3409 1581 3479 facit,
1616 3412 1681 3465 ut
1705 3409 1853 3464 ratio
1875 3412 2073 3464 nostra

432 3498 869 3555 demonstravit.
898 3498 1007 3553 Sed
1032 3498 1103 3554 de
1128 3514 1328 3570 azymo
1360 3498 1713 3555 sufficienter
1732 3498 1894 3554 vobis
1918 3498 2070 3569 quod

435 3587 794 3658 prohibitum
838 3586 913 3641 sit
953 3586 1025 3641 ab
1073 3586 1232 3641 omni
1260 3586 1557 3658 Scriptura
1584 3587 1779 3642 divina
1807 3587 2075 3642 demons-

435 3674 742 3731 travimus.

504 3762 597 3818 XI.
630 3763 750 3835 Age
778 3778 934 3817 nunc
965 3762 1063 3833 qui
1092 3766 1299 3818 cetera
1328 3763 1860 3819 demonstravimus
1879 3763 2065 3833 vobis,

432 3856 489 3909 et
515 3851 709 3909 subito
739 3850 1032 3907 memoriae
1065 3854 1406 3924 suggestum
1439 3856 1526 3907 est
1553 3852 1717 3907 vobis
1751 3852 1821 3907 de
1843 3853 2070 3923 jejunio

428 3938 1164 4011 Sabbatoruum,quoniam
1194 3939 1492 3995 insultatis
1520 3941 1723 3997 nobis:
1749 3941 1903 3995 unde
1916 3942 2071 4012 jeju-

430 4045 568 4084 nare
586 4029 861 4096 Sabbata,
895 4043 964 4082 ex
1001 4043 1117 4099 qua
1146 4032 1348 4083 sancta
1386 4029 1685 4100 Scriptura
1725 4030 2071 4100 accepistis?

426 4116 516 4173 Ab
547 4115 868 4188 apostolis?
888 4116 1289 4187 Nequaquam.
1312 4116 1724 4187 Apostolorum
1746 4117 1987 4174 vertices
2008 4117 2067 4172 in

430 4204 636 4277 quinto
661 4202 899 4274 quidem
928 4202 1077 4257 libro
1109 4203 1559 4273 ordinationum,
1595 4205 1695 4277 qui
1742 4205 1813 4260 de
1854 4210 2069 4278 marty-

429 4292 593 4348 ribus
621 4290 980 4358 inscribitur,
1005 4291 1175 4361 juxta
1204 4291 1558 4348 Clementem
1583 4310 1596 4348 :
1622 4315 1649 4341 ‹‹
1676 4295 1953 4359 Quartam
1986 4294 2066 4349 fe-

428 4381 576 4437 riam
607 4383 665 4437 et
691 4383 913 4436 sextam
943 4380 1214 4451 praecepit
1244 4380 1413 4435 nobis
1453 4382 1721 4453 jejunare
1758 4381 2064 4439 Dominus.

426 4469 613 4526 Unam
661 4468 899 4539 quidem
942 4472 1176 4539 propter
1224 4467 1618 4537 traditionem,
1648 4469 1889 4525 alteram
1935 4487 2066 4542 pro-

424 4563 554 4632 pter
581 4557 936 4631 passionem.
971 4557 1171 4629 Ipsum
1202 4561 1398 4613 autem
1430 4557 1750 4613 Sabbatum
1788 4574 1905 4613 non
1943 4563 2067 4614 tra-

2184 3408 2408 3481 plentes
2430 3411 2921 3468 ministrationem
2946 3416 3160 3470 sanctas
3182 3413 3395 3471 missa
3432 3432 3633 3476 secus
3653 3419 3871 3476 tertiam

2181 3497 2385 3553 horam
2410 3498 2545 3566 diei,
2578 3497 2637 3553 in
2674 3515 2793 3571 qua
2821 3505 2879 3557 et
2905 3500 3359 3574 promulgatum
3395 3509 3504 3560 est
3540 3507 3755 3564 oﬂ'erri
3797 3524 3871 3563 sa-

2181 3584 2487 3649 criﬁcium,
2519 3588 2813 3657 quomodo
2829 3588 3123 3659 jejunium
3149 3605 3347 3661 usque
3386 3592 3473 3647 ad
3516 3592 3751 3652 horam
3779 3594 3872 3649 diei

2180 3690 2396 3729 nonam
2427 3674 2745 3731 observatis
2768 3679 2789 3731 P
2818 3676 3109 3734 solventes
3131 3676 3255 3733 haec
3279 3678 3344 3733 in
3367 3682 3675 3755 tempore
3716 3682 3870 3740 mini-

2180 3762 2477 3818 strationis
2508 3763 2741 3820 misse?
2771 3765 3248 3839 Nequaquam.8i
3273 3770 3499 3826 autem
3527 3771 3656 3829 hoc
3680 3773 3870 3847 impos

2180 3848 2349 3905 sibile
2378 3856 2487 3918 est,
2517 3851 2926 3910 maledictione
2955 3853 3311 3927 plectimini.

2248 3937 2393 3994 XIII.
2427 3939 2534 4003 Qui
2565 3940 2623 3995 in
2654 3943 2963 4014 Gangreno
2991 3943 3151 3999 fuere
3180 3943 3395 4001 Patres
3430 3949 3725 4006 concilio
3767 3966 3870 4021 cap.

2181 4027 2248 4080 19
2279 4025 2419 4081 talia
2446 4029 2697 4083 etI‘antur
2729 4046 2742 4084 :
2771 4053 2799 4080 «
2830 4030 2889 4085 Si
2920 4030 3055 4103 quis
3086 4031 3471 4091 continentia
3502 4036 3657 4093 sine
3688 4054 3868 4110 corpe

2178 4113 2285 4170 rali
2314 4117 2664 4172 necessitate
2684 4117 2872 4174 elatus
2899 4119 3162 4187 fuerit,et
3179 4121 3533 4180 constituta
3547 4124 3578 4196 j
3589 4126 3807 4197 ejunia
3834 4126 3868 4179 ir

2178 4217 2488 4258 commune
2512 4209 2569 4259 et
2589 4204 2888 4262 observata
2916 4207 2988 4262 ab
3020 4206 3282 4264 Ecclesia
3303 4208 3710 4285 dissolverit,
3748 4232 3868 4288 pra-

2177 4291 2462 4347 sumendo
2493 4292 2604 4348 sibi
2631 4294 2947 4365 perfectam
2978 4295 3291 4367 rationem,
3327 4299 3693 4359 anathema
3735 4305 3826 4360 sit.
3856 4326 3867 4349 ε

2177 4377 2457 4434 Similiter
2485 4384 2685 4438 Patres
2736 4382 2837 4455 qui
2884 4383 2945 4438 in
2997 4384 3349 4442 Laodicensi
3382 4387 3570 4445 tuere
3605 4392 3866 4449 concilio.

2176 4468 2499 4524 secundum
2519 4470 3078 4543 quinquagesimum
3094 4489 3385 4529 canonem
3411 4475 3501 4530 sit
3524 4478 3715 4536 eﬂ'ati
3733 4485 3866 4537 sunt;

2180 4575 2208 4608 α
2229 4555 2376 4623 Quia
2395 4574 2511 4612 non
2538 4563 2764 4630 oportet
2783 4558 2843 4614 in
2867 4560 3336 4633 Quadragesima
3369 4569 3758 4638 martyrum
3788 4585 3866 4624 na-

426 4648 574 4704 didit
618 4647 786 4703 nobis
826 4647 1116 4718 jejunare,
1149 4646 1427 4717 quoniam
1476 4664 1590 4702 non
1641 4651 1885 4719 Oportet,
1936 4665 2066 4719 pro-
2093 4670 2142 4734 D
2174 4643 2362 4699 talitia
2386 4644 2694 4714 celebrare,
2710 4648 2810 4702 sed
2834 4653 3176 4705 sanctorum
3207 4657 3866 4714 commemorationem

423 4741 552 4810 pter
578 4736 723 4793 illud
754 4736 1039 4803 solum,in
1072 4750 1187 4807 quo
1217 4736 1450 4791 Creator
1478 4736 1739 4791 omnium
1773 4737 1882 4792 sub
1913 4741 2065 4792 terra
2094 4731 2131 4734 ”
2173 4731 2359 4788 facere
2387 4732 2448 4787 in
2478 4733 2750 4790 Sabbatis
2784 4739 2842 4791 et
2870 4736 3195 4794 Dominicis
3227 4737 3468 4794 diebus.
3512 4764 3545 4790 n
3582 4744 3669 4799 Et
3715 4748 3863 4818 juxta

422 4823 551 4880 fuit.
577 4846 606 4876 »
641 4825 819 4891 Unde,
842 4825 1012 4894 juxta
1032 4822 1249 4878 calcem
1279 4824 1541 4893 ejusdem
1565 4824 1718 4892 libri,
1737 4823 1950 4880 iterum
1979 4826 2063 4882 sic

423 4910 683 4980 loquitur
714 4927 766 4965 :«
796 4912 979 4967 Omne
1009 4911 1244 4982 quidem
1277 4912 1595 4967 Sabbatum
1619 4917 1674 4969 et
1694 4930 1928 4969 omnem
1959 4915 2066 4971 Do-

423 4997 708 5053 minicum
739 4997 1148 5054 celebrandum
1170 5015 1297 5054 esse
1318 4999 1589 5055 dicimus.
1624 5002 1885 5058 Gaudere
1907 5003 2064 5061 enim

423 5088 650 5157 oportet
676 5085 736 5138 in
766 5085 858 5139 his
889 5090 945 5141 et
974 5103 1089 5141 non
1113 5086 1330 5159 lugere.
1362 5106 1389 5138 ι)
1425 5088 1680 5158 Septimo
1719 5089 1955 5160 quidem
1988 5092 2063 5147 li-

419 5174 525 5230 bro
537 5187 737 5229 earum
750 5174 1235 5228 constitutionum
1249 5175 1273 5244 j
1286 5178 1422 5229 uxta
1433 5174 1772 5231 vicesimum
1790 5183 2062 5248 quartum

419 5267 595 5337 caput
624 5262 733 5318 hoc
762 5261 1037 5332 inquiunt
1071 5278 1083 5316 :
1110 5285 1136 5310 «
1164 5262 1484 5317 Sabbatum
1520 5281 1770 5335 namque
1792 5270 1848 5320 et
1872 5267 2062 5323 Domi-

417 5353 618 5409 nicum
639 5350 1022 5417 celebramus,
1039 5350 1177 5421 quia
1196 5347 1341 5404 illud
1365 5350 1603 5421 quidem
1626 5352 1831 5408 divinae
1855 5372 2059 5426 opera-

418 5441 595 5498 tionis
624 5444 715 5498 est
749 5438 1059 5507 memoria;
1093 5437 1186 5492 hic
1217 5454 1349 5493 vero
1383 5440 1840 5497 resurrectionis.
1866 5443 2059 5501 Unum

418 5546 550 5585 vero
564 5534 792 5586 tantum
815 5530 1137 5585 Sabbatum
1157 5525 1603 5584 custodiendum
1627 5536 1715 5586 est
1739 5531 1794 5585 in
1818 5536 1936 5588 toto
1960 5550 2058 5588 an-

422 5632 497 5669 no
527 5618 833 5686 sepulturae
855 5617 1106 5684 Domini,
1125 5615 1520 5686 quojejunare
1545 5623 1788 5690 oportet.
1815 5622 2055 5685 Quando

423 5700 579 5758 enim
599 5701 861 5762 Christus
882 5706 941 5761 in
963 5702 1231 5777 sepulcro
1253 5703 1458 5773 jacuit,
1482 5704 1748 5778 discipuli
1776 5709 2055 5778 potentio-

2171 4821 2687 4895 quadragesimum
2714 4828 2983 4881 octavum
3007 4840 3295 4882 canonem
3324 4826 3474 4884 item
3505 4829 3710 4889 aiunt
3743 4835 3864 4909 ipsi:

2177 4932 2205 4960 ››
2238 4910 2399 4975 Quod
2429 4927 2543 4968 non
2573 4912 2736 4969 decet
2766 4913 2825 4968 in
2856 4914 3324 4988 Quadragesima
3355 4932 3598 4988 panem
3634 4925 3864 4992 oﬂ‘errc,

2176 4999 2289 5055 nisi
2321 5000 2377 5055 in
2410 5000 2665 5057 Sabbato
2696 5004 2754 5057 et
2780 5002 3085 5060 Dominico
3116 5003 3261 5060 solo.
3301 5026 3330 5052 »

2244 5088 2383 5143 XIV.
2416 5089 2485 5144 Et
2514 5088 2613 5160 qui
2645 5089 2704 5145 in
2734 5096 2893 5148 sexto
2925 5091 3242 5149 universali
3273 5092 3542 5152 concilio
3580 5114 3862 5161 convene-

2172 5182 2309 5233 runt
2334 5178 2531 5234 Patres
2555 5178 2827 5235 similiter
2838 5180 3013 5251 juxta
3035 5181 3640 5255 quinquagesimum
3668 5207 3862 5250 secun-

2172 5267 2309 5321 dum
2342 5283 2625 5323 canonem
2648 5268 2919 5323 sanciunt
2948 5285 3085 5325 cum
3119 5270 3518 5329 sanctissimo
3545 5277 3860 5350 Agathone

2169 5373 2321 5427 papa
2348 5355 2574 5411 dicente
2604 5356 2688 5411 sic
2721 5371 2733 5412 :
2767 5378 2794 5405 ‹‹
2826 5355 2890 5411 In
2914 5358 3191 5416 omnibus
3232 5360 3464 5417 sanctis
3500 5363 3857 5444 Quadrage-

2169 5444 2329 5499 simas
2350 5442 2713 5515 jejuniorum
2740 5443 2971 5515 diebus,
3007 5446 3133 5502 sine
3162 5447 3429 5504 Sabbato
3453 5454 3520 5506 et
3543 5442 3855 5517 Dominico

2168 5533 2282 5599 dic,
2315 5538 2370 5588 et
2400 5532 2528 5587 sine
2560 5536 2761 5589 sancto
2791 5535 3279 5592 Annuntiationis
3312 5536 3560 5607 die,ﬁat
3584 5547 3852 5607 missae:

2167 5621 2685 5678 antesanctiﬁcatis
2712 5620 3176 5681 oblationibus.»
3199 5625 3292 5682 Sic
3311 5642 3458 5699 ergo
3483 5634 3851 5709 accipientes

2166 5726 2271 5766 nos
2309 5711 2556 5767 Sabbato
2612 5713 2668 5766 et
2716 5709 3021 5771 Dominica
3071 5714 3187 5783 die,
3236 5730 3415 5774 secus
3448 5719 3734 5787 tertiam
3766 5730 3850 5787 diei
