3898 6450
335 385 449 456 97H

1269 395 1330 455 S.
1381 391 1778 456 BRUNONIS
1825 389 2443 454 HERBIPOLENSIS
2486 389 2861 454 EPISCOPI.

3633 389 3738 459 232

334 517 536 586 salvus
585 531 687 586 ﬁat
739 531 995 594 dextera,
1030 529 1169 601 quia
1199 528 1256 584 in
1295 527 1424 600 ipsa
1482 531 1646 601 parte
1695 526 1989 586 statuendi
2018 528 2071 595 Α
2104 528 2163 583 11
2244 527 2435 583 Nonne
2459 533 2538 594 tu,
2571 527 2731 595 Deus,
2763 526 2865 599 qui
2889 523 3144 597 repuliin
3170 541 3267 582 nos
3297 543 3318 581 :

339 626 500 690 sunt,
527 619 630 692 qui
659 622 943 692 perpetua
969 617 1243 675 felicitate
1271 619 1630 692 gaudebunt.

372 712 409 764 ὁ
484 711 625 765 Deus
655 709 864 764 locutus
892 716 972 764 est
1002 709 1062 764 in
1088 716 1268 765 sancto
1297 725 1395 765 suo
1424 725 1443 762 :
1475 707 1706 766 laetabor
1733 716 1785 764 et
1808 709 1986 780 parti-

357 785 364 791 ’
554 797 650 854 bor
675 799 961 854 Sichiman
991 815 1012 854 .-

483 893 548 944 Et
573 888 871 943 convallem
899 887 1375 944 tabernaculorum
1399 888 1652 942 metibor.

409 976 450 1032 C
483 977 736 1033 Locutus
757 981 847 1032 est
866 977 1035 1032 Pater
1063 975 1120 1031 in
1149 974 1312 1042 Filio,
1337 975 1559 1032 scilicet
1589 973 1985 1048 evangelicam

333 1064 660 1133 veritatem,
681 1081 784 1138 per
803 1081 980 1137 quam
1000 1064 1159 1120 venit
1192 1063 1513 1137 redemptio
1553 1063 1836 1120 ﬁdelium.
1861 1064 1986 1120 Lae-

336 1155 523 1210 tabor.
545 1154 711 1210 Juste
739 1153 1040 1210 laetabatur
1081 1153 1355 1228 populus,
1389 1154 1482 1210 cui
1512 1169 1793 1226 prospera
1819 1151 1986 1210 locu-

336 1248 433 1299 tus
461 1247 550 1299 est
568 1243 871 1299 Dominus.
895 1242 942 1298 Η
971 1242 1645 1314 Sichimam,Samariam
1668 1241 1982 1315 signiﬁcat,

333 1333 537 1388 dividit
565 1332 829 1390 Christus
869 1332 1213 1398 Sichimam,
1237 1349 1371 1387 cum
1423 1331 1598 1387 aliam
1647 1338 1875 1404 partem
1909 1332 1978 1387 ad

331 1422 770 1490 beatitudinem,
801 1421 977 1477 aliam
1007 1438 1143 1476 cum
1184 1419 1520 1476 inﬁdelibus
1552 1420 1734 1492 ponit.
1758 1420 1800 1476 C
1832 1421 1980 1477 Con-

329 1511 536 1568 vallem
558 1511 1071 1568 tabernaculorum
1090 1508 1522 1576 metiebatur,id
1541 1510 1983 1576 est,de.ludaica

327 1600 666 1656 collectione
693 1599 868 1656 habet
901 1617 1013 1654 non
1062 1599 1368 1654 minimam
1419 1598 1744 1672 portionem
1776 1600 1834 1654 in
1870 1601 1982 1656 ﬁde

328 1688 632 1745 catholica.
661 1688 950 1744 Couvallis
981 1687 1157 1754 dicta,
1189 1687 1359 1760 quasi
1389 1693 1592 1745 cavata
1619 1688 1809 1744 vallis.

360 1780 394 1832 7
468 1777 615 1833 Heus
643 1786 719 1833 est
750 1777 955 1834 Galaad
981 1781 1032 1834 et
1059 1793 1212 1833 meus
1237 1786 1313 1834 est
1341 1778 1612 1834 Manasscs
1639 1797 1658 1834 :

471 1868 536 1922 Et
558 1866 823 1939 Ephraim
851 1865 1110 1937 fortitudo
1139 1867 1336 1938 capitis
1363 1869 1490 1922 mei.

2240 620 2308 672 Et
2332 633 2443 673 non
2469 617 2767 686 egredieris
2796 619 2942 672 Deus
2967 616 3027 670 in
3057 616 3353 670 virtutibus
3379 616 3624 671 nostris?

2167 707 2209 762 C
2240 707 2514 770 Dicenda.
2540 723 2732 762 nonne
2777 710 2863 774 tu,
2896 705 3073 774 Deus,
3096 703 3371 772 ostendit,
3393 705 3466 761 de
3507 720 3618 776 quo
3643 717 3730 764 Su-

2096 795 2295 869 perius
2325 796 2577 864 dicebat,
2609 794 2803 852 solum
2848 811 2977 852 esse
3022 810 3159 851 eum
3198 793 3300 868 qui
3329 793 3654 859 deduceret,
3680 796 3732 849 et

2096 884 2262 941 illum
2281 885 2471 942 solum
2486 886 2816 942 Creatorem
2833 884 3046 941 debere
3067 883 3235 940 nobis
3255 899 3382 940 esse
3404 883 3724 958 propitium.

2093 974 2245 1031 Dicit
2275 973 2610 1048 autem,qui
2641 973 2907 1046 repulisti
2939 989 3064 1040 nos,
3091 972 3150 1028 id
3180 978 3272 1028 est
3301 989 3336 1028 a
3362 971 3520 1028 malo
3549 973 3727 1046 prohi-

2095 1063 2298 1132 buisti,
2331 1081 2403 1120 ne
2443 1064 2502 1119 in
2537 1066 2737 1120 nostra
2763 1061 3060 1120 voluntate
3087 1077 3457 1118 versaremur
3495 1063 3724 1120 erronei.

2093 1154 2218 1210 Non
2251 1155 2584 1228 egredietur
2609 1157 2764 1210 Deus
2809 1151 2870 1208 in
2911 1150 3231 1208 virtutibus
3276 1149 3512 1219 nostris,
3545 1151 3601 1207 id
3625 1157 3724 1226 est,

2093 1259 2227 1299 cum
2259 1243 2341 1298 ita
2368 1259 2477 1299 nos
2524 1243 2686 1298 intus
2715 1241 2772 1296 in
2806 1240 3078 1314 praesenti
3125 1238 3338 1296 saaculo
3363 1239 3637 1298 defendas
3661 1242 3726 1298 ab

2091 1332 2441 1389 adversariis
2496 1331 2734 1398 nostris,
2770 1335 2836 1387 ut
2889 1334 3085 1386 tamen
3142 1329 3285 1386 t‘oris
3339 1345 3448 1385 nos
3500 1329 3726 1389 diversis

2091 1421 2512 1479 afﬂictionibus
2544 1422 2616 1478 ad
2663 1419 3064 1493 probationem
3099 1423 3360 1475 nostram
3388 1419 3724 1492 afﬂigamur,

2089 1513 2384 1568 aestimant
2415 1509 2659 1578 inimici,
2684 1510 2840 1582 quod
2872 1526 2988 1565 non
3009 1507 3328 1581 egrediaris
3349 1508 3406 1564 in
3428 1509 3728 1572 virtutibus

2090 1600 2614 1673 nostris,quamvis
2643 1599 2701 1655 in
2734 1602 2928 1654 mente
2961 1613 3067 1653 nos
3089 1598 3348 1653 virtuose
3377 1602 3659 1671 protegas.

2090 1693 2157 1746 l2
2230 1691 2310 1746 Da
2339 1690 2495 1747 nobis
2521 1689 2805 1746 auxilium
2833 1687 2898 1743 de
2923 1687 3281 1744 tribulatione
3309 1705 3330 1742 :
3571 1685 3580 1694 ’

2231 1784 2298 1836 Et
2326 1797 2466 1835 vana
2495 1780 2646 1835 salus
2675 1779 2935 1835 hominis.

2005 1903 2053 1970 Β
2155 1868 2199 1925 C
2229 1869 2368 1970 Orat
2399 1867 2673 1968 Ecclesia,
2699 1873 2762 1968 ut
2789 1867 2859 1970 de
2903 1865 3479 1970 tribulationeuistius
3508 1869 3722 1968 mundi,

395 1956 437 2012 C
461 1954 677 2012 Galaad
711 1955 1124 2028 interpretatur
1151 1972 1392 2012 acervus
1421 1955 1974 2013 testimonii.'l‘estes
2005 1954 2052 1970 ³¹
2085 1975 2262 2032 quam
2299 1957 2526 2031 jugiter
2569 1957 2920 2023 sustinebat,
2961 1955 3192 2012 Domini
3239 1955 3352 2012 sibi
3402 1957 3723 2028 praeveniret

323 2045 482 2100 enim
512 2045 703 2101 Graece
735 2048 1020 2116 martyres
1047 2043 1346 2100 dicuntur.
1379 2046 1632 2100 Acervus
1672 2043 1782 2100 iste
1809 2044 1974 2101 testi-

323 2133 504 2190 monii
536 2149 809 2207 magnam
836 2150 966 2190 esse
991 2131 1281 2206 signiﬁcat
1311 2137 1634 2207 martyrum
1661 2149 1973 2207 congrega-

319 2224 560 2280 tionem.
585 2224 885 2280 Manasses
916 2223 1331 2296 interpretatur
1356 2224 1576 2290 oblitus,
1607 2223 1814 2279 merito
1834 2241 1972 2297 ergo

320 2313 509 2370 ﬁdelis
539 2313 791 2388 populus
822 2313 960 2370 dicit
1012 2313 1171 2370 illam
1203 2312 1554 2369 oblivionem
1597 2329 1766 2368 suam
1817 2330 1967 2382 esse,

317 2421 442 2476 qua:
472 2409 593 2460 erat
623 2405 691 2460 de
723 2401 1036 2460 abolitione
1074 2402 1362 2460 scelerum
1389 2407 1657 2459 ventura.
1689 2402 1967 2474 Ephraim

311 2495 664 2566 fructiﬁratio
694 2493 932 2558 dicitur,
965 2508 1090 2564 quae
1137 2496 1228 2547 est
1277 2491 1558 2548 fortitudo
1588 2492 1798 2565 capitis
1830 2493 1966 2561 mei,

313 2583 372 2638 id
403 2588 492 2639 est
519 2582 806 2638 Dominus
843 2579 1131 2648 Salvator,
1154 2579 1255 2652 qui
1294 2579 1465 2636 nobis
1495 2581 1743 2637 contulit
1771 2584 1964 2657 copio-

315 2670 621 2727 sissimum
643 2669 901 2724 fructum
925 2669 984 2724 in
1005 2668 1280 2740 passione
1301 2673 1358 2724 et
1379 2671 1969 2746 resurrectione.quia

315 2759 432 2817 nisi
461 2775 710 2834 granum
735 2757 1034 2824 frumenti,
1057 2760 1191 2824 etc.,
1213 2773 1400 2828 usque
1431 2757 1684 2814 multum
1709 2760 1963 2818 fructum

317 2850 480 2906 atl'ert
500 2849 675 2921 (Joan.
703 2847 825 2918 xu).
847 2846 895 2900 Η
927 2844 1206 2902 Universa
1233 2845 1354 2901 haec
1390 2845 1462 2902 de
1499 2847 1765 2918 gentium
1796 2866 1964 2907 voea-

314 2937 470 2993 tione
494 2936 791 3004 dicuntur,
815 2950 1065 3008 quarum
1087 2933 1326 2991 diversa:
1355 2934 1603 2992 virtutes
1629 2937 1742 2993 sub
1765 2939 1964 3012 singu-

313 3025 500 3082 lorum
533 3024 840 3082 nominum
869 3023 1346 3095 interpretatione
1378 3023 1770 3099 intelligendas
1797 3035 1957 3087 sunt.

341 3119 376 3172 8
447 3115 606 3182 Iuda,
638 3132 738 3172 rex
768 3130 923 3170 meus
947 3132 966 3170 :

444 3205 614 3273 Moab,
647 3205 759 3262 olla
785 3205 902 3278 spei
931 3219 1086 3262 mese.

373 3296 414 3351 C
440 3294 592 3353 Juda
635 3295 917 3352 Christum
963 3292 1276 3366 signiﬁcat,
1299 3300 1356 3351 et
1384 3313 1519 3352 cum
1570 3297 1921 3355 exsultation

302 3385 616 3443 dicendum
647 3389 737 3442 est
769 3401 782 3440 :
815 3383 987 3451 Juda,
1020 3399 1120 3438 rex
1168 3399 1356 3453 meus,
1379 3385 1658 3458 quoniam
1708 3387 1829 3444 haec
1868 3393 1958 3446 est

303 3474 565 3530 ﬁdelium
598 3471 852 3546 gloriosa
881 3472 1189 3528 confessio.
1223 3473 1392 3530 Moab
1423 3491 1526 3546 pro
1555 3477 1832 3549 gentibus
1861 3495 1958 3551 po-

303 3563 480 3631 nitur,
505 3563 664 3618 unde
701 3561 1168 3634 congregandam
1221 3564 1564 3636 praedicebat
1610 3565 1950 3623 Ecclesium.

301 3652 409 3708 Per
437 3650 614 3706 ollam
649 3650 791 3722 spei,
825 3647 1122 3704 tribulatio
1153 3649 1732 3726 signiﬁcatur,quam
1763 3655 1822 3710 in
1845 3655 1955 3713 hoc

301 3738 512 3797 saeculo
543 3737 728 3796 sancti
759 3738 1071 3805 sustinent,
1100 3755 1224 3810 qua:
1257 3740 1326 3796 ad
1374 3759 1538 3814 spem
1566 3743 1694 3798 vitae
1724 3749 1952 3800 mtcrnae

301 3828 550 3885 Domino
580 3832 908 3900 praestante,
941 3827 1275 3901 porrigitur,
1293 3833 1358 3885 ut
1395 3831 1614 3890 Paulus
1643 3833 1726 3890 ait
1759 3850 1773 3890 :
1806 3835 1953 3907 Spes

299 3922 493 3975 autem
529 3934 645 3974 non
676 3917 981 3974 confundit
1010 3918 1184 3988 (Rom.
1205 3918 1282 3990 v).
1305 3919 1434 3976 Olla
1451 3938 1585 3977 vero
1617 3921 1710 3978 hic
1741 3923 1802 3978 in
1833 3940 1954 3979 ma-

297 4006 415 4063 lam
446 4011 672 4081 partem
703 4005 962 4080 ponitur,
985 4023 1051 4063 eo
1081 4007 1235 4079 quod
1269 4008 1329 4062 in
1375 4025 1550 4066 sensu
1583 4027 1760 4082 pravo
1793 4011 1953 4069 velut

295 4097 453 4154 unda
481 4096 834 4154 decoctionis
865 4101 1162 4166 exaestuat,
1190 4098 1292 4154 sed
1323 4099 1582 4156 decoctis
1607 4102 1864 4173 peccatis
1895 4107 1953 4159 et

291 4185 515 4243 exustis
543 4190 910 4243 convertetur
938 4186 1183 4261 nigredo
1213 4186 1362 4244 ollae.

326 4276 362 4329 9
430 4277 495 4332 In
523 4276 823 4334 [dammam
852 4276 1142 4332 extendam
1166 4278 1597 4336 calceamentum
1624 4297 1805 4337 meum
1837 4300 1857 4337 :

432 4365 568 4421 Mihi
592 4366 927 4436 alienigenae
954 4366 1164 4423 subditi
1187 4375 1337 4424 sunt.

357 4453 406 4510 Η
438 4454 696 4511 Idumaaa
717 4456 1138 4528 interpretatur
1163 4459 1471 4526 sanguinea
1503 4457 1589 4514 vel
1619 4467 1857 4526 terrena,
1879 4476 1946 4516 ac

287 4545 334 4600 si
367 4543 560 4601 dicat:
587 4543 647 4600 In
679 4545 823 4602 istos
853 4545 1003 4602 tales
1035 4546 1346 4602 extendam
1378 4547 1863 4618 calceamentum,
1887 4549 1944 4604 id

2083 2047 2391 2116 auxilium,
2414 2047 2606 2103 sciens
2628 2050 2791 2102 tanto
2821 2044 2940 2101 illic
2968 2043 3222 2118 amplius
3254 2061 3725 2120 unumquemque

2081 2136 2506 2193 consolandum
2529 2139 2749 2208 quanto
2779 2133 2876 2190 hic
2901 2151 3005 2208 pro
3026 2135 3154 2206 ejus
3185 2134 3422 2192 nomine
3451 2134 3624 2191 fuerit
3644 2152 3726 2192 ve-

2080 2227 2384 2284 hementer
2413 2225 2687 2282 afﬂictus.
2711 2225 2781 2281 Et
2808 2241 2956 2281 vana
2985 2223 3148 2280 salus
3179 2223 3456 2292 hominis,
3480 2224 3723 2282 salutem

2079 2319 2355 2388 praestare
2385 2331 2500 2371 non
2534 2319 2726 2387 potest
2756 2312 2978 2370 homini
3013 2313 3122 2369 nisi
3168 2313 3330 2370 solus
3372 2318 3544 2382 Deus,
3579 2316 3725 2372 ideo-

2077 2421 2192 2477 que
2225 2421 2460 2478 sperarc
2491 2421 2605 2460 non
2637 2405 2810 2461 debet
2837 2402 3013 2460 homo
3042 2402 3102 2458 in
3133 2401 3454 2460 hominem.

2079 2495 2146 2550 13
2219 2499 2289 2553 In
2322 2499 2435 2550 Deo
2462 2496 2727 2565 faciemus
2755 2493 3014 2554 virtutem
3045 2510 3066 2549 :

2218 2586 2284 2640 Et
2311 2585 2426 2656 ipse
2453 2582 2523 2638 ad
2548 2583 2790 2638 nihilum
2818 2581 3040 2638 deducet
3067 2581 3393 2638 tributantes
3422 2598 3544 2640 nos.

2146 2673 2188 2729 C
2219 2673 2348 2748 Ipse
2388 2673 2448 2728 in
2492 2671 2609 2728 Deo
2667 2670 2839 2728 faciet
2893 2669 3313 2744 virtutem,qui
3345 2671 3402 2726 in
3434 2671 3724 2733 mandatis

2075 2763 2204 2834 ejus
2253 2761 2478 2836 jugiter
2532 2777 2932 2834 perseverans,
2992 2759 3313 2816 diabolicae
3373 2762 3724 2820 tentationes

2072 2851 2304 2909 Christo
2353 2851 2672 2907 miserante
2709 2848 3036 2906 calcaverit.
3065 2849 3151 2905 Ad
3209 2847 3458 2906 nihilum
3509 2851 3724 2925 quippe

2071 2941 2340 3014 perducit
2377 2939 2650 2997 inimicos
2693 2937 2978 3007 ﬁdelium,
3001 2937 3281 3012 quoniam
3313 2937 3466 2996 delet
3511 2955 3614 2996 eos
3656 2941 3723 2997 de

2069 3029 2220 3087 libro
2247 3029 2591 3096 viventium,
2614 3027 2716 3084 ubi
2745 3027 2857 3084 sibi
2887 3027 3236 3085 videbantur
3262 3027 3462 3100 scripti
3491 3027 3650 3087 elati.

2569 3151 2772 3192 ORATIO
2810 3151 2882 3190 EX
2920 3149 3076 3190 PSAL.
3121 3152 3232 3190 LIX.

1925 3316 1956 3356 θ
1987 3277 2030 3344 C
2138 3243 2605 3302 Clementissime
2626 3241 2888 3310 Domine,
2912 3241 3072 3299 salva
3091 3240 3416 3316 supplicem
3437 3241 3722 3317 populum

2072 3333 2279 3356 ____:I:_
2317 3333 2555 3356 .I__L-_..
2581 3337 2691 3356 1--..
2742 3336 2792 3356 ,Α
2828 3332 2963 3356 JH...
2990 3332 3058 3356 ...Ι
3085 3332 3335 3356 λη--Δ..-...
3364 3332 3496 3356 μ--ε
3534 3334 3721 3356 --Α-2-

2068 3333 2284 3391 auxilio
2313 3333 2558 3389 dexterae
2581 3337 2715 3398 tuae,
2739 3336 2796 3388 et
2825 3332 2967 3388 dum
2989 3332 3061 3387 ad
3085 3332 3338 3388 fructum
3363 3332 3496 3388 boni
3529 3334 3723 3406 operis

2063 3423 2124 3478 in
2176 3421 2660 3479 tribulationibus
2709 3422 3079 3489 excrcitatur,
3104 3425 3206 3476 tua
3257 3436 3490 3493 semper
3537 3421 3726 3494 gratia

2064 3511 2418 3569 consoletur.
2443 3512 2551 3568 Per
2572 3511 2888 3567 Dominum
2913 3515 3180 3567 nostrum
3201 3509 3406 3566 Jesum
3423 3509 3725 3566 Christum

2065 3601 2277 3658 Filium
2309 3605 2502 3668 tuum,
2525 3606 2636 3657 etc.

2644 3725 2977 3782 PSALMUS
3027 3725 3138 3781 LX.

2523 3832 2879 3872 ARGUMENTU
2887 3832 2930 3870 M
2970 3831 3129 3872 PSAL.
3175 3831 3262 3870 LX.

2131 3924 2173 3981 C
2203 3924 2326 3980 Vox
2355 3922 2624 3980 Ecclesiae
2672 3922 2950 3996 patentis,
2983 3926 3048 3977 ut
3079 3922 3189 3978 sub
3237 3920 3465 3977 alarum
3497 3921 3719 3978 Christi

2059 4013 2346 4070 velamine
2376 4015 2736 4086 protegatur.

2403 4101 2520 4158 TT.
2552 4101 2615 4156 In
2641 4103 2812 4173 ﬁnem
2839 4101 2900 4156 in
2925 4101 3146 4172 hymnis
3173 4099 3368 4156 David.

2126 4192 2168 4248 C
2198 4189 2262 4248 In
2296 4191 2494 4258 ﬁnem,
2519 4190 2820 4246 Christum
2850 4188 3171 4263 signiﬁcari
3202 4189 3331 4260 jam
3361 4191 3573 4244 notum
3607 4191 3721 4244 est.

2057 4280 2120 4336 In
2143 4279 2380 4353 hymnis
2401 4281 2664 4337 Graecum
2684 4277 3033 4334 vocabulum
3049 4281 3160 4347 est,
3183 4277 3726 4350 interpretaturque

2056 4371 2119 4424 in
2149 4369 2427 4436 laudibus,
2461 4368 2600 4442 quia
2647 4372 2806 4424 totus
2861 4366 3132 4425 Psalmus
3161 4366 3378 4424 Christi
3425 4365 3729 4438 praeconia

2055 4463 2350 4534 personat.
2383 4458 2563 4515 David
2595 4462 2794 4514 autem
2841 4457 3035 4529 ipsum
3067 4455 3365 4512 Christum
3397 4453 3726 4526 signiﬁcat,

2055 4550 2228 4622 cujus
2260 4548 2495 4604 laudem
2527 4547 2797 4603 decantat
2826 4545 3078 4620 populus
3107 4544 3496 4602 Christianus.

285 4638 373 4690 est
401 4634 871 4706 praedicationem
905 4633 1222 4708 Evangelii.
1255 4633 1397 4690 Mihi
1437 4633 1775 4708 alienigenae
1805 4637 1942 4694 sub-
1975 4652 2022 4718 Ι)
2089 4639 2113 4692 1
2193 4636 2416 4694 Exaudi
2445 4641 2591 4693 Deus
2619 4638 3052 4709 deprecationem
3078 4650 3256 4692 meam
3285 4653 3304 4690 :

282 4721 387 4778 diti
420 4727 580 4791 sunt,
607 4725 828 4782 scilicet
858 4724 1090 4780 Christo
1121 4727 1178 4778 et
1207 4721 1500 4778 Ecclesiae.

283 4814 352 4868 10
389 4825 408 4836 ”
426 4813 557 4882 Quis
587 4814 810 4872 deducet
837 4830 925 4868 me
953 4815 1014 4868 in
1045 4813 1323 4867 civitatem
1351 4812 1628 4868 munitam
1657 4832 1677 4868 :

424 4904 552 4972 Quis
579 4903 806 4960 deducet
831 4917 920 4957 me
946 4915 1118 4971 usque
1148 4897 1207 4954 id
1236 4897 1573 4956 Idumaeam?

348 4991 390 5048 C
421 4992 714 5050 Exclamat
750 4989 1008 5064 populus
1039 4985 1231 5044 ﬁdelis
1279 4988 1352 5044 ad
1403 4987 1720 5048 Dominum
1753 5010 1766 5048 :
1801 4995 1944 5062 Quis

2195 4726 2425 4783 Intende
2447 4727 2690 4783 orationi
2713 4741 2872 4784 mea.

2127 4816 2168 4872 C
2197 4816 2539 4890 Deprecatio
2571 4815 2812 4872 assidua
2858 4819 2950 4870 est
3007 4813 3454 4884 communiSque
3508 4811 3635 4869 Deo
3669 4815 3730 4868 et

2053 4905 2277 4962 homini
2330 4903 2699 4978 supplicatio.
2733 4903 2931 4961 Oratio
2978 4920 3112 4960 vero
3142 4907 3232 4960 est
3268 4917 3448 4976 quam
3495 4905 3728 4956 sanctae

2052 4993 2325 5052 Trinitati
2350 4995 2483 5066 jure
2504 4993 2913 5067 persolvimus,
2935 4991 3096 5048 illam
3121 4989 3441 5064 postulavit
3459 4990 3726 5058 intendi,

277 5081 527 5139 deducet
557 5099 651 5140 me
697 5082 757 5136 in
805 5079 1100 5135 civitatem
1130 5077 1445 5148 munitam,
1467 5078 1526 5136 id
1557 5085 1648 5138 est
1677 5082 1941 5142 futuram
2051 5084 2109 5140 id
2141 5087 2251 5150 est,
2282 5083 2536 5156 prospici
2566 5099 2600 5138 a
2630 5083 2878 5140 Domino
2908 5086 3084 5156 atque
3115 5079 3397 5140 misereri.

274 5170 662 5239 Hierusalem,
691 5168 806 5226 nisi
834 5171 899 5222 tu
924 5164 1088 5223 solus
1116 5165 1301 5236 Deus;
1326 5185 1454 5240 quae
1475 5169 1560 5226 sic
1581 5172 1810 5230 munita
1828 5180 1938 5245 est,

273 5260 531 5316 utnulla
573 5256 821 5314 ulterius
871 5255 1276 5327 persecutione
1315 5258 1642 5330 quatiatur;
1675 5262 1777 5335 qui
1809 5281 1938 5320 eam

271 5351 328 5405 te
383 5348 532 5404 duce
590 5343 944 5417 ingreditur.
989 5343 1132 5408 Quis
1190 5344 1457 5416 deducet,
1519 5347 1665 5421 ipse,
1717 5350 1941 5409 scilicet

271 5436 447 5494 Deus.
481 5433 786 5491 Desiderat
832 5432 990 5489 enim
1031 5432 1290 5490 Ecclesia
1335 5433 1468 5493 illos
1527 5439 1776 5512 populos
1823 5441 1935 5498 sibi

271 5523 574 5598 applicari,
590 5519 691 5593 qui
715 5521 826 5576 adh
837 5537 906 5578 uc
929 5539 1044 5579 non
1072 5529 1412 5580 meruerunt
1435 5541 1564 5584 esse
1585 5529 1848 5599 perfecti,
1872 5535 1938 5587 ut

269 5609 558 5684 completo
573 5625 819 5667 numero
839 5612 1412 5684 prmdestinatorum,
1433 5612 1612 5673 simul
1631 5618 1702 5674 ad
1721 5621 1938 5678 aeterna

269 5699 488 5784 gaudia
516 5699 734 5765 terreni
764 5717 898 5762 cum
928 5703 1147 5763 sanctis
1177 5701 1572 5780 pervenirent.

2084 5177 2120 5229 2
2190 5173 2230 5226 Α
2261 5173 2468 5245 ﬁnibus
2516 5181 2674 5228 terrae
2703 5172 2774 5229 ad
2820 5181 2870 5229 te
2915 5172 3164 5228 clamavi
3201 5169 3333 5226 dum
3374 5171 3732 5225 anxiaretur

2261 5279 2356 5318 εον
2379 5279 2563 5319 meum
2593 5279 2612 5316 .'
2852 5331 2857 5334 _

2185 5353 2253 5409 In
2279 5355 2439 5425 petra
2469 5349 2732 5408 exaltasti
2758 5367 2864 5407 me.

2188 5441 2484 5500 Deduxisti
2509 5457 2614 5508 me,
2647 5442 2777 5513 quia
2803 5443 2986 5514 factus
3014 5456 3068 5497 es
3093 5455 3213 5512 spes
3239 5455 3360 5495 mea
3391 5455 3412 5496 :

2191 5533 2380 5588 Turris
2408 5529 2757 5604 fortitudinis
2786 5547 2820 5586 α
2846 5531 2992 5602 facie
3015 5529 3253 5586 inimici.

2113 5621 2155 5678 C
2186 5621 2414 5680 Clamat
2435 5619 2807 5692 congregatio
2829 5622 3033 5676 sancta
3063 5636 3098 5674 a
3127 5617 3346 5674 ﬁnibus
3369 5618 3567 5685 terra,
3583 5615 3636 5670 H
3661 5613 3728 5668 id

2043 5715 2151 5787 est,
2177 5715 2430 5790 qualuor
2461 5709 2730 5786 partibus
2763 5707 2990 5778 mundi,
3013 5706 3054 5764 C
3085 5707 3145 5764 in
3187 5705 3402 5781 quibus
3442 5703 3702 5780 omnipo
