3876 6348
47 433 163 503 981

1398 427 1712 497 CONTRA
1757 428 2115 498 LATINOS.

3331 429 3449 499 989

46 570 276 637 horam,
298 568 357 625 in
389 583 505 642 qua
524 568 580 626 et
610 563 864 641 Spiritus
904 569 1141 625 sanctus
1185 565 1481 624 descendit
1515 584 1580 621 su
1590 584 1694 637 per
1724 567 1775 631 Α
1808 566 1917 621 bus
1952 566 2230 637 ipsorum,
2266 567 2365 641 qui
2399 585 2433 624 a
2463 566 2635 626 nobis
2655 562 2915 642 pradicti
2958 565 3113 640 sunt,
3156 583 3270 625 non
3305 567 3452 638 abji-

49 660 392 733 discipulos,
426 658 819 726 immolantes,
842 657 901 713 in
924 656 1067 729 ipsis
1095 657 1530 712 sanctiﬁcamus
1561 671 1694 710 mu-

47 768 208 817 nera,
234 767 301 805 ex
321 749 537 821 quibus
554 747 908 803 sufﬁcientia
939 746 996 801 in
1028 750 1148 801 tota
1177 746 1543 801 hebdomade
1564 762 1697 799 con-

48 856 372 895 servemus.
409 839 472 892 ln
506 836 637 893 aliis
669 842 861 891 autem
894 836 1098 889 diebus
1130 833 1697 903 hebdomadisjuxta

46 932 285 999 tempus
310 928 463 982 horae
498 942 661 980 nonae
694 924 805 978 diei
828 923 1236 978 concludentes
1257 938 1490 977 omnem
1521 921 1696 975 mini-

46 1018 394 1071 strationem
412 1016 467 1069 in
487 1014 1051 1069 consummationem
1069 1010 1450 1081 completorii,
1468 1010 1698 1080 agimus

45 1122 154 1159 nos
185 1106 515 1160 sacerdotes
558 1120 690 1157 cum
729 1101 1070 1156 diaconibus
1117 1101 1472 1172 ingressum,
1517 1096 1699 1152 thuri-

44 1194 254 1248 bulum
290 1193 480 1247 solum
502 1194 769 1247 ferentes.
801 1192 869 1245 Et
896 1194 1026 1261 post
1059 1188 1363 1243 lectionem
1389 1186 1699 1258 propheta-

45 1299 177 1337 rum
201 1284 546 1337 constitutas
566 1281 854 1336 orationes
876 1297 908 1333 a
931 1295 1143 1345 magno
1170 1277 1379 1331 Basilio
1399 1276 1698 1343 facientes,

42 1376 99 1425 et
123 1389 369 1427 munera
388 1371 800 1426 transferentes
824 1366 1210 1439 appositionis
1234 1366 1441 1420 altario
1465 1369 1517 1418 et
1535 1381 1699 1418 oran-

39 1465 131 1515 tes
159 1478 292 1515 eum
336 1461 497 1530 ipsis.
540 1460 785 1529 Insuper
819 1464 1010 1511 autem
1044 1460 1101 1510 et
1142 1455 1420 1509 traditam
1468 1453 1636 1507 nobis
1668 1469 1701 1505 a

40 1549 292 1603 Domino
332 1549 651 1603 orationem
686 1547 970 1612 dicentes,
1001 1544 1327 1599 exultamus
1373 1541 1701 1613 prmsancti-

42 1637 280 1691 ﬁcetum
329 1654 562 1708 panem,
612 1642 668 1691 et
717 1637 930 1688 damus
980 1634 1467 1705 prmsanctiticata
1498 1634 1701 1684 sancta

40 1728 283 1792 sanctis,
318 1732 373 1779 et
405 1726 555 1779 uniti
590 1723 1004 1778 communione
1028 1738 1177 1793 pane
1208 1725 1264 1774 et
1290 1719 1468 1773 calice
1492 1723 1701 1789 myste-

40 1814 269 1869 riorum
300 1814 535 1868 Christi.
569 1814 639 1866 Et
669 1812 749 1866 ita
780 1815 1018 1881 agentes
1065 1809 1281 1881 gratias
1316 1812 1452 1872 Deo,
1484 1806 1700 1878 linqui-

44 1920 182 1956 mus
199 1919 297 1957 eos
320 1908 491 1972 atque
516 1900 869 1954 dimittimus
890 1917 957 1954 ex
978 1897 1445 1969 congregatione,
1470 1912 1701 1951 sumen-

42 1997 133 2047 tes
167 2009 275 2045 nos
308 2006 678 2045 communem
700 2004 965 2042 mensam
1001 2005 1102 2057 per
1132 1986 1269 2041 folia
1291 1990 1348 2040 et
1377 1986 1696 2057 legumina,

43 2086 100 2135 et
126 2079 382 2135 calidam
415 2094 629 2149 aquam
662 2076 761 2148 qui
790 2076 1098 2130 voluerint.
1124 2076 1271 2129 Sunt
1292 2079 1486 2129 autem
1519 2077 1575 2129 et
1601 2072 1698 2128 alii

46 2168 149 2241 qui
170 2168 293 2223 sola
314 2167 724 2222 communione
746 2169 802 2219 et
822 2164 1225 2218 benedictione
1251 2179 1351 2234 per
1372 2167 1550 2216 totam
1570 2178 1698 2233 per-

46 2262 316 2313 severant
365 2255 815 2310 hebdomadam.
864 2256 980 2307 Vos
1012 2257 1205 2307 autem
1242 2252 1553 2307 referentes
1597 2266 1699 2322 per

45 2361 533 2418 unumquemque
582 2344 736 2397 diem
784 2343 1090 2414 perfectam
1141 2342 1198 2395 in
1242 2340 1699 2409 Quadragesima

48 2434 564 2496 ministrationem,
598 2449 724 2504 qua}
756 2448 1012 2502 congrua
1043 2431 1298 2499 exjuxta
1327 2431 1559 2483 tertiam
1592 2428 1697 2483 ho-

49 2542 176 2580 ram
218 2522 328 2578 diei
370 2522 582 2585 offerri,
634 2522 854 2591 positos
918 2517 1397 2587 transgredimini
1444 2532 1699 2572 canones

50 2612 337 2668 Ecclesiae!
374 2613 441 2665 Et
462 2610 519 2664 in
545 2610 649 2663 hoc
678 2608 1069 2663 maledictioni
1095 2608 1330 2661 Patrum
1356 2605 1694 2675 subjacetis,

49 2703 202 2757 sicut
232 2700 453 2755 dictum
486 2703 595 2753 est.

118 2790 233 2845 XV.
270 2789 408 2854 Quis
441 2788 536 2841 ille
567 2793 653 2841 est
684 2786 782 2857 qui
816 2786 1062 2839 tradidit
1104 2785 1268 2839 vobis
1304 2783 1609 2854 prohibere
1642 2786 1700 2836 et

54 2879 395 2935 abscindere
428 2876 661 2948 nuptias
694 2874 1105 2929 sacerdotum?
1136 2874 1240 2938 Qui
1273 2889 1338 2926 ex
1363 2872 1698 2926 doctoribus

53 2966 321 3022 Ecclesia:
367 2966 519 3020 hanc
564 2964 729 3017 vobis
780 2963 1025 3016 tradidit
1071 2960 1461 3032 pravitatem?
1504 2960 1699 3031 Siqui-

54 3058 186 3112 dem
233 3055 344 3110 nisi
379 3053 885 3125 nupserit,manus
917 3050 1311 3121 impositionis
1342 3048 1603 3119 accipiet.
1636 3049 1705 3102 Et

55 3147 135 3201 ita
162 3145 233 3201 ad
258 3143 494 3215 nuptias
526 3143 660 3208 ruit,
696 3141 795 3212 qui
828 3140 1132 3195 ordinatus
1164 3142 1251 3193 est
1291 3139 1596 3210 innuptus,
1627 3136 1704 3191 le-

55 3234 275 3307 gitime.
310 3233 428 3287 Hoc
472 3236 528 3285 et
558 3231 881 3285 secundum
929 3244 1180 3283 canones
1241 3228 1455 3293 facitis,
1497 3226 1703 3296 hujus-

1804 670 1931 709 cere
1961 656 2262 728 episcopos
2299 661 2355 713 et
2384 658 2757 730 presbyteros
2793 657 3092 714 occasione
3123 655 3453 730 religionis,

1803 759 2012 800 uxores
2036 751 2370 813 sanxerunt,
2416 750 2472 802 et
2504 751 2568 801 ut
2597 748 2874 803 caderent
2902 764 2992 804 res
3040 747 3454 821 episcoporum

1803 848 1872 888 ex
1912 835 2296 905 potestatibus
2348 852 2547 891 eorum
2593 840 2832 908 propter
2879 835 3030 893 ﬁlios
3069 840 3126 892 et
3173 835 3453 893 mulieres

1803 936 2087 992 ipsorum.
2242 947 2246 950 ·
2815 984 2827 993 _
3064 974 3069 981 .

1879 1011 2021 1065 XVI.
2060 1013 2115 1066 Si
2147 1017 2344 1068 autem
2379 1013 2599 1087 aliquis"
2642 1014 2853 1069 dixerit
2884 1014 2952 1070 de
2996 1017 3201 1071 sancta
3230 1020 3288 1071 et
3318 1015 3451 1072 uni-

1804 1100 2013 1153 versali
2059 1102 2297 1171 synodo,
2348 1104 2499 1173 quod
2530 1121 2743 1176 papam
2777 1104 2966 1159 Romae
3000 1103 3449 1162 sanctissimum

1806 1188 2191 1257 Agathonem,
2209 1194 2275 1244 ut
2296 1191 2614 1261 saepissime
2626 1193 3315 1265 diximus,praesessorem
3349 1194 3450 1250 ha-

1807 1277 1957 1339 buit,
1984 1278 2108 1348 ipsa
2130 1283 2363 1333 centum
2384 1282 2753 1351 septuaginta
2772 1283 3005 1337 Patrum
3020 1283 3153 1349 ,sub
3167 1282 3446 1338 Constan-

1807 1365 1932 1419 tino
1963 1366 2329 1436 imperatore,
2350 1373 2553 1439 nepote
2577 1369 2816 1424 Heraclii
2836 1374 2885 1424 et
2904 1376 3066 1440 patre
3091 1369 3441 1426 Justiniani:

1809 1455 2102 1524 quomodo
2136 1472 2249 1509 non
2283 1456 2509 1509 obstitit
2540 1458 2772 1513 divinus
2811 1459 3076 1529 Agathon
3106 1464 3319 1515 sanctas
3350 1477 3443 1530 sy-

1810 1544 1959 1597 nodo
1974 1543 2257 1599 sancienti
2281 1545 2561 1600 adversus
2573 1545 2679 1600 hos
2701 1546 2914 1617 impios
2936 1565 3082 1618 quos
3094 1565 3280 1619 usque
3291 1566 3448 1604 nunc

1808 1630 2035 1686 habetis
2055 1633 2082 1685 ?
2100 1632 2155 1687 Si
2174 1649 2308 1687 vero
2331 1634 2403 1687 ab
2437 1634 2719 1705 apostolis
2740 1635 3031 1691 haberetis
3055 1636 3163 1692 has
3190 1635 3452 1691 traditio-

1808 1736 1931 1783 nes,
1972 1721 2278 1776 obsisteret
2336 1722 2602 1789 forsitan,
2645 1727 2702 1779 et
2756 1741 2873 1779 non
2933 1724 3292 1797 suscepisset
3333 1725 3453 1781 haec

1807 1824 1933 1879 quac
1982 1810 2137 1880 apud
2183 1828 2288 1865 nos
2320 1811 2392 1865 ab
2423 1828 2491 1866 ea
2519 1808 2890 1884 promulgata
2938 1816 3095 1869 sunt.
3130 1818 3288 1884 Papa
3316 1829 3449 1868 cum

1806 1901 1958 1951 esset
1976 1904 2184 1966 vester,
2218 1900 2496 1970 quoniam
2527 1900 2818 1955 adulteras
2852 1901 3238 1973 cognoscebat
3267 1901 3451 1956 tradi-

1808 1986 1996 2041 tiones
2024 1986 2185 2057 ipsas
2215 1992 2271 2041 et
2287 1992 2589 2043 extraneas
2608 1990 2678 2043 ab
2708 1989 3105 2059 apostolorum
3139 1990 3445 2046 doctrina:

1808 2080 2113 2146 propterea
2143 2076 2359 2148 pariter
2374 2093 2504 2132 cum
2528 2077 2797 2133 Patribus
2822 2095 2997 2134 sacras
3021 2082 3192 2134 sextae
3215 2079 3445 2151 synodi,

1807 2163 1963 2217 sicut
2011 2164 2082 2219 de
2131 2164 2349 2235 azymis
2380 2169 2437 2219 et
2459 2166 2703 2237 jejuniis
2743 2167 3133 2222 Sabbatorum
3174 2171 3231 2223 et
3271 2184 3448 2223 sacrae

1807 2251 2000 2306 missae
2035 2252 2349 2323 mysteriis,
2375 2254 2457 2307 sic
2490 2258 2546 2309 et
2573 2256 2643 2310 de
2664 2256 2886 2327 nuptiis
2917 2257 3288 2312 sacerdotum
3320 2274 3452 2329 pro-

1808 2341 2091 2411 mulgavit
2122 2342 2321 2395 dicens
2352 2341 2413 2395 in
2445 2343 2672 2396 decimo
2694 2344 2865 2399 tertio
2890 2344 3079 2416 capite
3114 2362 3127 2399 :
3162 2368 3190 2393 ‹‹
3223 2345 3369 2410 Quia
3396 2345 3454 2400 in

1808 2429 2205 2484 Romanorum
2230 2430 2489 2485 Ecclesia
2509 2430 2568 2484 in
2586 2432 2788 2487 ordine
2809 2432 3049 2488 canonis
3068 2433 3221 2488 tradi
3247 2447 3458 2505 cogno-

1804 2518 2020 2581 vimus,
2058 2523 2372 2589 praasentes
2394 2519 2622 2574 diaconi
2643 2524 2744 2575 aut
2761 2521 3079 2593 presbyteri
3109 2521 3319 2594 dignas
3340 2523 3461 2579 fore

1809 2622 2091 2661 manuum
2123 2607 2529 2678 impositiones
2570 2609 2853 2675 confiteri,
2897 2614 2961 2664 ut
2991 2627 3106 2666 non
3139 2609 3392 2682 amplius
3422 2628 3457 2668 a

1806 2696 1931 2749 suis
1962 2695 2381 2767 disjungantur
2408 2698 2779 2768 conjugibus.
2813 2697 2927 2753 Nos
2946 2698 3255 2770 antiquum
3279 2716 3450 2755 exse-

1806 2788 2053 2855 quentes
2075 2799 2351 2838 canonem
2377 2785 2705 2856 apostolicae
2728 2785 3044 2857 diligentiae
3060 2790 3115 2841 et
3135 2786 3449 2842 ordinatio-

1806 2872 1918 2937 nis,
1954 2877 2288 2927 sanctorum
2311 2872 2567 2928 virorum
2590 2873 2984 2945 copulationes
3011 2876 3336 2931 secundum
3367 2875 3449 2931 le-

1808 2977 1939 3033 gem
1972 2966 2077 3016 eta
2094 2962 2265 3015 modo
2286 2961 2476 3016 valere
2502 2961 2798 3028 volumus,
2829 2962 3164 3019 nullatenus
3194 2981 3230 3019 a
3256 2966 3456 3034 conju-

1810 3066 1950 3122 gum
1982 3048 2350 3121 copulatione
2380 3050 2770 3106 dissolventes
2799 3056 2901 3107 aut
2931 3052 3225 3123 privantes
3254 3070 3354 3109 eos
3384 3055 3456 3109 ab

1812 3139 2083 3206 invicem,
2129 3140 2452 3194 secundum
2486 3144 2720 3211 tempus
2762 3157 3087 3214 congruum
3132 3140 3457 3200 locationis.

1816 3228 1965 3296 Quia
1994 3244 2127 3281 vero
2145 3228 2193 3282 si
2218 3227 2349 3299 quis
2364 3229 2577 3299 dignus
2600 3228 2872 3284 inventus
2895 3230 3318 3297 fuerit,manus
3350 3231 3458 3285 im-

53 3303 206 3378 modi
241 3322 475 3392 nuptias
498 3319 918 3391 prohibentes?
946 3318 1003 3372 Si
1035 3321 1229 3372 autem
1264 3320 1399 3370 ante
1430 3315 1706 3370 habuerit
1735 3303 1777 3368 C
1813 3319 2102 3390 positione
2133 3318 2413 3372 diaconus
2444 3317 2528 3371 vel
2570 3318 2965 3373 subdiaconus
3007 3322 3108 3373 aut
3134 3318 3454 3390 presbyter,

53 3428 287 3467 uxorem
312 3410 408 3465 ille
434 3409 529 3480 qui
551 3409 855 3463 ordinatus
885 3411 974 3460 est
994 3406 1264 3460 sacerdos
1296 3420 1697 3475 perseverave-

52 3504 241 3573 ritque
272 3499 329 3553 in
349 3498 616 3553 castitate
644 3511 969 3567 magnaque
991 3494 1128 3557 vita,
1162 3492 1397 3564 nuptias
1428 3493 1556 3561 ejus
1588 3491 1701 3545 sol-

50 3591 202 3655 vitis,
236 3585 733 3659 transgredimini,
754 3588 820 3638 ut
841 3600 907 3638 ex
930 3586 1212 3655 praecepto
1243 3580 1697 3652 apostolicorum

52 3694 340 3734 canonum
397 3676 701 3730 ostendam
757 3673 939 3727 vobis.
1005 3672 1068 3726 In
1124 3675 1281 3725 sexto
1338 3670 1494 3724 enim
1548 3668 1699 3723 libro

51 3764 358 3824 Clementis
379 3764 812 3819 ordinationum
838 3777 963 3832 quae
986 3760 1058 3814 ab
1089 3776 1153 3813 eo
1173 3758 1513 3829 conscripta:
1538 3762 1698 3822 sunt,

44 3858 211 3928 juxta
251 3854 569 3927 septimum
616 3851 910 3907 decimum
951 3852 1127 3920 caput
1157 3847 1413 3918 Apostoli
1447 3848 1569 3901 hrec
1611 3846 1699 3900 di-

54 3949 238 4000 cunt:
283 3966 309 3992 ‹‹
344 3942 696 4014 Episcopum
738 3944 795 3995 et
840 3939 1240 4010 presbyterum
1284 3940 1340 3991 et
1389 3936 1701 3991 diaconum

54 4033 327 4095 dicimus,
347 4030 447 4102 qui
469 4046 646 4085 unam
671 4029 888 4083 habent
911 4042 1170 4089 uxorem,
1196 4024 1476 4090 ordinari,
1501 4040 1705 4094 quam-

56 4122 137 4177 vis
163 4120 364 4175 vivant
393 4134 594 4174 eorum
625 4116 926 4186 conjuges,
959 4113 1226 4185 quamvis
1259 4112 1567 4180 defunctae,
1589 4129 1704 4167 non

56 4210 189 4266 licet
215 4226 315 4265 eos
346 4211 477 4280 post
520 4221 731 4261 manus
764 4203 1198 4275 impositionem
1244 4201 1525 4273 innuptos
1555 4217 1704 4268 esse,

56 4316 159 4355 nec
191 4299 433 4368 insuper
461 4297 532 4351 ad
563 4294 799 4366 nuptias
830 4293 933 4362 ire,
983 4296 1086 4345 aut
1117 4292 1165 4345 si
1208 4290 1536 4361 nupserint,
1568 4290 1709 4347 alte-

56 4403 150 4442 ras
171 4385 467 4457 amplecti,
484 4384 583 4439 sed
603 4382 870 4438 sufficere
889 4397 1039 4451 quas
1052 4379 1269 4434 habent
1287 4394 1421 4433 cum
1450 4379 1521 4433 ad
1553 4379 1711 4433 ordi-

56 4476 354 4531 nationem
374 4476 676 4529 venerunt.
701 4493 729 4521 »
750 4472 808 4524 In
833 4468 1036 4539 quinto
1061 4471 1394 4523 sanctorum
1420 4483 1709 4522 canonum

56 4565 134 4619 ita
157 4565 316 4619 fatur
345 4563 401 4617 in
433 4566 469 4615 2
500 4577 624 4632 cap.
663 4576 674 4612 :
717 4581 743 4609 ‹‹
777 4558 1099 4629 Episcopus
1132 4558 1235 4610 aut
1266 4555 1567 4627 presbyter
1610 4560 1713 4610 aut

55 4654 339 4709 diaconus
370 4666 609 4706 uxorem
634 4664 802 4704 suam
827 4663 943 4701 non
963 4644 1199 4715 abjiciat
1223 4644 1461 4698 obtentu
1486 4643 1714 4716 religio-

60 4744 188 4810 nis;
226 4742 275 4796 si
308 4745 503 4796 autem
535 4736 831 4808 abjecerit,
867 4737 1287 4805 sequestretur.
1332 4732 1715 4788 Perseverans

60 4835 257 4887 autem
290 4830 635 4901 deponatur.
674 4850 701 4876 »
736 4830 799 4880 In
823 4822 1277 4895 quadragesimo
1308 4837 1442 4876 vero
1473 4838 1716 4887 canone,

59 4919 338 4991 inquiunt
368 4917 562 4989 palam
594 4933 606 4971 :
647 4934 668 4963 ι
704 4913 953 4985 Propria:
984 4910 1241 4982 episcopi
1277 4927 1387 4964 res.
1424 4932 1451 4958 ››
1490 4911 1553 4964 Et
1584 4915 1717 4981 post

63 5024 247 5078 pauca
281 5024 294 5063 :
332 5030 360 5057 «
391 5007 471 5061 Ne
494 5004 795 5061 occasione
825 4999 1353 5056 ecclesiasticarum
1387 5014 1581 5053 rerum
1613 5015 1713 5053 ca-

61 5095 196 5151 dere
246 5094 586 5167 episcopum
623 5094 696 5147 ab
726 5092 809 5146 eis
841 5106 968 5160 qua:
1000 5093 1141 5143 sunt
1181 5086 1459 5159 episcopi,
1492 5088 1552 5142 in
1585 5104 1712 5142 mu-

61 5184 261 5240 lierem
291 5188 349 5239 et
377 5199 589 5255 pueros
613 5184 670 5235 et
698 5179 1080 5251 prOpinquos,
1116 5192 1187 5230 ne
1219 5192 1318 5247 per
1349 5174 1713 5230 occasionem

60 5288 282 5338 eorum,
305 5287 520 5342 eaquae
541 5268 812 5324 Ecclesiae
836 5271 974 5321 sunt
990 5263 1312 5319 subtrahat.
1332 5284 1359 5313 »
1382 5264 1451 5317 Et
1474 5263 1709 5319 deinde:

61 5381 88 5408 «
128 5361 432 5432 Siquidem
476 5364 613 5414 sunt
644 5358 745 5428 qui
781 5354 1125 5427 prohibeant
1166 5352 1493 5407 sacerdotes
1526 5351 1711 5423 legiti-

60 5448 172 5503 mis
194 5449 322 5521 conj
332 5447 565 5520 ugibus.
590 5468 617 5495 »
636 5446 763 5501 Non
778 5443 860 5499 ita
876 5442 1119 5498 vertices
1133 5439 1530 5513 apostolorum
1545 5457 1713 5512 expo-

60 5541 304 5592 suerunt
332 5533 762 5591 ecclesiasticos
784 5546 1056 5597 canones.
1093 5529 1151 5585 Si
1184 5534 1376 5584 autem
1403 5530 1547 5585 dicis
1580 5547 1707 5584 mu-

59 5623 259 5681 lierem
300 5623 619 5680 Ecclesiam
670 5622 887 5677 dixisse
919 5618 1235 5692 apostolos,
1287 5623 1427 5673 tunc
1457 5618 1709 5675 inﬁdelis

66 5713 368 5786 apparebit
395 5726 585 5769 sermo
598 5715 737 5767 tuus
762 5715 819 5767 et
838 5724 1079 5775 vacuus,
1114 5723 1247 5763 cum
1270 5707 1455 5763 sacris
1478 5708 1709 5763 canoni-

1808 3406 1905 3461 hic
1936 3404 2274 3460 nullatenus
2316 3404 2691 3475 prohibeatur
2718 3405 2788 3460 ad
2822 3404 3163 3476 hujusmodi
3203 3406 3452 3478 gradum

1808 3494 2141 3557 ascendere,
2174 3490 2410 3563 conjugi
2448 3490 2887 3547 cohabitaturus
2925 3492 3219 3565 legitime;
3265 3510 3454 3565 neque

1809 3581 1869 3637 in
1900 3588 2159 3652 tempore
2177 3578 2556 3634 ordinationis
2577 3581 2841 3651 exigatur
2868 3581 3132 3637 confiteri
3161 3582 3235 3637 ad
3264 3580 3454 3655 legem

1810 3687 2033 3742 proprac
2077 3668 2381 3723 locationis
2430 3672 2662 3740 propter
2690 3670 2986 3741 propriam
3031 3686 3294 3726 uxorem.
3328 3693 3355 3720 ››
3387 3673 3457 3727 Et

1812 3764 1945 3831 post
1975 3773 2161 3830 pauca
2185 3775 2197 3813 :
2224 3779 2251 3807 «
2282 3757 2339 3812 Si
2365 3756 2498 3828 quis
2514 3773 2649 3829 ergo
2682 3758 3122 3831 praesumpserit
3142 3763 3304 3815 extra
3327 3776 3460 3831 apo-

1814 3848 2048 3903 stolicos
2080 3846 2315 3901 ordines
2335 3851 2530 3900 motus
2547 3847 2863 3917 quemdam
2886 3864 3183 3903 sacrorum
3216 3848 3456 3919 presby-

1814 3939 2073 3991 terorum
2107 3940 2163 3989 et
2193 3935 2570 3989 diaconorum
2607 3935 2833 4006 privare
2862 3952 2895 3991 a
2918 3934 3287 4008 copulatione
3323 3935 3461 4007 legi-

1816 4024 2096 4079 timarum
2130 4023 2464 4090 mulierum,
2512 4040 2547 4077 a
2592 4024 3004 4079 communione
3043 4027 3459 4096 sequestretur.

1819 4114 2100 4169 Similiter
2111 4112 2157 4168 si
2177 4112 2309 4183 quis
2322 4112 2621 4183 presbyter
2640 4112 3034 4170 autdiaconus
3051 4112 3466 4169 collactaneam

1821 4218 1992 4258 suam
2051 4201 2352 4256 occasione
2410 4200 2709 4271 religionis
2765 4203 3468 4275 projecerit,'separetur;

1821 4306 2197 4363 perseverans
2228 4293 2422 4344 autem
2453 4289 2800 4360 deponatur.
2834 4312 2862 4340 »

1890 4379 2057 4434 XVII.
2084 4378 2245 4434 Unde
2266 4377 2446 4449 igitur
2466 4378 2631 4433 vobis
2656 4383 2711 4433 et
2734 4395 2801 4434 ex
2818 4381 3033 4451 quibus
3056 4379 3146 4435 hae
3160 4379 3470 4435 horribiles

1823 4468 2147 4522 infirmatcs
2196 4470 2677 4538 supervenerunt,
2720 4483 2752 4522 ο
2781 4467 2888 4522 viri
2936 4468 3329 4523 Romanorum
3376 4483 3468 4523 sa-

1823 4556 2173 4629 pientissimi
2190 4559 2247 4610 et
2271 4554 2531 4610 omnium
2551 4554 2795 4609 aliarum
2812 4555 3073 4627 gentium
3092 4554 3472 4611 nobilissimi?

1748 4669 1794 4733 D
1825 4645 2072 4700 Aistimo
2096 4644 2248 4715 quod
2273 4643 2513 4715 quidam
2537 4660 2603 4696 ex
2631 4643 2844 4699 Judaais
2875 4645 2933 4699 in
2959 4649 3221 4716 tempore
3242 4647 3471 4716 aposto-

1828 4733 2017 4789 lorum
2050 4732 2370 4796 credentes,
2403 4746 2552 4784 vana
2582 4729 2742 4785 lucra
2773 4732 3072 4803 cupientes
3110 4736 3167 4786 et
3197 4733 3470 4803 pecunia-

1828 4838 1957 4877 rum
1991 4825 2282 4875 amatores
2304 4817 2537 4890 reperti,
2559 4818 2815 4876 volentes
2836 4819 3057 4875 multos
3088 4818 3349 4875 ﬁdelium
3381 4822 3478 4876 ab-

1829 4910 2088 4965 strahere
2111 4926 2178 4963 ex
2196 4907 2558 4977 Evangelico,
2574 4907 2681 4961 hoc
2703 4909 3030 4975 est,exﬁdei
3047 4909 3481 4981 praedicatione,

1829 4998 2120 5070 corruptis
2142 4998 2283 5051 dum
2298 4995 2701 5067 przcdixissent
2720 4998 2823 5064 eis,
2848 4997 2906 5051 in
2929 4997 3039 5053 hoc
3062 5001 3119 5053 et
3139 4996 3484 5053 Christiani-

1826 5092 1917 5143 tas
1947 5091 2003 5141 et
2030 5085 2375 5141 Judaismus
2397 5087 2671 5155 corrupta
2695 5088 2854 5139 sunt.
2882 5085 2962 5141 De
2988 5085 3208 5157 quibus
3228 5084 3485 5141 Joannes

1828 5177 1986 5230 fatus
2011 5179 2131 5229 est:
2158 5196 2185 5223 «
2219 5174 2300 5227 Ex
2330 5172 2499 5227 nobis
2530 5172 2815 5239 exierunt,
2839 5174 2939 5229 sed
2964 5191 3082 5230 non
3106 5177 3272 5229 erant
3296 5189 3365 5229 ex
3380 5190 3480 5228 no-

1828 5264 1938 5319 bis.
1972 5262 2029 5317 Si
2054 5263 2207 5317 enim
2234 5261 2486 5315 fuissent
2506 5276 2574 5315 ex
2593 5260 3255 5333 nobis,permansissent
3283 5260 3483 5330 utique

1829 5352 2142 5408 nobiscum
2173 5351 2219 5421 (Ι
2240 5351 2395 5406 Joan.
2434 5366 2494 5415 ιι,
2526 5351 2638 5421 49),
2671 5371 2700 5400 ››
2734 5349 2805 5405 de
2846 5350 2940 5405 his
2971 5350 3073 5422 qui
3118 5348 3267 5404 circa
3298 5346 3480 5403 Simo-

1826 5457 1960 5496 nem
2001 5444 2057 5494 et
2104 5438 2348 5504 Deman,
2412 5437 2839 5510 Nicolaumque
2886 5442 2943 5493 et
2988 5434 3283 5491 Cleobium
3339 5433 3479 5489 sub-

1828 5528 2091 5584 texendo.
2124 5525 2353 5597 Reliqui
2382 5531 2577 5580 autem
2610 5527 2893 5581 verticum
2943 5525 3002 5579 in
3037 5522 3289 5593 septimo
3331 5521 3479 5578 libro

1820 5616 2263 5673 institutionum
2289 5615 2460 5685 juxta
2510 5620 2735 5669 sextum
2780 5611 3072 5668 decimum
3103 5614 3281 5681 caput
3309 5609 3481 5683 liqui-

1819 5707 1952 5763 dius
1976 5704 2247 5760 dixerunt
2286 5720 2297 5757 :
2332 5726 2357 5752 ‹‹
2396 5702 2626 5758 Scimus
2650 5702 2825 5772 enim,
2858 5698 3050 5770 inquit
3087 5696 3230 5768 quia
3257 5696 3317 5752 hi
3349 5698 3473 5769 qui,
