3968 6362
325 389 441 476 93.3

1331 387 1816 482 HUMBERTIJS
1860 387 1926 448 S.
1953 387 2048 464 Β.
2093 384 2167 448 E.
2213 384 2715 466 GARDINALIS.

3639 381 3772 458 ραι

323 525 477 582 circa
505 519 798 600 Simonem
829 525 886 578 et
911 521 1209 578 Cleobium
1241 525 1298 577 et
1323 522 1558 586 Judam,
1601 517 1960 590 conscripse-
1991 518 2046 584 Α
2075 533 2231 572 nunc
2263 517 2418 589 quod
2439 516 2699 589 primum
2715 518 2800 576 est
2817 531 3044 586 eorum,
3067 513 3324 576 exomni
3358 533 3398 574 a
3423 514 3760 590 Deoinspi-

321 617 459 670 runt
483 612 660 667 libros
689 610 748 664 in
780 611 1016 666 nomine
1037 609 1250 665 Christi
1281 613 1336 664 et
1353 608 1776 680 discipulorum
1803 607 1955 676 ejus,

318 699 737 758 circumferunt
757 699 826 752 ad
849 699 948 753 sed
959 699 1244 753 notionem
1263 702 1539 762 vestram,
1553 699 1828 750 eteorum
1851 695 1954 765 qui

321 787 572 859 diligunt
611 785 927 852 Christum,
971 789 1026 840 et
1070 802 1175 838 nos
1224 801 1418 840 servos
1473 784 1680 855 ipsius.
1734 805 1761 833 n
1805 784 1873 837 Et
1899 783 1958 836 in

319 875 611 934 veteribus
643 873 880 946 quidam
903 873 1376 944 conscripserunt
1399 872 1574 926 libros
1600 871 1962 943 apocryphos

325 966 510 1036 Moysi
550 968 606 1020 et
635 963 829 1018 Enoch
862 965 918 1017 et
945 963 1154 1028 Adam,
1187 961 1344 1017 Isaia:
1377 965 1433 1016 et
1475 961 1677 1028 David,
1722 965 1776 1015 et
1807 960 1960 1030 Eliae,

325 1061 382 1113 et
419 1054 596 1111 trium
621 1051 1105 1124 patriarcharum,
1140 1050 1538 1122 corruptiones
1569 1051 1846 1106 facientes
1878 1054 1963 1104 at-

323 1163 434 1218 que
461 1141 719 1199 veritatis
747 1139 1018 1195 inimicos
1045 1140 1244 1196 libros.
1273 1141 1380 1194 Sed
1415 1145 1470 1196 et
1491 1139 1737 1194 Paulum
1774 1140 1960 1194 Domi-

323 1235 382 1291 ni
414 1230 742 1304 apostolum
785 1230 904 1286 hrec
935 1229 1341 1301 prescientem,
1387 1233 1452 1283 ut
1488 1229 1734 1298 aestimo,
1773 1229 1857 1283 sic
1891 1229 1960 1283 ad

319 1340 421 1380 vos
439 1319 769 1377 ascendisse
787 1318 1128 1390 hujusmodi
1151 1318 1507 1384 seductores,
1533 1317 1730 1372 dolum
1765 1321 1966 1372 texen-

321 1399 618 1468 tesvobis.
640 1407 1112 1480 Philippensibus
1135 1406 1337 1460 scribit
1360 1423 1372 1460 :
1399 1427 1428 1454 ‹‹
1459 1405 1646 1460 videte
1662 1420 1856 1470 canes,
1879 1403 1963 1458 vi-

320 1501 448 1555 dete
480 1497 665 1553 malos
683 1496 996 1568 operarios,
1018 1495 1206 1552 videte
1237 1493 1654 1549 abscissionem
1685 1493 1955 1564 (Philipp.

321 1605 407 1654 1n,
435 1587 511 1658 2).
540 1607 567 1634 »
597 1585 666 1639 Et
691 1583 991 1638 Timotheo
1013 1583 1222 1638 iterum
1259 1600 1269 1637 :
1297 1605 1323 1632 ‹‹
1357 1583 1419 1636 In
1444 1581 1670 1637 ulrimis
1693 1581 1964 1652 tempori-

320 1676 433 1731 bus
463 1673 763 1728 discedent
781 1671 1018 1744 quidam
1033 1687 1066 1726 a
1087 1669 1220 1738 ﬁde,
1244 1669 1605 1725 attendentes
1656 1668 1962 1740 spiritibus

323 1767 379 1818 et
409 1760 688 1818 doctrinis
731 1760 1082 1827 daemonum,
1125 1759 1183 1812 in
1241 1756 1530 1829 hypocrisi
1587 1756 1963 1828 loquentium

323 1850 648 1915 mendacia,
682 1853 736 1904 et
763 1847 1156 1902 incedentium
1187 1845 1421 1917 propria
1451 1844 1830 1911 conscientia,
1863 1843 1968 1900 im-

323 1935 680 2011 pedientium
711 1936 948 2004 nubere,
983 1938 1036 1990 et
1066 1933 1358 1990 abstinere
1388 1951 1421 1988 a
1451 1933 1596 1988 cibis
1629 1950 1774 2004 quos
1807 1933 1966 1989 Deus

325 2025 537 2082 creavit
579 2025 626 2096 (I
667 2025 798 2078 Tim.
833 2041 907 2090 1v,
939 2022 1080 2090 4-3).
1117 2045 1144 2072 ››
1194 2023 1264 2077 Et
1294 2038 1361 2077 ea
1390 2038 1515 2092 quae
1569 2021 1792 2076 exinde.
1833 2021 1968 2076 Pro-

325 2119 455 2188 pter
485 2113 638 2184 quod
670 2115 726 2167 et
755 2112 883 2188 Tito
913 2110 1185 2186 praecepit
1213 2126 1226 2166 :
1261 2114 1452 2182 Argue
1481 2109 1829 2182 cos,inquit,
1860 2110 1964 2166 du-

323 2204 481 2269 riter,
513 2205 578 2256 ut
606 2199 732 2257 sani
763 2199 880 2256 sint
911 2199 969 2254 in
1001 2200 1132 2266 fide,
1167 2215 1281 2254 non
1314 2199 1676 2254 attendentes
1693 2197 1960 2254 Judaicis

325 2289 559 2354 fabulis,
593 2293 650 2344 et
669 2288 972 2360 praeceptis
997 2287 1304 2344 hominum
1326 2287 1788 2343 subvertentium
1817 2285 1965 2342 veri-

325 2383 502 2436 tatem
533 2379 658 2449 (Tit.
684 2395 723 2442 ι,
757 2377 866 2448 14).
893 2397 920 2426 »

395 2465 588 2522 XVIII.
638 2463 1024 2529 Quamobrem
1055 2462 1500 2535 diligentissime
1547 2461 1964 2533 inquisivimus

325 2557 397 2612 de
425 2557 626 2610 caetero
653 2553 807 2609 circa
836 2551 976 2621 haec,
1005 2569 1036 2607 o
1069 2551 1296 2618 fratres,
1329 2567 1399 2606 ne
1428 2550 1742 2621 aliquando
1773 2565 1841 2604 ex
1871 2549 1965 2606 his

328 2661 452 2718 quae
483 2641 638 2699 dicta
667 2645 808 2698 sunt
837 2644 893 2697 et
923 2642 1235 2712 redarguta
1263 2638 1425 2694 vobis
1459 2637 1782 2704 mendacia,
1837 2637 1966 2692 dico

326 2749 482 2790 nunc
513 2747 732 2806 azyma,
759 2727 1404 2800 Sabbatorumjejunia,
1439 2727 1673 2800 nuptias
1701 2727 1969 2784 sacerdo-

327 2826 452 2880 tum
484 2825 541 2880 et
559 2821 620 2877 in
636 2819 880 2894 jejuniis
898 2817 1216 2874 oblationes
1240 2815 1562 2888 accipiatis,
1583 2817 1684 2871 sed
1716 2815 1966 2872 scientes

2070 610 2195 662 rata
2215 607 2552 679 Scriptura;
2585 607 2768 682 fugite
2789 625 2917 680 qua:
2937 607 3288 680 hujusmodi
3315 609 3467 664 sunt
3489 606 3760 676 actitare,

2075 712 2208 752 cum
2241 695 2371 752 sitis
2403 694 2660 752 Ecclesia
2687 696 2788 752 Dei
2809 701 2868 752 et
2881 697 3065 754 totius
3095 696 3257 754 orbis
3285 713 3542 768 semper
3573 695 3768 767 splen-

2069 783 2242 840 didus
2275 783 2502 850 oculus,
2536 789 2601 840 ut
2633 785 2784 840 uniti
2817 785 2985 840 nobis
3031 785 3250 842 vestris
3289 784 3758 852 confratribus:

2070 889 2218 944 quos
2250 888 2352 944 per
2373 874 2500 944 jam
2533 873 2688 930 dicta
2704 873 2983 942 scidistis,
3017 891 3154 930 cum
3174 874 3308 930 sitis
3331 891 3572 946 corpus
3605 872 3768 929 Chri-

2072 963 2180 1030 sti;
2231 961 2481 1016 revelata
2525 961 2670 1018 facie
2701 961 2950 1034 gloriam
3000 962 3234 1020 Domini
3275 962 3338 1018 in
3371 965 3688 1018 concentu
3717 965 3772 1018 et

2072 1049 2296 1104 unitate
2327 1065 2462 1104 cum
2492 1049 2812 1106 orthodoxa
2831 1051 2944 1106 ﬁde
2961 1051 3484 1123 conspeculemur,
3513 1053 3582 1106 et
3613 1050 3770 1106 ima.-

2071 1139 2268 1211 ginem
2298 1139 2425 1209 ejus
2456 1139 2948 1196 transformamus
2975 1140 3036 1196 in
3067 1140 3266 1210 nobis,
3299 1140 3440 1196 viva
3473 1141 3772 1196 demons-

2071 1225 2344 1292 tratione,
2376 1229 2430 1282 et
2461 1225 2650 1297 ipsius
2677 1227 2748 1282 ad
2779 1225 3030 1299 gloriam
3051 1228 3512 1300 sempiternam,
3539 1228 3712 1284 sicut
3739 1245 3774 1282 a

2073 1313 2306 1368 Domini
2339 1314 2572 1386 spiritu,
2596 1315 2875 1387 quoniam
2903 1316 3030 1388 ipse
3061 1321 3152 1373 est
3179 1321 3362 1389 caput
3391 1319 3632 1372 nostras
3667 1317 3774 1370 Ec-

2073 1403 2265 1459 clesia:
2297 1404 2595 1474 corporis;
2625 1407 2684 1459 et
2705 1405 2762 1458 in
2792 1419 2858 1460 eo
2891 1403 3042 1460 sicut
3069 1405 3128 1460 in
3161 1423 3280 1462 uno
3309 1421 3598 1477 corpore,
3635 1421 3772 1462 om-

2075 1507 2178 1546 nes
2209 1508 2316 1546 nes
2349 1492 2788 1564 conjungimur.

2146 1579 2290 1634 XIX.
2325 1579 2454 1634 Haec
2480 1579 2644 1635 vobis
2677 1579 2977 1636 Romanis.
3013 1581 3076 1636 Si
3108 1597 3242 1653 ergo
3276 1580 3602 1652 possimus
3634 1599 3772 1648 vos,

2075 1684 2210 1722 curn
2243 1668 2370 1724 sitis
2391 1667 2678 1735 homines,
2702 1669 2776 1724 ad
2799 1668 3206 1726 credulitatem
3225 1669 3552 1726 nobiscum
3571 1672 3774 1728 redu-

2075 1771 2204 1812 cere
2234 1772 2336 1828 per
2363 1773 2429 1812 ea
2449 1772 2576 1826 quae
2603 1757 2883 1825 diximus,
2917 1763 2972 1812 et
3003 1759 3262 1814 docendo
3293 1774 3408 1814 vox
3433 1775 3512 1814 ex
3545 1758 3778 1816 divina

2077 1844 2376 1916 Scriptura
2407 1845 2738 1916 arguimus;
2763 1847 2956 1917 gratia
2975 1845 3099 1913 Dei,
3131 1849 3188 1901 et
3209 1846 3378 1902 vobis
3409 1847 3778 1904 scientibus

2075 1933 2219 1988 bene
2249 1931 2492 2004 Spiritui
2517 1937 2718 1988 sancto
2753 1934 3009 2000 credere,
3041 1937 3099 1989 et
3127 1935 3408 2006 prosequi
3437 1935 3772 1994 rationem

2070 2021 2196 2091 jam
2224 2020 2438 2076 dictam
2460 2036 2529 2076 ex
2547 2021 2888 2093 Scripturis.
2909 2020 2970 2076 Si
2990 2037 3126 2078 vero
3148 2021 3318 2080 aliter
3339 2023 3592 2092 tenetis,
3615 2025 3783 2088 date

2079 2107 2246 2164 nobis
2274 2108 2608 2164 testimonia
2634 2125 2704 2166 ex
2735 2109 2933 2164 divina
2961 2109 3260 2181 Scriptura
3291 2109 3726 2170 consistentia.
3763 2131 3778 2170 :

2077 2198 2136 2254 in
2169 2197 2384 2270 quibus
2413 2195 2538 2252 volo
2568 2197 2878 2254 benevolos
2909 2214 3011 2252 vos
3042 2214 3194 2266 esse,
3235 2201 3300 2254 ut
3347 2215 3538 2270 super
3569 2203 3786 2260 sedes

2075 2285 2472 2358 intelligentia
2524 2285 2926 2356 requiescatis,
2959 2290 3018 2341 et
3045 2303 3173 2354 nos,
3207 2285 3468 2344 scientes
3497 2287 3782 2350 obedire

2077 2373 2456 2440 inenarrabili
2485 2375 2696 2430 rationi
2729 2374 2992 2446 spiritus,
3025 2375 3230 2430 docere
3255 2374 3464 2430 omnia
3493 2390 3642 2446 quae
3689 2380 3776 2436 ad

2076 2479 2180 2518 vos
2211 2461 2582 2534 scripsimus.
2605 2462 2946 2518 Salutamus
2975 2479 3077 2518 vos
3101 2451 3170 2517 in
3198 2461 3432 2518 Christo
3453 2467 3610 2522 Jesu
3647 2467 3774 2524 Do-

2079 2550 2238 2606 mino
2271 2554 2492 2622 nostro,
2525 2551 2618 2608 cui
2649 2555 2740 2608 est
2759 2551 2944 2624 gloria
2971 2555 3030 2608 et
3059 2549 3340 2623 potentia,
3373 2567 3517 2608 eum
3551 2554 3766 2612 Patre.

2079 2642 2134 2693 et
2157 2638 2376 2710 Spiritu
2403 2642 2790 2706 sancto,nunc
2813 2645 2870 2696 et
2890 2643 3205 2710 semper,et
3226 2639 3288 2695 in
3311 2640 3538 2698 sacula
3563 2657 3768 2700 sacu-

2085 2726 2302 2784 lorum.
2333 2728 2540 2782 Amen.

735 2969 906 3029 Finis
935 2967 1123 3028 libelli
1147 2967 1391 3044 Nicetes,
1420 2967 1762 3046 presbyteri
1789 2976 1842 3026 et
1873 2966 2151 3028 monachi
2172 2967 2521 3028 monasterii
2543 2965 2770 3044 Studia",
2806 2975 3013 3030 contra
3041 2967 3314 3032 Latinos.

340 3143 2888 3178 ωριτες-..Μ

2891 3147 3776 3184 ΞΞΞ--ζ

1893 3305 2184 3366 INCIPIT

881 3435 1652 3562 BESPONSIO
1752 3463 2062 3557 SIVE
2161 3463 3194 3576 CONTRADICTIO

1591 3645 1668 3703 IN
1711 3642 2050 3706 EUMDEM
2093 3643 2167 3703 LI
2177 3643 2488 3706 BELLUM

1066 3823 1175 3920 Δ
1257 3819 1945 3922 PBATRE

2146 3817 3012 3942 IUMBEBTO

1533 4013 1868 4070 EPISCOPO
1907 4011 2138 4069 SILVE
2175 4013 2525 4070 CANDID/E.

1829 4176 2252 4190 _———-———

411 4299 452 4353 I.
509 4297 568 4352 Si
616 4295 892 4370 diligente
949 4301 1161 4354 sanctas
1229 4297 1714 4356 Chalcedonensis
1773 4301 1977 4374 synodi
2009 4303 2051 4370 Ο
2085 4301 2612 4371 leonis,etmurum
2631 4301 3078 4360 adamantinum
3103 4305 3774 4380 frangeretentastilln

339 4389 612 4459 quartum
645 4385 1107 4442 considerassscs
1139 4389 1331 4458 caput,
1355 4388 1548 4458 quiete
1579 4389 1901 4444 monastica
1926 4395 1983 4444 et

329 4475 574 4547 jejuniis
590 4477 765 4546 atque
783 4474 1143 4531 orationibus
1163 4475 1218 4530 in
1245 4476 1596 4531 monasterio
1623 4481 1722 4530 tuo
1745 4481 1982 4532 conten-

335 4569 830 4635 tus,nequaquam
845 4563 1251 4620 ecclesiasticis
1271 4565 1441 4620 rebus
1457 4566 1982 4635 communicasses,

342 4669 450 4708 nec
475 4653 982 4724 importunitatem
1005 4653 1329 4708 intulisses.
1355 4655 1716 4726 Quapropter
1747 4669 1981 4709 sexcen-

337 4743 532 4796 torum
563 4739 805 4812 triginta
829 4741 1064 4796 Patrum
1093 4742 1362 4797 concordi
1396 4743 1625 4797 decreto
1660 4759 1693 4797 a
1724 4758 1981 4798 commu-

337 4828 512 4883 nione
541 4843 603 4883 es
631 4845 975 4899 suspensus,
1007 4845 1078 4884 ne
1109 4845 1210 4900 per
1234 4835 1287 4884 te
1323 4847 1532 4885 nomen
1566 4830 1792 4886 Domini
1825 4830 1978 4887 blas-

337 4915 668 4986 phematur.
685 4915 860 4970 Decet
877 4918 1034 4971 enim
1053 4933 1534 4990 unamquamque
1553 4919 1976 4992 professionem

337 5019 400 5058 se
421 5000 534 5056 sub
565 5015 842 5056 mensura
871 5004 960 5056 sui
993 5005 1230 5060 habitus
1259 5011 1316 5060 et
1337 5009 1554 5078 gradus
1585 5007 1875 5074 cohibere,
1909 5025 1980 5063 ne

337 5087 647 5144 conturbet
702 5089 1077 5145 ecclesiastici
1127 5093 1417 5164 dogmatis
1457 5095 1719 5148 ordinem
1769 5099 1977 5161 totum,

337 5177 500 5242 dum,
547 5189 662 5228 non
713 5191 818 5229 suo
848 5182 1151 5234 contentus
1181 5181 1718 5251 ofﬁcio,prtcripere
1777 5183 1982 5252 quaerit

334 5265 615 5323 alienum.
649 5263 756 5317 Sed
788 5280 868 5318 vae
891 5263 1018 5334 tibi,
1041 5268 1357 5334 Sarabaita,
1392 5267 1492 5336 qui
1533 5266 1694 5320 nulla
1724 5271 1976 5324 cmnohi-

333 5353 436 5409 tali
459 5349 826 5406 examinatus
848 5353 988 5408 disci
997 5355 1176 5428 plina,
1191 5357 1486 5411 voluntate
1501 5359 1672 5423 atque
1685 5355 1979 5427 voluptate

331 5443 550 5496 ductus
599 5439 850 5509 propria,
899 5451 1099 5501 contra
1153 5447 1413 5500 sanctam
1455 5445 1510 5494 et
1551 5441 1869 5500 Romanam
1924 5451 1980 5501 et

329 5519 1038 5597 apostolicamEcclesiam
1051 5539 1209 5589 ctom
1221 5532 1382 5584 nium
1397 5531 1974 5590 sanctorumPatrum

323 5606 582 5670 concilia
611 5605 966 5673 horribiliter
987 5619 1234 5688 latrasti,
1257 5613 1490 5671 stultior
1511 5618 1696 5687 asino,
1727 5621 1974 5679 frontem

2093 4407 2206 4462 quo
2237 4389 2440 4460 utique
2471 4393 2702 4458 conatu,
2725 4407 2840 4446 non
2871 4407 2934 4446 es
2951 4393 3134 4448 victor
3162 4397 3406 4466 erroris,
3437 4403 3548 4458 sed
3573 4404 3774 4464 victus

2093 4495 2286 4534 errore
2311 4497 2323 4544 ;
2351 4495 2456 4534 nec
2485 4479 2798 4550 presbyter,
2831 4479 2932 4536 sed
2964 4481 3324 4544 inveteratus
3355 4487 3601 4548 dierum
3637 4511 3774 4552 ma-

2091 4566 2302 4634 lorum,
2337 4571 2392 4622 et
2408 4583 2551 4638 puer
2571 4571 2806 4622 centum
2827 4584 3118 4626 annorum
3131 4572 3528 4647 maledictus;
3561 4582 3776 4652 potius

2091 4655 2373 4712 dicendus
2397 4655 2890 4727 Epicurus,quam
2905 4659 3254 4718 monachus.
3279 4663 3397 4728 Nec
3419 4669 3772 4730 credendus

2089 4761 2151 4799 es
2181 4745 2388 4815 degere
2411 4743 2468 4798 in
2488 4743 2840 4800 monasterio
2863 4745 3067 4814 studii,
3090 4750 3192 4804 sed
3225 4749 3284 4804 in
3299 4754 3772 4825 amphitheatro

2090 4837 2192 4888 aut
2213 4831 2504 4904 lupanari.
2535 4831 2640 4898 Qui
2661 4832 2836 4890 etiam
2867 4850 2998 4892 vere
3013 4839 3472 4907 praenominaris
3499 4855 3768 4916 pectora-

2087 4928 2200 4988 lus,
2233 4921 2512 4992 quoniam
2543 4937 2680 4976 cum
2719 4927 2988 4994 serpente
3017 4924 3262 4998 antiquo
3309 4945 3500 5002 super
3541 4941 3764 5006 pectus

2089 5015 2257 5065 tuum
2289 5009 2571 5082 graderis.
2603 5011 2788 5078 Quod,
2821 5011 3233 5084 sicutquidam
3265 5016 3515 5078 Patrum
3549 5023 3712 5082 dixit
3746 5043 3760 5084 :

2091 5121 2116 5147 ‹‹
2171 5099 2512 5180 Quicunque
2554 5097 2694 5166 vult,
2737 5097 2918 5154 intrat
2963 5105 3020 5156 et
3063 5101 3234 5159 solvit
3277 5107 3520 5166 asinum
3557 5130 3570 5166 :
3609 5135 3640 5162 »
3695 5131 3772 5172 ex

2089 5183 2450 5274 abundantia
2479 5185 2637 5274 enim
2652 5185 2846 5274 cordis
2875 5204 2940 5244 os
2969 5187 3236 5261 loquitur
3257 5195 3476 5264 (Matth.
3501 5215 3610 5269 xu,
3645 5203 3766 5274 34).

2087 5273 2305 5330 Deinde
2337 5272 2735 5330 detestabilior
2755 5276 2914 5331 omni
2944 5279 3244 5349 veneﬁcio,
3267 5281 3430 5340 labia
3461 5272 3768 5350 mortiferi

2087 5361 2281 5433 poculi
2313 5361 2484 5418 melle
2514 5361 2819 5420 charitatis
2867 5369 2922 5419 et
2953 5366 3106 5424 bono
3159 5369 3338 5430 odore
3363 5372 3768 5440 humilitatis

2085 5449 2378 5518 imbuens,
2409 5466 2476 5506 ex
2509 5450 2800 5522 praedictis
2845 5453 3162 5513 virtutibus
3203 5459 3564 5522 delectabile
3595 5469 3766 5528 exhi-

2085 5537 2264 5594 buisti
2297 5539 2630 5611 prmmium,
2663 5543 2728 5596 ut
2755 5547 3110 5616 praegustata
3139 5547 3390 5612 dulcedo
3413 5553 3644 5618 faceret
3675 5559 3768 5617 in-

2084 5631 2425 5686 cunctanter
2471 5627 2770 5686 absorberi
2823 5631 2898 5688 fel
2947 5634 3270 5700 draconum
3327 5645 3388 5698 et
3445 5645 3760 5720 reliquum
