3968 6346
128 424 274 493 ως

1491 417 1808 482 CONTRA
1831 465 1834 467 λ
1859 413 2231 481 ΝῙΟΕΤΑεΜδ

3435 415 3553 484 986

127 556 504 619 veneﬁcium.
555 554 670 614 Sed
717 553 770 613 ei
821 552 922 629 qui
971 555 1132 628 potat
1178 549 1433 612 amicum
1473 568 1650 611 suum
1675 568 1784 626 po-
1815 551 2156 622 Atenebris
2189 549 2454 610 ambulat
2479 550 2532 623 (Ι
2566 551 2722 610 Joan.
2781 567 2844 622 Π,
2891 549 2966 626 9).
3019 548 3123 610 Hic
3172 550 3344 626 plane
3372 551 3556 626 liquet

128 651 287 708 tione
306 647 656 706 turbulenta
678 645 691 702 l
717 648 902 713 Quam
923 644 1054 702 ideo
1096 643 1492 701 necessariam
1512 643 1790 700 duximus

130 738 428 799 siﬂrtiiliori
450 737 634 794 linteo
652 736 907 792 colatum
929 735 1032 804 ire,
1064 738 1130 790 ut
1160 735 1368 789 modus
1391 733 1792 789 concinnatic-

128 830 222 887 nis
245 830 399 901 ejus,
425 831 484 883 et
501 826 766 900 potentia
793 824 1164 896 aliquatenus
1184 823 1371 894 possit
1412 821 1791 894 deprehendi,

129 917 500 990 etdeinceps
543 915 758 982 caveri,
805 914 907 986 qui
948 912 1277 986 ingreditur
1315 910 1549 979 blande,
1597 912 1698 967 sed
1735 911 1795 965 in

130 1005 456 1065 novissimo
487 1003 782 1061 mordebit
829 1007 895 1059 ut
941 1002 1198 1067 coluber,
1249 1003 1307 1056 et
1353 1000 1505 1057 sicut
1554 1000 1795 1072 regulus

129 1114 354 1155 venena
383 1094 698 1151 diﬁundet.

203 1187 275 1244 ΙΙ.
308 1185 456 1242 Ecce
481 1184 544 1240 in
575 1184 704 1256 ipso
735 1181 1016 1238 livoratus
1062 1180 1150 1236 tui
1197 1178 1487 1235 vestibulo
1517 1178 1632 1233 tria
1662 1196 1794 1251 pro-

133 1271 386 1347 posuisti
411 1289 424 1328 :
448 1272 521 1327 de
541 1287 743 1343 azymo
765 1269 1008 1337 scilicet,
1030 1269 1101 1325 de
1135 1268 1387 1324 Sabbato
1418 1271 1476 1323 et
1513 1268 1583 1323 de
1603 1284 1793 1324 sacer-

134 1363 348 1418 dotum
369 1361 616 1432 nuptiis.
643 1360 725 1417 Ex
745 1359 966 1430 quibus
985 1361 1074 1414 tot
1093 1360 1334 1414 ettanta
1371 1356 1707 1424 evomuisti,
1731 1360 1797 1411 ut

135 1452 196 1507 in
218 1449 602 1522 pervertendo
623 1447 853 1503 divinas
875 1448 1194 1503 sententias
1213 1463 1329 1502 non
1345 1446 1587 1502 inferior
1605 1446 1797 1502 videa-

136 1541 219 1597 ris
240 1538 532 1612 perversis
551 1543 609 1594 et
628 1537 880 1594 rabiosis
901 1537 1145 1592 canibus
1162 1536 1400 1592 Juliano
1434 1540 1489 1591 et
1528 1535 1792 1608 Porphy-

136 1629 242 1686 rio.
280 1627 542 1699 Denique
561 1626 742 1682 divini
763 1625 979 1697 eloquii
1011 1625 1231 1682 scalam
1267 1627 1338 1681 ad
1383 1625 1560 1681 caelos
1590 1625 1793 1680 subre-

137 1722 316 1784 ctam,
349 1715 731 1788 quantumin
761 1720 818 1771 te
848 1716 979 1785 fuit,
1017 1714 1302 1771 retorsisti
1335 1715 1407 1770 ad
1453 1715 1692 1781 inferos,
1722 1730 1794 1768 ne

136 1823 272 1864 cum
341 1803 590 1878 angelis
633 1805 946 1860 scanderes
997 1805 1068 1860 ad
1115 1803 1453 1871 catholicos,
1505 1804 1606 1858 sed
1657 1819 1795 1857 cum

139 1893 840 1969 apostatisdescenderes
869 1895 942 1948 ad
973 1893 1295 1992 haereticos.
1328 1893 1472 1947 Inde
1508 1895 1598 1992 est
1616 1891 1795 1992 quod,
1825 1926 1873 1992 B

139 1987 352 2041 sancta
387 1984 664 2040 Romanae
695 1986 752 2038 et
795 1981 1126 2054 apostolicae
1175 1981 1331 2038 sedis
1379 1980 1668 2036 sacriﬁcio
1699 1980 1797 2035 dc-

138 2073 404 2142 trahens,
437 2071 757 2128 falsissime
785 2069 1097 2127 deﬁnivisti
1128 2087 1236 2126 nos
1266 2086 1534 2126 mensam
1561 2070 1798 2125 Judteo-

139 2180 274 2220 rum
297 2163 633 2219 comedere.
666 2161 829 2226 Quod
853 2160 1004 2217 satis
1043 2159 1376 2215 ostenditur
1421 2159 1480 2213 in
1513 2157 1802 2231 superiori

142 2257 345 2310 nostra
371 2250 728 2320 narratione,
763 2248 861 2304 ubi
893 2248 1243 2304 commentis
1287 2247 1640 2318 complicum
1672 2251 1792 2302 tuo-

141 2357 299 2407 rum,
331 2338 637 2396 Michaelis
669 2336 902 2393 seiliceo
932 2334 1567 2408 Constantinopolitani
1592 2339 1647 2390 et
1670 2339 1803 2390 Leo-

141 2430 238 2486 nis
284 2427 560 2486 Acridani
607 2426 901 2482 voluimus
950 2425 1205 2489 obviare.
1257 2425 1373 2480 Nec
1419 2428 1511 2480 est
1563 2440 1802 2480 necesse

140 2520 346 2576 eadem
379 2533 492 2573 nos
531 2515 716 2572 toties
751 2517 1028 2587 repetere.
1079 2513 1227 2577 Quia
1275 2517 1499 2586 stuppae
1549 2513 1800 2570 collectas

141 2611 201 2666 et
225 2606 408 2680 palea
449 2605 724 2676 conjecta
753 2603 1111 2675 zizaniisque
1157 2601 1416 2658 collectis
1449 2619 1566 2658 una
1612 2607 1803 2675 potest

143 2696 386 2751 ﬂamma
413 2693 701 2750 sufﬁcere.
737 2691 900 2747 Unde
929 2707 998 2747 ea
1016 2694 1248 2746 tantum
1277 2690 1642 2748 decrevimus
1664 2689 1804 2747 levi-

142 2787 233 2840 ter
275 2781 650 2850 succendere,
707 2796 834 2852 quae
886 2779 1050 2836 solus
1095 2779 1314 2836 videris
1352 2779 1488 2852 plus
1515 2779 1633 2836 illis
1662 2795 1800 2835 con-

146 2871 421 2947 gessisse.

218 2961 312 3018 IIl-.
345 2960 550 3032 Itaque
574 2958 730 3031 quod
759 2956 963 3013 dixisti
1010 2956 1582 3013 consubstantialem
1612 2961 1669 3013 et
1699 2975 1803 3014 su-

144 3047 706 3126 persnhstantialem
717 3047 1042 3111 idem-esse,
1055 3045 1298 3102 omnino
1317 3049 1410 3103 est
1433 3046 1616 3103 futile.
1658 3047 1804 3112 Quia

145 3139 439 3198 Dominus
463 3138 660 3205 Jesus,
692 3136 961 3209 quamvis
992 3135 1164 3192 nobis
1183 3135 1554 3192 humanitate
1574 3137 1652 3193 sit
1672 3153 1805 3192 con-

148 3226 597 3294 substantialis;
633 3226 803 3282 sicet
849 3226 1118 3286 humana:
1163 3241 1380 3281 mensae
1428 3242 1630 3298 panos,
1671 3225 1806 3282 licet

149 3314 816 3377 sint-consubstantiales
829 3315 1187 3383 sibi,mensaz
1201 3318 1400 3370 tamen
1416 3315 1622 3370 divinis
1637 3315 1806 3387 panis
1835 3298 1879 3366 Β

151 3405 743 3482 supermbstautialis
753 3409 848 3462 est
858 3403 961 3461 eis.
977 3406 1067 3471 Et,
1083 3422 1116 3460 ο
1132 3404 1374 3461 mentite
1385 3404 1524 3474 Deo,
1547 3409 1603 3460 et
1613 3408 1812 3476 aperte

153 3499 537 3571 impugnatcr
566 3495 753 3552 sancti
785 3493 1116 3568 Evangelii!
1153 3494 1252 3549 ubi
1303 3497 1360 3549 et
1400 3494 1635 3564 quando
1665 3494 1812 3549 dixit

150 3585 657 3653 Veritas,veracis
687 3584 872 3641 Patris
904 3584 1126 3640 Filius:
1170 3606 1198 3632 ‹‹
1232 3582 1439 3638 Cavete
1485 3583 1558 3638 ab
1607 3598 1808 3653 azymo

149 3673 896 3734 fermentolPharisuorum
917 3673 947 3728 ?
968 3695 998 3724 »
1026 3673 1213 3744 (Mam.
1259 3689 1364 3727 vm
1412 3671 1806 3743 45.)Nunquid

143 3781 412 3839 asymum
466 3762 730 3837 quolibet
782 3763 958 3818 modo
1020 3765 1211 3834 potest
1283 3760 1398 3816 diei
1453 3763 1804 3831 fermentum,

146 3855 384 3928 quando
401 3868 687 3926 .azymum
718 3851 964 3920 dicatur,
997 3867 1068 3907 eo
1089 3851 1250 3923 quod
1277 3851 1501 3921 absque
1521 3850 1805 3907 fermento

143 3943 343 4000 εἱιῖοι
360 3943 700 4014 ubicunque
731 3941 1084 3998 fermentum
1115 3939 1312 4006 fuerit,
1345 3955 1586 3996 necesse
1617 3943 1707 3995 est
1742 3944 1808 3996 ut

142 4036 248 4090 aut
267 4032 632 4089 fermentum
655 4030 890 4099 efficiat,
913 4034 1018 4086 aut
1034 4030 1388 4086 fermentum
1421 4029 1808 4100 permaneat?

136 4127 286 4179 Cum
312 4136 460 4194 ergo
475 4121 898 4177 fermentatum
927 4137 1068 4176 non
1099 4119 1178 4175 sit
1207 4117 1336 4174 sine
1358 4118 1673 4187 fermento,
1700 4134 1806 4175 nec

140 4211 502 4267 fermentum
515 4207 832 4281 aliquando
844 4207 1031 4280 possit
1041 4224 1171 4263 esse
1187 4207 1314 4263 sine
1336 4207 1487 4279 ipso,
1510 4209 1804 4278 quomodo

141 4299 893 4357 saltem‘somniare‘ausus
917 4313 980 4352 es
1020 4312 1292 4369 azymum
1342 4297 1760 4353 fermentatum
1779 4299 1806 4352 εἴ

141 4387 569 4463 Sedlquamvis-
589 4387 727 4443 talia
749 4387 1003 4443 {dicendo
1052 4386 1198 4443 telas
1243 4402 1466 4443 araneae
1517 4387 1801 4454 texueris,

143 4475 688 4535 muscasetculices
700 4489 803 4533 seu
823 4476 1177 4532 vermiculos
1187 4475 1530 4532 aberrantes
1547 4475 1640 4532 his
1663 4477 1808 4532 irre-

140 4569 256 4626 tire
276 4567 534 4641 poteris;
564 4583 682 4622 non
706 4571 905 4624 autem
935 4566 1240 4622 columbas
1262 4565 1561 4638 simplices
1591 4570 1648 4622 et
1670 4583 1803 4623 oves

139 4653 634 4731 recogncscentes
657 4671 859 4713 vocem
892 4656 985 4711 sui
1013 4655 1302 4711 auctoris.

208 4747 312 4803 IV;
359 4744 614 4814 Deinde,
653 4763 686 4802 ο
736 4746 1018 4802 subversa
1065 4743 1394 4812 subVersor,
1462 4744 1800 4802 subvertere

136 4834 769 4893 conatus-sententiam
801 4832 1322 4906 apostoli‘Joannis
1373 4832 1621 4888 dicentis
1647 4851 1660 4888 :
1685 4857 1712 4883 «
1737 4834 1796 4890 Si

136 4923 638 4995 dixerimusquia
661 4923 1000 4980 societatem
1028 4921 1317 4978 habemus
1368 4938 1501 4977 cum
1532 4939 1620 4992 eo,
1648 4926 1705 4978 et
1733 4924 1796 4978 in

135 5014 414 5072 tenebris
433 5012 836 5085 ambulamus,
869 5012 1191 5069 mentimur
1205 5014 1277 5068 et
1298 5027 1415 5067 non
1440 5011 1689 5068 facimus
1708 5029 1802 5069 ve-

136 5104 373 5160 ritatem
401 5104 625 5174 (Noun.
669 5105 808 5173 1,6),
855 5124 877 5152 ι
926 5106 984 5158 et
1019 5101 1242 5158 caeteris
1260 5101 1514 5172 nequius
1551 5118 1695 5158 usus
1739 5119 1801 5158 es

136 5193 248 5251 hoc
278 5194 428 5266 ejus
454 5191 814 5261 testimonio,
867 5208 1044 5264 quam
1094 5190 1324 5247 adulter
1368 5190 1536 5246 oculo
1567 5194 1623 5246 et
1652 5191 1800 5246 latro

138 5284 312 5351 ferro,
349 5293 486 5355 quas
503 5281 718 5353 utique
748 5283 898 5338 bona
921 5283 1080 5336 sunt.
1116 5279 1202 5335 Illi
1250 5278 1406 5335 enim
1433 5279 1642 5335 laedere
1672 5284 1798 5335 ten-

135 5377 266 5429 tant
297 5372 555 5444 aliquos,
588 5373 653 5426 tu
685 5372 924 5443 perdere
953 5373 1216 5426 cunctos.
1270 5369 1430 5424 Unde
1458 5371 1515 5424 et
1546 5369 1630 5424 sic
1661 5385 1798 5424 con-

133 5460 367 5518 cludis:
404 5462 515 5529 Qui
559 5475 688 5528 ergo
734 5476 934 5532 azyma
979 5459 1230 5526 comedit,
1278 5460 1339 5513 in
1388 5458 1622 5514 tenebris
1660 5459 1798 5529 legis

129 5552 416 5607 ambulat.
439 5549 551 5604 Sed
579 5547 737 5604 idem
757 5548 1013 5604 Joannes
1033 5547 1419 5606 intentionem
1440 5549 1605 5603 tuam
1627 5563 1794 5603 enar-

124 5657 289 5711 rans,
322 5639 458 5696 luce
482 5636 701 5693 clarius
730 5639 1118 5710 demonstrat,
1149 5638 1248 5711 qui
1282 5637 1511 5705 dixerit,
1548 5638 1795 5708 subjun-

123 5735 310 5803 geus':
348 5751 378 5780 (ι
401 5725 666 5795 Qui'odit-
681 5727 1138 5797 suumfratrem,
1162 5728 1224 5784 in
1246 5726 1503 5783 tenebris
1525 5730 1633 5794 est,
1659 5731 1715 5782 et
1734 5725 1790 5783 in

1902 645 2055 717 quod
2081 661 2196 700 non
2219 644 2290 699 ab
2315 642 2582 716 apostolo
2602 647 2828 713 sancto,
2851 644 2952 700 sed
2975 644 3048 700 ab
3067 647 3334 716 apostata
3353 643 3555 718 angelo

1901 733 2198 806 accepisti,
2232 736 2297 788 ut
2326 733 2550 790 diceres
2584 749 2596 788 :
2650 734 2756 802 Qui
2799 750 2924 805 ergo
2966 751 3167 806 azyma
3213 734 3463 799 comedit,
3497 735 3557 789 in

1902 823 2138 879 tenebris
2164 823 2300 892 legis
2329 824 2595 892 ambulat,
2647 823 2785 895 quia
2831 827 2952 878 tota
3001 823 3248 894 epistola
3295 822 3414 888 illa,
3451 840 3554 879 nec

1899 912 2318 968 fermentatum
2342 929 2448 968 nec
2471 929 2741 985 azymum
2763 914 3205 983 commemorat,
3239 912 3339 968 sed
3364 912 3555 968 solum

1905 1001 2250 1057 charitatem
2263 1044 2276 1056 .

1973 1090 2041 1146 V.
2076 1091 2212 1146 Post
2241 1090 2363 1145 haec
2409 1107 2524 1146 non
2574 1090 2787 1146 minori
2834 1089 3141 1163 sacrilegio
3191 1090 3412 1145 abusus
3445 1088 3556 1146 alio

1903 1180 2244 1235 testimonio
2278 1181 2542 1251 ejusdem
2576 1180 2823 1252 apostoli
2855 1179 3133 1236 dicentis:
3175 1199 3197 1228 α
3248 1185 3388 1236 Tres
3421 1184 3560 1236 sunt

1905 1269 2005 1340 qui
2032 1269 2439 1324 testimonium
2474 1269 2785 1339 perhibent
2824 1269 2885 1324 in
2909 1273 3081 1334 terra,
3106 1269 3377 1341 Spiritus,
3407 1287 3560 1342 aqua

1903 1362 1962 1415 et
1992 1359 2253 1430 sanguis,
2287 1363 2342 1414 et
2372 1358 2432 1412 hi
2478 1362 2598 1413 tres
2649 1375 2833 1413 unum
2885 1364 3023 1413 sunt
3067 1360 3112 1429 (I
3138 1362 3293 1414 Jnan.
3317 1377 3372 1422 v,
3393 1359 3490 1429 7);
3531 1381 3552 1408 ι)

1903 1463 2170 1519 perverse
2193 1447 2422 1503 conaris
2443 1447 2515 1502 ad
2540 1464 2748 1519 panem
2763 1463 2976 1502 mensae
2992 1447 3203 1502 Christi
3223 1449 3555 1512 transferre,

1904 1537 2061 1607 quod
2077 1536 2172 1592 ille
2186 1537 2256 1591 de
2268 1536 2559 1609 baptismo
2573 1537 2700 1607 ejus
2733 1535 2913 1591 voluit
2940 1535 3304 1591 intimare.ln
3334 1537 3561 1606 baptis-

1905 1642 2002 1682 mo
2015 1625 2308 1698 siquidem
2321 1627 2444 1682 haec
2470 1627 2583 1681 tria
2600 1628 2762 1693 sunt,
2785 1629 2842 1681 et
2862 1642 3046 1680 unum
3071 1625 3366 1697 baptisma
3385 1624 3561 1680 effici-

1905 1720 2032 1771 unt.
2054 1717 2123 1771 Et
2140 1715 2392 1788 Spiritus
2412 1715 2651 1787 quidem
2669 1715 3014 1782 sanctificat,
3035 1731 3190 1786 aqua
3206 1713 3412 1779 abluit,
3437 1731 3566 1771 san-

1905 1805 2038 1877 guis
2059 1805 2312 1860 redimit.
2331 1806 2388 1859 Si
2405 1803 2707 1877 quodlibet
2723 1792 2869 1860 horu
2881 1821 2936 1858 m
2949 1803 3217 1872 defuerit,
3235 1803 3566 1875 baptismus

1906 1911 2023 1950 non
2053 1894 2183 1960 erit,
2237 1893 2391 1949 sicut
2440 1892 2792 1949 venerabilis
2832 1897 2997 1965 pater
3041 1892 3413 1965 Augustinus
3441 1893 3561 1949 ait:

1913 2006 1941 2034 ‹‹
1973 1983 2132 2039 Tolle
2161 1999 2397 2055 aquam,
2431 1999 2548 2038 non
2581 1987 2672 2038 est
2704 1983 3058 2054 baptismus,
3115 1981 3251 2038 tollo
3298 1982 3564 2051 verbum,

1911 2090 2027 2129 non
2059 2074 2149 2128 est
2168 2072 2523 2144 baptismus.
2549 2072 2659 2128 Sed
2683 2071 2908 2127 accedit
2928 2072 3172 2128 verbum
3212 2071 3283 2126 ad
3315 2070 3567 2128 elemen-

1909 2164 2059 2227 tum,
2083 2164 2138 2217 et
2159 2161 2225 2215 fit
2242 2164 2701 2216 sacramentum.
2726 2181 2747 2211 ι
2776 2162 2862 2216 Tu
2887 2164 3082 2216 autem
3103 2176 3357 2232 nequam
3378 2165 3570 2232 pecto-

1910 2253 2053 2318 rate,
2074 2248 2342 2321 nequiter
2373 2249 2808 2322 interpretando
2848 2253 2904 2305 et
2942 2251 3313 2322 depravando
3335 2253 3567 2306 senten-

1909 2337 2052 2394 tiam
2075 2339 2471 2394 recumbentis
2494 2355 2671 2410 super
2699 2342 2903 2410 peetus
2940 2339 3104 2407 Jesu,
3147 2339 3344 2394 dixisti
3369 2356 3381 2395 :
3411 2343 3480 2396 Et
3510 2338 3571 2394 hi

1911 2431 2020 2483 tres
2049 2429 2109 2482 in
2137 2444 2245 2484 uno
2274 2432 2425 2497 sunt,
2473 2427 2695 2484 scilicet
2733 2429 2791 2482 in
2840 2444 3076 2500 corpore
3124 2427 3358 2498 Christi,
3411 2428 3568 2500 quod

1911 2515 2160 2572 dilectus
2181 2518 2329 2588 ejus,
2354 2534 2460 2573 nec
2483 2517 2684 2587 sensit,
2727 2535 2832 2574 nec
2855 2517 3110 2590 scripsit,
3154 2519 3276 2583 sed,
3322 2541 3343 2568 «ι
3369 2517 3428 2572 hi
3452 2521 3569 2574 tres

1911 2621 2097 2662 unum
2129 2610 2270 2661 sunt
2299 2608 2348 2678 (Ι
2372 2608 2527 2663 Joa-n.
2564 2623 2660 2676 vn,
2697 2609 2772 2677 8).
2805 2631 2826 2660 ι
2856 2607 3180 2663 secundum
3205 2607 3568 2679 superiorem

1912 2694 1990 2750 de
2009 2694 2302 2766 baptismo
2344 2711 2606 2750 sensum.

1982 2783 2076 2838 VI.
2111 2787 2295 2838 Parva
2321 2787 2464 2838 sunt
2493 2783 2615 2838 haec
2657 2786 2715 2838 et
2746 2799 2891 2855 pene
2938 2783 3102 2838 nulla
3151 2783 3223 2838 ad
3273 2799 3571 2856 compara-

1911 2872 2132 2929 tionem
2156 2871 2455 2944 sequentis
2472 2871 2871 2945 blasphemiae,
2897 2889 3014 2944 qua
3032 2887 3291 2929 asserere
3313 2871 3565 2941 laboras,

1913 2962 2070 3034 quod
2093 2965 2352 3034 tempore
2372 2961 2686 3018 Dominicis
2723 2961 3014 3034 passionis
3053 2966 3108 3018 et
3151 2961 3566 3020 cruciﬁxionis.

1915 3051 2150 3123 quando
2174 3051 2416 3124 sanguis
2438 3055 2495 3108 et
2514 3069 2668 3124 aqua
2687 3053 2758 3108 de
2779 3051 2957 3108 latere
2974 3054 3102 3124 eius
3124 3052 3316 3121 exivit,
3333 3054 3572 3109 sanctus

1915 3145 1974 3197 et
1991 3141 2254 3197 viviﬁcus
2277 3142 2522 3214 spiritus
2546 3141 2606 3197 in
2630 3142 2898 3199 deiﬁcata
2922 3143 3050 3214 ejus
3073 3158 3247 3199 carne
3268 3143 3570 3199 remansit.

1917 3232 2081 3299 Quod
2113 3231 2162 3288 si
2194 3232 2538 3299 constiterit,
2573 3236 2844 3290 mortuus
2875 3249 2991 3289 non
3024 3233 3156 3288 fuit.
3206 3232 3262 3287 Si
3303 3235 3573 3288 mortuus

1919 3337 2035 3376 non
2058 3320 2188 3388 fuit,
2213 3336 2404 3391 neque
2425 3321 2760 3376 resurrexit.
2785 3321 2844 3376 Si
2867 3338 2983 3377 non
3009 3319 3346 3387 resurrexit,
3378 3320 3572 3375 inanis

1919 3413 2010 3466 est
2038 3409 2186 3466 ﬁdes
2216 3413 2273 3465 et
2302 3409 2635 3481 praedicatio
2676 3413 2895 3481 nostra,
2934 3410 3072 3482 quia
3109 3425 3214 3466 nec
3254 3425 3360 3466 nos
3384 3424 3574 3464 resur-

1917 3513 2142 3569 gemus.
2197 3499 2266 3553 Et
2315 3497 2468 3553 sicut
2508 3497 2823 3570 Apostolus
2886 3498 3006 3553 ait:
3063 3521 3082 3547 α
3119 3497 3178 3553 Si
3230 3498 3302 3554 ad
3354 3496 3572 3553 bestias

1920 3587 2172 3660 pugnavi
2203 3587 2437 3658 Ephesi,
2468 3587 2606 3660 quid
2639 3586 2785 3642 mihi
2817 3588 3074 3659 prodest,
3117 3586 3167 3643 si
3207 3586 3422 3643 mortui
3455 3603 3569 3642 non

1918 3676 2327 3748 resurgunt?«
2355 3675 2402 3747 (ι
2426 3675 2546 3731 Cor.
2572 3693 2666 3745 xv,
2694 3677 2811 3744 32.)
2837 3679 2912 3732 Ut
2932 3676 3073 3748 quid
3116 3676 3273 3732 enim
3314 3674 3573 3748 quotidie

1918 3768 2082 3820 tanta
2102 3764 2361 3836 patimur
2379 3764 2408 3819 ?
2429 3764 2821 3821 Comedamus
2841 3763 3212 3820 etbibamus:
3234 3765 3350 3820 imo
3363 3764 3575 3820 bestia-

1915 3852 2051 3909 liter
2078 3853 2364 3919 vivamus,
2388 3870 2516 3909 eras
2538 3854 2694 3909 enim
2722 3857 2788 3908 ut
2807 3853 3006 3909 bestia:
3046 3853 3388 3910 moriemur.
3429 3852 3488 3908 Si
3510 3853 3570 3908 in

1916 3941 2026 3998 hac
2054 3943 2174 3998 vita
2202 3945 2434 3998 tantum
2466 3943 2524 3997 in
2556 3942 2782 3998 Christo
2805 3946 3109 4016 sperantes
3140 3958 3372 4009 sumus,
3404 3941 3573 3998 mise-

1917 4030 2222 4087 rabiliores
2244 4031 2520 4087 omnibus
2543 4047 2755 4087 sumus
2777 4030 3118 4086 hominibus
3143 4049 3155 4099 ;
3182 4031 3283 4087 sed
3297 4030 3571 4088 absithoc

1918 4120 1990 4176 ab
2012 4119 2171 4176 omni
2193 4135 2406 4192 genere
2422 4119 2682 4175 humano
2697 4118 2710 4175 ἰ
2728 4120 2874 4176 Nam
2889 4120 3044 4176 idem
3068 4119 3383 4193 prmclarus
3397 4136 3571 4177 evan-

1915 4209 2146 4283 gelista;
2195 4209 2295 4281 qui
2344 4209 2454 4265 hoe
2502 4209 2700 4280 ipsum
2744 4227 3000 4281 praesens
3047 4209 3210 4279 vidit,
3263 4213 3574 4267 attestatur

1916 4315 2152 4356 carnem
2184 4297 2398 4354 Christi
2447 4315 2578 4354 vere
2628 4300 3020 4356 exanimatam
3069 4299 3127 4355 in
3171 4317 3343 4356 cruce
3393 4301 3575 4357 fuisse

1915 4389 2116 4446 dicens
2142 4405 2154 4443 :
2193 4409 2218 4442 α
2239 4389 2308 4443 Et
2328 4386 2606 4442 inclinato
2629 4388 2819 4460 capite
2851 4388 3050 4445 emisit
3083 4389 3359 4462 spiritum
3391 4390 3569 4460 (Jaan.

1913 4495 2031 4547 xxx,
2081 4478 2192 4549 30).
2262 4499 2290 4526 ››
2338 4481 2515 4532 Porro
2566 4477 2798 4532 Marcus
2845 4480 2902 4532 et
2955 4483 3136 4533 Lucas
3187 4478 3390 4534 dicunt
3436 4495 3569 4535 eum

1916 4567 2212 4640 expirasse
2265 4566 2457 4637 (Marc.
2509 4583 2600 4633 xv,
2651 4566 2763 4636 39;
2815 4567 2945 4622 Luc.
3010 4584 3178 4636 xxm,
3245 4568 3358 4637 46).
3411 4566 3573 4623 Unde

1835 4675 1884 4739 Β
1915 4662 1973 4714 et
2001 4657 2060 4712 in
2092 4655 2357 4730 symbolo
2379 4657 2726 4711 conﬁtemur
2749 4659 3024 4711 mortuum
3043 4660 3096 4711 et
3115 4657 3409 4728 sepultum.
3424 4655 3573 4712 Alio-

1914 4746 2016 4819 qui
2038 4744 2284 4819 sepeleri
2305 4763 2421 4802 non
2435 4744 2658 4812 debuit,
2675 4745 2775 4816 qui
2797 4749 3068 4802 mortuus
3082 4762 3198 4801 non
3215 4745 3342 4802 fuit.
3359 4745 3575 4802 Obmu-

1909 4841 2086 4903 tesce,
2113 4835 2277 4892 canis
2301 4853 2314 4891 :
2340 4835 2625 4907 linguam,
2651 4835 2812 4891 canis
2859 4835 3362 4909 improbe,morde
3383 4835 3573 4905 ;Chri-

1915 4929 2043 4982 stus
2066 4925 2223 4981 enim
2244 4941 2376 4981 vere
2399 4927 2668 4979 mortuus
2707 4927 2796 4980 est
2836 4928 3072 4998 propter
3109 4924 3321 4982 delicta
3351 4929 3573 4993 nostra,

1913 5018 1969 5071 et
2009 5018 2245 5086 propter
2285 5011 2777 5086 justiﬁcationem
2829 5021 3092 5071 nostram
3142 5015 3318 5087 (Rom.
3350 5033 3426 5088 ιν,
3459 5016 3572 5086 25).

1913 5103 2230 5161 resurrexit
2263 5120 2295 5159 a
2327 5102 2574 5158 mortuis
2607 5102 2882 5174 primitiae
2929 5104 3352 5160 dormientium
3384 5105 3428 5178 (ι
3451 5104 3570 5161 Cor.

1911 5211 2004 5258 xv,
2035 5194 2156 5265 20).

1982 5282 2102 5338 VII.
2133 5283 2275 5338 Ecce
2305 5281 2581 5354 pestifera
2620 5283 2907 5352 doctrina,
2959 5300 3087 5340 esse
3118 5281 3404 5339 diabolica
3430 5298 3568 5354 sug-

1909 5372 2118 5444 gestio,
2152 5372 2322 5442 cujus
2356 5375 2417 5425 tu
2447 5370 2689 5444 signifer
2718 5373 2961 5428 effectus
3004 5370 3232 5428 conaris
3263 5368 3568 5439 opiniones

1911 5463 1968 5517 et
1996 5460 2441 5516 adinventiones
2466 5465 2704 5516 tuorum
2723 5466 2925 5518 contra
2946 5459 3316 5517 traditionem
3341 5461 3570 5528 aposto-

1907 5548 2105 5615 licam,
2141 5554 2198 5604 et
2228 5553 2432 5605 contra
2463 5550 2837 5605 manifestam
2889 5549 3188 5606 veritatem
3234 5544 3564 5614 defendere,

1907 5637 2154 5693 dicendo
2181 5655 2194 5694 :
2219 5641 2445 5711 Aquam
2477 5637 2726 5694 calidam
2771 5643 2830 5694 et
2875 5635 3220 5709 sanguinem
3252 5633 3324 5689 de
3352 5633 3478 5689 vivo
3510 5639 3567 5691 et

1907 5725 2094 5783 calido
2117 5727 2332 5784 Christi
2357 5741 2594 5798 corpore
2618 5727 2826 5794 exisse,
2850 5730 2906 5782 et
2947 5725 3074 5780 ideo
3099 5721 3325 5778 Graecos
3345 5737 3561 5794 aquam
