3876 6362
307 417 420 486 987

311 641 482 716 longe
521 641 690 697 aliter
731 647 835 696 est.
875 646 1020 696 Nam
1045 657 1274 696 veraces
1315 639 1678 711 evangelista
1709 653 1942 694 concor-

308 732 459 786 diter
471 730 1034 786 narrantDominum
1049 733 1308 784 nostrum
1331 728 1472 782 hora
1495 744 1648 782 nona
1688 726 1746 780 in
1771 741 1944 780 cruce

309 823 608 876 mortuum
639 823 694 873 et
723 835 849 874 sero
881 836 914 872 a
942 817 1193 888 Josepho
1235 815 1592 887 postulatum
1617 815 1944 886 depositum

307 909 378 963 de
398 907 554 980 ligno
579 912 634 963 et
659 907 974 978 sepultum.
1000 908 1130 977 Ipso
1149 906 1302 960 enim
1330 906 1628 960 emittente
1650 903 1944 974 spiritum,

305 997 503 1052 velum
549 995 746 1067 templi
801 1001 858 1049 et
907 999 1077 1066 petra:
1128 994 1325 1048 scissae
1373 998 1531 1060 sunt,
1587 997 1738 1048 terra
1767 995 1944 1060 mota,

307 1087 684 1140 monumenta
716 1086 933 1154 aperta,
989 1087 1045 1136 et
1087 1081 1271 1136 multa
1329 1098 1568 1152 corpora
1615 1084 1946 1135 sanctorum

309 1177 766 1228 resurrexerunt.
821 1173 882 1224 In
931 1175 1094 1224 tanta
1156 1171 1353 1239 itaque
1410 1169 1845 1241 perturbatione
1892 1172 1948 1222 et

304 1261 470 1331 quasi
503 1259 806 1331 naufragio
841 1258 1017 1312 totius
1062 1263 1359 1320 creaturae,
1411 1274 1522 1310 non
1575 1256 1760 1311 solum
1795 1255 1947 1310 latus

301 1349 528 1403 Domini
565 1365 678 1402 non
713 1347 820 1400 fuit
849 1351 1118 1416 apertum
1154 1346 1375 1406 lancea,
1409 1346 1506 1399 sed
1563 1346 1731 1398 etiam
1767 1344 1822 1396 hi
1847 1344 1942 1414 qui

301 1439 464 1508 prius
490 1437 540 1491 ei
576 1436 1016 1499 insultaverant,
1050 1438 1106 1488 et
1130 1435 1200 1488 ad
1228 1433 1624 1504 spectaculum
1651 1433 1792 1487 illud
1817 1449 1946 1487 con-

301 1529 596 1592 venerant,
625 1524 749 1577 viso
773 1527 1103 1576 terrmmotu
1127 1527 1181 1576 et
1208 1521 1299 1576 his
1325 1539 1449 1592 qum
1487 1523 1718 1586 ﬁebant,
1747 1523 1946 1591 pectus

301 1629 476 1668 suum
527 1611 933 1683 percutientes,
993 1611 1444 1664 revertebantur.
1502 1610 1654 1663 Adeo
1701 1613 1763 1662 ut
1823 1609 1946 1678 ipse

299 1701 582 1764 centurio,
617 1699 706 1754 cui
741 1700 991 1753 traditus
1025 1701 1211 1753 fuerat
1240 1700 1308 1752 ad
1362 1698 1748 1769 puniendum,
1789 1697 1941 1750 dice-

300 1794 425 1844 ret:
462 1813 488 1838 ‹‹
517 1789 660 1843 Vere
695 1788 794 1842 Dei
833 1788 987 1841 ﬁlius
1028 1791 1150 1841 erat
1179 1787 1285 1841 iste
1319 1788 1525 1857 (Matth.
1559 1803 1732 1852 xxvn,
1765 1785 1877 1854 54).
1915 1805 1942 1832 υ

297 1878 370 1932 At
401 1877 497 1932 ubi
531 1877 821 1931 tumultus
854 1876 1057 1929 mundi
1092 1875 1518 1946 conquieverat,
1553 1879 1610 1930 et
1656 1874 1942 1929 securitas
1971 1910 2019 1974 B

298 1964 493 2036 aliqua
541 1964 730 2030 rediit,
777 1965 1056 2033 cumjam
1108 1980 1233 2018 sero
1280 1967 1452 2030 esset,
1475 1962 1746 2018 Pharisaei
1777 1979 1942 2034 roga-

295 2057 505 2108 verunt
535 2053 781 2108 Pilatum
815 2058 879 2106 ut
909 2057 1142 2124 propter
1168 2052 1490 2106 solemnem
1525 2052 1677 2105 diem
1701 2051 1938 2105 Sabbati

296 2143 701 2212 frangerentur
729 2141 1134 2195 crucifixorum
1168 2158 1340 2195 crura
1390 2145 1445 2194 et
1493 2141 1939 2210 deponerentur.

295 2235 454 2285 Tunc
476 2245 704 2300 quoque
729 2229 942 2299 Joseph
969 2230 1190 2300 rogavit
1213 2228 1460 2282 Pilatum
1495 2233 1559 2283 ut
1579 2228 1801 2283 tolleret
1823 2243 1944 2281 cor-

295 2334 406 2389 pus
427 2318 588 2372 Jesu.
614 2317 833 2370 Pilatus
860 2317 978 2369 viro
1008 2317 1336 2370 mirabatur
1370 2316 1418 2370 si
1442 2318 1568 2386 jam
1593 2316 1847 2370 obiisset.
1877 2317 1945 2369 Et

294 2405 572 2460 accersito
604 2404 961 2469 centurione,
993 2405 1093 2459 ubi
1128 2405 1396 2476 cognovit
1416 2405 1617 2459 Jesum
1640 2406 1766 2474 jam
1792 2421 1944 2458 mor-

295 2496 489 2558 tuum,
513 2492 746 2546 donavit
767 2508 974 2562 corpus
995 2493 1231 2562 Joseph.
1259 2493 1429 2546 Porro
1453 2493 1668 2546 milites
1694 2493 1764 2546 ad
1800 2509 1942 2563 prte-

297 2585 528 2652 ceptum
579 2580 745 2635 Pilati
791 2581 1086 2652 fregerunt
1133 2597 1305 2634 crura
1352 2580 1561 2651 prioris
1610 2585 1665 2634 et
1705 2581 1942 2650 alterius

295 2669 557 2724 latronis.
604 2670 688 2722 Ad
718 2669 921 2722 Jesum
956 2673 1149 2723 autem
1184 2685 1316 2722 cum
1349 2670 1663 2734 venissent,
1698 2673 1762 2724 ut
1789 2669 1941 2722 vide-.

297 2762 435 2812 runt
464 2774 596 2812 eum
620 2758 747 2827 jam
780 2763 1076 2812 mortuum
1099 2801 1112 2824 ,
1142 2774 1255 2811 non
1288 2757 1586 2828 fregerunt
1606 2759 1732 2828 ejus
1754 2775 1943 2822 crura,

301 2847 400 2900 sed
429 2863 583 2900 unus
607 2845 859 2900 militum
881 2845 1080 2900 lancea
1107 2844 1261 2900 latus
1291 2846 1418 2914 ejus
1449 2847 1694 2916 aperuit,
1729 2850 1786 2900 et
1807 2863 1940 2900 con-

301 2934 466 2988 tinuo
489 2934 665 2987 exivit
687 2935 926 3004 sanguis
948 2938 1004 2988 et
1029 2951 1202 3004 aqua,
1243 2934 1459 3003 quibus
1481 2935 1831 2988 formaretur
1853 2935 1947 2988 Ec-

305 3021 502 3088 clesia,
555 3021 1050 3091 quemadmodum
1098 3039 1165 3076 ex
1213 3026 1372 3075 costa
1417 3023 1551 3075 Adae
1601 3021 1944 3077 dormientis

297 3111 546 3164 formata
575 3115 662 3163 est
682 3109 814 3163 Eva.
841 3110 981 3164 Ecce
1022 3109 1070 3164 si
1120 3109 1264 3163 hora
1303 3125 1456 3164 nona
1499 3110 1662 3178 obiit,
1709 3115 1766 3165 et
1795 3127 1941 3178 sero,

295 3198 420 3268 jam
455 3197 525 3252 de
556 3213 725 3252 cruce
765 3197 1164 3267 deponendus,
1211 3196 1412 3252 lancea
1459 3215 1769 3268 percussus
1815 3199 1942 3254 fuit.

301 3285 545 3356 sanguis
577 3285 685 3340 fuit
715 3285 829 3352 ille,
867 3285 1211 3340 naturaliter
1259 3285 1483 3340 calidus
1512 3303 1627 3340 non
1659 3287 1788 3351 fuit,
1822 3291 1939 3342 toto
1970 3269 2013 3336 C

307 3390 546 3445 corpore
567 3375 692 3444 jam
727 3378 1075 3445 prmmortuo
1107 3379 1164 3428 et
1194 3375 1423 3445 frigido.
1459 3375 1620 3437 Quod
1669 3375 1716 3430 si
1749 3374 1944 3446 aliquo

303 3463 474 3517 modo
497 3461 712 3516 caluit:
733 3462 1106 3533 Evangelium
1131 3478 1309 3532 quare
1339 3465 1568 3516 tantum
1597 3463 1943 3517 miraculum

296 3555 352 3604 et
383 3555 814 3606 sacramentum
845 3549 1067 3605 tacuit?
1102 3550 1264 3605 Unde
1295 3567 1396 3605 vos
1443 3551 1572 3606 novi
1614 3555 1945 3623 symmystae

294 3637 564 3692 volumus
594 3639 800 3692 dicatis
833 3655 906 3692 an
938 3639 1183 3709 sanguis
1215 3643 1469 3705 tantum,
1509 3645 1610 3694 aut
1639 3656 1786 3710 aqua
1814 3645 1944 3694 tan-

296 3729 443 3792 tum,
486 3743 558 3780 an
592 3725 766 3780 simul
801 3732 1114 3796 utrumque
1145 3726 1432 3780 caluerit?
1463 3727 1520 3782 Si
1553 3728 1793 3799 sanguis
1822 3731 1946 3783 tan-

297 3817 445 3880 tum,
495 3829 674 3885 quare
728 3831 940 3885 aquam
987 3813 1341 3880 calefacitis;
1394 3814 1442 3869 si
1493 3831 1645 3886 aqua
1689 3820 1942 3882 tantum,

299 3919 477 3973 quare
525 3919 594 3957 ex
645 3921 712 3958 ea
771 3902 1088 3958 calefacitis
1155 3901 1498 3972 sanguinem
1565 3904 1823 3959 Christi?
1891 3906 1948 3958 Si

299 3995 615 4060 utrumque
640 3991 837 4058 simul,
859 4007 1038 4062 quare
1057 3996 1372 4061 utrumque
1395 3991 1568 4046 simul
1588 4008 1701 4046 non
1721 3993 1949 4048 caleﬁt?

301 4078 412 4133 Sed
445 4080 612 4147 cujus
643 4079 769 4132 visu
801 4077 888 4132 vel
923 4083 1075 4132 tactu
1111 4079 1298 4150 potuit
1341 4078 1614 4148 discerni,
1652 4080 1950 4150 quodlibet

300 4165 510 4221 horum
534 4165 782 4220 duorum
807 4181 873 4220 ex
903 4182 1018 4220 uno
1038 4165 1276 4220 vulnere
1316 4166 1494 4220 simul
1517 4169 1950 4238 erumpentium

303 4251 557 4308 calidum
583 4257 682 4307 aut
719 4253 996 4324 frigidum
1033 4253 1212 4308 fuisse
1240 4253 1266 4307 ?
1292 4254 1572 4308 Praterea
1614 4255 1662 4309 si
1687 4255 1953 4327 aquailla

303 4340 502 4408 caluit,
536 4357 713 4412 quare
743 4345 799 4396 et
829 4358 981 4412 aqua
1013 4341 1382 4413 baptismatis
1416 4359 1532 4397 non
1566 4343 1782 4409 calefit,
1816 4361 1946 4399 cum

303 4429 588 4500 praecipue
603 4429 728 4501 ipsa
743 4429 1105 4500 baptismum
1121 4431 1529 4500 praetiguravit,
1547 4430 1698 4485 sicut
1711 4433 1950 4504 sanguis

303 4517 762 4588 redemptionem
785 4519 810 4571 ‘I
831 4517 1119 4573 Volumus
1133 4524 1326 4573 autem
1345 4518 1490 4572 scire
1505 4535 1620 4589 qua
1635 4519 1954 4574 intentione

1355 414 1837 483 HUMBERTUS
1880 413 1950 478 S.
1991 411 2066 478 Β.
2109 413 2184 488 E.
2227 409 2720 480 GABDINALIS.

308 555 626 612 ferventem
649 551 935 627 sanguine
967 551 1092 624 ejus
1105 551 1238 624 jure
1257 552 1521 607 miscere.
1565 551 1723 615 Quod
1759 553 1944 603 totum
1973 550 2028 616 Α

3661 393 3788 468 988

2129 552 2196 605 1x
2227 552 2309 605 Tu
2343 566 2475 606 vero
2507 546 2814 604 maledicto
2839 546 2899 602 et
2925 539 3330 600 malecdictus
3365 551 3604 596 sermo
3659 541 3784 594 oris

2053 639 2136 694 tui
2169 643 2429 695 sanctam
2459 637 2666 710 legem,
2700 635 2852 691 sicut
2897 631 3284 702 Severianus,
3337 627 3778 686 maledictam

2055 726 2270 782 dixisti.
2302 727 2417 782 Nec
2447 725 2684 791 mirum,
2707 739 2842 779 cum
2855 721 3030 780 etiam
3047 737 3266 784 panem
3281 723 3484 774 tuum
3501 717 3780 773 laudare

2053 833 2232 887 supra
2261 815 2499 870 modum
2529 813 2791 885 cupiens,
2826 811 3078 866 nimium
3139 807 3530 881 vituperasti
3585 805 3776 860 illum

2055 905 2288 960 dicens:
2323 927 2350 952 ‹‹
2383 903 2672 957 Modicum
2697 901 3049 955 fermentum
3070 901 3258 953 totam
3289 911 3602 952 massam
3639 911 3772 950 cor-

2055 993 2275 1064 rumpit
2301 999 2354 1048 et
2383 990 2549 1062 panis
2581 990 2840 1054 tandem,
2873 1004 2992 1042 non
3039 1001 3322 1058 azymum
3383 983 3714 1039 efﬁcitur.
3743 1007 3770 1031 ι»

2055 1083 2169 1138 Deo
2201 1080 2404 1153 gratia,
2434 1079 2570 1150 quia
2599 1093 2866 1149 azymum
2909 1092 3025 1132 non
3081 1075 3348 1131 efﬁcitur
3413 1074 3502 1128 de
3539 1089 3770 1127 massa

2054 1171 2333 1226 fermento
2364 1173 2656 1239 corrupta,
2689 1166 2842 1222 sicut
2871 1167 3010 1220 tuus
3033 1163 3394 1234 panis.Nam
3421 1161 3770 1232 corruptio

2054 1274 2356 1330 nunquam
2387 1262 2441 1312 et
2473 1271 2764 1327 nusquam
2813 1254 2871 1308 in
2903 1254 3124 1307 bonum
3185 1250 3505 1322 accipitur
3537 1268 3552 1316 ;
3607 1249 3764 1321 quia

2054 1347 2384 1416 ubicunque
2397 1343 2710 1415 corruptio,
2735 1341 2814 1396 ibi
2829 1341 3008 1396 etiam
3023 1339 3436 1395 substantiae'd
3447 1337 3767 1394 eteriora-

2055 1436 2157 1489 tio.
2191 1433 2517 1499 Quinetiam
2549 1449 2682 1487 cum
2740 1445 3059 1502 exponeres
3128 1428 3517 1483 sententiam
3585 1428 3764 1482 beati

2055 1522 2238 1587 Pauli,
2270 1538 2444 1594 quam
2477 1525 2608 1592 post
2637 1523 2720 1574 tot
2751 1517 3104 1573 orthodoxos
3130 1517 3360 1580 Patre,
3397 1515 3598 1570 nobis
3639 1533 3758 1570 no—

2053 1611 2110 1666 lu
2121 1628 2247 1665 mus
2281 1611 2350 1665 ab
2365 1605 2883 1678 hmreticisexponi,
2909 1604 3182 1677 quamvis
3204 1603 3423 1660 nolens
3441 1621 3756 1676 azymum

2051 1700 2300 1756 laudasti
2335 1698 2531 1754 dicens
2557 1716 2568 1752 :
2601 1697 2765 1752 Sicut
2791 1694 2934 1750 estis
2961 1693 3270 1765 baptizati,
3293 1692 3354 1747 id
3379 1697 3507 1760 est,
3535 1693 3756 1766 azymi

2051 1792 2109 1844 et
2165 1787 2316 1859 puri.
2375 1787 2433 1841 Si
2491 1801 2628 1856 ergo
2687 1783 3013 1839 secundum
3061 1785 3232 1836 tuam
3265 1780 3756 1837 confessionem

2051 1876 2320 1948 baptizati
2357 1879 2495 1930 sunt
2524 1872 2731 1946 azymi,
2763 1871 2902 1944 quid
2937 1873 3078 1927 sunt
3109 1885 3228 1924 non
3251 1869 3580 1942 baptizati,
3621 1869 3754 1924 nisi

2051 1963 2399 2032 fermentati,
2433 1963 2489 2016 id
2521 1967 2609 2017 est
2638 1959 2947 2032 corrupti?

2121 2054 2186 2108 X.
2213 2053 2311 2107 Dic
2341 2056 2534 2106 tamen
2567 2051 2666 2104 ubi
2695 2052 2753 2104 et
2773 2047 3070 2119 quomodo
3095 2045 3312 2102 Paulus
3345 2062 3490 2101 cum
3529 2048 3754 2102 unde-

2051 2142 2162 2197 cim
2195 2139 2471 2212 apostolis
2499 2154 2749 2194 canones
2774 2136 2908 2191 illos
2931 2151 3070 2190 cum
3093 2133 3752 2190 excommunicatione

2050 2229 2333 2301 exposuit,
2368 2243 2614 2299 quorum
2645 2229 2708 2280 tu
2757 2222 2928 2279 nobis
2985 2221 3490 2294 septuagesimum
3527 2227 3750 2292 caput

2050 2318 2297 2388 objicis?
2327 2316 2561 2372 omnino
2593 2313 2858 2368 nesciens
2889 2311 3033 2382 quid
3065 2309 3360 2380 loquaris:
3399 2331 3422 2358 ι
3448 2309 3522 2364 Si
3549 2309 3746 2382 quis,

2050 2405 2261 2477 inquit,
2291 2403 2600 2476 episcopus
2631 2405 2730 2456 aut
2759 2400 3065 2472 presbyter
3093 2403 3197 2454 aut
3251 2397 3574 2462 diaconus,
3627 2403 3750 2454 aut

2051 2495 2287 2551 omnino
2321 2509 2388 2548 ex
2417 2507 2659 2546 numero
2683 2488 3029 2545 clericorum
3045 2485 3407 2558 jejunaverit
3427 2502 3576 2540 cum
3617 2487 3744 2542 He-

2051 2583 2240 2648 braeis,
2273 2586 2372 2637 aut
2403 2579 2670 2652 epulatus
2703 2577 2878 2632 fuerit
2907 2591 3042 2632 cum
3067 2575 3175 2640 eis,
3209 2579 3268 2630 et
3297 2575 3616 2646 acceperit.
3645 2575 3746 2630 fe-

2051 2673 2375 2728 stivitatum
2407 2684 2608 2724 eorum
2621 2682 2889 2730 munera,
2913 2668 2980 2718 ut
3001 2669 3144 2719 sunt
3167 2679 3403 2735 azyma,
3425 2667 3538 2716 aut
3559 2662 3740 2718 aliud

2052 2758 2755 2830 hujusmodi,deponatur
2772 2772 2785 2822 ;
2801 2753 2990 2808 laicus
3005 2756 3207 2807 autem
3231 2755 3690 2822 sequestretur.
3713 2775 3744 2802 ››

2051 2849 2239 2903 Etiam
2272 2847 2322 2901 si
2354 2846 2460 2900 hoc
2492 2842 2814 2916 capitulum
2846 2857 2915 2897 ex
2933 2841 3102 2896 libris
3135 2839 3512 2896 authenticis
3537 2840 3744 2912 prola-

2054 2940 2182 2992 tum
2213 2938 2390 3001 esset,
2423 2933 2585 2987 nullo
2615 2931 2790 2986 modo
2821 2947 2928 2985 nos
2947 2933 3236 3000 tangeret,
3269 2928 3420 2999 quia
3441 2943 3559 2983 nec
3589 2945 3742 2984 cum

2057 3024 2305 3080 Hebraeis
2331 3023 2689 3092 jejunamus,
2721 3035 2827 3075 nec
2865 3034 3002 3074 cum
3033 3017 3119 3073 eis
3145 3016 3476 3088 epulamur
3509 3023 3623 3073 aut
3655 3018 3746 3073 fe-

2053 3113 2374 3168 stivitatum
2407 3125 2609 3166 eorum
2641 3125 2888 3163 munera
2925 3105 3126 3177 aliqua
3155 3105 3522 3177 accipimus.
3559 3107 3738 3170 Quod

2054 3205 2247 3257 autem
2277 3203 2339 3254 tu
2366 3214 2576 3255 vesane
2605 3195 2917 3268 subjungis
2945 3195 3110 3250 :Sive
3131 3194 3203 3248 ab
3227 3193 3350 3248 illis
3379 3194 3742 3266 accipiatis,

2051 3289 2168 3345 sive
2197 3287 2354 3342 domi
2387 3285 2633 3352 faciatis,
2666 3301 2868 3357 azyma
2897 3287 3058 3339 sunt.
3094 3283 3157 3338 Id
3179 3281 3462 3352 jaculum
3499 3283 3620 3338 tibi
3655 3301 3742 3338 re-

2051 3382 2393 3448 torquemus
2423 3375 2717 3430 dicentes:
2751 3394 2779 3422 ‹‹
2813 3372 2944 3428 Sive
2973 3387 3108 3426 cum
3141 3369 3407 3427 Hebraeis
3451 3372 3738 3428 Sabbato

2051 3465 2391 3538 epulemini,
2449 3464 2568 3518 sive
2623 3461 2778 3516 domi
2815 3502 2830 3528 ,
2889 3459 3146 3531 epulatio
3177 3463 3287 3514 est.
3325 3481 3354 3508 υ
3415 3461 3584 3516 Sane
3621 3461 3740 3516 hoc

2053 3555 2286 3624 dignius
2319 3555 2522 3608 contra
2547 3566 2650 3606 vos
2682 3549 3052 3621 dirigeretur,
3085 3547 3227 3618 quia
3243 3563 3352 3603 vos
3375 3547 3538 3602 nihil
3565 3549 3740 3605 aliud

2053 3643 2113 3697 in
2143 3642 2397 3698 Sabbato
2430 3655 2606 3710 quam
2625 3637 3058 3694 solemnitatem
3079 3635 3453 3702 Judworum,
3480 3653 3602 3692 nos
3637 3655 3742 3692 au-

2054 3734 2170 3786 tem
2201 3731 2260 3783 in
2293 3744 2492 3800 azymo
2521 3727 2690 3798 longe
2720 3724 2880 3780 aliud
2911 3727 3356 3780 acramentum
3389 3724 3744 3781 retinemus

2055 3823 2112 3874 et
2141 3817 2570 3888 amplectimur.
2587 3813 2816 3868 Sienim
2835 3811 3270 3884 interrogemus
3283 3811 3316 3866 J
3326 3811 3558 3876 udaaos,
3585 3813 3742 3884 quid

2057 3906 2347 3961 celebrent
2376 3904 2434 3958 in
2467 3902 2718 3958 Sabbato
2739 3901 2766 3954 ?
2795 3899 3260 3970 Respondebunt
3285 3917 3297 3954 :
3333 3921 3361 3948 ‹‹
3429 3899 3742 3971 Requiem

2055 3991 2305 4048 Domini.
2343 4013 2371 4040 »
2402 3990 2459 4046 Si
2491 3990 2740 4055 Graecos,
2773 3987 2930 4042 idem
2987 3991 3047 4042 et
3111 4003 3230 4041 non
3289 3985 3448 4041 aliud
3493 3987 3740 4044 dicent.

2058 4083 2203 4152 Ergo
2235 4083 2344 4135 sub
2376 4077 2649 4134 servitute
2677 4075 2825 4148 legis
2855 4079 3014 4130 sunt.
3049 4076 3112 4130 In
3163 4075 3338 4145 cujus
3395 4075 3631 4130 umbra
3683 4085 3746 4134 et

2055 4169 2313 4226 tenebris
2345 4166 2751 4222 consederunt.

2130 4258 2199 4312 XI
2229 4256 2445 4312 Deinde
2471 4258 2604 4325 post
2633 4253 2838 4308 inanes
2893 4251 3146 4308 latratus
3204 4267 3387 4324 super
3427 4255 3737 4312 vocabulo

2059 4345 2248 4418 panis,
2275 4343 2554 4400 reduxisti
2579 4341 2747 4398 nobis
2771 4357 2958 4396 annos
2975 4341 3048 4396 ab
3069 4341 3238 4396 initio
3261 4342 3506 4410 mundi,
3539 4359 3740 4415 usque

2061 4433 2130 4489 ad
2164 4432 2494 4504 passionem
2521 4429 2760 4494 Christi,
2796 4428 3032 4500 quando
3062 4429 3400 4484 secundum
3431 4433 3492 4484 te
3529 4431 3742 4502 cyclus

2061 4521 2270 4578 solaris
2301 4523 2424 4574 erat
2451 4535 2590 4574 xvm
2620 4525 2674 4572 et
2695 4517 2845 4572 lunae
2867 4533 2900 4571 v
2931 4533 2943 4572 :
2970 4521 3037 4571 ut
3063 4517 3172 4571 hoc
3193 4516 3406 4572 saltem
3441 4517 3743 4590 ﬁgmento

303 4611 521 4660 costam
555 4605 767 4661 Christi
803 4606 1240 4661 immaculatam
1292 4606 1547 4662 dixeris?
1587 4607 1644 4662 Si
1680 4625 1780 4678 pro
1813 4625 1946 4664 san-
1980 4633 2031 4694 ι)
2059 4610 2249 4682 possis
2280 4609 2520 4664 evadere
2551 4622 2684 4661 cum
2717 4606 3001 4661 fermento
3025 4608 3150 4672 tuo,
3175 4605 3552 4676 quasijuxta
3585 4607 3742 4663 hanc

306 4692 503 4748 ctitate
534 4700 590 4749 et
611 4693 972 4749 innocentia:
1008 4694 1224 4765 optime
1254 4713 1266 4762 ;
1303 4693 1352 4748 si
1374 4699 1567 4750 autem
1593 4711 1694 4765 pro
1715 4713 1780 4751 eo
1799 4699 1952 4768 quod

307 4781 772 4852 impenetrabilis
805 4784 954 4836 ferro
986 4783 1128 4838 fuit:
1181 4782 1467 4854 pessime;
1521 4783 1662 4854 quia
1710 4785 1780 4838 de
1823 4800 1955 4840 vero

305 4868 543 4923 vulnere
570 4887 790 4937 verum,
825 4888 938 4924 non
971 4871 1430 4942 phantasticum,
1475 4872 1822 4942 sanguinem
1851 4889 1954 4944 pro

307 4954 477 5008 nobis
509 4956 674 5010 fudit.
703 4958 770 5010 Et
793 4975 904 5013 non
929 4959 998 5013 de
1021 4965 1200 5025 costa,
1236 4959 1386 5013 sicut
1415 4964 1476 5013 tu
1509 4959 1738 5028 scribis,
1764 4960 1860 5015 sed
1885 4961 1956 5016 de

305 5039 506 5106 latere,
527 5044 664 5112 quia
685 5061 749 5098 os
777 5046 1122 5116 sanguinem
1145 5064 1260 5102 non
1285 5045 1432 5100 solet
1465 5047 1747 5112 emittere,
1767 5063 1870 5102 nec
1891 5065 1954 5104 os

309 5129 740 5185 comminutum
773 5133 882 5186 fuit
911 5151 978 5188 ex
1008 5133 1309 5188 Dominico
1340 5150 1597 5203 corpore.

379 5217 522 5272 VIII.
557 5217 840 5274 Caeterum
875 5223 1030 5291 quod
1062 5221 1231 5292 panis
1281 5221 1356 5274 sit
1402 5227 1460 5274 et
1509 5219 1737 5274 dicatur
1777 5221 1952 5277 etiam

309 5321 570 5377 azymus,
601 5311 658 5361 et
689 5309 839 5378 quod
877 5325 987 5363 non
1021 5325 1155 5362 cum
1204 5306 1654 5378 Theupaschitis
1701 5307 1758 5361 in
1791 5325 1958 5366 sacra

309 5393 600 5450 oblatione
632 5413 916 5462 erremus,
951 5401 1007 5450 et
1055 5397 1211 5466 quod
1255 5411 1372 5450 non
1421 5411 1690 5465 azymum
1745 5399 1956 5454 veteris

311 5479 478 5549 legis,
498 5484 598 5536 sed
622 5483 976 5539 sinceritatis
998 5487 1054 5538 et
1072 5483 1332 5538 veritatis
1372 5483 1770 5550 comedamus,
1799 5487 1952 5555 quod

311 5581 425 5634 que
465 5573 654 5623 vetera
701 5573 1077 5638 transierunt,
1129 5577 1185 5625 et
1233 5573 1384 5626 facta
1429 5575 1568 5626 sunt
1615 5589 1779 5641 nova,
1812 5575 1955 5631 satis

313 5653 643 5708 ostenditur
673 5655 730 5711 in
763 5659 877 5716 alia
907 5663 1108 5716 nostra
1139 5658 1404 5732 epistola.

2063 4697 2538 4769 supputationem
2593 4699 2779 4760 tuam,
2813 4699 3082 4748 occurrat
3137 4693 3198 4748 in
3247 4694 3431 4750 Ccena
3493 4699 3740 4753 Domini

2064 4785 2206 4842 luna
2259 4802 2383 4852 xm,
2445 4785 2504 4838 in
2561 4799 2678 4854 qua
2731 4783 2996 4838 nondum
3027 4783 3389 4838 fermentum
3423 4783 3742 4856 abjecerat

2065 4875 2229 4948 plebs
2259 4875 2516 4929 Hebraea.
2551 4871 2660 4927 Sed
2687 4887 2794 4927 nos
2823 4871 3290 4943 chronographis
3317 4876 3376 4926 et
3397 4871 3740 4932 calculato-

2063 4965 2226 5019 ribus
2254 4961 2397 5017 talia
2427 4960 2842 5031 relinquentes,
2865 4959 3118 5014 maxime
3141 4975 3274 5014 cum
3301 4961 3466 5030 apud
3491 4961 3740 5019 Graecos

2063 5056 2121 5107 et
2151 5051 2385 5106 Latinos
2417 5053 2592 5120 atque
2619 5047 2884 5102 Hebraea
2941 5046 3181 5102 diversae
3240 5048 3313 5102 de
3346 5051 3742 5120 temporibus

2064 5141 2393 5196 habeantur
2451 5137 2742 5192 rationes:
2797 5134 2908 5190 hoc
2963 5139 3197 5190 tantum
3255 5135 3552 5204 dicimus,
3591 5141 3740 5210 quia

2063 5229 2329 5285 Christus
2358 5241 2460 5280 nec
2491 5241 2674 5280 unum
2705 5223 2824 5278 iota
2843 5227 2944 5277 aut
2965 5223 3190 5294 apicem
3213 5223 3430 5279 veteris
3447 5223 3617 5298 legis
3651 5245 3745 5284 re-

2063 5317 2251 5372 solvit.
2284 5315 2446 5371 Unde
2474 5319 2532 5369 et
2561 5329 2657 5368 xxv
2685 5311 2826 5367 luna
2853 5312 2925 5366 ad
2955 5327 3266 5382 vesperum
3321 5311 3548 5383 quinta
3587 5318 3745 5372 Sab-

2064 5405 2186 5461 hati
2209 5403 2429 5458 Pascha
2457 5399 2785 5467 celebravit,
2819 5401 2875 5454 et
2904 5413 3038 5453 mox
3089 5399 3296 5454 eadem
3354 5405 3542 5456 nocte
3573 5419 3742 5460 com-

2063 5489 2407 5562 prehensus,
2439 5485 2754 5543 crucifixus
2775 5489 2863 5541 est
2887 5485 3330 5555 quintadecima
3349 5485 3528 5554 luna,
3551 5489 3618 5546 id
3653 5499 3744 5549 est

2063 5582 2224 5634 sexta
2253 5575 2509 5645 Sabbati,
2543 5591 2666 5646 quae
2693 5571 3022 5646 specialiter
3041 5573 3350 5630 dicebatur
3373 5576 3590 5646 prima
3613 5581 3744 5638 dies

2063 5669 2418 5737 azymorum.
2451 5662 2724 5730 Quamvis
2753 5665 2810 5718 et
2839 5661 2898 5717 in
2927 5665 3048 5718 tota
3080 5663 3452 5734 pracedente
3485 5665 3618 5736 die,
3685 5671 3742 5726 id
