3876 6348
176 448 293 516 989

1514 444 1830 509 CONTRA
1871 441 2252 508 NICETAM.

3457 449 3580 516 990

177 589 268 642 est
296 587 502 658 quarta
530 583 760 641 decima
788 583 949 652 luna,
985 582 1392 640 fermentatum
1423 599 1540 637 non
1572 597 1816 653 appare-
1845 581 1901 647 Α
2002 583 2142 638 XVI.
2178 581 2322 638 Hinc
2353 581 2657 639 videamus
2680 580 2733 638 si
2755 580 3026 642 nonestis
3047 581 3402 652 Sabbatiani,
3431 602 3581 658 quos

177 678 265 731 ret
295 675 352 731 in
383 675 660 732 omnibus
687 675 905 730 ﬁnibus
945 673 1143 731 Israel.
1185 673 1332 728 Nam
1363 676 1418 728 et
1457 689 1645 744 agnus
1688 685 1822 725 cum

178 766 395 838 azymis
427 765 862 821 comedebatur.
887 764 1048 829 Quod
1081 763 1128 819 si
1153 764 1322 835 juxta
1352 766 1514 818 tuam
1547 760 1822 816 assertio-

178 872 309 911 nem
339 855 610 911 Christus
654 854 879 910 Pascha
908 854 1041 909 fecit
1069 851 1478 909 tertiadecima
1511 850 1652 904 luna
1689 865 1822 904 cum

177 944 544 1010 fermentato,
578 943 889 1015 dupliciter
936 959 1069 998 reus
1103 941 1248 1009 fuit;
1292 942 1454 1012 juste
1490 938 1824 1011 puniendus

175 1033 503 1088 secundum
525 1031 734 1104 legem,
759 1033 898 1104 quia
920 1031 1141 1087 Pascha
1172 1030 1304 1086 fecit
1331 1030 1387 1083 in
1420 1033 1678 1099 tempore
1711 1044 1825 1082 non

177 1138 309 1190 suo,
361 1126 419 1176 et
464 1120 601 1193 quia
658 1137 792 1175 cum
846 1121 1209 1176 fermentato.
1263 1120 1628 1189 QuaprOpter
1668 1132 1826 1171 mors

179 1211 309 1282 ejus
342 1208 486 1264 nihil
521 1209 689 1265 nobis
728 1210 1000 1276 conferet,
1036 1208 1134 1280 qui
1176 1225 1290 1263 non
1325 1224 1426 1278 pro
1466 1204 1682 1260 nostris
1727 1206 1826 1260 sed

181 1316 286 1372 pro
321 1299 446 1355 suis
477 1299 729 1372 peccatis
759 1298 1000 1365 interiit,
1048 1297 1270 1354 scilicet
1301 1297 1441 1369 quia
1491 1295 1600 1351 fuit
1631 1299 1828 1349 trans-

182 1404 419 1461 grossor
447 1393 658 1444 θεωρία)
689 1389 852 1459 legis.
877 1388 987 1442 Sed
1011 1387 1079 1442 de
1111 1387 1203 1440 his
1227 1385 1369 1441 alias
1396 1384 1626 1456 copiose
1649 1383 1826 1438 disse-

185 1477 439 1532 ruimus.

264 1572 378 1627 ΧΠ.
412 1568 629 1624 Deinde
654 1567 701 1622 si
724 1565 978 1636 exceptis
1001 1568 1223 1635 septem
1257 1564 1464 1619 diebus
1491 1561 1677 1618 Judaei
1709 1565 1827 1617 toto

180 1679 334 1720 anno
361 1659 798 1720 fermentatum,
823 1659 886 1709 ut
913 1653 1151 1718 asseris,
1185 1652 1500 1707 comedunt
1531 1650 1664 1722 quis
1691 1666 1828 1704 con-

179 1748 508 1807 venientius
556 1746 729 1800 debet
769 1743 956 1815 argui,
1004 1741 1101 1797 ille
1132 1741 1232 1812 qui
1282 1739 1528 1794 minimo
1571 1743 1829 1809 tempore

183 1855 284 1896 eos
339 1836 604 1891 imitatur
652 1833 711 1887 in
753 1831 993 1903 azymis,
1051 1848 1124 1884 an
1160 1828 1257 1884 ille
1289 1829 1389 1899 qui
1441 1831 1557 1882 toto
1589 1844 1740 1882 anno
1772 1826 1830 1882 in

184 1921 592 1983 fermentatis?
627 1920 792 1976 Absit
813 1924 1007 1973 tamen
1029 1923 1091 1972 ut
1114 1933 1313 1972 eorum
1337 1916 1629 1971 carnalem
1655 1915 1832 1970 ritum
1864 1950 1914 2016 Β

185 2015 247 2071 in
279 2013 478 2084 aliquo
502 2009 803 2064 imitemur
827 2008 838 2061 Σ

257 2101 410 2158 XIII.
447 2099 664 2154 Verum
697 2095 972 2168 quoniam
1027 2093 1388 2166 labyrintheo
1431 2109 1624 2148 errore
1656 2093 1834 2148 duce-

185 2192 290 2260 ris,
324 2193 390 2245 ut
427 2203 582 2244 nunc
612 2203 729 2258 qua
758 2185 957 2240 exibas
993 2186 1190 2249 intres,
1229 2199 1385 2237 nunc
1427 2198 1543 2252 qua
1575 2182 1835 2238 intrabas

185 2297 379 2345 exeas,
413 2278 625 2333 iterum
675 2275 940 2330 eamdem
993 2273 1146 2326 viam
1195 2271 1356 2337 teris,
1400 2270 1598 2327 dicens
1645 2289 1658 2325 :
1715 2294 1740 2320 ‹‹
1774 2272 1834 2326 Si

185 2368 473 2425 traditum
505 2364 668 2422 vobis
700 2363 810 2418 fuit
841 2362 911 2417 ab
944 2360 1225 2434 apostolis
1271 2361 1570 2414 comedere
1612 2377 1834 2432 azyma,

188 2456 485 2530 quomodo
541 2451 766 2525 Agatho
825 2467 973 2522 papa
1020 2455 1225 2516 vester,
1274 2464 1590 2520 praesessor
1621 2454 1835 2504 sanctaa

188 2551 363 2604 sextae
407 2542 636 2616 synodi,
670 2557 804 2595 eum
846 2537 1122 2610 Gregorio
1165 2537 1681 2610 Agrigentinorum
1717 2537 1836 2610 epi-

187 2651 365 2706 scopo
415 2636 472 2687 et
519 2629 648 2685 aliis
697 2627 988 2697 Patribus,
1034 2631 1236 2682 contra
1282 2643 1484 2698 azyma
1529 2643 1599 2680 ne
1632 2627 1838 2681 ﬁerent

186 2725 380 2796 legem
412 2720 653 2796 statuit?
687 2740 713 2765 ››
753 2716 924 2786 Audi,
969 2716 1166 2780 stulte,
1211 2732 1355 2770 vane
1393 2733 1404 2769 :
1441 2732 1554 2770 non
1607 2719 1837 2770 tantum

189 2813 264 2868 ab
298 2807 597 2882 apostolis,
632 2810 917 2877 quantum
951 2804 1024 2858 ab
1047 2803 1173 2876 ipso
1205 2804 1447 2858 Domino
1476 2808 1676 2859 nostro
1698 2805 1837 2858 Jesu

185 2900 420 2956 Christo
465 2895 747 2952 traditum
778 2897 865 2948 est
905 2893 1098 2957 nobis,
1143 2909 1346 2964 azyma
1385 2910 1502 2948 non
1535 2894 1605 2948 de
1653 2893 1838 2948 Phase

187 2989 440 3048 Judaico
473 2984 798 3050 comedere,
829 2982 931 3038 sed
963 2983 1034 3036 de
1055 2981 1278 3036 Pascha
1308 2981 1632 3037 Christiano
1664 2981 1839 3054 perci-

239 3094 354 3134 ere.

193 3096 412 3222 PeXeIV
445 3164 559 3220 Nec
593 3161 671 3217 rei
701 3164 969 3216 tenemur
998 3157 1097 3213 illo
1131 3159 1285 3230 quod
1318 3158 1582 3229 objecisti
1610 3175 1734 3230 cap.
1781 3160 1841 3214 11

197 3259 372 3315 sextae
418 3251 644 3324 synodi,
679 3250 878 3304 dicens
909 3265 920 3302 :
960 3273 985 3297 ‹‹
1020 3248 1200 3303 Nemo
1232 3247 1290 3302 in
1324 3247 1668 3302 sacerdotali
1710 3265 1842 3303 con-

1936 677 2398 729 commemorant
2450 673 2646 728 Patres
2688 678 2904 730 sancta;
2946 673 3163 746 quintae
3211 675 3437 748 synodi.
3471 676 3578 731 Re-

1934 761 2300 834 prehendens
2320 761 2474 817 enim
2490 779 2596 817 nos
2615 779 2722 818 cur
2731 764 3074 835 jejunemus
3096 764 3387 830 Sabbatis,
3413 763 3580 820 dicis:

1942 873 1968 905 ιι
1999 851 2216 915 Quarta
2253 856 2310 906 et
2357 855 2520 907 sexta
2553 850 2696 908 feria
2729 853 2960 925 jugiter
2991 854 3385 924 jejunandum
3420 872 3432 909 :
3468 871 3585 909 una

1935 944 2170 1013 propter
2197 940 2589 1006 traditionem,
2624 940 2807 996 altera
2838 946 3074 1014 propter
3104 943 3440 1014 passionem
3474 943 3584 998 Do-

1938 1029 2104 1096 mini,
2139 1029 2388 1085 Sabbato
2421 1035 2615 1085 autem
2650 1047 2957 1102 nunquam
2997 1030 3110 1085 nisi
3145 1048 3282 1086 uno.
3317 1054 3344 1080 »
3376 1031 3447 1086 Et
3476 1031 3586 1086 hoc

1939 1134 2194 1174 asserere
2233 1118 2461 1174 conaris
2492 1123 2548 1174 et
2585 1119 2932 1191 apocryphis
2961 1118 3128 1175 libris
3160 1124 3218 1174 et
3257 1121 3587 1175 eanonibus

1939 1207 2064 1279 pari
2097 1206 2383 1261 sententia
2411 1211 2743 1262 sanctorum
2778 1212 3013 1262 Patrum
3063 1207 3402 1279 repudiatis.
3436 1209 3584 1264 Nam

1941 1295 2252 1351 Clementis
2281 1294 2448 1361 liber,
2470 1295 2524 1349 id
2557 1300 2662 1359 est,
2685 1295 3043 1350 itinerarium
3074 1296 3224 1351 Petri
3249 1296 3492 1366 apostoli
3526 1303 3585 1352 et

1941 1401 2194 1440 canones
2225 1383 2618 1455 apostolorum
2651 1386 3198 1440 numeranturinter
3227 1386 3579 1457 apocrypha,

1939 1473 2191 1544 exceptis
2223 1471 2493 1544 capitulis
2534 1472 2980 1544 quinquaginta,
3029 1491 3154 1544 qua:
3208 1475 3586 1530 decreverunt

1939 1562 2158 1635 regulis
2190 1561 2528 1618 orthodoxis
2559 1563 2950 1633 adjungenda.
2987 1563 3147 1617 Unde
3201 1581 3304 1617 nos
3353 1580 3583 1634 quoque

1941 1667 2112 1708 omne
2142 1650 2513 1723 apocryphon
2545 1650 2906 1721 abjicientes,
2955 1651 3346 1722 dedignamur
3388 1653 3588 1708 audire

1941 1758 2141 1798 eorum
2175 1740 2472 1796 Iabulosas
2503 1741 2870 1808 traditiones,
2905 1741 3043 1812 quia
3083 1758 3198 1796 non
3231 1745 3369 1796 sunt
3409 1747 3474 1797 ut
3502 1741 3592 1797 lex

1943 1830 2192 1886 Domini.
2227 1832 2588 1901 Quapropter
2609 1829 2702 1884 his
2733 1829 2989 1897 omissis,
3023 1829 3083 1885 in
3115 1829 3296 1885 altera
3322 1831 3588 1903 epistola,

1943 1919 2072 1974 vide
2111 1919 2250 1990 quid
2304 1918 2608 1974 sentierint
2658 1919 2729 1974 de
2782 1919 3032 1974 Sabbato
3082 1919 3233 1974 beati
3278 1923 3335 1975 et
3364 1919 3590 1991 antiqui

1945 2007 2248 2080 pontiﬁces
2298 2007 2563 2074 Romani,
2597 2007 2871 2063 Silvester
2900 2012 2956 2062 et
3007 2009 3393 2075 Innocentius,
3443 2025 3592 2080 quo-

1947 2113 2076 2152 rum
2108 2095 2403 2152 sententiae
2449 2097 2739 2151 sententia
2779 2097 3098 2168 Agathonis
3137 2097 3405 2168 quamvis
3453 2115 3589 2153 san-

1946 2184 2194 2240 ctissimi
2239 2183 2572 2240 nullatenus
2631 2185 2948 2256 praefertur.
3007 2185 3122 2240 Sed
3179 2186 3331 2241 absit
3379 2190 3444 2240 ut
3489 2186 3594 2242 ali-

1947 2275 2180 2346 quando
2208 2274 2498 2329 contraria
2519 2274 2604 2329 eis
2626 2273 2849 2345 Agatho
2872 2273 3155 2329 sensisset
3179 2274 3190 2328 ι
3215 2276 3281 2330 Et
3302 2280 3498 2331 tamen
3531 2275 3591 2330 in

1947 2364 2076 2430 hoc,
2110 2363 2262 2418 sicut
2290 2366 2348 2417 et
2375 2361 2435 2416 in
2467 2362 2598 2416 aliis
2631 2361 2868 2427 falleris,
2915 2363 3069 2434 quod
3111 2379 3244 2418 eum
3283 2381 3592 2436 przesesso-

1949 2469 2072 2508 rem
2105 2451 2264 2506 illius
2295 2449 2501 2522 synodi
2536 2450 2717 2505 fuisse
2762 2451 2931 2516 dicis,
2978 2468 3114 2505 cum
3144 2455 3375 2508 tantum
3421 2454 3594 2526 legati

1949 2543 2078 2613 ejus
2125 2540 2317 2595 eidem
2366 2539 2585 2611 synodo
2633 2539 3029 2611 prmsederint.
3077 2541 3253 2610 Cujus
3302 2546 3466 2614 gesta
3505 2543 3597 2598 hic

1950 2627 2292 2686 summatim
2326 2627 2541 2700 placuit
2573 2627 2769 2683 inseri.

2017 2717 2188 2773 XVII.
2221 2718 2502 2789 Tempore
2533 2716 2919 2785 Constantini,
2950 2717 3053 2772 ﬁlii
3083 2719 3445 2774 Constantini
3480 2705 3593 2775 im-

1949 2805 2251 2879 peratoris,
2285 2822 2436 2860 anno
2471 2804 2701 2877 imperii
2726 2806 2853 2876 ejus
2886 2805 3134 2877 septimo
3165 2806 3411 2875 decimo,
3449 2809 3593 2880 Aga-

1948 2895 2048 2950 tho
2079 2911 2250 2967 papa,
2270 2910 2339 2948 ex
2360 2897 2564 2964 rogatu
2597 2893 2987 2962 Constantini,
3024 2895 3268 2950 Heraclii
3295 2901 3352 2951 et
3379 2897 3594 2953 Tiberii

1952 2983 2284 3056 principum
2333 2983 2760 3054 piissimorum,
2810 2982 2972 3039 misit
3014 2984 3072 3038 in
3122 2985 3343 3057 regiam
3393 2987 3595 3042 urbem

1953 3071 2174 3145 legatos
2215 3089 2371 3127 suos.
2404 3072 2468 3127 In
2503 3071 2717 3143 quibus
2750 3076 2874 3127 erat
2903 3073 3157 3128 Joannes
3205 3073 3472 3131 Romanae
3506 3077 3600 3131 Ec-

1957 3161 2142 3216 clesia:
2190 3164 2330 3216 tunc
2387 3161 2690 3230 diaconus,
2738 3160 2910 3233 longe
2959 3167 3090 3233 post
3136 3162 3466 3235 episcopus,
3499 3181 3600 3236 pro

1961 3249 2312 3306 adunatione
2362 3241 2640 3305 facienda
2672 3254 3008 3305 sanctarum
3037 3250 3138 3306 Dei
3185 3251 3595 3308 Ecclesiarum.

201 3319 463 3405 stitutus
494 3319 714 3406 ordine,
762 3342 864 3392 aut
903 3337 1088 3392 laicus
1129 3352 1197 3391 ea
1244 3353 1370 3407 qua:
1420 3336 1576 3407 apud
1615 3337 1848 3392 Judazos
1879 3319 1922 3386 (ἶ
1962 3338 2503 3411 Quibenignissime
2525 3339 2774 3408 suscepti
2800 3355 2832 3393 a
2863 3339 3598 3396 reverendissimoﬁdeica-

204 3437 345 3493 sunt
372 3447 576 3504 azyma
614 3427 898 3494 comedat,
933 3430 1033 3480 aut
1065 3442 1197 3480 cum
1240 3424 1323 3478 eis
1371 3423 1612 3490 habitet,
1658 3429 1757 3479 aut
1790 3425 1846 3479 in

201 3519 646 3580 inﬁrmitatibus
670 3535 766 3572 eos
795 3515 1015 3581 invitet,
1040 3517 1142 3569 aut
1163 3512 1514 3568 medicinam
1543 3513 1612 3567 ab
1646 3513 1728 3568 eis
1755 3531 1847 3569 ac-

201 3612 403 3685 cipiat,
434 3608 521 3665 vel
556 3609 615 3662 in
647 3605 872 3662 balneis
904 3621 1037 3659 cum
1071 3603 1153 3658 eis
1184 3601 1425 3657 lavetur.
1460 3600 1515 3654 Si
1544 3600 1674 3672 quis
1724 3601 1845 3657 hcce

199 3700 409 3773 egerit,
440 3697 733 3769 siquidem
765 3693 1011 3750 clericus
1041 3691 1235 3757 fuerit,
1265 3691 1591 3760 deponatur
1624 3706 1637 3743 :
1667 3689 1712 3744 si
1748 3707 1848 3744 au-

199 3797 324 3847 tem
373 3787 578 3852 laicus,
630 3787 1046 3856 sequestretur.
1100 3803 1126 3827 ››
1159 3779 1298 3845 Quis
1347 3783 1636 3845 nostrum,
1684 3795 1843 3850 rogo,

201 3895 409 3952 azyma
439 3893 567 3949 quae
600 3873 754 3946 apud
800 3871 1029 3928 Judaeos
1061 3872 1198 3924 sunt
1238 3866 1526 3922 comedit?
1571 3867 1845 3930 Quamvis

199 3968 362 4025 enim
394 3965 621 4037 reliqua
649 3959 888 4034 capituli
931 3959 1110 4030 hujus
1155 3957 1553 4024 observemus,
1585 3955 1728 4010 illud
1762 3960 1843 4011 ta-

200 4073 338 4114 men
367 4071 542 4127 super
571 4051 770 4108 omnia
799 4051 869 4104 de
901 4047 1118 4119 azymis
1150 4047 1548 4102 observamus.

276 4145 391 4200 XV.
427 4143 536 4199 Sed
571 4141 707 4214 quid
740 4139 942 4195 dices?
988 4137 1190 4192 Nonne
1239 4150 1489 4206 magnus
1531 4133 1780 4189 Basilius
1813 4151 1846 4190 a

196 4231 418 4305 Joseph
443 4231 644 4286 Judzeo
678 4226 1027 4282 medicinam
1053 4222 1350 4279 multoties
1381 4220 1638 4293 accepit?
1659 4225 1721 4276 tu
1745 4239 1845 4277 au-

200 4329 321 4378 tem
355 4321 504 4377 sicut
535 4316 804 4373 diabolus
837 4314 1154 4387 psalmum,
1190 4312 1270 4368 ita
1319 4311 1655 4383 exponendo
1687 4313 1849 4384 capi-

213 4411 403 4469 tulum
436 4405 792 4480 subjunxisti
819 4423 832 4460 :
879 4428 906 4454 «
937 4404 1043 4470 Qui
1075 4419 1210 4475 ergo
1243 4418 1511 4474 azymum
1533 4401 1764 4457 conﬁcit
1794 4408 1852 4458 et

199 4500 476 4568 comedit,
501 4497 768 4570 quamvis
799 4495 908 4550 hoc
935 4512 1047 4549 non
1075 4490 1358 4563 acceperit
1387 4509 1420 4548 a
1445 4491 1682 4555 Judaeis,
1717 4492 1847 4547 imi-

199 4593 355 4647 tator
383 4592 578 4645 tamen
610 4586 947 4642 Judaeorum
981 4588 1088 4651 est,
1122 4581 1270 4637 sicut
1300 4585 1354 4636 et
1385 4581 1435 4636 is
1468 4580 1568 4652 qui
1599 4581 1848 4636 cireum-

1955 3427 2183 3484 tholica:
2214 3427 2517 3482 defensore
2545 3426 2942 3495 Constantino,
2970 3427 3123 3496 jussi
3163 3432 3301 3482 sunt
3331 3429 3596 3485 remissis

1956 3515 2451 3588 disputationibus
2474 3514 2913 3587 philosOphicis,
2944 3515 3183 3586 paciﬁco
3219 3515 3596 3589 colloquiode

1956 3606 2069 3660 ﬁde
2101 3622 2235 3660 vera
2272 3604 2626 3676 perquirere,
2658 3604 2809 3658 datis
2837 3603 2921 3659 eis
2953 3604 3021 3659 de
3050 3604 3402 3662 bibliotheca
3447 3609 3594 3664 Con-

1956 3693 2475 3765 stantinopolitana
2503 3693 2726 3747 cunctis
2757 3692 3134 3764 antiquorum
3158 3694 3415 3764 Patrum,
3449 3713 3596 3768 quos

1956 3783 2250 3857 petebant,
2282 3781 2515 3836 libellis.
2543 3781 2871 3836 Adfuerunt
2900 3787 3096 3837 autem
3119 3787 3176 3837 et
3195 3783 3449 3855 episeOpi
3471 3785 3493 3840 ιΙ
3505 3787 3594 3852 50,

1955 3872 2300 3945 praesidente
2331 3869 2605 3942 Gregorio
2638 3870 2805 3942 regia:
2842 3871 3002 3925 urbis
3033 3871 3277 3942 prmsule
3306 3877 3363 3926 et
3391 3874 3596 3928 Antio-

1955 3961 2097 4017 chia:
2128 3958 2438 4015 Macbario.
2464 3958 2791 4013 Etconvicti
2818 3964 2957 4013 sunt
2987 3959 3085 4030 qui
3120 3977 3294 4016 unam
3326 3960 3598 4016 volunta-

1955 4057 2073 4106 tem
2098 4054 2154 4105 et
2191 4048 2585 4120 operationem
2615 4047 2960 4103 astruebant
2989 4048 3048 4102 in
3075 4049 3323 4116 Christo,
3358 4049 3599 4106 falsasse

1958 4141 2192 4196 Patrum
2222 4137 2644 4192 catholicorum
2675 4136 2832 4192 dicta
2863 4154 2965 4209 per
2987 4137 3261 4209 plurima.
3283 4138 3470 4195 Finito
3503 4156 3600 4195 au-

1957 4233 2076 4285 tem
2108 4226 2400 4297 conﬂictu,
2432 4243 2499 4281 ea
2528 4226 2669 4281 hora
2699 4230 2874 4281 tanta:
2896 4244 3241 4282 aranearum
3262 4227 3387 4283 telas
3407 4229 3464 4283 in
3489 4245 3600 4284 me-

1958 4317 2120 4372 dium
2153 4315 2350 4388 populi
2382 4315 2741 4382 ceciderunt,
2777 4321 2844 4371 ut
2871 4332 3076 4371 omnes
3108 4317 3477 4373 mirarentur.
3526 4319 3600 4371 Ac

1959 4423 2061 4478 per
2089 4405 2198 4460 hoc
2227 4405 2621 4476 signiﬁcatum
2645 4408 2734 4458 est
2757 4404 2913 4475 quod
2944 4405 3144 4460 sordes
3174 4405 3452 4460 haeretica:
3477 4421 3602 4476 pra-

1957 4495 2152 4550 vitatis
2177 4493 2428 4566 depulsae
2459 4497 2673 4548 essent.
2710 4493 2774 4547 Et
2807 4493 3120 4564 Gregorius
3153 4494 3387 4564 quidem
3417 4511 3602 4550 corre-

1959 4587 2086 4639 ctus
2116 4589 2224 4652 est,
2258 4581 2587 4638 Maeharius
2620 4585 2813 4636 autem
2847 4596 2980 4635 cum
3003 4582 3128 4635 suis
3160 4582 3601 4652 sequacibussi-

199 4677 438 4736 ciditur.
476 4700 503 4726 ››
550 4675 784 4741 Perdes,
834 4672 1103 4739 Domine,
1134 4688 1338 4726 omnes
1379 4671 1481 4742 qui
1529 4669 1851 4741 loquuntur
1878 4691 1925 4756 D
1957 4672 2081 4728 mul
2113 4677 2170 4727 et
2192 4670 2734 4744 prazdecessoribus,
2765 4672 2908 4740 Cyro
2933 4671 3153 4741 Sergio,
3183 4670 3452 4738 Ilonorio,
3475 4671 3606 4743 Pyr-

202 4764 611 4825 mendacium!
637 4765 812 4836 (Psal.
836 4780 892 4831 v,
913 4761 991 4830 3.)
1014 4760 1289 4832 Nunquid
1315 4759 1589 4816 omnibus
1610 4760 1848 4816 omnino

199 4855 549 4914 Christianis
581 4850 950 4908 interdicitur
978 4866 1049 4904 ne
1071 4847 1384 4920 aliquando
1407 4848 1618 4904 alicubi
1647 4867 1849 4922 azyma

200 4945 533 5012 comedant,
569 4943 719 5000 sicut
747 4939 1117 4996 interdicitur
1158 4956 1228 4993 ne
1261 4955 1322 4994 se
1371 4937 1683 5010 aliquando
1730 4939 1847 4994 cir-

199 5032 586 5092 cumeidant?
616 5032 802 5096 Quare
833 5029 976 5085 hoc?
1017 5028 1156 5100 quia
1187 5027 1244 5082 in
1276 5027 1369 5083 his
1401 5027 1710 5084 imitantur
1748 5030 1846 5085 Ju-

198 5124 406 5181 dazos‘?
434 5120 820 5178 Coneedimus
863 5122 1058 5175 tamen
1101 5116 1608 5173 circumcisionem
1652 5118 1846 5174 solum

199 5213 386 5270 fuisse
431 5211 772 5268 Judaeorum
818 5225 831 5265 :
876 5210 1278 5264 verumtamen
1331 5223 1534 5278 azyma
1581 5207 1845 5263 omnium

200 5301 491 5377 gentium,
528 5317 652 5372 qua:
683 5303 746 5355 tu
770 5297 1061 5354 malitiose
1087 5313 1202 5351 non
1224 5295 1414 5351 solum
1443 5313 1476 5350 a
1497 5294 1711 5362 divina,
1746 5298 1845 5353 sed

199 5391 276 5448 ab
306 5390 568 5446 humana
614 5404 819 5444 mensa
866 5386 1104 5443 omnino
1144 5383 1396 5456 repellis.
1430 5384 1541 5440 Sed
1590 5385 1731 5456 quid
1764 5386 1847 5441 fa-

200 5480 344 5548 cies,
376 5495 408 5534 o
433 5477 814 5534 fermentate?
838 5475 1047 5541 Judaei,
1080 5490 1183 5529 ceu
1217 5471 1486 5545 superius
1519 5473 1844 5545 asseruisti,

201 5567 460 5640 exceptis
489 5571 714 5638 septem
745 5565 952 5622 diebus
985 5568 1102 5620 toto
1133 5580 1286 5619 anno
1314 5562 1726 5618 fermentatum
1759 5581 1846 5619 eo-

202 5657 534 5721 medebant,
567 5661 626 5712 et
655 5655 967 5728 aliquando
999 5653 1333 5712 offerebant.
1360 5652 1632 5723 Nunquid
1652 5657 1708 5709 et
1738 5653 1846 5708 hoc

198 5745 371 5806 tolles
405 5742 786 5810 hominibus?

1960 4763 2085 4827 rho,
2119 4760 2297 4816 Paulo
2327 4765 2383 4816 et
2414 4765 2582 4815 Petro
2613 4758 3112 4826 anathematizati,
3145 4765 3197 4814 et
3228 4760 3286 4814 in
3320 4759 3444 4815 loco
3477 4762 3606 4830 ejus

1953 4850 2368 4922 Theophanius
2390 4849 2570 4904 abbas
2594 4848 2663 4902 de
2677 4847 2879 4903 Cilicia
2898 4848 3209 4920 episcopus
3232 4848 3444 4904 factus.
3459 4851 3610 4904 Tan-

1955 4945 2130 5012 taque
2151 4938 2339 5011 gratia
2383 4937 2604 5010 legatos
2639 4935 2939 4992 catholica:
2984 4936 3144 5008 pacis
3192 4937 3473 4994 comitata
3497 4945 3610 5003 est,

1956 5035 2021 5085 ut
2047 5029 2303 5084 Joannes
2330 5025 2667 5082 Portuensis
2713 5025 3049 5097 episcopus,
3088 5028 3190 5098 qui
3221 5031 3344 5082 erat
3365 5044 3520 5082 unus
3545 5044 3610 5082 ex

1957 5118 2123 5191 ipsis,
2158 5115 2462 5172 Dominica
2491 5115 2707 5170 octavis
2738 5115 2973 5170 Paschze
3018 5117 3235 5172 missas
3267 5115 3530 5188 publicas
3552 5117 3608 5169 in

1959 5207 2208 5264 ecclesia
2227 5208 2446 5261 Sancta:
2481 5203 2707 5275 Sophia:
2732 5221 2928 5260 coram
2962 5205 3224 5276 principe
3253 5210 3310 5260 et
3338 5205 3607 5276 episcopo

1957 5297 2147 5368 ipsius
2169 5295 2332 5350 urbis
2352 5293 2550 5348 Latine
2569 5292 2908 5348 celebraret.
2927 5292 3004 5347 Eo
3021 5297 3276 5364 tempore
3293 5291 3606 5346 Damianus

1955 5385 2281 5442 Ticinensis
2304 5383 2567 5438 Ecclesiae
2591 5382 2902 5454 episcOpus
2924 5382 3035 5437 sub
3058 5381 3286 5436 nomine
3314 5379 3602 5434 Mansueti

1956 5472 2212 5546 episcopi
2258 5471 2521 5528 Ecclesia".-
2584 5471 2780 5526 Saueti
2843 5468 3159 5538 Michaelis,
3204 5468 3346 5522 satis
3397 5468 3602 5523 utilem

1955 5566 2238 5634 rectaeque
2271 5561 2404 5616 ﬁdei
2429 5559 2739 5633 epistolam
2764 5556 3105 5627 composuit,
3132 5573 3257 5627 qua:
3285 5555 3341 5609 in
3367 5555 3603 5627 prmiata

1955 5652 2178 5724 synodo
2212 5667 2327 5706 non
2364 5649 2652 5706 mediocre
2685 5645 3024 5717 sutl‘ragium
3052 5645 3206 5700 tulit.

2026 5740 2214 5799 XVIII.
2253 5740 2430 5798 Recta
2458 5742 2650 5796 autem
2683 5742 2738 5792 et
2768 5747 2898 5791 vera.
2926 5732 3242 5808 ﬁdesdhazc
3269 5737 3360 5792 est
3390 5750 3404 5793 :
3440 5731 3512 5790 Ut
3539 5730 3599 5790 in
