3876 6360
274 440 384 502 991

1286 433 1766 500 HUMBERTUS
1809 435 1870 498 S;
1918 435 1990 500 Η.

2039 438 2109 500 s.
2155 438 2646 508 CARDINALIS.
3607 437 3734 510 999

273 577 520 635 Domino
547 579 742 634 nostra
765 576 904 632 Jesu
927 575 1154 631 Christo
1175 575 1326 629 sicut
1345 575 1474 630 duae
1495 577 1632 630 sunt
1657 579 1896 642 naturae,
1928 571 1985 639 Α
2011 573 2339 647 liramenta,
2371 581 2427 635 et
2457 593 2586 652 qum
2606 582 2708 638 aut
2729 579 2983 640 ﬁnxistis
3011 571 3298 656 capitula,
3337 597 3496 639 eum
3527 579 3726 638 etiam

273 669 382 728 hoc
403 673 508 740 est,
535 670 632 726 Dei
645 675 700 726 et
719 669 993 738 hominis,
1018 669 1098 725 sic
1113 667 1282 725 etiam
1306 668 1430 722 duae
1449 669 1759 724 credantur
1777 685 1904 726 esse
1927 669 1936 680 ’

269 761 596 818 volantates
623 761 742 816 sive
761 760 1136 832 operationcs.
1165 759 1266 814 Vis
1290 759 1490 814 audire
1511 759 1902 829 quoddeitatis

272 851 404 906 est?
435 873 460 898 ‹‹
495 851 610 921 Ego
642 849 848 921 inquit,
885 853 940 904 et
969 850 1134 903 Pater
1173 864 1356 902 unum
1395 863 1603 902 sumus
1635 849 1810 918 (Joan.
1843 866 1900 916 Χ,

271 940 380 1010 30).
416 961 443 990 ››
475 939 576 994 Vis
607 938 805 994 audire
827 939 978 1008 quod
1001 935 1432 992 humanitatis?
1457 958 1484 986 ‹‹
1515 941 1682 991 Pater
1713 939 1898 1008 major

271 1044 364 1082 me
394 1031 479 1083 est
509 1031 678 1098 (Joan.
711 1045 823 1094 xxv,
848 1029 958 1096 28).
993 1050 1015 1078 »
1055 1026 1232 1081 Cerne
1264 1027 1584 1081 secundum
1627 1026 1896 1080 humani-

271 1123 448 1173 tatem
479 1133 610 1172 eum
633 1117 692 1170 in
724 1115 852 1172 navi
883 1116 1286 1170 dormientem.
1321 1117 1501 1170 Cerne
1532 1117 1658 1184 ejus
1689 1115 1898 1168 divini-

267 1209 439 1261 tatem
474 1222 604 1260 cum
636 1205 990 1275 evangelista
1034 1205 1172 1258 dicit
1207 1223 1218 1258 :
1253 1226 1280 1253 κ
1312 1205 1472 1258 Tunc
1516 1219 1761 1274 surgens
1791 1203 1898 1257 im-

267 1294 488 1364 peravit
535 1295 720 1349 ventis
764 1297 819 1349 et.
877 1293 1024 1349 mari
1069 1297 1123 1347 et
1185 1294 1333 1348 facta
1381 1297 1467 1346 est
1505 1293 1897 1364 tranquillitas

268 1399 476 1454 magna
508 1385 712 1452 (Matth.
747 1402 870 1448 vui,
901 1387 1011 1452 ‘26).
1047 1407 1074 1432 ››

337 1472 474 1526 XIX.
499 1473 626 1534 Haec
649 1477 910 1527 estsexta
929 1473 1184 1543 synodus
1209 1471 1549 1526 universalis
1571 1471 1898 1526 Constanti-

265 1563 462 1636 nopoli
493 1562 778 1618 celebrata
795 1567 850 1616 et
869 1563 1061 1616 Graeco
1085 1577 1350 1616 sermone
1372 1561 1713 1630 conscripta,
1747 1565 1894 1613 tem-

263 1654 502 1726 poribus
546 1669 704 1723 papa:
735 1651 1074 1723 Agathonis,
1117 1654 1462 1721 exsequente
1513 1666 1576 1704 ac
1609 1649 1896 1703 residente

264 1742 530 1814 piissimo
548 1741 804 1812 principe
827 1739 1366 1795 Constantinointra
1381 1738 1663 1810 palatium
1696 1753 1892 1804 suum,

263 1831 558 1903 simulque
585 1830 788 1901 legatis
838 1829 1163 1900 apostolicae
1204 1827 1356 1882 sedis
1387 1832 1442 1882 et
1471 1827 1756 1898 episcopis
1791 1829 1890 1881 150

261 1919 669 1986 residentibus,
703 1920 800 1990 qui
835 1934 1036 1972 omnes
1070 1917 1306 1988 quidem
1346 1916 1612 1970 haeresim
1654 1917 1891 1972 damna~
1923 1942 1970 2007 Β

258 2011 479 2064 verunt.
526 2011 684 2063 Tunc
725 2007 1026 2078 piissimus
1057 2005 1325 2077 princeps
1355 2005 1770 2060 Constantinus
1801 2005 1888 2059 in-

257 2097 565 2168 terrogavit
585 2113 681 2152 eos
699 2094 949 2167 qualiter
963 2095 1222 2150 Romana
1243 2093 1499 2148 Ecclesia
1521 2094 1591 2148 de
1609 2092 1890 2148 sacrificio

256 2185 512 2259 corporis
545 2184 915 2255 etsanguinis
936 2182 1164 2238 Domini
1189 2181 1372 2236 nostri
1394 2182 1528 2236 Jesu
1561 2181 1772 2237 Christi
1794 2197 1894 2235 or-

256 2275 450 2330 dinem
468 2274 727 2330 teneret?
751 2271 836 2326 Illi
851 2271 1304 2342 responderunt:
1332 2293 1360 2318 «
1385 2272 1444 2324 In
1467 2269 1642 2325 calice
1660 2269 1890 2324 Domini

255 2379 370 2418 non
381 2361 754 2417 debetsolum
769 2359 956 2413 oii‘erri
971 2358 1298 2423 vinum,sed
1311 2373 1462 2427 aqua
1475 2357 1888 2411 mistum.Nam

256 2451 306 2506 si
329 2450 520 2506 solum
539 2450 741 2504 vinum
766 2448 1022 2514 oil‘ertur,
1045 2447 1284 2517 sanguis
1304 2445 1513 2500 Christi
1537 2445 1746 2516 incipit
1762 2461 1892 2500 esse

256 2539 381 2596 sine
411 2538 600 2594 nobis.
627 2539 694 2592 Et
726 2537 771 2591 si
797 2535 992 2606 aliqua
1013 2552 1158 2606 pura
1179 2535 1435 2600 offertur,
1464 2534 1584 2588 sola
1605 2533 1769 2605 plebs
1801 2534 1888 2588 in-

254 2627 392 2699 cipit
423 2644 547 2681 esse
569 2626 692 2680 sine
714 2625 960 2680 Christo.
989 2623 1226 2687 Quando
1259 2626 1572 2692 utrumque
1604 2623 1887 2677 admisce-

253 2721 367 2784 tur,
402 2717 456 2769 id
488 2719 593 2782 est,
627 2714 826 2769 vinum
855 2716 908 2767 et
937 2729 1106 2782 aqua,
1133 2719 1272 2766 tunc
1303 2716 1734 2766 sacramentum
1769 2712 1886 2783 spi-

251 2803 459 2860 rituale
487 2803 801 2875 perficitur.
835 2800 1060 2856 Oblatio
1091 2817 1221 2856 vero
1263 2817 1386 2871 quae
1435 2799 1492 2853 in
1535 2799 1886 2854 sacriﬁcium

251 2892 448 2948 altaris
479 2895 738 2960 offertur,
771 2890 990 2945 nullam
1021 2888 1490 2944 commissionem
1523 2893 1626 2943 aut
1655 2904 1890 2959 corrup-

251 2983 466 3039 tionem
511 2980 778 3036 fermenti
829 2980 998 3034 debet
1037 2979 1268 3047 habere,
1313 2979 1464 3032 sicut
1509 2978 1676 3032 beata
1725 2977 1884 3050 virgo

251 3070 432 3127 Maria
457 3070 676 3140 absque
698 3068 856 3122 omni
887 3067 1250 3138 corruptione
1281 3066 1572 3121 Christum
1625 3067 1886 3137 concepit

251 3165 308 3216 et
338 3158 582 3231 peperit.
618 3157 761 3212 Hinc
791 3156 848 3210 in
882 3154 1130 3210 Ecclesia
1163 3171 1290 3210 mos
1330 3153 1580 3209 obtinuit
1611 3157 1676 3208 ut
1704 3155 1884 3209 sacri-

251 3248 446 3304 ﬁcium
479 3246 677 3303 altaris
696 3263 808 3300 non
841 3245 900 3299 in
931 3245 1113 3300 serico
1136 3247 1235 3298 aut
1265 3244 1320 3296 in
1345 3259 1535 3314 panno
1567 3243 1766 3313 tincto,
1783 3243 1881 3298 sed

250 3337 310 3392 iu
336 3337 454 3392 lino
484 3339 708 3391 terreno
731 3333 1070 3403 celebretur,
1101 3333 1250 3387 sicut
1274 3307 1482 3404 corpus
1513 3307 1883 3388 Domini'fuit
1913 3307 1955 3374 C

249 3426 306 3481 in
339 3425 580 3481 sindone
613 3424 832 3480 munda
863 3422 1176 3494 sepultum.
1210 3421 1304 3478 Sic
1334 3426 1390 3476 et
1425 3421 1635 3477 oblatio
1662 3421 1883 3476 munda

249 3516 418 3572 debet
437 3530 564 3572 esse
587 3531 622 3570 a
649 3515 950 3578 fermento,
967 3513 1136 3582 juxta
1167 3512 1319 3582 quod
1349 3511 1406 3566 in
1439 3512 1619 3582 gestis
1649 3512 1882 3583 pontiﬁ-

250 3604 472 3660 calibus
502 3621 536 3658 a
565 3605 730 3657 beato
772 3601 1042 3656 Silvestro
1074 3601 1324 3671 legimus
1354 3615 1482 3654 esse
1515 3603 1817 3654 statutum.
1853 3623 1873 3648 »

247 3695 410 3749 Tunc
441 3691 656 3764 placuit
675 3690 940 3761 piissimo
959 3687 1204 3760 principi
1223 3688 1602 3744 Constantino
1621 3688 1741 3743 haec
1772 3693 1882 3744 tra-

249 3783 390 3838 ditio
412 3780 738 3854 apostolicae
760 3780 933 3836 sedis.
969 3780 1108 3834 Ecce
1135 3777 1305 3832 istius
1326 3781 1382 3832 ct
1413 3795 1511 3832 sex
1543 3782 1880 3834 caeterarum

247 3873 602 3944 synodorum
635 3870 907 3925 omnibus
938 3867 1154 3923 sanctis
1179 3865 1440 3920 Patrihus
1463 3869 1518 3920 et
1549 3867 1881 3922 orthodoxis

249 3961 717 4032 imperatoribus,
752 3975 854 4030 per
883 3957 1080 4013 omnia
1122 3954 1338 4027 placuit
1369 3956 1513 4009 ﬁdes
1551 3959 1606 4010 et
1647 3957 1882 4011 traditio

249 4047 580 4121 apostolicae
624 4047 797 4103 sedis.
833 4049 901 4102 Et
929 4051 993 4101 tu
1027 4045 1126 4116 qui
1158 4061 1239 4111 es,
1275 4044 1364 4098 cui
1415 4043 1724 4114 displicet?
1771 4046 1878 4101 Sed

245 4137 517 4193 volumus
547 4135 705 4190 dicas
741 4152 752 4190 :
786 4135 1101 4190 Videturne
1129 4131 1234 4187 tibi
1266 4149 1588 4204 congruum
1632 4137 1696 4189 ut
1723 4135 1881 4189 omni

249 4230 452 4298 quarta
481 4228 538 4280 et
563 4229 726 4278 sexta
757 4223 899 4278 feria
911 4223 1143 4294 jejunes
1167 4225 1398 4293 propter
1425 4221 1798 4278 traditionem
1828 4227 1884 4278 et

246 4315 579 4387 passi-onem
629 4311 864 4378 Christi,
915 4315 972 4367 et
1029 4315 1264 4382 propter
1314 4310 1672 4383 sepulturam
1724 4311 1882 4368 nullo

248 4405 520 4469 Sabbato,
554 4403 668 4458 nisi
702 4419 815 4456 uno
837 4401 864 4455 ‘2
895 4401 1036 4455 Cum
1068 4416 1202 4471 ergo
1225 4401 1382 4454 omni
1415 4399 1712 4456 Dominica
1743 4400 1888 4456 cele-

247 4495 378 4549 bres
411 4491 914 4556 resurrectionem,
941 4489 1216 4560 omnique
1247 4493 1454 4559 quarta
1479 4493 1536 4544 et
1556 4495 1714 4544 sexta
1743 4489 1886 4545 feria

239 4583 472 4654 jejunes
517 4585 752 4654 propter
799 4579 1168 4636 traditionem
1215 4582 1270 4632 et
1317 4593 1581 4646 crucem;
1617 4595 1720 4633 cur
1767 4596 1882 4634 non

2012 665 2122 735 ipsi
2139 667 2383 725 Domino
2399 669 2538 725 Jesu
2557 673 2614 726 et
2625 665 2904 744 apostolis
2919 673 3052 744 ejus
3063 671 3144 728 im
3153 671 3388 745 putetis
3405 671 3446 727 ti
3455 675 3730 744 gmenta

2013 756 2174 811 Unde
2187 773 2311 826 nos,
2338 759 2834 828 scientes,sextam
2847 763 3140 833 synodum
3155 761 3230 818 ad
3249 762 3722 817 destruendam

2009 845 2272 901 haeresim
2305 847 2632 904 Graacorum
2663 849 3206 918 Monothelitarum,
3235 867 3360 906 non
3385 853 3618 906 autem
3645 851 3720 906 ad

2009 935 2356 991 tradendum
2388 937 2664 994 Romanis
2695 955 2875 995 novas
2903 931 3318 996 institutiones
3353 955 3720 1012 congrega-

2007 1026 2147 1091 tam,
2177 1025 2429 1096 capitula
2457 1043 2582 1098 quis
2613 1028 2785 1084 nobis
2815 1029 2925 1084 sub
2947 1029 3078 1099 ejus
3111 1029 3490 1085 auctoritate
3527 1045 3722 1100 oppo-

2009 1112 2166 1180 nitis,
2201 1115 2438 1170 omnino
2469 1117 2814 1186 refutamus,
2849 1118 2989 1190 quia
3021 1119 3214 1188 prima
3249 1122 3308 1172 et
3353 1109 3718 1190 apostolica

2009 1202 2196 1268 sedes,
2231 1219 2336 1258 nec
2365 1203 2678 1275 aliquando
2709 1221 2778 1260 ea
2808 1205 3049 1277 accepit,
3093 1223 3200 1261 nec
3249 1207 3552 1262 observat
3599 1207 3714 1261 ha-

2007 1290 2241 1356 ctenus;
2272 1295 2330 1344 et
2358 1291 2496 1362 quia
2523 1295 2626 1347 aut
2647 1297 2786 1347 sunt
2815 1292 3000 1358 nulla,
3033 1297 3156 1360 aut,
3183 1297 3252 1348 ut
3271 1294 3453 1350 vobis
3490 1293 3710 1362 libuit,

2005 1377 2316 1448 depravata
2356 1384 2512 1436 sunt.
2560 1381 2932 1453 Depravastis
2962 1383 3212 1438 Joannis
3261 1382 3708 1454 Chrysostomi

2006 1471 2177 1538 atque
2205 1470 2462 1540 Gregorii
2495 1471 2744 1542 theologi
2776 1471 3150 1542 aliorumque
3199 1472 3702 1529 orthodoxorum

2006 1556 2240 1613 Patrum
2267 1559 2438 1626 dicta,
2471 1564 2528 1615 et
2553 1560 2901 1616 exhibuistis
2929 1560 2992 1616 in
3021 1562 3232 1616 eadem
3279 1563 3524 1634 synodo
3557 1580 3702 1618 sex-

2003 1650 2081 1701 ta.
2115 1648 2330 1720 Nempe
2361 1665 2394 1704 a
2425 1649 2614 1721 prima
2643 1651 2864 1722 synodo
2895 1650 3130 1706 Nicena
3159 1667 3359 1722 usque
3411 1653 3490 1706 ad
3529 1652 3704 1708 hanc

2004 1740 2224 1792 sextam
2257 1739 2498 1794 trecenti
2529 1743 2586 1794 et
2616 1737 2870 1812 amplius
2917 1739 3056 1794 anni
3089 1739 3380 1795 dicuntur
3429 1741 3698 1796 evoluti.

2002 1827 2070 1880 Et
2099 1829 2392 1898 quomodo
2421 1829 2479 1883 in
2511 1829 2742 1884 Nicaeus
2765 1833 2822 1884 et
2851 1829 3097 1901 reliquis
3129 1833 3392 1901 quatuor
3423 1831 3702 1902 synodis

2001 1917 2425 1973 universalibus
2475 1918 2634 1974 nulla
2671 1919 2890 1976 mentio
2921 1920 2990 1975 ﬁt
3013 1920 3095 1996 de
3141 1923 3278 1975 tam
3307 1921 3700 1977 necessariis

2003 2007 2216 2060 rebus?
2245 2007 2518 2078 Nunquid
2551 2023 2734 2078 usque
2763 2009 2835 2064 ad
2873 2011 3100 2064 sextam
3153 2009 3453 2080 synodum
3489 2009 3696 2065 Graeci

2002 2100 2058 2150 et
2081 2095 2262 2151 Latini
2305 2095 2585 2151 rationem
2620 2097 2814 2154 missae
2855 2114 2920 2153 ac
2943 2096 3312 2168 jejuniorum
3357 2098 3699 2169 ignorave-

2001 2187 2156 2250 runt,
2191 2187 2246 2238 et
2277 2201 2377 2255 per
2406 2187 2706 2240 sexcentos
2735 2187 2792 2240 et
2819 2184 3082 2258 amplius
3108 2191 3288 2242 annos
3309 2203 3341 2240 a
3371 2185 3694 2258 passione

2000 2273 2210 2329 Christi
2243 2273 2301 2328 in
2333 2273 2552 2330 talibus
2599 2275 2916 2330 errarunt?
2945 2278 3037 2330 An
3071 2275 3266 2331 forsan
3293 2274 3486 2330 (Ξτωοί
3537 2275 3693 2331 haec

2001 2367 2305 2428 noverunt,
2337 2363 2392 2417 et
2431 2362 2672 2417 Romani
2705 2363 3173 2434 ignoraverunt?
3203 2363 3314 2420 Sed
3345 2381 3416 2418 ex
3443 2363 3692 2420 Missa-

1999 2452 2153 2507 libus
2185 2452 2577 2506 Romanorum
2599 2449 2783 2518 libris,
2804 2451 2878 2506 ab
2909 2453 3070 2507 omni
3097 2451 3360 2508 Ecclesia
3381 2451 3690 2509 Occiden-

1999 2541 2100 2597 tali
2122 2541 2446 2612 antiquitus
2468 2540 2734 2612 receptis,
2757 2541 3058 2596 evidenter
3073 2540 3462 2613 cognoscitur
3485 2559 3686 2614 quam

1999 2630 2282 2686 rationem
2305 2628 2514 2701 jejunii
2547 2633 2602 2684 et
2631 2629 2822 2685 missa:
2861 2629 3182 2686 habuerint
3225 2631 3339 2686 sub
3393 2639 3686 2686 reveren-

1999 2718 2260 2774 dissimis
2291 2717 2683 2790 pontiﬁcibus,
2718 2717 2993 2774 Silvestro
3027 2717 3256 2774 scilicet
3299 2723 3556 2775 auctore
3587 2721 3688 2776 Ni-

1999 2824 2163 2862 caenze
2195 2807 2422 2879 synodi,
2447 2805 2674 2863 Gelasio
2697 2807 3040 2863 damnatore
3069 2808 3252 2863 vestri
3279 2807 3512 2876 Acacii,
3549 2825 3682 2864 ma-

1995 2895 2266 2966 ximeque
2299 2893 2572 2968 Gregorio
2618 2893 2867 2968 dialogo,
2917 2900 3218 2967 compatre
3278 2895 3680 2968 imperatoris

1997 2983 2271 3040 Mauritii.
2307 2987 2370 3039 In
2388 2981 2738 3054 cujuslibris
2756 2983 3097 3040 Missalibus
3121 2984 3320 3040 omnis
3351 2985 3490 3042 dies
3519 2989 3686 3053 Qua-

1995 3073 2334 3146 dragesimze
2349 3073 2523 3128 habet
2540 3072 2814 3146 specialis
2829 3073 3023 3130 missae
3039 3073 3379 3145 plenarium
3397 3075 3684 3132 officium

1995 3167 2068 3230 et,
2097 3165 2335 3234 excepta
2361 3161 2686 3230 Dominica,
2722 3161 2924 3217 nullus
2947 3162 3220 3234 diesejus
3251 3161 3434 3218 solvit
3465 3180 3688 3221 susce-

1993 3255 2158 3324 ptum
2175 3249 2491 3322 jejunium,
2517 3265 2694 3322 quam
2715 3250 3094 3306 traditionem
3119 3251 3166 3306 si
3185 3253 3489 3308 tentasset
3519 3269 3686 3326 papa

1993 3339 2220 3413 Agatho
2243 3337 2613 3411 aliquatenus
2633 3354 2929 3395 removere
2947 3339 3251 3404 Romanis,
3273 3357 3394 3396 non
3423 3341 3684 3398 audires

1991 3433 2088 3484 tur
2109 3427 2179 3483 ab
2201 3427 2474 3492 eis.Quia,
2498 3427 2632 3482 licet
2651 3427 2776 3498 ipse
2797 3443 3052 3500 magnus
3071 3429 3682 3501 exstiterit,praaiatis

1992 3521 2186 3573 tamen
2219 3515 2622 3572 decessoribus
2643 3515 2767 3572 suis
2798 3516 2952 3572 sicut
2979 3515 3373 3590 tempore,'ita
3407 3519 3684 3576 scientia

1991 3609 2047 3662 et
2064 3605 2406 3661 auctoritate
2418 3603 3146 3668 minorfuit.Quamobrem
3162 3611 3342 3676 caput
3365 3623 3496 3678 quo
3509 3625 3686 3665 asse-

1992 3695 2121 3750 ritis
2151 3710 2285 3748 eum
2317 3691 2813 3764 promulgasseIut
2843 3693 2892 3748 si
2921 3693 3054 3764 quis
3076 3693 3328 3750 clericus
3353 3695 3690 3767 jejunaret

1993 3783 2311 3840 Sabbatum
2329 3785 2536 3854 przeter
2557 3799 2763 3851 unum,
2787 3783 3192 3853 deponeretur,
3227 3783 3424 3854 magis
3457 3785 3523 3839 di
3534 3803 3688 3841 oen-

1993 3873 2132 3928 dum
2166 3875 2252 3926 est
2276 3870 2708 3926 Nazarenorum
2727 3886 2854 3926 esse
2879 3887 3055 3942 quam
3070 3870 3691 3942 apostolorum,Che-

1991 3961 2128 4016 rinti
2159 3962 2214 4014 et
2243 3957 2518 4014 Hebionis
2559 3973 2736 4030 quam
2770 3962 2942 4014 sextae
2978 3957 3182 4031 synodi
3216 3963 3276 4014 et
3306 3976 3482 4032 papae
3517 3965 3688 4034 Aga-

1991 4048 2206 4106 thonis.
2241 4047 2346 4102 Cui
2378 4063 2516 4102 sane
2538 4045 2791 4118 capitulo
2821 4045 3071 4119 epistola
3091 4045 3256 4103 Pauli
3285 4053 3504 4120 aperte
3533 4067 3690 4107 con-

1990 4137 2241 4204 tradicit,
2268 4136 2365 4190 ubi
2382 4135 2462 4190 ait
2493 4153 2506 4190 :
2531 4135 2752 4191 «Nemo
2773 4133 3120 4206 vosjudicet
3141 4137 3200 4190 in
3219 4135 3353 4191 cibo
3387 4141 3500 4192 aut
3529 4145 3688 4211 potu

1992 4231 2092 4282 aut
2123 4227 2181 4281 in
2214 4227 2374 4297 parte
2397 4223 2508 4280 diei
2540 4225 2690 4292 festi,
2714 4227 2770 4280 et
2797 4225 3117 4280 ncomenize
3141 4229 3200 4282 et
3229 4223 3708 4296 Sabbatorum,“

1993 4333 2118 4388 qua:
2151 4317 2288 4370 sunt
2317 4313 2526 4368 umbra
2559 4313 2911 4369 futurorum.
2950 4334 2977 4362 r-
3015 4313 3177 4369 Unde
3221 4313 3484 4370 Romani
3539 4335 3692 4390 pro-

1993 4405 2118 4477 prio
2143 4403 2362 4459 auctori
2398 4405 2452 4458 et
2483 4402 2763 4474 magistro
2793 4401 3060 4474 gentium
3081 4402 3144 4457 in
3177 4401 3294 4458 ﬁde
3325 4407 3386 4458 et
3418 4405 3694 4464 veritate

1993 4493 2350 4562 obedientes,
2383 4489 2530 4545 nulli
2562 4489 2812 4546 Sabbato
2845 4489 3061 4546 festum
3093 4487 3180 4546 vel
3211 4491 3406 4546 otium
3441 4493 3692 4566 depen-

1993 4583 2157 4650 dunt,
2192 4581 2344 4637 sicut
2373 4595 2478 4634 nec
2521 4580 2846 4646 neomenia,
2901 4577 3040 4651 quia
3089 4579 3351 4652 profecto
3409 4579 3696 4642 Judaica

246 4677 304 4727 et
355 4671 510 4726 omni
578 4671 830 4726 Sabbato
881 4673 1115 4742 propter
1172 4667 1557 4740 sepulturam,
1625 4685 1758 4722 cum
1819 4669 1887 4723 de
1917 4677 1965 4742 Ι)
1997 4675 2152 4738 sunt,
2181 4675 2240 4726 et
2269 4669 2469 4739 utique
2498 4668 2708 4724 umbra
2737 4669 3092 4723 futurorum.

248 4760 592 4816 celebrando
631 4759 886 4814 Sabbato
935 4757 1156 4814 nullam
1193 4758 1476 4814 rationem
1517 4762 1736 4826 teneas,
1770 4757 1882 4814 nisi

249 4865 426 4920 quam
479 4849 686 4915 Judaei,
729 4848 952 4903 scilicet
1004 4849 1143 4920 quia
1179 4845 1240 4902 in
1269 4865 1334 4902 co
1376 4847 1658 4920 requievit
1689 4849 1888 4904 Deus?

251 4936 360 5001 Qui
381 4936 580 5006 utique
605 4936 880 5008 fatigatus
902 4954 1016 4993 non
1049 4941 1158 5002 est,
1179 4938 1350 4993 verbo
1372 4953 1575 4992 creans
1602 4937 1888 5009 quidquid

249 5024 452 5090 voluit,
487 5025 586 5078 sed
633 5024 690 5078 in
739 5025 844 5080 hoc
873 5029 1134 5082 nostram
1167 5025 1425 5097 requiem
1475 5025 1882 5098 praeﬁguravit.

251 5113 412 5180 Quod
442 5113 492 5168 si
525 5129 638 5168 uno
671 5113 920 5170 Sabbato
943 5115 1003 5169 in
1033 5117 1152 5170 toto
1180 5130 1332 5170 anno
1355 5115 1746 5186 jejunandum
1778 5119 1885 5181 est,

251 5207 487 5277 propter
541 5201 899 5272 sepulturam
951 5203 1182 5270 Christi,
1247 5217 1380 5272 ergo
1423 5205 1478 5256 et
1525 5219 1642 5256 una
1683 5207 1890 5273 quarta

253 5293 392 5348 feria
425 5295 660 5364 propter
707 5290 1098 5357 traditionem,
1132 5295 1188 5345 et
1217 5307 1334 5345 una
1377 5293 1536 5344 sexta
1583 5289 1724 5346 feria
1756 5308 1886 5363 pro-

255 5387 383 5454 pter
439 5381 797 5453 passionem,
845 5378 904 5432 in
951 5381 1070 5432 toto
1139 5395 1288 5434 anno
1341 5383 1426 5433 est
1475 5379 1884 5449 jejunandum.

255 5471 378 5524 Una
411 5485 644 5539 quoque
687 5467 988 5522 Dominica
1021 5472 1253 5538 propter
1282 5469 1762 5525 resurrectionem
1795 5487 1886 5525 ce-

253 5557 552 5610 lebranda.

327 5643 440 5696 ΧΧ.
489 5642 612 5695 Non
661 5645 852 5697 autem
905 5644 1118 5699 mirum
1167 5645 1216 5700 si
1277 5645 1566 5716 Agathoui
1613 5663 1774 5717 papa:
1833 5652 1888 5702 et

260 5727 478 5788 sanctis
509 5727 777 5786 Patribus
807 5737 980 5790 sextae
1001 5733 1205 5806 synodi
1233 5739 1423 5792 vestra
1453 5733 1754 5806 imputatis
1785 5737 1886 5792 de-

2060 4759 2198 4816 ΧΧΙ.
2231 4760 2406 4814 Porro
2419 4757 2573 4812 unde
2586 4758 2982 4829 acceperimus
2995 4757 3156 4814 omni
3179 4759 3275 4813 die
3279 4759 3694 4831 jejuniorum

1993 4849 2304 4923 perfectam
2339 4847 2582 4902 missam
2613 4847 2820 4914 facere,
2853 4863 3034 4919 supra
3064 4845 3412 4904 curavimus
3464 4855 3694 4908 osten-

1997 4941 2168 4995 dere:
2195 4953 2298 4993 nec
2327 4935 2604 4992 timemus
2626 4943 2798 5010 caput
2831 4935 2986 5008 quod
3018 4935 3213 4992 dicitis
3245 4935 3698 5010 apostolorum

1997 5029 2066 5085 de
2087 5027 2180 5083 his
2202 5025 2302 5098 qui
2325 5023 2842 5096 nonjejunaverint
2861 5025 3418 5098 Quadragesimam,
3451 5035 3702 5099 quarta

1996 5131 2225 5189 quoque
2247 5119 2302 5170 et
2323 5117 2483 5170 sexta
2503 5113 2666 5182 feria,
2689 5117 2823 5185 qua,
2847 5118 3088 5186 excepta
3113 5115 3480 5186 gravissima
3503 5117 3698 5175 infir-

1997 5205 2218 5272 mitate,
2251 5201 2497 5260 sollicite
2527 5201 2719 5257 cuncti
2742 5203 3088 5273 jejunamus
3132 5203 3342 5259 diebus
3391 5205 3700 5267 Quadra-

1997 5293 2398 5367 gesimae,adeo
2415 5295 2481 5346 ut
2493 5289 2785 5348 interdum
2799 5291 3086 5348 decennes
3099 5309 3318 5365 pueros
3337 5293 3698 5354 nobiscum

1998 5383 2282 5439 faciamus
2313 5381 2602 5453 jejunare,
2635 5397 2741 5436 nec
2772 5379 3055 5438 solvimus
3085 5399 3190 5454 per
3215 5381 3494 5438 Sabbata
3515 5379 3702 5458 qua-

1997 5469 2443 5544 dragesimalem
2473 5469 2910 5542 abstinentiam,
2935 5485 3114 5542 quam
3137 5469 3434 5527 Dominus
3459 5479 3700 5533 noster

1997 5577 2111 5617 non
2144 5557 2316 5616 solvit
2343 5559 2403 5614 in
2435 5557 2824 5633 quadraginta
2845 5561 3060 5633 jejunii
3110 5559 3204 5617 sui
3254 5559 3500 5616 diebus.
3559 5563 3700 5623 Nec

1997 5649 2350 5706 solveremus
2379 5647 2554 5704 etiam
2583 5647 2645 5704 in
2670 5647 2761 5705 die
2789 5649 3109 5718 Dominica,
3143 5649 3700 5724 quemadmodum

1997 5755 2101 5795 nec
2117 5737 2378 5810 ipse,nisi
2393 5755 2505 5811 pra;
2525 5739 2737 5810 gaudio
2752 5741 3192 5800 resurrectionis
3205 5739 3334 5811 ejus
3350 5739 3468 5797 hoc
3485 5741 3700 5803 inter-
