3968 6350
183 423 304 500 993

1581 413 1895 488 CONTRA
1929 414 2314 488 ,NICETAM.

3492 422 3609 483 994

186 555 434 632 dixisset
455 554 529 630 ab
543 553 714 634 initio
731 552 996 620 omnium
1009 552 1431 620 catholicorum
1450 553 1689 612 Patrum
1712 568 1844 609 sen-
1873 550 1940 618 Α.
1959 550 2142 608 dium.
2169 552 2284 607 Nec
2304 551 2698 610 dubitandum
2712 551 2771 608 in
2794 547 3314 625 quantulacunque
3344 553 3614 624 portione

187 645 401 712 tentia,
435 644 616 702 etiam
649 661 784 700 cum
826 643 1220 700 anathemate.
1253 643 1409 708 Quos
1441 641 1627 704 secuti
1659 641 1845 698 sancti

187 737 393 791 Patres
425 734 792 808 Gangrensis
815 732 1045 790 concilii
1068 732 1341 797 dixerunt
1375 748 1387 787 :
1422 753 1449 781 ‹‹
1485 731 1544 786 Si
1567 731 1700 802 quis
1733 747 1848 785 non

188 824 529 896 dijudicans
560 823 718 878 diem
763 821 1150 888 Dominicam,
1178 820 1541 893 jejunaverit
1568 823 1849 890 tanquam

187 914 252 970 in
287 915 414 986 ejus
445 915 811 986 contemptu,
845 911 1163 980 anathema
1193 910 1290 965 sit.
1325 931 1353 960 »
1378 908 1484 964 Ubi
1515 911 1667 965 certe
1699 907 1852 964 sicut

190 1003 280 1073 eis
310 1005 663 1058 attestantur
694 1018 898 1058 omnes
927 997 1252 1056 authentici
1278 997 1435 1066 libri,
1467 1014 1582 1053 non
1615 1001 1850 1052 contra-

191 1092 403 1147 dicunt
425 1089 658 1163 jejunio
688 1089 951 1162 Sabbati,
983 1088 1085 1144 sed
1119 1086 1435 1143 Dominicae
1467 1085 1601 1142 diei.

249 1165 442 1248 ‘XXII‘.
468 1179 602 1248 Sed,
637 1197 668 1235 o
696 1176 1413 1252 perfideStercorianista,
1447 1173 1549 1246 qui
1581 1178 1754 1246 putas
1781 1173 1853 1228 ﬁ-

196 1268 314 1325 deli
326 1267 775 1342 participatione
787 1266 1048 1340 corporis
1060 1270 1118 1322 et
1138 1264 1445 1338 sanguinis
1467 1262 1694 1320 Domini
1709 1279 1852 1334 qua-

194 1355 616 1430 dragesimalia
628 1360 802 1428 atque
815 1355 1210 1412 ecclesiastica
1222 1353 1463 1412 dissolvi
1473 1353 1723 1426 jejunia,
1737 1368 1857 1408 om-

195 1447 336 1503 nino
382 1446 628 1502 credens
657 1445 956 1502 coelestem
987 1461 1182 1500 escam
1225 1444 1382 1500 velut
1432 1448 1722 1498 terrenam
1756 1457 1857 1513 per

197 1533 523 1608 aqualiculi
545 1535 864 1611 fetidamet
883 1534 1182 1590 sordidam
1205 1533 1563 1606 egestionem
1587 1531 1648 1585 in
1667 1546 1856 1586 seces-

197 1611 334 1682 sum
364 1614 607 1702 dimitti,
641 1622 812 1696 plane
843 1623 1025 1680 sentis
1073 1639 1206 1678 cum
1236 1621 1394 1677 Ario.
1431 1621 1538 1686 Qui
1577 1636 1713 1675 cum
1753 1635 1856 1692 pro

199 1714 334 1786 aliis
365 1712 754 1786 blasphemiis
775 1712 836 1768 in
859 1712 1072 1768 Filium
1103 1711 1373 1780 Dei,tum
1405 1710 1581 1766 etiam
1602 1709 1855 1781 proista,

200 1805 431 1860 foveam
463 1801 743 1876 delapsus
774 1803 833 1857 in
863 1805 1074 1869 atram,
1107 1799 1428 1856 visceribus
1461 1797 1609 1854 fusis
1640 1813 1857 1853 vacuus

201 1909 440 1966 quoque
459 1896 654 1948 ventre
670 1890 974 1960 remansit.
997 1890 1066 1945 Et
1086 1889 1186 1944 ubi
1205 1892 1294 1944 est
1306 1891 1568 1946 Salvator
1589 1887 1688 1959 qui
1712 1888 1858 1942 dans
1887 1952 1890 1954 τ

202 1982 513 2055 discipulis
543 1997 756 2054 panem
783 1999 814 2038 a
835 1997 900 2036 se
929 1979 1302 2053 benedictum
1321 1983 1377 2035 et
1399 1978 1649 2034 fractum
1674 1975 1819 2032 dixit
1843 1994 1854 2031 :

206 2070 531 2145 «Accipite
580 2075 638 2127 et
668 2070 974 2137 comedite,
1017 2068 1127 2124 hoc
1157 2071 1246 2124 cst
1294 2084 1506 2140 corpus
1548 2065 1790 2123 meum?
1834 2088 1860 2114 ››

205 2162 419 2234 (Matth.
469 2178 623 2240 xxvr,
673 2160 790 2228 26.)
825 2161 903 2236 in
937 2175 1052 2230 quo
1100 2157 1241 2230 quid
1283 2157 1558 2226 traderet,
1604 2155 1742 2214 alibi
1774 2155 1864 2210 di-

209 2252 291 2307 cit
324 2267 338 2306 :
374 2273 401 2302 «
445 2249 619 2308 Panis
667 2265 840 2320 quem
872 2264 976 2321 ego
1008 2246 1244 2318 dedero,
1280 2262 1413 2305 caro
1459 2262 1590 2302 mea
1621 2248 1728 2310 est,
1763 2261 1865 2316 pro

205 2340 417 2396 mundi
448 2339 568 2398 vita
589 2338 764 2410 (Joan.
795 2356 872 2408 vx,
896 2338 986 2408 52)
1021 2353 1034 2392 :
1071 2359 1097 2386 ››
1131 2339 1223 2392 et:
1265 2351 1448 2392 «caro
1473 2350 1604 2390 mea
1626 2349 1757 2390 vere
1779 2336 1870 2390 est

207 2431 398 2498 cibus,
431 2433 492 2485 et
532 2428 780 2500 sanguis
823 2443 991 2482 meus
1041 2441 1172 2481 vere
1211 2427 1300 2480 est
1345 2428 1520 2496 potus
1570 2424 1746 2496 (Joan.
1789 2439 1866 2492 v1,

206 2521 322 2590 56).
355 2541 384 2568 ››
419 2517 719 2582 Quomodo
751 2515 968 2572 verus?
998 2515 1146 2581 Quia
1182 2535 1210 2565 <<
1241 2513 1344 2585 qui
1384 2512 1704 2570 manducet
1751 2529 1871 2568 car-

212 2625 350 2680 nem
381 2624 597 2675 meam,
647 2610 705 2662 et
734 2605 882 2661 bibit
912 2602 1264 2677 sanguinem
1313 2619 1535 2671 meum,
1584 2602 1763 2658 habet
1791 2601 1872 2656 vi-

206 2702 336 2754 tam
361 2700 640 2766 aeternam
672 2697 857 2766 (Joan.
891 2711 969 2762 γι,
992 2694 1105 2762 55).
1131 2713 1156 2741 ››
1177 2693 1245 2747 Et
1279 2708 1408 2764 quae
1440 2695 1529 2747 est
1556 2691 1675 2747 vita
1707 2694 1871 2747 teter-

212 2805 292 2843 na
312 2785 340 2840 ‘I
373 2771 591 2858 Nempe
611 2783 890 2840 .Christus
915 2783 1108 2856 Jesus,
1130 2780 1284 2837 sicut
1313 2780 1439 2852 ipse
1471 2779 1612 2836 dicit
1646 2797 1658 2834 :
1695 2801 1722 2830 «
1751 2780 1874 2852 Ego

218 2893 355 2934 sum
388 2861 514 2950 via,
534 2872 749 2930 veritas
789 2875 846 2928 et
884 2871 1002 2940 vita
1039 2871 1219 2942 (Joan.
1259 2887 1376 2937 xxv,
1409 2870 1487 2939 6).
1525 2892 1553 2918 »
1588 2869 1694 2933 Qui
1739 2885 1876 2941 ergo

217 2977 435 3036 panem
466 2960 568 3018 Dei
598 2960 935 3027 manducet,
962 2974 1200 3014 carnem
1239 2957 1341 3012 Dei
1372 2957 1588 3014 Christi
1629 2957 1876 3014 mandu-

222 3049 454 3118 cat.Qui
466 3054 662 3118 autem
675 3064 909 3106 carnem
923 3049 1050 3119 ejus
1064 3047 1242 3103 mand
1250 3050 1403 3114 ucat,
1411 3046 1707 3104 Christum
1721 3063 1883 3104 man-

221 3142 434 3208 ducat;
457 3139 557 3212 qui
577 3137 875 3212 Christum
899 3136 1240 3203 manducet,
1261 3134 1466 3207 procul
1489 3135 1666 3191 dubio
1700 3135 1880 3191 vitam

223 3234 505 3286 aeternam
548 3227 888 3284 manducat.
939 3226 1108 3298 Ergo,
1142 3241 1174 3280 o
1203 3224 1446 3298 pestifer
1491 3223 1622 3281 leno
1656 3224 1884 3297 antiqui

221 3317 539 3393 serpentis,
573 3316 676 3389 qui
706 3315 938 3374 conaris
969 3313 1191 3371 astutia
1220 3317 1322 3370 tua
1351 3329 1723 3386 corrumpere
1755 3329 1882 3369 sen-
1913 3301 1955 3368 C

221 3426 326 3478 sus
354 3407 571 3464 Christi
605 3422 860 3478 sponsae,
894 3421 1019 3477 quae
1052 3406 1142 3459 est
1171 3401 1448 3472 Ecclesia,
1483 3405 1549 3458 ut
1578 3402 1881 3460 excidatur

217 3516 252 3554 a
274 3497 561 3554 charitate
590 3494 740 3552 tanti
757 3498 813 3550 et
843 3493 976 3550 talis
999 3492 1224 3565 sponsi,
1244 3491 1434 3548 credis
1462 3507 1568 3546 nos
1588 3490 1769 3546 vitam
1790 3491 1881 3546 in-

210 3583 663 3658 corrupti-bilem
713 3583 1105 3648 comedentes,
1156 3596 1529 3653 corrumpere
1576 3579 1880 3651 integrita-

219 3681 341 3732 tem
367 3659 759 3746 jejuniorum,
790 3671 947 3728 velut
979 3670 1176 3742 aliquo
1207 3669 1336 3726 cibo
1367 3667 1776 3742 corruptibili?

295 3761 492 3822 XXIII.
516 3763 838 3820 Horremus
861 3760 1098 3833 quidem
1117 3759 1443 3827 dicere,sed
1476 3757 1885 3830 compellimur

221 3873 256 3910 a
281 3851 728 3926 tuaimpudenti
748 3847 1142 3924 improbitate.
1159 3847 1400 3904 Conaris
1421 3847 1739 3914 Christum,
1763 3847 1882 3902 imo

228 3943 422 4016 ipsam
456 3942 634 3999 vitam
668 3957 772 4014 per
802 3939 1188 4012 digestionem
1223 3937 1378 3992 sicut
1397 3954 1627 3992 omnum
1659 3936 1882 3992 olidum

228 4033 536 4088 demittere
558 4031 618 4086 in
650 4029 948 4084 latrinam.
979 4029 1047 4082 Et
1070 4027 1167 4082 ubi
1187 4030 1295 4094 est,
1322 4027 1476 4098 quod
1499 4026 1644 4081 dixit
1675 4043 1688 4080 :
1723 4025 1884 4093 «Qui

228 4122 550 4178 manducat
565 4135 801 4176 carnem
819 4133 1034 4186 meam,
1058 4115 1638 4188 etbibitsanguinem
1661 4131 1883 4188 meum,

228 4212 288 4267 in
321 4228 417 4267 me
438 4211 658 4277 manet,
679 4210 735 4264 et
758 4222 863 4279 ego
886 4206 949 4262 in
967 4222 1033 4261 eo
1053 4205 1080 4260 ‘I
1113 4227 1142 4256 »
1163 4207 1341 4275 (Joan.
1375 4221 1451 4276 v1,
1476 4203 1591 4276 57.)
1617 4203 1752 4261 Sine
1769 4221 1887 4275 qua

228 4299 544 4368 refectione
578 4296 720 4370 quia
740 4313 855 4351 non
878 4295 1128 4351 habetur
1146 4293 1282 4364 vita,
1305 4291 1437 4364 ipsa
1455 4292 1608 4366 Vita,
1641 4309 1768 4364 quae
1797 4298 1888 4350 est

226 4389 518 4456 Christus,
543 4384 713 4458 quasi
735 4384 989 4456 quodam
1005 4381 1390 4456 jurejurando
1412 4385 1770 4455 protestetur
1800 4382 1887 4438 di-

227 4496 367 4548 cens
388 4495 401 4534 :
438 4499 465 4528 «
489 4478 699 4544 Amen,
721 4491 894 4530 amen
915 4473 1042 4530 dico
1062 4471 1246 4540 vobis,
1267 4469 1380 4527 nisi
1393 4470 1887 4529 manducaveritis

227 4563 604 4623 carnemFilii
619 4560 1234 4631 hominis,etbiberitis
1251 4560 1378 4632 ejus
1391 4559 1888 4632 sanguinem,non

1957 640 2084 710 ejus
2117 641 2317 696 ﬁdeles
2337 643 2691 698 manducare
2715 642 2826 699 sibi
2849 646 3036 699 totam
3047 641 3249 710 vitam,
3269 641 3326 696 id
3348 642 3614 698 estChri-

1959 730 2413 797 stum,infideles
2433 735 2629 789 autem
2646 731 2982 798 mortem,id
2995 731 3397 803 est,judicium
3416 748 3613 802 suum,

1959 822 2160 891 utpote
2183 819 2281 891 qui
2313 819 2396 876 rei
2430 821 2580 876 fiunt
2611 821 2872 894 corporis
2921 825 2978 876 et
3016 820 3326 894 sanguinis
3357 821 3614 878 Domini.

1959 908 2179 964 Deinde
2210 909 2468 981 quotidie
2489 911 2610 967 sive
2642 910 2832 979 tertia,
2857 911 2978 966 sive
2997 928 3174 979 nona,
3204 911 3323 967 sive
3354 928 3617 983 quacun-

1961 1014 2075 1069 que
2109 997 2251 1054 hora
2283 999 2381 1054 fiat
2413 1016 2446 1053 a
2475 1000 2648 1056 nobis
2681 1000 2885 1068 missa,
2926 1017 3043 1055 non
3076 1001 3141 1055 fit
3171 1000 3285 1055 nisi
3334 1001 3612 1072 perfecta.

1959 1087 2075 1143 Nec
2105 1092 2433 1148 reservatur
2457 1105 2524 1144 ex
2545 1089 2836 1146 oblatione
2857 1091 2985 1160 ejus
3010 1107 3144 1162 pars
3167 1089 3385 1162 aliqua,
3418 1094 3486 1146 ut
3515 1107 3619 1163 per

1963 1175 2088 1230 dies
2135 1177 2397 1248 quinque
2446 1181 2654 1250 agatur
2700 1178 2885 1234 missa
2924 1179 3286 1250 imperfecta.
3337 1178 3484 1242 Quia
3513 1195 3621 1235 nec

1963 1265 2410 1337 sanctiapostoli
2437 1265 2713 1339 leguntur
2728 1267 3051 1339 quidquam
3069 1285 3140 1323 ex
3157 1267 3258 1323 illo
3277 1267 3468 1340 primo
3501 1285 3621 1324 cor-

1962 1353 2121 1426 poris
2156 1358 2212 1408 et
2258 1354 2563 1426 sanguinis
2595 1356 2808 1412 Christi
2847 1357 3124 1428 mysterio
3157 1358 3266 1412 sub
3298 1356 3427 1427 ipsa
3455 1373 3621 1412 coena

1964 1442 2279 1504 distributo
2301 1461 2646 1509 reservasse,
2671 1462 2777 1500 nec
2801 1449 2965 1500 actus
2988 1462 3190 1500 eorum
3219 1445 3484 1501 indicant
3513 1463 3614 1502 eos

1965 1531 2281 1602 aliquando
2296 1532 2406 1588 tale
2428 1532 2566 1604 quid
2595 1534 2782 1606 egisse
2808 1538 2908 1587 aut
2927 1535 3291 1605 praecepisse.
3320 1534 3614 1600 Quinimo,

1967 1621 2119 1677 sicut
2150 1622 2336 1678 Lucas
2359 1625 2559 1678 narrat
2582 1638 2594 1676 :
2622 1645 2648 1671 ‹‹
2675 1623 2851 1677 Erant
2876 1621 3073 1677 ﬁdeles
3098 1625 3535 1694 perseverantes
3562 1623 3621 1676 in

1968 1711 2233 1766 doctrina
2263 1710 2659 1782 apostolorum
2683 1714 2741 1766 et
2769 1710 3304 1767 communicatione
3327 1709 3627 1766 fractionis

1970 1800 2143 1871 panis
2171 1803 2318 1869 (Act.
2354 1818 2416 1866 Π,
2450 1802 2559 1869 42).
2593 1823 2619 1850 ››
2650 1802 2785 1864 Quae
2807 1799 3264 1856 communicatio
3283 1799 3540 1872 qualiter
3569 1803 3630 1856 et

1972 1889 2188 1961 quibus
2205 1889 2412 1945 diebus
2435 1890 2616 1955 ﬁeret,
2639 1895 2768 1961 post
2786 1907 2970 1961 pauca
2986 1889 3369 1958 demonstrat,
3393 1888 3627 1946 dicens:

1974 2003 2000 2030 ‹‹
2035 1979 2302 2045 Quotidie
2326 1983 2762 2051 perseverantes
2808 1979 3168 2034 unanimiter
3207 1978 3268 2033 in
3297 1978 3538 2050 templo,
3576 1981 3635 2035 et

1973 2070 2308 2140 frangentes
2327 2069 2483 2124 circa
2499 2069 2706 2124 domos
2729 2085 2939 2140 panem
2954 2067 3441 2140 sumebantUbid.
3454 2109 3468 2136 ,
3482 2068 3631 2139 46).»

1975 2159 2117 2214 Ecce
2148 2175 2319 2214 verax
2345 2157 2699 2229 evangelista
2728 2161 2978 2213 testatur
2998 2159 3107 2213 sub
3136 2156 3416 2230 apostolis
3435 2157 3636 2214 fideles

1978 2247 2238 2320 quotidie
2270 2263 2470 2304 orasse
2501 2254 2556 2302 et
2578 2263 2786 2320 panem
2823 2246 3172 2318 fregisse.Et
3199 2264 3322 2317 vos,
3348 2247 3446 2319 qui
3468 2247 3632 2315 estis,

1979 2337 2078 2408 qui
2112 2336 2309 2392 dicitis
2340 2337 2826 2392 duobustantum
2849 2336 3056 2390 diebus
3086 2335 3468 2391 hebdomadis
3489 2335 3638 2392 mis-

1982 2443 2110 2482 sam
2142 2426 2455 2498 perfectam
2489 2425 2616 2482 fieri
2663 2426 2891 2491 debere,
2927 2425 3171 2496 reliquis
3214 2441 3348 2480 vero
3380 2425 3641 2496 quinque

1981 2515 2384 2588 imperfectam
2403 2515 2430 2570 ’ἲ
2451 2515 2670 2587 Nempe
2691 2513 2785 2570 hic
2810 2515 2868 2568 in
2886 2515 3056 2587 panis
3088 2513 3366 2570 fractione
3387 2518 3447 2570 et
3475 2529 3640 2570 com-

1983 2604 2403 2670 municatione,
2449 2622 2566 2660 non
2598 2603 2713 2659 nisi
2746 2604 3061 2675 perfectam
3111 2602 3401 2657 actionem
3445 2603 3638 2658 missa:

1985 2695 2266 2750 debemus
2297 2693 2580 2765 accipere,
2613 2691 3113 2763 quemadmodum
3140 2695 3198 2746 et
3221 2691 3415 2761 ipsum
3447 2690 3642 2746 Domi-

1986 2801 2129 2839 num
2147 2782 2420 2855 legimus,
2446 2799 2561 2838 non
2583 2781 3008 2852 imperfectam,
3035 2781 3136 2836 sed
3153 2781 3470 2852 perfectam
3487 2795 3641 2834 com-

1988 2873 2474 2929 memorationem
2505 2871 2630 2927 suis
2664 2869 2970 2942 discipulis
3003 2868 3340 2937 tradidisse,
3363 2869 3419 2924 in
3441 2885 3643 2940 panea

1989 2979 2051 3018 se
2079 2960 2386 3017 benedicto
2416 2965 2473 3016 et
2501 2976 2637 3016 mox
2666 2960 2847 3015 fracto
2878 2961 2936 3015 et
2965 2957 3297 3014 distributo.
3331 2959 3457 3014 Non
3475 2957 3641 3015 enim
3675 2993 3682 3000 -

1991 3050 2288 3107 benedixit
2317 3053 2548 3104 tantum
2582 3052 2638 3104 et
2668 3047 2921 3104 servavit
2950 3048 3342 3120 frangendum
3360 3048 3419 3104 in
3440 3049 3644 3105 crasti-

1993 3157 2158 3207 num,
2193 3157 2298 3195 nec
2329 3139 2500 3212 fregit
2517 3142 2746 3194 tantum
2759 3142 2816 3193 et
2832 3138 3115 3209 reposuit,
3139 3139 3240 3193 sed
3256 3139 3502 3194 fractum
3522 3142 3645 3196 sta-

1993 3230 2099 3286 tim
2131 3229 2452 3285 distribuit.
2476 3229 2638 3284 Unde
2655 3229 2862 3284 beatus
2879 3227 3204 3283 Alexander
3234 3231 3453 3299 martyr
3467 3232 3524 3284 et
3545 3245 3645 3300 pa-

1993 3336 2069 3390 pa
2087 3319 2135 3371 V
2163 3319 2233 3373 ab
2265 3317 2528 3389 apostolo
2547 3317 2734 3384 Petro,
2759 3315 3094 3387 passionem
3116 3315 3348 3370 Domini
3383 3316 3647 3374 inserens

1991 3407 2200 3464 canoni
2234 3406 2450 3472 missae,
2498 3422 2613 3460 non
2646 3404 2726 3460 ait
2757 3423 2770 3460 :
2805 3404 2922 3459 Hoc
2955 3404 3420 3475 quotiescunque
3450 3405 3650 3461 feceri-

1991 3497 2090 3565 tis,
2121 3497 2222 3552 sed
2262 3518 2282 3544 α
2311 3495 2440 3550 Haec
2462 3494 2929 3565 quotiescunque
2952 3492 3227 3560 feceritis,
3261 3493 3317 3547 id
3337 3497 3443 3562 est,
3473 3495 3646 3550 bene-

1991 3585 2273 3654 dixeritis,
2309 3583 2598 3656 fregeritis
2627 3586 2686 3638 et
2715 3581 3159 3649 distribueritis,
3184 3582 3241 3636 in
3275 3582 3387 3638 mei
3422 3601 3648 3640 memo-

1992 3676 2140 3730 riam
2173 3673 2416 3744 facietis,
2443 3695 2470 3722 ››
2491 3672 2630 3744 quia
2651 3670 2958 3743 quodlibet
2979 3670 3188 3727 horum
3220 3672 3421 3741 trium,
3449 3673 3498 3729 si
3521 3674 3648 3730 sine

1980 3754 2237 3835 “reliquis
2267 3764 2391 3830 fiat,
2425 3760 2649 3816 scilicet
2693 3760 3021 3815 benedictio
3055 3759 3180 3817 sine
3212 3761 3645 3830 distributione,

1993 3857 2096 3909 aut
2126 3851 2328 3907 fractio
2353 3850 2479 3905 sine
2496 3849 2902 3905 benedictione
2923 3852 2982 3904 et
3003 3849 3436 3919 distributione,
3463 3850 3647 3922 perfe-

1995 3947 2150 3998 ctam
2195 3939 2409 3995 Christi
2461 3938 2804 3994 memoriam
2855 3954 2970 3993 non
3020 3942 3460 4010 repraesentant,
3500 3939 3651 3995 sicut

1994 4030 2332 4087 distributio
2348 4026 2511 4083 nulla
2527 4027 2658 4083 sine
2674 4027 3078 4083 benedictione
3095 4031 3152 4083 et
3166 4028 3465 4084 fractione.
3485 4029 3648 4095 Quod

1996 4125 2192 4177 autem
2219 4117 2480 4191 quotidie
2493 4121 2552 4172 et
2573 4120 2989 4189 quotacumque
3003 4116 3298 4187 horadiei,
3320 4135 3434 4174 non
3454 4123 3650 4175 autem

1997 4207 2123 4266 sola
2153 4207 2325 4264 tertia
2345 4206 2664 4278 perfectam
2679 4205 2922 4261 missam
2959 4205 3215 4278 agimus,
3246 4206 3651 4262 auctoritatem

1996 4302 2266 4354 tenemus
2297 4294 2569 4352 cxverbis
2591 4294 2779 4366 ipsius
2811 4295 3044 4350 Domini
3061 4296 3226 4366 juxta
3257 4297 3490 4352 beatum
3508 4300 3654 4351 Pau-

1997 4387 2121 4445 lum
2147 4385 2392 4442 dicentis
2418 4402 2477 4440 ;‹‹
2499 4385 2619 4440 Hoc
2636 4385 2804 4440 facite
2827 4384 3291 4457 quotiescunque
3313 4385 3570 4451 sumitis,
3591 4385 3651 4441 in

1999 4494 2190 4534 meam
2222 4473 2843 4531 commemorationem
2859 4473 2902 4545 (Ι
2921 4475 3039 4528 Cor.
3060 4475 3264 4545 x1,25).
3291 4496 3320 4523 »
3337 4474 3497 4530 Unde
3518 4490 3652 4530 mox

1999 4567 2156 4623 idem
2202 4563 2514 4638 Apostolus
2559 4566 2794 4619 secutus
2826 4561 3040 4632 adjecit
3072 4579 3085 4617 :
3127 4584 3153 4616 α
3183 4562 3653 4634 Quotiescunque

227 4647 524 4712 habebitis
538 4652 718 4710 vitam
736 4651 794 4707 in
816 4651 980 4740 vobis
1002 4650 1185 4724 (Ιὸίάι,
1207 4650 1318 4720 54)·
1337 4670 1366 4699 »
1388 4649 1665 4740 Nuntium
1685 4649 1780 4740 hic
1801 4649 1888 4706 di-
1917 4676 1965 4740 Ι)
2003 4654 2435 4713 manducabitis
2465 4669 2677 4726 panem
2700 4651 2854 4706 hunc
2885 4655 2941 4710 et
2956 4650 3194 4707 calicem
3231 4652 3463 4718 bibetis,
3495 4667 3652 4708 mor-

226 4746 310 4818 xit
335 4763 347 4800 :
366 4744 426 4801 Si
441 4739 935 4800 manducaveritis
947 4755 1181 4796 carnem
1196 4755 1388 4796 meam
1405 4741 1462 4795 et
1473 4738 1739 4795 biberitis
1753 4755 1888 4796 san-

225 4835 471 4907 guinem
502 4847 726 4902 meum,
749 4829 1079 4904 dissolvetis
1089 4827 1425 4902 jejunium?
1441 4829 1512 4883 Et
1531 4828 1755 4883 utinam
1780 4827 1890 4883 hoc

226 4925 353 4980 solo
367 4924 884 4988 sacramento,non
898 4919 970 4975 ad
976 4917 1268 4992 judicium
1281 4917 1736 4986 nostrum,omni
1749 4916 1893 4972 hora

226 5010 634 5072 reﬁceremurl
661 5009 773 5066 Sed
793 5009 930 5082 quia
946 5023 1186 5080 corpore
1215 5005 1605 5080 corruptibili,
1628 5009 1685 5063 et
1704 5006 1888 5063 nimia

227 5101 473 5158 miseria
521 5097 893 5158 conscientiae
938 5101 1148 5154 nostrae
1180 5095 1426 5170 gravati,
1456 5094 1633 5152 etiam
1665 5095 1887 5152 bonum

225 5196 505 5249 nostrum
538 5189 851 5262 nequimus
881 5187 1146 5259 suli‘erre,
1175 5203 1208 5242 a
1227 5186 1449 5242 sanctis
1473 5185 1741 5242 Patribus
1763 5202 1886 5242 cer-

222 5290 296 5340 tae
329 5283 403 5340 ad
439 5279 885 5356 percipiendum
928 5283 1160 5350 tantum
1181 5279 1618 5342 sacramentum
1640 5275 1885 5347 praeﬁxae

225 5379 370 5430 sunt
391 5372 570 5428 horae.
597 5370 761 5437 Quod
783 5385 854 5425 ne
874 5367 1114 5430 vilescat
1135 5365 1491 5438 carnalibus,
1523 5369 1579 5428 et
1608 5365 1668 5422 in
1699 5365 1885 5436 perci-

222 5463 440 5536 piendo
474 5475 672 5518 escam
703 5457 947 5531 spiritus
967 5459 1415 5520 submurmuret
1441 5453 1659 5528 aliquis
1691 5455 1886 5512 carnis

219 5551 547 5626 appetitus,
581 5565 717 5606 cum
739 5564 974 5618 summa
993 5547 1276 5620 parcitate
1307 5548 1738 5620 praegustamus
1761 5562 1775 5613 ;
1799 5544 1884 5602 vi-

218 5644 359 5700 dere
389 5636 805 5699 tantummodo
831 5637 1132 5710 cupientes
1153 5653 1332 5710 quam
1354 5635 1554 5700 suavis
1573 5637 1662 5692 est
1690 5633 1887 5692 Domi-

215 5749 360 5808 nus,
393 5730 572 5808 cujus
605 5725 776 5805 panis
805 5743 920 5787 non
951 5726 1095 5797 vult,
1128 5726 1301 5786 sicuti
1333 5743 1437 5787 nec
1469 5741 1686 5788 manna
1718 5722 1884 5784 fasti-

2001 4751 2118 4802 tem
2154 4744 2382 4801 Domini
2406 4741 2835 4799 annuntiabitis
2857 4741 3040 4813 (Ibid,
3063 4742 3174 4812 26).
3203 4764 3230 4790 »
3262 4742 3330 4797 Et
3351 4741 3655 4813 quandiu?

2000 4837 2176 4898 Donec
2203 4836 2388 4890 veniat
2419 4832 2604 4905 (Ibid)
2638 4850 2650 4886 :
2685 4831 2910 4886 scilicet
2925 4831 3193 4902 judicare
3223 4829 3382 4887 vivos
3411 4834 3469 4888 et
3498 4847 3653 4886 mor-

2001 4929 2153 4980 tuos.
2190 4925 2442 4979 Putasne
2472 4919 2688 4975 alicubi
2709 4919 2956 4976 dixerit:
2991 4921 3107 4975 Hoc
3129 4919 3456 4977 facitehora
3487 4919 3657 4977 tertia

1999 5014 2059 5068 in
2092 5029 2282 5069 meam
2313 5009 2968 5068 commemorationem?
2998 5010 3123 5066 Non
3157 5009 3379 5082 utique,
3403 5011 3504 5066 sed
3530 5010 3657 5066 nul-

1998 5101 2116 5158 lam
2147 5101 2352 5157 horam
2374 5105 2476 5155 aut
2506 5105 2770 5172 tempora
2785 5099 3080 5172 excipiens
3106 5101 3283 5157 dixit:
3305 5102 3655 5169 Quotiescun-

1999 5209 2118 5264 que.
2166 5192 2279 5246 Nec
2316 5191 2438 5262 ipse
2482 5189 2698 5245 Paulus
2736 5189 2970 5261 jejunia
3017 5190 3218 5264 aliqua
3278 5196 3380 5246 aut
3436 5193 3653 5246 certam

1998 5278 2325 5351 quamlibet
2343 5276 2734 5334 evolutionem
2750 5295 3041 5334 annorum
3058 5279 3366 5334 attendens
3380 5277 3486 5333 ait:
3508 5279 3654 5341 Quo-

1997 5367 2345 5439 tiescunque
2375 5383 2479 5439 per
2508 5370 2595 5423 tot
2622 5383 2809 5423 annos
2840 5367 2986 5424 hora
3015 5385 3171 5424 nona
3218 5363 3652 5421 manducabitis

1997 5473 2210 5530 panem
2257 5456 2437 5524 hunc,
2483 5461 2540 5512 et
2587 5455 2828 5514 calicem
2860 5457 3094 5527 bibetis,
3128 5458 3378 5512 mortem
3416 5453 3650 5510 Domini

1995 5546 2454 5617 annuntiabitis;
2489 5547 2592 5603 sed
2623 5546 3057 5604 indifferenter:
3094 5545 3563 5614 Quotiescunque;
3591 5544 3652 5599 et

1992 5636 2172 5694 Donec
2199 5638 2402 5695 veniat.

2065 5724 2261 5786 XXIV.
2288 5726 2404 5787 Nec
2438 5726 2735 5787 nescimus
2759 5728 2992 5784 sanctos
3022 5723 3222 5782 Patres
3243 5722 3358 5780 diei
3389 5717 3646 5780 Domini-
