3876 6362
279 430 394 488 995

1275 421 1755 489 HUMBER’I‘US
1803 425 1867 483 S.
1913 424 1987 482 R.

2031 421 2102 480 E.
2150 420 2640 482 CARDINALIS.
3603 421 3736 483 996

277 577 353 614 σω
376 563 432 615 et
451 558 877 629 prmcipuarum
895 557 1328 614 solemnitatum
1343 560 1554 613 missas
1575 557 1718 612 hora
1737 554 1910 610 tertia
1936 552 1991 621 Α
2023 570 2200 609 uuam
2233 553 2584 609 oblationem
2617 551 2890 608 videmini
2923 551 3014 608 bis
3047 551 3279 609 offerre.
3315 553 3394 608 Et
3437 568 3564 608 cur
3597 569 3732 609 non

279 647 604 703 celebrasse
618 645 1080 718 solitos,propter
1096 647 1346 718 Spiritus
1369 647 1552 702 sancti
1569 645 1912 700 effusionem

279 737 422 792 hora
451 736 623 791 tertia
651 736 708 789 in
747 736 1085 806 discipulos,
1117 737 1299 790 ethoc
1334 737 1646 790 mandasse
1687 734 1756 788 ad
1781 751 1912 804 pos-

277 830 434 880 teros
466 829 754 895 quatenus
783 824 884 878 illa
907 824 1078 879 unius
1109 825 1256 879 actio
1291 825 1480 878 missae
1510 822 1776 894 geminor
1795 822 1914 892 pri-

275 913 482 984 vilegio
512 913 891 984 insigniretur
918 931 930 968 :
966 912 1384 968 resurrectione
1405 911 1670 966 videlicet
1699 910 1914 964 Christi

276 1006 330 1057 et
353 1003 602 1058 adventu
637 1000 932 1068 Paracleti,
969 1007 1145 1072 utque
1193 1005 1427 1072 propter
1465 999 1746 1072 gaudium
1783 999 1912 1053 festi

275 1091 638 1162 temporibus
659 1090 1056 1145 relaxarentur
1085 1090 1313 1144 cunctis
1345 1089 1506 1143 frena
1529 1087 1759 1158 jejunii.
1806 1087 1913 1142 Ve-

277 1183 606 1233 rumtamen
627 1177 742 1232 alia
760 1195 937 1232 causa
959 1182 1046 1232 est
1067 1177 1380 1232 Dominicaz
1404 1177 1610 1244 diei,ac
1632 1175 1914 1231 solemni«

277 1271 482 1333 tatum,
517 1265 631 1321 alia
651 1267 1010 1336 jejuniorum
1039 1285 1050 1332 ;
1086 1267 1132 1321 si
1166 1283 1300 1337 ergo
1332 1266 1474 1320 hora
1513 1282 1666 1319 nona
1691 1270 1791 1319 aut
1821 1280 1916 1318 ve-

282 1355 536 1425 spertina
565 1355 770 1409 diebus
797 1355 1182 1425 jejuniorum,
1207 1355 1462 1425 perfecta
1490 1354 1682 1424 agitur
1713 1353 1914 1418 missa,

277 1443 436 1497 nulla
464 1442 664 1514 procul
698 1443 873 1496 dubio
908 1443 1040 1496 inde
1072 1442 1437 1497 contrahitur
1475 1458 1644 1509 noxa,
1693 1440 1830 1510 quia
1861 1445 1917 1495 et

277 1531 560 1585 Dominus
582 1531 640 1584 in
664 1547 826 1584 coena
847 1531 917 1584 ad
943 1547 1242 1600 vesperum
1267 1531 1514 1600 primam
1530 1534 1585 1583 et
1603 1529 1914 1599 perfectam

277 1619 841 1673 administrationem
869 1619 1012 1672 tanti
1033 1619 1384 1673 sacramenti
1407 1615 1713 1688 discipulis
1747 1615 1910 1670 insti-

279 1706 410 1774 tuit,
445 1709 502 1761 et
532 1706 673 1761 hora
703 1723 856 1761 nona
879 1707 1150 1778 spiritum
1187 1707 1420 1762 tradens
1443 1705 1791 1761 sacrificium
1821 1721 1918 1760 ve-

278 1796 602 1866 spertinum
635 1796 904 1866 expansis
937 1796 1207 1850 manibus
1237 1796 1296 1849 in
1321 1811 1506 1862 cruce,
1532 1799 1587 1849 et
1615 1793 1916 1865 praemissa

277 1883 530 1938 oratione
561 1883 628 1937 ad
654 1883 879 1938 Patrem
906 1883 1355 1938 consummavit.
1376 1883 1688 1954 Propterea
1708 1897 1912 1952 quam-

273 1971 358 2026 vis
386 1971 527 2026 hora
556 1971 725 2026 tertia
749 1975 804 2026 et
835 1989 987 2026 nona
1005 1978 1237 2043 propter
1259 1971 1627 2043 supradictas
1659 1969 1909 2026 rationes

274 2061 390 2115 sint
419 2060 669 2132 aptiores
698 2059 1012 2114 missarum
1043 2059 1279 2128 actioni,
1312 2061 1774 2129 quotiescunque
1819 2062 1909 2113 ta—

274 2165 405 2204 men
428 2149 588 2204 horis
613 2147 745 2203 aliis
760 2148 907 2202 fiunt
929 2148 1308 2219 occupatione
1329 2147 1576 2214 itineris,
1605 2149 1705 2202 aut
1725 2145 1911 2217 gratia

274 2237 586 2308 cujuslibet
599 2236 933 2291 necessaria.-
953 2236 1052 2302 rei,
1080 2236 1138 2290 in
1153 2236 1494 2291 memoriam
1515 2234 1908 2301 ﬁuntChristi;

276 2343 378 2380 nec
392 2325 640 2380 violatur
661 2325 794 2378 inde
811 2324 1110 2394 integritas
1127 2324 1358 2394 jejunii.
1384 2324 1543 2386 Quod
1567 2323 1767 2393 utique
1783 2323 1911 2376 bea-

273 2419 367 2469 tus
408 2412 837 2483 Thelesphorus
868 2429 1018 2482 papa
1056 2429 1089 2465 a
1120 2412 1282 2466 Petro
1315 2412 1599 2482 septimus
1631 2410 1907 2477 sentiens,

272 2503 446 2557 etiam
477 2505 641 2556 nocte
671 2500 998 2555 Nativitatis
1021 2500 1248 2554 Domini
1275 2499 1485 2555 missas
1517 2498 1792 2553 celebrari
1821 2499 1910 2552 in-

274 2589 482 2658 stituit,
516 2606 620 2644 nec
649 2588 830 2643 ullam
863 2588 1276 2643 resolutionem
1303 2587 1514 2658 jejunii
1542 2591 1674 2642 ante
1705 2587 1908 2642 horam

271 2679 502 2734 tertiam
534 2682 589 2733 et
618 2677 887 2732 diurnam
913 2676 1152 2732 missam
1169 2676 1300 2731 inde
1317 2676 1461 2741 fieri,
1486 2675 1636 2730 sicut
1657 2692 1758 2730 vos
1779 2691 1906 2747 per-

270 2786 430 2825 verse
455 2767 694 2841 putatis,
717 2767 931 2821 timuit.
967 2765 1144 2820 Dicite
1175 2769 1390 2829 autem.
1425 2765 1470 2819 si
1501 2765 1765 2836 potestis,
1806 2782 1910 2818 cur

271 2858 592 2913 Sabbatum
623 2860 678 2911 et
707 2858 919 2910 caetera:
969 2858 1130 2909 extra
1161 2853 1522 2908 Dominicam
1564 2853 1716 2908 feriae
1765 2852 1908 2907 hora

270 2946 440 3001 tertia
468 2944 712 3000 missam
743 2943 991 2998 debeant
1019 2941 1254 3012 habere,
1289 2958 1422 2997 cum
1452 2941 1511 2996 in
1542 2941 1624 2996 eis
1655 2941 1908 3012 Spiritus

273 3037 511 3091 sanctus
541 3049 657 3086 non
686 3030 916 3102 legatur
945 3029 1334 3086 descendisse.
1372 3031 1571 3100 Itaque
1596 3047 1724 3094 nos,
1757 3030 1909 3084 sicut

271 3139 456 3193 supra
475 3119 822 3185 ostenditur,
853 3118 1046 3172 divina
1068 3118 1410 3173 auctoritate
1428 3118 1678 3184 subnixi,
1695 3133 1798 3171 nec
1813 3118 1906 3186 je—

262 3211 434 3281 junia
455 3207 796 3264 resolvimus
814 3207 870 3260 in
888 3206 1270 3261 celebratione
1283 3207 1475 3259 missae
1499 3209 1907 3276 quotacunque

271 3277 414 3352 hora
444 3297 556 3352 diei
591 3296 690 3360 ﬁt;
722 3311 824 3349 nec
858 3295 911 3348 in
939 3294 1133 3365 aliquo
1167 3292 1403 3348 natalito
1426 3298 1769 3364 martyrum,
1801 3295 1901 3349 sed
1933 3277 1976 3343 C

269 3403 372 3442 nec
403 3386 460 3440 in
483 3383 940 3439 Annuntiatione
963 3382 1153 3438 Mariae
1175 3382 1438 3453 virginis.
1465 3383 1530 3435 Et
1553 3383 1678 3436 ideo
1705 3381 1903 3437 nullus

273 3473 617 3530 universalis
651 3471 855 3542 synodi
881 3469 1249 3541 percellimur
1278 3471 1666 3525 anathemate.
1701 3469 1900 3524 Czeteri

255 3567 461 3626 autem
493 3560 759 3631 quamvis
791 3564 1127 3614 sanctorum
1163 3563 1400 3613 Patrum
1431 3563 1770 3624 conventus,
1793 3558 1904 3613 etsi

269 3653 584 3722 potuerunt
611 3648 682 3702 de
714 3645 961 3701 utilitate
978 3651 1034 3701 et
1054 3646 1487 3702 conversatione
1519 3646 1790 3702 Ecclesia:
1804 3663 1902 3701 um

269 3754 507 3793 suarum
532 3739 798 3804 tractare,
819 3733 1010 3789 nullas
1022 3737 1212 3789 tamen
1239 3734 1579 3788 traditiones
1594 3733 1905 3789 universali

267 3825 532 3880 Ecclesiae
565 3823 877 3896 praefigere.
909 3821 988 3877 De
1019 3839 1169 3893 papa
1198 3839 1428 3893 quoque
1453 3822 1750 3894 Agathone
1780 3841 1901 3877 Ulu-

267 3915 404 3969 nino
453 3913 676 3969 scimus
724 3911 863 3982 quia
891 3927 997 3966 nec
1037 3915 1208 3965 sextae
1240 3911 1460 3981 synodo
1493 3927 1593 3981 per
1643 3914 1902 3981 seipsum

268 4002 555 4073 praesedit,
596 4015 700 4054 nec
744 3998 1037 4070 aliquibus
1067 3997 1336 4069 capitulis
1367 3999 1494 4067 ejus
1535 3998 1901 4069 subscripsit,

265 4089 380 4144 nisi
401 4105 526 4160 quae
549 4087 918 4158 promulgata
939 4087 1176 4140 fuerunt
1201 4086 1476 4141 adversus
1499 4086 1903 4142 Monothelita-

266 4193 392 4232 rum
422 4175 707 4231 haeresim.
741 4175 854 4228 Vos
881 4174 1072 4228 videte
1097 4175 1251 4228 unde
1271 4174 1391 4228 hac
1423 4191 1550 4244 qua:
1581 4175 1904 4246 proponitis

265 4265 693 4334 habeatis,quia
719 4262 972 4317 Ecclesia
998 4263 1262 4318 Romana
1283 4263 1423 4317 talia
1445 4262 1725 4318 hactenus
1749 4264 1906 4335 igno-

263 4355 427 4408 ravit.
459 4354 572 4408 Nec
593 4351 748 4408 credi
779 4355 967 4422 potest
997 4355 1129 4421 post
1163 4355 1248 4405 tot
1277 4367 1461 4406 annos
1507 4351 1902 4408 Romanorum

261 4443 592 4514 pontificem
621 4440 830 4497 Graecis
854 4438 1256 4512 promulgasse
1269 4440 1497 4511 aliquas
1522 4441 1592 4496 de
1610 4442 1902 4496 missaob-

262 4532 638 4588 servationes.
671 4529 889 4590 Deinde
913 4529 1094 4584 ritum
1117 4533 1319 4584 vestra:
1341 4529 1561 4585 discere
1592 4547 1704 4584 non
1737 4547 1904 4585 cura-

2023 642 2350 698 attendistis
2393 642 2452 696 in
2492 641 2740 714 epistola
2757 657 2919 713 papa:
2941 640 3286 708 Clementis,
3305 641 3502 713 cujus
3527 641 3738 697 tradi-

2023 732 2231 790 tiones.
2265 736 2328 785 ut
2357 729 2594 801 putatis,
2631 731 2834 786 contra
2868 746 2976 784 nos
3011 728 3359 798 defenditis,
3419 730 3606 801 quod
3643 729 3736 785 ibi

2023 819 2426 891 promulgasse
2457 819 2743 890 putatur?
2775 817 2958 882 Certe,
2991 818 3210 890 inquit,
3242 822 3420 876 tanta
3453 818 3528 874 in
3565 819 3730 876 alta-

2022 907 2106 962 rio
2139 907 2479 963 holocausta
2499 908 2764 974 otferant,
2789 911 3012 978 quanta
3033 906 3252 978 populo
3275 907 3588 964 sufﬁcere
3623 908 3730 964 de-

2023 997 2384 1062 beant.Quod
2403 997 2449 1052 si
2475 995 2882 1062 remanserint,
2909 997 2969 1051 in
2996 997 3330 1053 crastinum
3351 1014 3486 1054 non
3515 1013 3732 1054 reser-

2025 1090 2247 1152 ventur,
2280 1085 2380 1140 sed
2410 1101 2542 1139 cum
2565 1084 2774 1140 timore
2801 1089 2860 1140 et
2879 1089 3132 1141 tremore
3155 1085 3536 1142 clericorum
3571 1103 3728 1141 cau-

2025 1171 2138 1226 tela
2167 1177 2222 1226 et
2243 1171 2996 1244 diligentiaconsumantur.
3021 1194 3049 1223 »
3069 1173 3156 1228 Ad
3179 1173 3306 1229 haec
3335 1175 3516 1246 quod
3553 1191 3732 1231 asse-

2023 1259 2125 1326 ris,
2147 1276 2248 1314 vos
2271 1260 2340 1314 ab
2365 1260 2491 1332 ipsa
2519 1265 2723 1316 sancta
2743 1261 3161 1316 communione
3183 1263 3394 1318 statim
3428 1265 3513 1319 ad
3555 1280 3732 1321 com-

2025 1365 2230 1403 munes
2249 1347 2409 1403 cibos
2424 1349 2693 1416 transire,
2719 1366 2836 1404 non
2853 1349 2938 1404 sic
2949 1350 3211 1406 sensisse
3233 1351 3402 1407 idem
3419 1351 3728 1409 Clemens

2025 1435 2319 1492 invenitur
2339 1436 2396 1489 in
2419 1435 2937 1508 praafataepistola,
2961 1438 3061 1493 ubi
3095 1439 3167 1494 de
3199 1438 3295 1494 his
3318 1440 3425 1511 qui
3453 1441 3724 1497 residua

2026 1525 2292 1579 sacrificii
2327 1526 2800 1597 consumpserint
2831 1527 3083 1598 subjecit
3111 1547 3124 1584 :
3151 1551 3173 1578 ι
3201 1529 3314 1593 Qui
3344 1535 3592 1600 autem,
3631 1531 3731 1586 in-

2026 1615 2173 1684 quit,
2199 1615 2431 1670 residua
2451 1615 2946 1687 corporisDomini
2967 1632 3093 1687 qua:
3113 1617 3175 1671 in
3200 1619 3468 1675 sacrario
3493 1618 3730 1676 relicta

2027 1709 2166 1760 sunt
2208 1711 2581 1772 consumunt,
2632 1722 2747 1761 non
2795 1705 2994 1761 statim
3037 1706 3112 1762 ad
3146 1723 3511 1765 communes
3545 1709 3722 1765 acci-

2025 1794 2304 1864 piendum
2337 1793 2494 1849 cibos
2525 1793 2888 1860 conveniant,
2908 1799 3205 1866 neputent
3221 1800 3444 1852 sanctae
3475 1798 3724 1870 portio-

2025 1883 2082 1936 ni
2105 1898 2232 1937 esse
2250 1882 2709 1938 commiscendos
2731 1883 2893 1938 cibos
2915 1882 3016 1954 qui
3039 1899 3147 1955 per
3167 1883 3506 1955 aqualiculi
3527 1902 3719 1959 eges-

2021 1975 2114 2026 tus
2130 1971 2190 2025 in
2205 1971 2862 2026 secessumfunduntur.
2889 1971 2948 2024 Si
2966 1970 3153 2043 igitur
3173 1988 3349 2029 mane
3373 1973 3720 2032 Dominica

2019 2061 2204 2133 portio
2235 2061 2292 2116 in
2327 2061 2578 2116 sacrario
2601 2061 2828 2129 edatur,
2847 2075 3038 2132 usque
3063 2060 3126 2116 in
3157 2065 3383 2119 sextam
3398 2063 3718 2135 jejunent

2020 2151 2274 2206 ministri
2308 2149 2406 2220 qui
2439 2150 2556 2205 haec
2605 2149 3108 2222 consumpserint.
3157 2151 3224 2206 Et
3251 2152 3300 2206 si
3333 2151 3520 2208 tertia
3585 2157 3714 2209 aut

2019 2245 2243 2310 quarta,
2245 2241 2322 2311 jej
2335 2245 2512 2295 unent
2531 2255 2718 2310 usque
2741 2239 2800 2294 in
2819 2255 3158 2312 vesperum.
3177 2263 3203 2290 ››
3219 2241 3283 2296 In
3295 2241 3520 2312 quibus
3537 2258 3716 2300 sane

2019 2329 2206 2384 verbis
2235 2330 2415 2399 liquet
2445 2328 2599 2400 quod
2631 2344 2747 2382 non
2771 2326 2966 2383 solum
2988 2327 3139 2384 hora
3157 2327 3346 2396 tertia,
3369 2330 3480 2385 sed
3501 2330 3714 2387 etiam

2019 2434 2189 2471 mane
2219 2417 2363 2472 hora
2385 2419 2592 2486 quarta
2621 2415 2836 2471 missas
2863 2415 2988 2470 fieri
3021 2415 3472 2489 licet,quodque
3490 2433 3573 2474 ex
3607 2435 3716 2475 sa-

2017 2505 2231 2560 oriﬁcio
2238 2504 2532 2575 jejunium
2546 2521 2660 2559 non
2675 2503 2982 2572 solvitur,d
2995 2521 3096 2559 um
3109 2505 3230 2560 illic
3249 2505 3582 2574 dicitur,ut
3595 2509 3712 2580 qui

2017 2593 2488 2664 consumpserint
2509 2609 2694 2663 usque
2721 2592 2792 2646 ad
2813 2597 3032 2647 sextam
3055 2592 3147 2648 vel
3174 2609 3502 2666 vesperum
3521 2612 3536 2652 :
3553 2595 3712 2653 alio-

2017 2682 2116 2754 qui
2137 2682 2425 2753 quomodo
2448 2681 2815 2751 jejunabant,
2851 2681 2902 2735 si
2932 2697 3001 2736 ex
3039 2681 3334 2738 sacriﬁcio
3381 2684 3708 2755 jejunium

2016 2770 2340 2827 solverunt?
2363 2770 2580 2826 Deinde
2608 2768 3026 2825 abstinentiam
3049 2769 3578 2841 paucissimorum
3601 2791 3707 2830 no-

2017 2859 2106 2914 bis
2139 2859 2541 2930 praedicantes,
2571 2857 2776 2912 tacetis
2811 2856 3134 2929 ingluviem
3181 2858 3557 2928 multorum,
3591 2862 3696 2934 qui

2017 2953 2116 3002 aut
2147 2963 2354 3018 parum
2375 2951 2476 3001 aut
2497 2945 2642 3000 nihil
2661 2945 3444 3018 Quadragesimalisjejunii
3465 2948 3598 3006 Deo
3619 2951 3706 3007 of-

2015 3037 2228 3100 ferunt,
2261 3036 2400 3089 dum
2433 3051 2464 3089 a
2495 3034 2681 3106 primo
2706 3049 2875 3089 mane
2905 3050 3096 3106 usque
3117 3051 3441 3107 vesperum
3475 3055 3708 3113 crapu-

2014 3124 2122 3179 lari
2153 3141 2266 3178 non
2301 3127 2571 3177 metuunt
2600 3139 2703 3178 nec
2732 3123 3108 3178 erubescunt.
3144 3122 3348 3195 Aliqui
3383 3126 3590 3183 etiam
3627 3129 3706 3185 ad

2017 3213 2330 3268 Ecclesiam
2365 3211 2662 3283 legumina
2685 3215 2742 3267 et
2762 3209 2879 3266 alia
2899 3211 3503 3272 obsoniadeferentes
3539 3217 3702 3273 inibi

2015 3303 2344 3367 comedunt,
2378 3317 2482 3356 nec
2513 3299 2756 3354 Paulum
2787 3301 3100 3356 attendunt
3119 3301 3424 3358 dicentem
3463 3321 3478 3360 :
3517 3329 3552 3355 ‹‹
3591 3306 3707 3370 Qui

2013 3391 2214 3454 esurit,
2251 3389 2407 3444 domi
2433 3387 2806 3460 manducet(l
2826 3388 2946 3445 Cor.
2979 3407 3058 3458 x1,
3091 3389 3209 3462 311);
3243 3413 3272 3440 »
3305 3397 3367 3447 et
3405 3409 3420 3447 :
3459 3416 3488 3443 ιι
3527 3395 3708 3451 Nun-

2013 3479 2154 3551 quid
2185 3479 2390 3532 domos
2423 3493 2536 3532 non
2566 3477 2795 3532 habetis
2827 3478 2900 3533 ad
2949 3479 3450 3537 manducandum
3493 3487 3563 3538 et
3601 3485 3701 3540 bi-

2013 3567 2317 3623 bendum?
2359 3569 2459 3620 aut
2497 3564 2808 3621 Ecclesiam
2852 3565 2954 3622 Dei
2985 3567 3390 3637 contemnitis,
3425 3574 3488 3626 et
3543 3588 3700 3628 con-

2013 3655 2258 3710 funditis
2271 3671 2368 3710 eos
2382 3655 2480 3725 qui
2499 3671 2614 3709 non
2631 3653 2935 3710 habent?»
2966 3655 3124 3728 (Ibid.
3151 3657 3490 3728 22.)Atnos
3517 3661 3704 3724 Qua-

2014 3744 2404 3814 dragesimam
2437 3743 2613 3798 unius
2645 3741 3006 3814 septimanae,
3031 3760 3212 3816 quam
3241 3745 3440 3802 dicitis
3473 3752 3704 3806 sancti

2015 3829 2672 3898 Thcodori,nescientes,
2697 3831 2881 3886 solam
2895 3833 3709 3904 QuadragesimamDomini

2014 3920 2194 3976 nostri
2216 3921 2246 3974 J
2253 3935 2356 3974 esu
2369 3917 2577 3974 Christi
2596 3919 2985 3990 quadraginta
3003 3919 3217 3977 diebus
3229 3921 3562 3996 diligenter
3579 3927 3706 3984 ob-

2013 4023 2241 4063 servare
2259 4006 2686 4076 contendimus,
2709 4023 2885 4078 quam
2909 4011 2974 4062 ut
2989 4007 3230 4081 aliquis,
3254 4015 3510 4083 excepta
3519 4015 3712 4086 gravi

2013 4095 2373 4162 infirmitate,
2411 4095 2470 4149 in
2501 4093 2697 4165 aliquo
2737 4094 3021 4169 infringat
3049 4099 3296 4154 sufferre
3329 4101 3708 4172 nequimus.

2015 4185 2130 4239 Nec
2159 4183 2295 4239 licet
2324 4183 2597 4254 cuiquam
2629 4184 2784 4254 apud
2825 4199 2952 4255 nos,
2987 4185 3144 4241 sicut
3181 4187 3344 4259 apud
3381 4205 3518 4258 vos,
3557 4197 3712 4264 post

2015 4289 2192 4329 unam
2227 4271 2597 4327 refectionem
2621 4272 2943 4344 quidquam
2974 4289 3286 4346 pomorum
3317 4281 3428 4333 aut
3463 4279 3708 4337 herba-

2013 4378 2144 4416 rum
2171 4359 2376 4416 diebus
2398 4359 2761 4430 jejuniorum
2792 4363 3108 4433 percipere.

2085 4449 2247 4504 XXV.
2300 4449 2442 4504 Hinc
2491 4449 2918 4521 perpendentes
2949 4469 2984 4507 a
3011 4457 3068 4507 te
3096 4457 3220 4508 tam
3269 4470 3566 4526 perverse
3599 4460 3710 4515 de-

2015 4538 2172 4594 fendi
2218 4537 2504 4593 adulteria
2549 4539 2744 4608 potius
2773 4555 2950 4610 quam
2983 4542 3223 4613 nuptias
3265 4546 3708 4618 sacerdotum,

262 4637 416 4688 mus,
450 4622 587 4692 quia
617 4619 926 4675 minimam
959 4618 1245 4674 cautelam
1276 4624 1331 4674 et
1367 4620 1683 4674 maximam
1716 4619 1903 4692 negli-
1933 4637 1980 4702 D
2014 4627 2366 4683 arbitramur
2395 4626 2466 4681 ab
2499 4626 2702 4682 inferis
2745 4628 3054 4686 emersisse
3104 4631 3442 4705 principem
3495 4634 3712 4709 hujus

260 4711 517 4783 gentiam
549 4711 598 4766 ei
631 4711 824 4766 inesse
853 4707 1284 4781 cognoscimus,
1315 4709 1454 4763 dum
1488 4713 1755 4764 sanctum
1802 4727 1902 4781 pa-

261 4817 394 4855 nem
426 4801 760 4870 frangentes
789 4803 844 4852 et
877 4801 1196 4862 sumentes,
1228 4796 1363 4852 hinc
1407 4797 1541 4852 inde
1572 4796 1900 4854 decidentes

262 4887 444 4941 micas
477 4903 590 4940 non
641 4885 877 4940 curatis:
922 4885 1086 4948 Quod
1134 4885 1308 4940 etiam
1349 4885 1497 4941 solet
1543 4886 1898 4958 contingere,

259 4973 404 5027 dum
433 4971 663 5042 patinas
685 4975 915 5027 sanctas
963 4971 1114 5026 foliis
1139 4971 1466 5042 palmarum
1505 4977 1560 5027 et
1589 4990 1898 5044 porcorum

261 5060 402 5116 setis
433 5057 650 5113 fricatis
682 5058 1003 5114 inhoneste.
1031 5059 1196 5113 Multi
1228 5076 1460 5130 quoque
1489 5065 1746 5116 vestrum
1777 5065 1898 5116 tam

259 5149 640 5203 irreverenter
687 5162 895 5217 corpus
951 5147 1160 5201 Christi
1202 5151 1513 5218 reponunt,
1569 5152 1634 5201 ut
1663 5148 1899 5218 pyxides

263 5239 396 5294 inde
415 5235 800 5302 cumulent,et
822 5251 891 5289 ne
905 5234 1133 5290 decidat
1157 5240 1257 5292 aut
1273 5235 1798 5306 superﬂuat,manu
1821 5237 1904 5292 in-

259 5328 512 5384 culcant.
575 5324 873 5396 Reliquias
921 5339 1154 5395 quoque
1197 5323 1526 5391 oblationis,
1557 5321 1714 5379 velut
1743 5341 1900 5381 com-

260 5433 469 5471 munes
501 5432 700 5488 panes,
727 5427 1151 5483 nonnunquam
1175 5427 1364 5484 usque
1385 5411 1456 5467 ad
1485 5411 1782 5469 fastidium
1801 5431 1900 5470 su-

259 5507 448 5558 munt.
481 5505 550 5557 Et
579 5505 628 5558 si
660 5519 890 5560 sumere
923 5518 1037 5557 non
1061 5501 1380 5570 sufficiunt,
1415 5501 1770 5570 subterrant,
1801 5509 1902 5560 aut

259 5591 320 5645 in
351 5594 590 5661 puteum
606 5593 937 5664 projiciunt.
959 5591 1018 5647 Si
1039 5594 1253 5660 autem,
1278 5595 1342 5646 ut
1362 5590 1530 5656 dicis,
1555 5593 1900 5664 pauemjam

261 5676 487 5752 pridem
509 5677 769 5736 oblatum
791 5685 848 5738 et
868 5679 1297 5754 sanctiﬁcatum
1319 5676 1586 5738 exaltatis
1609 5679 1789 5740 altera
1809 5681 1902 5743 die

2011 4715 2250 4771 haeresis
2273 4714 2592 4769 nefandum
2613 4715 2930 4772 diaconum
2950 4716 3280 4774 Nicolaum.
3301 4719 3384 4776 De
3398 4738 3530 4793 quo
3555 4726 3714 4799 Epi-

2011 4803 2263 4875 phanius
2296 4807 2488 4858 vester
2517 4803 2600 4858 sic
2621 4804 2863 4876 scripsit
2889 4822 2901 4860 :
2937 4829 2966 4857 «
3001 4808 3221 4872 Quarta
3241 4807 3714 4874 Nicolaitarum

2010 4909 2044 4947 a
2076 4891 2311 4948 Nicolao
2339 4891 2577 4948 haeresis
2611 4897 2701 4948 est
2733 4893 3194 4962 adinventa,uno
3211 4911 3282 4952 ex
3298 4903 3548 4970 septem
3575 4905 3716 4962 die.-

2007 4981 2250 5036 conibus
2273 4981 2343 5036 ab
2367 4979 2643 5051 apostolis
2665 4981 2952 5038 ordinato.
2969 4984 3086 5038 Iste
3099 5001 3233 5040 cum
3255 4985 3382 5042 zelo
3401 4989 3714 5060 pulcher-

2009 5069 2167 5123 rimae
2190 5068 2456 5141 conjugis
2476 5067 2829 5139 culparetur,
2855 5071 3060 5126 docere
3073 5073 3716 5145 cmpitindiﬂ‘erenter

2009 5157 2090 5212 uti
2127 5156 2495 5228 conjugibus,
2525 5173 2642 5212 non
2665 5157 2858 5214 solum
2881 5158 3080 5227 laicos,
3112 5162 3214 5218 sed
3237 5163 3426 5218 etiam
3451 5168 3572 5238 qui
3597 5187 3712 5227 sa—

2009 5245 2244 5300 cerdotii
2273 5245 2654 5317 fungerentur
2684 5247 2894 5304 officio.
2929 5247 3045 5304 Hos
3085 5250 3394 5307 damnavit
3425 5263 3712 5318 sanctus

2008 5331 2361 5403 evangelista
2388 5337 2445 5388 et
2487 5333 2786 5404 apostolus
2813 5335 3090 5404 Joannes,
3122 5341 3181 5392 et
3215 5337 3408 5409 jussit
3439 5347 3516 5399 ut
3551 5349 3712 5418 qui-

2009 5437 2239 5492 cunque
2259 5437 2393 5477 cum
2415 5421 2498 5477 eis
2509 5421 2596 5478 vel
2613 5439 2942 5480 sermonem
2957 5424 3236 5498 colloquii
3255 5429 3710 5508 miscuissent,

2008 5525 2077 5564 ex
2095 5508 2203 5563 hoc
2223 5509 2350 5580 ipso
2373 5512 2784 5569 communione
2804 5512 3138 5585 privandos.
3163 5515 3398 5575 Docens
3417 5524 3714 5586 rationa-

2009 5596 2204 5653 biliter
2237 5615 2272 5652 a
2299 5599 2504 5654 mundi
2535 5599 2759 5674 origine
2789 5601 2906 5659 Deo
2949 5603 3285 5660 castitatem
3337 5607 3712 5679 plurimum

2011 5684 2321 5760 placuisse.
2381 5689 2546 5749 Tunc
2587 5689 2764 5750 etiam
2822 5691 2882 5752 in
2940 5691 3134 5768 seipso
3192 5693 3513 5760 Christum
3585 5704 3712 5766 Dei
