3876 6366
123 457 240 523 99³7

1487 445 1802 518 CONTRA
1844 453 2193 518 NICETAM
2205 501 2221 518 .

3409 427 3532 521 ses

195 582 1764 659 Filiumcastitatisgloriamdedicasse,cum,virginem
1797 589 1848 653 Α
1879 588 2170 658 apostolos
2232 586 2482 658 legimus
2531 585 2742 657 egisse,
2804 585 2970 642 beato
3028 584 3203 643 Paulo
3247 589 3476 644 dicente
3514 605 3528 643 :

123 681 431 752 possidens
464 682 710 734 matrem
743 677 904 747 virgo
928 676 1497 738 mansurus,nullum
1522 676 1777 748 discipu-

123 769 315 825 lornm
346 784 586 824 suorum
609 765 1020 821 commistione
1033 766 1208 820 etiam
1234 765 1496 836 legitima
1517 764 1775 836 conjugii

121 858 207 912 uti
240 856 527 929 permisit,
560 855 760 909 dicens
794 871 806 909 :
833 876 861 903 «
887 852 947 908 Si
971 854 1102 924 quis
1131 853 1256 908 vult
1286 856 1416 924 post
1437 868 1529 907 me
1557 858 1775 919 venire,

120 949 373 1016 abneget
403 945 786 1014 semetipsum
819 965 846 992 »
881 941 1015 1008 sibi,
1038 947 1141 997 «et
1164 941 1332 997 tollat
1351 957 1581 996 crucem
1607 957 1776 996 suam

121 1041 180 1090 et
210 1041 492 1106 sequatur
524 1049 616 1087 me
659 1032 866 1101 (Matth.
899 1047 1013 1096 xvr,
1058 1031 1170 1102 24).
1203 1052 1231 1080 »
1268 1030 1430 1085 Unde
1475 1029 1630 1085 idem
1663 1034 1778 1084 Do-

122 1125 325 1178 minus
371 1124 544 1178 Jesus
596 1121 654 1174 in
702 1119 1047 1191 Apocalypsi
1102 1117 1447 1190 praecipiens
1517 1117 1778 1189 apostolo

122 1211 338 1265 Joanni
376 1211 629 1265 scribere
660 1207 864 1280 angelo
905 1207 1139 1278 Ephesi,
1183 1207 1336 1262 inter
1373 1205 1486 1260 alia
1535 1205 1730 1276 inquit
1762 1223 1774 1260 :

127 1322 157 1347 ‹‹
193 1301 309 1355 Hoc
342 1301 539 1363 habes,
565 1299 702 1369 quia
722 1296 897 1352 odisti
930 1296 1080 1351 facta
1100 1294 1540 1362 Nicolaitarum,
1567 1311 1692 1365 quae
1723 1297 1780 1348 et

126 1413 157 1437 «
201 1406 306 1459 ego
339 1389 429 1443 odi
463 1389 643 1459 (Apoc.
677 1404 736 1451 II,
768 1386 844 1456 6).
885 1408 912 1433 ››
947 1385 1089 1440 Hinc
1117 1385 1294 1440 etiam
1322 1383 1525 1455 angelo
1559 1387 1779 1455 Perga-

126 1479 210 1531 mi
233 1477 372 1532 dicit
406 1495 418 1530 :
452 1500 478 1525 «
513 1477 706 1530 Habeo
739 1475 1049 1529 adversum
1081 1477 1134 1528 te
1167 1489 1370 1544 pauca,
1413 1472 1550 1543 quia
1577 1471 1776 1541 :habes

131 1588 161 1616 ‹‹
203 1567 339 1621 illuc
363 1570 620 1620 tenentes
643 1563 968 1618 doctrinam
993 1561 1250 1627 Baalam,
1274 1562 1374 1632 qui
1404 1561 1650 1615 docebat
1675 1561 1779 1614 Ba-

129 1678 154 1703 «ι
200 1655 322 1711 alac
353 1655 580 1709 mittere
603 1651 951 1708 scandalum
979 1667 1173 1706 coram
1206 1650 1344 1704 ﬁliis
1380 1649 1575 1715 Israel,
1609 1650 1776 1703 edere

122 1769 152 1791 ‹‹
197 1749 252 1798 et
281 1743 552 1798 fornicari
587 1758 599 1796 ε
635 1742 716 1795 ita
747 1740 926 1795 habes
957 1744 1012 1794 et
1029 1745 1089 1793 tu
1133 1743 1395 1793 tenentes
1447 1737 1776 1792 doctrinam

125 1855 158 1881 ‹‹
200 1832 614 1885 Nicolaitarum
647 1829 826 1899 (Ibz'd.,
863 1830 950 1892 14,
986 1829 1096 1896 45).
1130 1850 1156 1874 ››

202 1919 389 1973 XXVI.
437 1917 796 1972 Suﬁ‘ecerant
832 1916 1071 1987 quidem
1104 1915 1244 1981 haec,
1279 1931 1310 1970 o
1343 1914 1626 1970 Nicolaita
1677 1914 1774 1968 Ni-

122 2014 255 2063 ceta
285 2009 356 2062 ad
388 2007 850 2061 convincendum
863 2019 1140 2071 errorem,
1167 2019 1270 2058 seu
1293 2003 1432 2073 quia
1453 2003 1777 2059 canonibus

124 2100 241 2151 sub
274 2095 508 2150 nomine
529 2092 930 2165 apostolorum
961 2090 1131 2146 editis
1155 2107 1261 2146 nos
1285 2107 1489 2161 urgere
1518 2091 1734 2147 videris
1761 2108 1774 2147 :

124 2201 414 2256 exponere
445 2184 549 2238 tibi
581 2187 684 2237 tua
713 2180 972 2253 capitula
991 2180 1374 2247 decrevimus,
1408 2181 1677 2251 quamvis
1709 2198 1777 2236 ea

127 2277 286 2330 inter
317 2273 647 2346 apocrypha
670 2288 856 2343 usque
886 2287 1041 2326 nunc
1067 2287 1280 2342 magna
1309 2285 1377 2324 ex
1407 2276 1566 2342 parte
1616 2287 1773 2326 com-

128 2365 558 2436 putaverimus,
590 2367 653 2416 ut
675 2367 868 2431 aperte
890 2364 1274 2431 cognoscatur
1295 2375 1398 2413 nec
1429 2359 1777 2430 apocryphis

130 2472 240 2511 nec
263 2453 613 2509 authenticis
636 2468 734 2505 vos
751 2455 970 2506 vestras
990 2449 1236 2520 ineptias
1257 2465 1426 2520 posse
1444 2449 1774 2504 defendere.

127 2547 277 2598 Ante
309 2542 506 2596 omnia
529 2545 726 2594 autem
748 2538 1198 2610 comprobamus
1226 2543 1282 2592 te
1310 2553 1436 2592 esse
1467 2538 1776 2593 mentitum

128 2634 245 2704 ipsi
276 2629 524 2696 veritati,
558 2629 615 2682 in
648 2645 712 2684 eo
740 2629 892 2699 quod
929 2627 1126 2682 dixisti
1159 2631 1389 2682 nostros
1422 2627 1584 2698 prius
1618 2626 1777 2681 ordi-

129 2719 282 2787 nari,
315 2719 524 2774 deinde
557 2733 765 2772 uxores
805 2716 1020 2771 sortiri.
1054 2717 1199 2780 Quia
1239 2715 1392 2787 apud
1426 2732 1531 2770 nos
1563 2730 1670 2770 nec
1701 2715 1773 2770 ad

128 2810 590 2865 subdiaconatus
620 2806 867 2878 gradum
915 2804 1230 2876 quisquam
1275 2804 1626 2868 admittitur,
1661 2803 1773 2858 nisi

128 2901 469 2969 perpetuam
520 2893 941 2950 continentiam
973 2891 1150 2947 etiam
1199 2909 1233 2947 a
1262 2891 1497 2964 propria
1526 2893 1774 2962 conjuge

119 2987 488 3058 proﬁteatur.
524 2984 637 3038 Nec
666 2988 796 3053 post
817 2982 1064 3053 gradum
1096 2981 1375 3052 cuiquam
1411 2997 1649 3035 uxorem
1672 2981 1775 3035 du-

120 3091 254 3129 cere
280 3089 540 3144 unquam
574 3071 932 3125 conceditur.
967 3069 1078 3124 Sed
1106 3073 1169 3123 tu
1202 3069 1518 3124 Ecclesiam
1549 3069 1648 3124 Dei
1679 3086 1776 3124 vo-

126 3164 257 3218 lens
286 3162 515 3218 efﬁcere
545 3175 902 3231 synagogam
926 3159 1148 3212 Satanae
1174 3163 1232 3212 et
1252 3157 1646 3229 prostibulum
1669 3159 1774 3213 Ba-

125 3252 283 3306 laam
325 3256 380 3307 et
406 3248 662 3316 Jezabel,
696 3264 831 3303 cum
865 3246 1098 3302 Nicolao
1130 3245 1276 3300 dicis
1311 3262 1324 3300 :
1362 3267 1389 3294 ‹‹
1420 3247 1774 3318 Episcopum

122 3345 187 3395 et
217 3340 624 3412 presbyterum
642 3342 697 3392 et
719 3337 1030 3391 diaconum
1055 3335 1326 3401 dicimus,
1358 3335 1454 3405 qui
1475 3351 1653 3390 unam
1676 3335 1779 3390 ha-

128 3432 230 3484 bet
261 3444 523 3498 uxorem,
548 3426 824 3489 ordinari,
844 3424 1114 3496 quamvis
1133 3423 1327 3478 vivant
1352 3440 1554 3478 eorum
1577 3424 1781 3494 conju-

129 3536 256 3591 ges,
276 3517 544 3590 quamvis
563 3516 866 3570 defunctae.
896 3514 1008 3568 Nec
1029 3511 1271 3580 licetleos
1294 3517 1425 3583 post
1441 3529 1650 3567 manus
1670 3513 1780 3568 im-

130 3606 484 3679 positionem
533 3604 812 3674 innuptos
846 3618 995 3666 esse,
1028 3615 1133 3656 nec
1165 3601 1406 3672 insuper
1434 3601 1503 3655 ad
1536 3601 1776 3671 nuptias

125 3699 235 3766 ire,
267 3699 389 3763 aut,
415 3694 464 3749 si
487 3693 814 3764 nupserint,
839 3691 1047 3745 alteras
1067 3688 1360 3760 amplecti,
1384 3690 1482 3743 sed
1506 3690 1775 3746 sufﬁcere

122 3785 211 3841 eis
241 3800 390 3856 quas
422 3783 640 3839 habent
671 3795 803 3835 cum
837 3780 908 3833 ad
943 3778 1368 3833 ordinationem
1401 3784 1706 3832 venerunt.
1743 3800 1771 3827 ››

122 3874 172 3927 Ο
205 3869 618 3927 abominabilis
649 3867 1180 3940 Cynice,quomodo
1203 3881 1319 3920 non
1341 3865 1626 3920 erubuisti
1650 3871 1778 3921 tan-

121 3967 252 4017 tum
286 3960 451 4015 nefas
477 3957 788 4013 evomere?
839 3957 983 4028 Ergo
1017 3972 1129 4010 non
1180 3954 1313 4009 licet
1343 3953 1596 4024 aliquem
1645 3959 1777 4025 post

120 4067 339 4105 manus
380 4046 815 4119 impositionem
856 4043 984 4099 sine
1034 4059 1207 4098 uxore
1237 4043 1411 4098 esse?
1459 4043 1517 4097 Si
1550 4043 1629 4098 ita
1660 4047 1770 4114 est,

116 4150 249 4219 ipse
287 4146 543 4202 Joannes
584 4141 889 4215 apostolus
919 4145 976 4196 et
1006 4139 1224 4196 Paulus
1268 4145 1325 4196 et
1373 4140 1665 4195 Barnabas
1715 4145 1773 4196 et

117 4235 317 4294 omnis
347 4233 650 4290 continens
672 4231 729 4286 in
762 4231 947 4303 gradu
977 4228 1372 4285 ecclesiastico
1395 4231 1453 4283 in
1483 4229 1655 4300 culpa
1683 4233 1774 4284 est

121 4323 326 4397 procul
349 4321 547 4377 dubio.
575 4320 739 4375 Unde
760 4333 996 4374 necesse
1014 4320 1102 4372 est
1115 4320 1179 4371 ut
1191 4317 1423 4372 futurus
1440 4317 1771 4387 episcopus,

118 4413 448 4486 presbyter,
491 4408 772 4464 diaconus
802 4411 860 4462 et
889 4406 1306 4470 subdiaconus,
1340 4404 1504 4476 prius
1535 4419 1772 4459 uxorem

117 4499 423 4563 sortiatur,
456 4514 583 4568 qua:
601 4496 711 4551 sibi
745 4495 1010 4550 sufﬁcere
1029 4494 1235 4549 debeat
1259 4493 1329 4548 ad
1354 4491 1616 4548 carnales
1645 4508 1772 4547 am-

119 4587 371 4663 plexus?
401 4585 678 4657 Nunquid
709 4583 876 4640 laicis
906 4601 1020 4639 non
1041 4580 1260 4638 sufﬁcit
1290 4581 1454 4636 una?
1489 4581 1601 4636 nisi
1624 4581 1772 4636 forte

1815 3322 1852 3345 η

1811 3354 1852 3386 υ

1887 698 1914 725 ‹‹
1948 676 2222 747 Nunquid
2252 693 2365 730 non
2399 677 2687 730 habemus
2720 682 3089 747 potestatem,
3122 695 3380 733 sororem
3415 694 3539 732 mu-

1887 764 2084 819 lierem
2117 766 2614 830 circumducendi,
2659 765 2814 820 sicut
2843 767 3048 822 fratres
3087 767 3312 822 Domini
3345 771 3403 822 et
3432 771 3532 823 Ce-

1886 852 2033 924 phas
2054 853 2080 906 ?
2102 855 2146 919 (1
2179 854 2296 909 Cor.
2333 872 2406 921 1x,
2428 855 2505 924 5.)
2533 853 2674 908 Vide
2697 855 3005 925 insipiens,
3030 857 3172 926 quia
3200 873 3313 911 non
3345 856 3495 911 dixit
3524 873 3535 910 :

1886 943 2180 1013 Numquid
2232 951 2345 997 non
2395 944 2683 999 habemus
2722 949 3067 1014 potestatem
3112 962 3374 1000 sororem
3408 964 3541 1002 mu-

1887 1029 2086 1086 lierem
2109 1031 2522 1102 amplectendi,
2557 1035 2655 1088 sed
2691 1033 3192 1099 circumducendi,
3228 1034 3456 1090 scilicet
3478 1039 3542 1090 ut

1888 1121 1957 1173 de
1978 1120 2240 1174 mercede
2273 1121 2700 1191 praedicationis
2731 1127 3159 1176 sustentaretur
3184 1123 3255 1177 ab
3289 1124 3397 1192 eis,
3434 1141 3539 1179 nec

1887 1213 2082 1263 tamen
2117 1210 2262 1263 foret
2291 1209 2564 1281 deinceps
2597 1211 2746 1264 inter
2777 1228 2873 1266 eos
2906 1212 3136 1266 carnale
3169 1213 3536 1285 conjugium,

1887 1298 2168 1352 Praeterea
2199 1314 2303 1352 cur
2331 1297 2544 1368 aliquis
2579 1298 2760 1353 laicus
2810 1306 3087 1355 uxoratus
3135 1301 3431 1356 dubitabit
3462 1302 3535 1356 ad

1885 1385 2311 1442 ecclesiasticos
2343 1387 2559 1455 gradus
2606 1388 2934 1454 ascendere,
2968 1406 3103 1443 cum
3143 1389 3194 1442 ei
3233 1407 3369 1456 una,
3403 1391 3535 1447 sine

1885 1493 2002 1546 qua
2050 1491 2180 1529 esse
2212 1492 2326 1528 non
2359 1476 2548 1536 debet,
2600 1477 2783 1542 possit
2812 1477 2882 1529 ad
2934 1476 3199 1533 carnales
3231 1481 3534 1551 amplexus

1885 1566 2152 1621 sufﬁcere
2173 1570 2198 1617 γ
2228 1566 2295 1619 Et
2327 1581 2506 1636 quare
2539 1569 2623 1629 tu,
2658 1566 2754 1636 qui
2782 1572 3080 1635 tantopere
3104 1566 3420 1625 Clementis
3452 1587 3538 1626 ca-

1884 1654 2069 1727 pitula
2115 1654 2414 1726 proponis,
2468 1653 2776 1723 epistolam
2823 1655 2952 1720 ejus
2999 1655 3070 1708 de
3111 1671 3229 1725 qua
3259 1659 3533 1729 superius

1884 1744 2159 1810 diximus,
2197 1761 2311 1799 non
2335 1743 2588 1797 attendis
2611 1742 2637 1796 ?
2671 1743 2752 1797 lbi
2781 1743 2938 1796 enim
2972 1744 3053 1798 ita
3074 1744 3325 1803 dicitur:
3362 1769 3390 1798 ‹‹
3413 1748 3538 1804 Τι-ί-

1887 1834 1995 1888 bus
2015 1834 2296 1904 gradibus
2321 1831 2651 1886 divinorum
2677 1832 2998 1887 commissa
3021 1837 3379 1891 secretorum
3398 1841 3535 1894 sunt

1887 1926 2268 1988 sacramenta,
2302 1923 2356 1976 id
2392 1924 2497 1986 est,
2534 1921 2906 1992 presbyteris,
2943 1921 3287 1978 diaconibus
3316 1929 3372 1979 et
3401 1926 3538 1982 sub-

1888 2011 2250 2066 diaconibus.
2285 2031 2312 2059 »
2350 2010 2417 2063 Et
2448 2015 2578 2080 post
2611 2008 2893 2064 nonnulla
2927 2027 2939 2064 :
2974 2032 3002 2059 «
3027 2009 3279 2066 Ministri
3332 2013 3534 2069 altaris

1887 2098 1956 2152 ad
1990 2096 2290 2151 Dominica
2313 2095 2455 2150 tales
2472 2095 2764 2165 eligantur
2783 2096 2994 2163 ofﬁcia,
3018 2097 3118 2167 qui
3141 2103 3274 2154 ante
3298 2101 3534 2157 ordina-

1885 2186 2103 2240 tionem
2135 2186 2412 2255 conjuges
2437 2190 2740 2251 noverunt,
2770 2185 2990 2238 scilicet
3020 2185 3068 2239 si
3091 2203 3321 2259 semper
3348 2189 3534 2244 conti-

1887 2290 2020 2329 nere
2041 2273 2348 2328 voluerint.
2375 2273 2537 2337 Quod
2559 2273 2606 2326 si
2626 2278 2754 2342 post
2779 2273 3203 2329 ordinationem
3227 2278 3539 2350 contigerit

1886 2361 2220 2416 ministrum
2249 2361 2491 2431 propriae
2525 2361 2794 2415 invadere
2826 2359 3016 2416 cubile
3049 2364 3265 2429 uxoris,
3289 2371 3538 2422 secreta-

1886 2451 1956 2504 rii
1979 2467 2096 2506 non
2127 2455 2275 2504 terat
2301 2449 2531 2514 limina,
2566 2465 2671 2503 nec
2699 2449 2972 2503 sacriﬁcii
3004 2451 3248 2520 portitor
3279 2453 3400 2519 ﬁat,
3435 2471 3539 2510 nec
3613 2514 3618 2519 ,

1888 2541 2069 2594 altare
2101 2537 2417 2609 contingat,
2443 2554 2549 2592 nec
2580 2538 2652 2592 ab
2674 2538 3052 2594 oﬁ‘erentibus
3085 2540 3426 2598 holocausta
3454 2542 3541 2599 vel

1885 2628 2209 2683 oblationes
2240 2627 2544 2699 suscipiat,
2571 2643 2676 2680 nec
2702 2627 2774 2681 ad
2799 2627 3083 2682 Dominici
3117 2631 3374 2702 corporis
3403 2647 3538 2703 por-

1881 2719 2099 2772 tionem
2132 2717 2384 2772 accedat.
2412 2723 2640 2786 Aquam
2664 2716 3034 2771 sacerdotum
3060 2717 3319 2790 porrigat
3348 2720 3536 2776 mani-

1883 2806 2014 2873 bus,
2047 2806 2196 2860 ostia
2218 2805 2538 2860 forinsecus
2559 2803 2798 2858 claudat
2823 2822 2834 2870 ;
2872 2805 3100 2861 minora
3121 2811 3351 2862 tantum
3372 2813 3538 2881 gerat

1883 2894 2090 2960 ofﬁcia,
2126 2909 2366 2948 urceum
2397 2909 2538 2948 sane
2567 2892 2639 2946 ad
2671 2891 2854 2948 altare
2885 2910 3000 2948 non
3031 2900 3325 2968 suggerat.
3361 2920 3390 2946 ››

1955 2982 2197 3038 XXVIII.
2232 2986 2408 3036 Porro
2431 2981 2693 3052 synodus
2725 2981 2956 3037 Nicaana
2976 2985 3215 3040 omnino
3238 2986 3538 3042 venerabi-

1882 3072 1956 3127 lis
1979 3076 2036 3126 et
2067 3071 2425 3140 authentica,
2459 3070 2542 3125 sic
2575 3070 2644 3125 de
2676 3070 2801 3125 suis
2824 3070 2989 3138 actis,
3015 3072 3072 3126 id
3105 3078 3213 3140 est,
3240 3075 3542 3132 subintro-

1886 3161 2076 3214 ductis
2109 3160 2284 3214 habet
2317 3175 2328 3213 :
2366 3181 2392 3209 ‹‹
2418 3158 2786 3213 Omnimodis
2817 3160 3113 3216 interdicit
3135 3169 3338 3218 sancta
3362 3181 3536 3236 syno-

1889 3248 2023 3315 dus,
2061 3254 2118 3303 et
2148 3264 2335 3318 neque
2367 3245 2660 3318 episcopo,
2709 3263 2897 3318 neque
2935 3251 3290 3321 presbytero,
3348 3269 3538 3323 neque

1891 3338 2154 3403 diacono,
2209 3353 2396 3407 neque
2446 3335 2550 3390 ulli
2600 3335 2836 3391 omnino
2880 3336 3219 3392 clericorum
3255 3340 3536 3410 permittit

1890 3425 2102 3481 habere
2134 3441 2334 3479 secum
2368 3423 2672 3478 mulierem
2704 3429 3054 3491 extraneam,
3091 3426 3202 3480 nisi
3235 3426 3379 3482 forte
3407 3445 3532 3483 ma-

1887 3518 1975 3569 ter
2004 3513 2099 3579 sit,
2118 3528 2349 3568 sororve
2378 3518 2479 3566 aut
2495 3511 2691 3566 amita.
2718 3511 2778 3565 In
2798 3511 2890 3566 his
2914 3529 3166 3584 namque
3189 3516 3456 3585 personis
3477 3519 3536 3572 et

1887 3603 2096 3658 horum
2129 3601 2422 3657 similibus
2446 3599 2636 3655 omnis
2663 3600 2921 3671 suspicio
2943 3601 3291 3658 declinatur.
3312 3605 3416 3667 Qui
3437 3622 3533 3661 au-

1885 3697 2004 3746 tern
2037 3689 2383 3762 praeteragit,
2417 3687 2840 3760 periclitabitur
2871 3691 2940 3744 de
2971 3692 3175 3747 ordine
3197 3710 3325 3748 suo.
3365 3717 3384 3741 ι»

1957 3779 2142 3833 XXIX.
2165 3779 2376 3833 Beatus
2400 3791 2633 3848 quoque
2656 3779 3193 3848 papalnnocentius
3211 3779 3387 3837 latius
3400 3781 3535 3837 hinc

1885 3867 2147 3922 scribens
2173 3867 2488 3937 Exsuperio
2510 3866 3079 3937 episcopoTolosano
3108 3869 3248 3924 dicit
3281 3888 3293 3925 :
3329 3893 3355 3919 ‹‹
3391 3871 3533 3926 Pro-

1883 3957 2128 4027 posuisti
2157 3955 2298 4026 quid
2322 3955 2391 4009 de
2417 3953 2508 4009 his
2536 3955 2826 4009 observari
2861 3956 3088 4023 debeat,
3112 3974 3258 4028 quos
3280 3958 3533 4014 diaconii
3585 3986 3595 3997 -

1885 4045 2230 4109 ministerio,
2263 4049 2364 4098 aut
2395 4043 2453 4097 in
2485 4042 2673 4098 ofﬁcio
2700 4044 2920 4114 positos
2944 4045 3372 4102 incontinentes
3407 4065 3534 4104 esse

1882 4138 1983 4189 aut
2030 4133 2210 4189 fuisse
2250 4131 2508 4204 generati
2541 4131 2644 4185 filii
2681 4133 3006 4203 prodidere.
3042 4134 3122 4190 De
3172 4136 3264 4190 his
3295 4142 3352 4190 et
3383 4137 3530 4192 divi-

1884 4240 2091 4278 narum
2125 4222 2316 4294 legum
2348 4225 2438 4276 est
2467 4220 2798 4291 disciplina,
2822 4227 2879 4276 et
2901 4223 3078 4279 beatae
3111 4225 3529 4281 recordationis

1880 4313 1985 4368 viri
2018 4312 2207 4367 Siricii
2239 4309 2499 4381 episcopi
2534 4310 2756 4365 monita
2791 4312 3079 4367 evidentia
3109 4318 3535 4382 commearunt,

1883 4406 1945 4456 ut
1975 4401 2404 4456 incontinentes
2437 4398 2495 4452 in
2530 4398 2740 4454 ofﬁciis
2770 4399 2987 4455 talibus
3018 4403 3196 4471 positi
3227 4403 3385 4458 omni
3429 4403 3533 4458 ho-

1883 4507 2019 4546 nore
2076 4488 2467 4545 ecclesiastico
2518 4487 2904 4559 privarentur,
2951 4506 3054 4544 nec
3086 4491 3536 4546 admitterentur

1882 4580 2151 4635 accedere
2206 4579 2278 4633 ad
2337 4577 2731 4632 ministerium
2790 4577 2943 4648 quod
2997 4578 3120 4633 sola
3173 4579 3534 4635 continentia

117 4675 432 4748 discipulis
465 4674 704 4746 maligni
736 4672 1070 4739 Muhamed,
1094 4671 1262 4741 cujus
1281 4670 1477 4725 farinae
1497 4674 1657 4725 totus
1685 4686 1767 4726 es.
1803 4688 1850 4752 Ι)
1882 4671 2106 4740 Oportet
2135 4666 2382 4738 impleri.
2423 4688 2451 4715 »
2483 4666 2642 4721 Idem
2675 4666 2746 4721 ad
2779 4665 3120 4722 Victricium
3149 4667 3528 4740 episcopum:

117 4768 211 4821 'l‘u
247 4780 478 4836 quoque
512 4763 650 4835 quia
678 4761 981 4834 presbyter
1010 4777 1092 4827 es,
1135 4759 1262 4815 sine
1294 4776 1468 4815 uxore
1498 4776 1625 4814 esse
1655 4776 1769 4816 non

117 4855 326 4924 debes,
357 4853 681 4910 secundum
712 4850 1064 4906 assertiones
1109 4854 1260 4905 tuas.

197 4942 416 4998 XXVII.
451 4942 562 4997 Sed
585 4942 713 5011 jam
733 4939 1034 4994 videamus
1065 4937 1320 5009 capitula
1351 4939 1567 5009 quibus
1598 4942 1768 5008 putas

115 5049 296 5106 posse
325 5031 556 5086 defendi
590 5028 877 5085 adulteria
906 5028 1297 5094 sacerdotum,
1329 5044 1446 5082 non
1477 5027 1767 5098 conjugia.

117 5146 152 5173 ‹‹
188 5120 532 5192 Episcopus,
567 5119 833 5190 inquam,
865 5118 1168 5188 presbyter
1195 5120 1296 5170 aut
1326 5116 1608 5171 diaconus
1635 5133 1771 5170 uxo-

118 5225 251 5267 rem
284 5226 452 5265 suam
484 5225 600 5263 non
630 5206 867 5278 abjiciat
886 5206 1125 5261 obtentu
1145 5203 1465 5275 religionis.
1488 5203 1547 5259 Si
1577 5208 1773 5259 autem

111 5299 422 5370 abjecerit,
454 5299 871 5369 sequestretur,
904 5309 1279 5366 perseverans
1300 5297 1497 5348 autem
1524 5292 1779 5364 depona-

112 5395 240 5445 tur.
288 5410 317 5437 »
367 5387 617 5442 Omnino
667 5385 1014 5440 conﬁtemur
1053 5399 1168 5437 non
1201 5381 1375 5437 licere
1405 5381 1768 5453 episcopum,

113 5477 551 5552 presbyterum,
600 5473 904 5529 diaconem
952 5470 1038 5527 vel
1072 5470 1490 5526 subdiaconem
1531 5485 1771 5525 uxorem

30 5569 34 5604 ί
113 5564 424 5642 propriam
455 5580 634 5619 causa
654 5561 953 5634 religionis
975 5559 1224 5630 abjicsre
1245 5576 1280 5616 a
1299 5576 1440 5615 cura
1468 5575 1595 5625 sua,
1618 5558 1772 5613 scili-

30 5661 34 5696 ί
114 5660 214 5714 cet
244 5659 312 5710 ut
342 5653 394 5709 ei
415 5653 634 5709 victum
656 5656 712 5707 et
739 5651 1014 5707 vestitum
1045 5648 1364 5720 provideat,
1393 5665 1508 5705 non
1540 5653 1604 5703 ut
1634 5663 1771 5705 cum

30 5751 36 5828 ξ
111 5744 230 5809 illa
281 5758 350 5802 ex
405 5756 565 5802 more
622 5737 931 5802 carnaliter
987 5738 1201 5810 jaceat.
1268 5737 1362 5796 Sic
1420 5740 1477 5797 et
1536 5739 1772 5800 sanctos

1883 4781 1909 4808 ‹‹
1945 4758 2221 4811 Przeterea
2249 4755 2404 4826 quod
2437 4754 2681 4825 dignum
2714 4759 2770 4808 et
2799 4755 3076 4825 pudicum
3119 4761 3177 4810 et
3208 4755 3524 4812 honestum

1888 4851 2082 4901 tenere
2112 4843 2370 4898 Ecclesia
2399 4843 2738 4898 omnimodo
2769 4843 2959 4912 debet,
3009 4848 3075 4899 ut
3115 4845 3448 4902 sacerdotes
3480 4850 3538 4903 et

1886 4935 2068 4990 levitas
2098 4950 2230 4988 cum
2265 4931 2544 4986 uxoribus
2574 4932 2699 4987 suis
2741 4949 2854 4988 non
2901 4938 3128 5001 coeant,
3165 4935 3307 5006 quia
3336 4935 3542 4991 minis-

1883 5025 2010 5079 terii
2056 5021 2379 5093 quotidiani
2431 5021 2881 5076 necessitatibus
2929 5029 3314 5094 occupantur.
3377 5025 3538 5082 Scri-

1885 5119 2047 5186 ptum
2079 5116 2166 5166 est
2187 5110 2342 5165 enim
2380 5127 2392 5163 :
2429 5133 2456 5159 «
2492 5110 2687 5164 Sancti
2713 5114 2915 5178 estote,
2953 5113 3233 5182 quoniam
3264 5131 3369 5185 ego
3404 5131 3536 5169 san-

1884 5225 1910 5251 ‹‹
1945 5205 2072 5256 ctus
2091 5199 2398 5266 sum,dicit
2415 5198 2853 5254 DominusDeus
2873 5203 3269 5272 vester(l.evit.
3294 5219 3370 5271 ιιι,
3389 5203 3534 5272 44).»

1882 5291 2028 5345 Nam
2047 5288 2632 5361 priscistemporibus
2651 5287 2723 5342 de
2746 5289 3068 5360 temploDei
3084 5307 3235 5345 anno
3256 5290 3390 5343 vicis
3411 5306 3530 5344 suae

1883 5396 1997 5433 non
2024 5378 2422 5441 discedebant,
2456 5377 2611 5432 sicut
2640 5378 2711 5432 de
2751 5378 3062 5434 Zaccharia
3103 5378 3369 5449 legimus,
3426 5393 3528 5432 nec

1882 5467 2124 5521 domum
2172 5482 2341 5520 suam
2388 5466 2628 5521 omnino
2677 5467 3014 5537 tangebant,
3066 5465 3277 5534 quibus
3327 5464 3528 5535 utique

1880 5559 2117 5626 propter
2146 5553 2364 5610 sobolis
2396 5553 2847 5621 successionem,
2884 5553 3118 5608 uxorius
3149 5568 3293 5606 usus
3333 5552 3527 5609 fuerat

1880 5644 2172 5699 relaxatus
2197 5661 2210 5712 ;
2234 5643 2374 5714 quia
2405 5660 2473 5698 ex
2503 5643 2618 5698 alia
2639 5644 2790 5698 tribu
2832 5647 2888 5696 et
2916 5643 3152 5712 propter
3180 5656 3381 5696 semen
3411 5649 3526 5699 Aa-

1879 5749 1985 5794 ron
2021 5734 2094 5794 ad
2120 5732 2512 5793 sacerdotium
2543 5730 2738 5792 nullus
2765 5729 2957 5788 fuerat
2985 5727 3312 5805 permissus
3361 5745 3524 5794 acce-
