3876 6362
417 422 534 484 999

1409 415 1894 480 HUMBEBTUS
1943 418 2006 476 S.
2039 417 2126 476 -Β,
2171 415 2242 476 E.
2291 415 2784 476 CARDINALIS.

3711 409 3810 476 me

417 554 569 608 dere.
604 552 829 614 Quanto
861 549 1049 621 magis
1081 549 1142 604 bi
1175 550 1503 605 sacerdotes
1535 549 1620 604 vel
1668 549 1851 604 levitze
1883 549 2054 620 pudi-
2083 549 2138 614 Α
2169 548 2570 603 benedictione
2601 546 2938 602 sacerdotali
2993 543 3296 620 permittit
3333 559 3352 601 :
3391 559 3526 598 non
3557 545 3749 598 autem
3775 547 3809 596 vi

414 639 610 696 citiam
643 655 710 694 ex
730 639 821 692 die
849 637 1230 693 ordinationis
1262 656 1379 692 suae
1410 654 1637 693 servare
1659 637 1892 704 debent,
1927 636 2054 708 qui-

413 729 525 783 bus
547 727 938 783 sacerdotium
981 726 1066 780 vel
1107 727 1499 782 ministerium
1530 726 1656 782 sine
1689 727 2058 781 successione

414 821 521 882 est,
555 832 660 871 nec
707 817 962 887 praeterit
1001 815 1123 870 dies
1155 832 1271 888 qua
1301 815 1388 870 vel
1421 833 1454 870 a
1494 813 1797 870 sacriﬁciis
1845 813 2056 870 divinis

415 909 516 960 aut
545 903 916 976 baptismatis
949 904 1138 959 cilicio
1177 905 1423 960 vacent?
1454 904 1599 958 Nam
1650 903 1694 958 si
1737 901 1954 958 Paulus
1983 903 2055 958 ad

411 993 740 1050 Corinthios
771 992 998 1060 scribit,
1023 992 1222 1048 dicens
1254 1009 1266 1046 :
1303 1015 1330 1040 ‹‹
1363 992 1660 1046 Abstinete
1690 1009 1789 1046 vos
1821 993 1890 1046 ad
1918 995 2058 1046 tem-

412 1105 438 1132 (ι
473 1099 603 1154 pus,
634 1089 698 1136 ut
737 1081 949 1136 vacetis
981 1081 1226 1136 orationi
1259 1081 1304 1152 (Ι
1345 1083 1468 1137 Cor.
1525 1097 1626 1147 vn,
1658 1081 1712 1150 5)
1741 1098 1753 1146 ;
1793 1101 1815 1128 ι
1864 1083 1920 1133 et
1949 1077 2056 1134 hoc

414 1171 612 1242 utique
655 1169 818 1225 laicis
869 1170 1176 1242 praecepit;
1229 1169 1416 1224 multo
1465 1168 1654 1240 magis
1703 1168 2052 1234 sacerdotes,

414 1260 630 1331 quibus
661 1263 717 1315 et
747 1259 949 1314 orandi
984 1264 1038 1314 et
1069 1258 1438 1314 sacriﬁcandi
1479 1259 1622 1330 juge
1655 1257 1914 1312 ofﬁcium
1946 1261 2052 1322 est,

410 1365 639 1420 semper
660 1349 954 1403 debebunt
975 1348 1044 1402 ab
1067 1347 1404 1417 hujusmodi
1429 1345 1717 1401 consortio
1741 1344 2050 1400 abstinere:

409 1437 508 1508 qui
541 1437 589 1490 si
621 1435 1053 1491 contaminatus
1107 1435 1280 1489 fuerit
1319 1433 1534 1490 carnali
1588 1431 2056 1505 concupiscentia

407 1525 668 1580 exaudiri
701 1541 870 1595 posse
894 1541 952 1577 se
971 1522 1194 1577 credit?
1224 1540 1356 1578 cum
1382 1523 1601 1578 dictum
1633 1523 1708 1578 sit
1736 1539 1748 1575 :
1791 1541 1810 1570 ι
1845 1520 2054 1576 Omnia

410 1637 434 1662 ‹‹
481 1613 703 1668 munda
723 1612 998 1679 mundis;
1024 1611 1415 1682 coinquinatis
1435 1615 1626 1666 autem
1642 1615 1698 1665 et
1717 1609 2051 1664 infidelibus

409 1699 554 1756 nihil
589 1701 873 1755 mundum
909 1702 1026 1770 (’I‘z't.
1063 1700 1228 1771 1,15).
1267 1723 1292 1748 ››
1328 1701 1436 1754 Sed
1470 1701 1712 1754 fortasse
1743 1698 1849 1753 hoc
1881 1697 2050 1752 licere

405 1789 608 1859 credit,
642 1788 781 1860 quia
821 1789 1104 1859 scriptum
1146 1793 1231 1843 est
1265 1806 1276 1842 :
1313 1813 1336 1836 α
1375 1788 1561 1844 Unius
1613 1787 1812 1843 uxoris
1861 1785 2048 1842 virum

407 1877 452 1949 (ι
475 1877 630 1943 Tim,
657 1893 742 1942 ιιι,
769 1877 843 1946 2).
881 1899 908 1924 ››
941 1876 1062 1931 Non
1079 1881 1310 1947 prepter
1329 1875 1789 1947 permanentiam
1824 1875 1880 1928 in
1914 1891 2049 1928 con-

406 1965 766 2037 cupiscentia
797 1965 1110 2036 generandi
1143 1965 1250 2020 hoc
1277 1965 1441 2030 dixit,
1475 1965 1572 2020 sed
1597 1969 1832 2036 propter
1861 1961 2042 2018 conti-

408 2055 666 2108 nentiam
717 2053 992 2108 l'uturam.
1045 2053 1242 2122 Neque
1299 2053 1454 2108 enim
1497 2053 1752 2124 integros
1810 2067 2046 2122 corpore

407 2161 522 2198 non
554 2141 809 2208 admisit,
845 2141 944 2212 qui
977 2142 1059 2196 ait
1091 2160 1103 2196 :
1139 2165 1164 2188 ‹‹
1195 2141 1416 2196 Vellem
1451 2145 1645 2196 autem
1677 2157 1879 2196 omnes
1919 2155 2046 2194 esse

406 2233 558 2288 sicut
588 2235 642 2286 et
672 2247 776 2301 ego
809 2229 852 2302 (I
883 2231 1000 2284 Cor.
1034 2247 1132 2300 vn,
1155 2231 1230 2300 7).
1267 2231 1333 2285 Et
1363 2231 1622 2301 apertius
1675 2229 1930 2286 declarat
1957 2227 2044 2282 di-

406 2336 541 2376 cens
575 2335 588 2373 :
627 2341 648 2368 ι
685 2319 790 2384 Qui
819 2324 1010 2373 autem
1045 2319 1102 2372 in
1133 2335 1303 2372 carne
1335 2323 1492 2382 sunt,
1527 2318 1640 2372 Deo
1673 2317 1898 2388 placere
1931 2333 2046 2370 non

409 2431 434 2458 ‹‹
471 2411 734 2480 possunt.
767 2407 882 2462 Vos
914 2413 1105 2462 autem
1133 2407 1256 2476 jam
1297 2424 1408 2460 non
1451 2407 1592 2461 estis
1631 2406 1690 2459 in
1722 2421 1910 2472 carne,
1946 2405 2046 2459 sed

409 2519 436 2545 ‹‹
471 2496 530 2550 in
564 2495 770 2568 spiritu
797 2497 968 2566 (Rom.
1001 2513 1126 2560 VIII,
1159 2497 1233 2565 8).
1289 2517 1315 2544 ››
1369 2495 1434 2549 Et
1478 2493 1788 2550 habentem
1837 2493 2046 2560 filium,

409 2601 523 2640 non
547 2589 920 2656 generantem
952 2584 1116 2639 dixit.
1152 2605 1179 2632 ››

477 2709 642 2763 XXX.
675 2709 742 2764 Et
783 2707 1129 2763 venerabilis
1177 2725 1326 2778 papa
1371 2707 1657 2761 Siricius:
1705 2729 1730 2756 ‹‹
1773 2707 2039 2763 Feminae

407 2815 522 2853 non
556 2797 701 2854 alias
731 2813 858 2852 esse
884 2796 1218 2868 patimurin
1238 2796 1511 2851 domibus
1535 2795 1901 2862 clericorum,
1933 2794 2048 2849 nisi

408 2903 506 2942 eas
536 2889 767 2942 tantum
786 2902 932 2957 quas
955 2890 1188 2956 propter
1217 2884 1370 2941 solas
1391 2884 1889 2940 necessitudinum
1911 2899 2047 2939 cau-

411 2991 510 3030 sas
565 2974 829 3030 habitare
882 2991 1014 3028 cum
1071 2973 1282 3029 iisdem
1343 2974 1600 3044 synodus
1639 2973 1870 3028 Niczena
1925 2989 2050 3043 per-

415 3062 596 3118 misit.

481 3175 670 3231 ΧΧΧΙ.
703 3177 950 3231 Sanctus
979 3175 1184 3230 deinde
1217 3176 1328 3232 Leo
1360 3193 1511 3247 papa
1541 3174 1821 3231 mirabilis
1849 3175 2049 3230 doctor

2167 637 2343 692 duam
2375 641 2430 692 et
2451 636 2810 708 repudiatam
2839 653 2851 704 ;
2880 635 3020 708 quia
3039 638 3290 708 propter
3311 633 3442 690 hoc
3471 629 3675 690 solum
3701 633 3806 688 dein

2165 742 2300 798 ccps
2331 743 2434 780 nec
2465 727 2540 780 ad
2577 726 3065 782 subdiaconatum
3107 723 3370 798 provehi
3417 725 3724 796 poterunt,
3749 739 3809 776 nc.

2165 813 2350 870 laicus
2383 831 2498 870 non
2527 813 2810 886 virginem
2843 814 3409 880 sortitusuxorem,
3447 813 3562 868 aut
3589 810 3809 884 bigarum

2167 904 2240 958 ad
2277 903 2634 960 clericatum.
2683 903 2848 968 Quod
2879 903 2930 958 si
2959 903 3096 976 quis
3125 901 3546 976 praefatorum
3589 899 3809 956 ordinari

2166 991 2458 1047 desiderat
2496 992 2568 1046 ad
2616 991 3110 1048 subdiaconatum
3139 990 3518 1058 ascendere,
3561 1003 3638 1044 ne
3667 988 3809 1061 quibi:

2165 1079 2274 1134 hoc
2303 1079 2428 1136 sine
2458 1096 2748 1136 consensu
2783 1079 3154 1150 uxoris-suis,
3189 1083 3258 1134 ut
3305 1080 3388 1134 de
3431 1075 3668 1134 carnali
3695 1078 3810 1134 dein-

2165 1185 2301 1240 ceps
2329 1169 2432 1224 fiat
2463 1168 2804 1242 conjugium
2833 1167 3164 1242 spirituale,
3199 1167 3466 1224 nemine
3509 1183 3614 1224 eos
3643 1165 3713 1222 ad
3737 1165 3809 1222 hoc

2165 1262 2421 1330 cogente.
2455 1258 2570 1314 Nec
2601 1256 2962 1330 permittitur
2991 1261 3196 1329 postea
3237 1273 3408 1312 uxor
3449 1255 3634 1329 jungi
3663 1255 3810 1312 eidem

2163 1363 2269 1401 suo
2303 1346 2507 1401 marito
2535 1345 2865 1414 carnaliter,
2899 1362 3003 1402 nec
3033 1345 3324 1416 cuiquam
3377 1345 3614 1400 nubere
3643 1344 3700 1400 in
3729 1345 3810 1398 vita

2162 1439 2262 1489 aut
2273 1438 2406 1506 post
2425 1439 2672 1490 mortem
2691 1433 2872 1500 illius,
2889 1433 3110 1506 alioqui
3133 1433 3810 1490 anathematizandaest:

2161 1524 2314 1578 sicut
2343 1527 2398 1578 et
2428 1524 2730 1588 diaconus,
2761 1527 2819 1578 et
2845 1523 3276 1590 subdiaconus,
3311 1528 3380 1578 et
3403 1522 3716 1595 presbyter
3737 1529 3810 1576 aut

2160 1612 2468 1684 episcopus
2497 1612 2878 1683 deponendus
2907 1628 3079 1668 suam
3101 1617 3416 1684 repetens,
3435 1616 3548 1668 aut
3575 1615 3809 1668 extrane-

2159 1716 2252 1754 am
2297 1701 2536 1768 ducens,
2562 1701 2728 1771 juxta
2785 1701 2940 1770 quod
2987 1701 3046 1756 in
3079 1699 3561 1756 Neocmsariensi
3593 1698 3808 1758 concilio

2159 1789 2460 1844 orthodoxi
2486 1805 2725 1844 sanxere
2755 1789 2976 1845 Patres.

2229 1877 2470 1932 XXXIII.
2513 1877 2752 1932 Talibus
2799 1894 2936 1950 ergo
2969 1877 3404 1934 traditionibus
3455 1893 3649 1950 usque
3677 1893 3806 1932 nunc

2157 1971 2357 2022 sancta
2403 1967 2666 2022 Romana
2695 1965 2952 2022 Ecclesia
2981 1971 3040 2022 et
3072 1966 3410 2038 apostolica
3449 1968 3626 2024 sedes
3669 1967 3802 2022 omni

2155 2055 2373 2109 mundo
2402 2053 2648 2122 refulsit,
2681 2069 2788 2110 nec
2817 2054 3138 2125 aliquando
3183 2056 3462 2114 Judaicis
3507 2053 3725 2111 fabulis
3763 2057 3802 2108 et

2153 2143 2502 2216 apocryphis
2525 2143 2830 2214 scripturis
2851 2143 3170 2214 acquievit,
3195 2146 3300 2200 sed
3319 2161 3432 2217 per
3443 2144 3676 2216 primos
3697 2159 3802 2215 apo-

2156 2233 2438 2288 stolorum
2457 2233 2515 2286 in
2539 2231 2666 2304 ipso
2689 2249 2924 2288 summo
2945 2233 3218 2305 angulari
3249 2233 3450 2306 lapide
3477 2232 3714 2288 Christo
3725 2231 3798 2288 ὗες

2155 2339 2224 2376 su
2257 2322 2517 2390 fundata,
2539 2319 2714 2376 nullis
2747 2321 3076 2378 haeresibus
3095 2323 3296 2390 cessit,
3331 2338 3440 2378 nec
3461 2315 3796 2394 prohibuita

2155 2410 2424 2481 conjugio
2457 2409 2638 2466 laicos
2661 2425 2673 2464 :
2699 2410 2802 2466 sed
2825 2409 2976 2466 sacri
3009 2409 3216 2467 altaris
3245 2410 3562 2468 ministros
3589 2415 3647 2468 et
3675 2425 3794 2482 apo-

2157 2497 2422 2554 stolicam
2455 2499 2866 2570 perfectionem
2899 2500 3194 2570 professos
3225 2499 3580 2558 monachos.

2227 2587 2467 2642 XXXlV.
2517 2587 2624 2642 llla
2651 2591 2848 2644 tamen
2877 2589 3163 2658 Ecclesia,
3201 2606 3388 2661 quam
3423 2589 3588 2646 Arius
3617 2605 3784 2644 corru-

2155 2677 2259 2748 pit,
2293 2676 2666 2734 Macedonius
2697 2677 3022 2748 prostituit,
3061 2695 3192 2748 quzn
3241 2678 3553 2750 genimina
3587 2677 3786 2752 vipera-

2155 2782 2308 2832 rum,
2333 2766 2392 2820 id
2421 2769 2528 2832 est,
2559 2765 2912 2834 Nestorium,
2945 2766 3280 2838 Eutychen,
3321 2767 3720 2826 Monothelitas
3739 2769 3788 2820 at

2155 2854 2619 2926 Theupaschitas
2653 2859 2710 2909 et
2741 2854 2997 2926 reliquas
3027 2855 3450 2914 hereticorum
3501 2861 3674 2928 pestes
3693 2871 3781 2926 pe-

2157 2943 2324 3014 perit,
2343 2943 2534 2998 adhuc
2555 2960 2588 2998 a
2609 2942 2826 2999 Nicolai
2846 2943 3250 3002 hmresiarchze
3281 2944 3672 3018 complexibus
3695 2943 3783 2998 ab-

2158 3031 2344 3086 strahi
2390 3049 2504 3086 non
2537 3031 2743 3103 potuit,
2791 3033 2934 3088 adeo
2981 3037 3050 3088 ut
3087 3034 3160 3090 ad
3191 3035 3356 3092 sacri
3398 3033 3592 3092 altaris
3633 3031 3776 3088 mini-

2158 3121 2400 3176 sterium
2439 3121 2796 3176 ordinandos
2827 3122 3150 3194 interroget
3179 3139 3254 3180 an
3285 3123 3549 3182 habeant
3577 3135 3769 3178 uxores.

2158 3209 2264 3274 Qui
2299 3209 2714 3280 respondentes
2743 3227 2805 3266 se
2837 3226 2952 3266 non
2983 3211 3202 3269 habere
3231 3211 3658 3286 eompelluntur
3673 3208 3770 3280 pri-

409 3270 465 3321 et
480 3269 691 3320 sancta:
708 3263 1195 3319 Chalcedonensis
1217 3265 1418 3336 synodi
1439 3267 1660 3330 auctor,
1679 3279 1912 3318 omnem
1929 3281 2046 3318 am-
2075 3280 2117 3347 ρ
2336 3263 2580 3363 fere,
2699 3263 3202 3370 8ίοῖωῷὸεῖἆόὦὲ
3231 3263 3491 3360 Ξ
3502 3263 3766 3370 ῼὸξρθςθτ

409 3353 748 3426 biguitatcm
782 3353 960 3423 hujus
991 3353 1068 3408 rei
1102 3353 1449 3408 abscindens
1490 3353 1607 3408 ait:
1644 3375 1670 3402 ‹‹
1715 3354 1828 3408 Lex
1859 3353 2044 3407 conti-

407 3442 614 3498 nentize
645 3441 846 3496 eadem
878 3447 966 3496 est
997 3441 1195 3496 altaris
1227 3441 1534 3508 ministris,
1580 3457 1707 3512 quae
1757 3441 2046 3512 episcopis

409 3535 582 3602 atque
605 3529 976 3602 presbyteris.
1012 3531 1117 3593 Qui
1148 3545 1282 3584 cum
1315 3533 1511 3585 essent
1539 3527 1689 3596 laici,
1728 3529 1845 3584 sive
1879 3530 2048 3584 lecto-

409 3635 523 3686 res,
562 3617 717 3674 licite
747 3623 803 3673 et
833 3635 1039 3674 uxores
1070 3619 1278 3674 ducere
1309 3623 1364 3673 et
1395 3618 1546 3673 ﬁlios
1595 3635 1896 3689 procreare
1943 3635 2044 3690 po-

407 3713 662 3763 tuerunt.
693 3709 805 3763 Sed
838 3725 971 3763 cum
1003 3709 1074 3763 ad
1118 3708 1422 3780 praedictos
1469 3723 1778 3780 pervenere
1808 3709 2044 3780 gradus,

409 3801 708 3870 cmperunt
739 3797 823 3852 eis
851 3813 970 3851 non
995 3797 1166 3852 licere
1197 3813 1322 3867 qum
1354 3795 1664 3852 licuerunt.
1699 3795 1858 3852 Unde
1882 3801 1946 3852 ut
1977 3798 2046 3852 de

407 3885 626 3941 carnali
655 3885 756 3941 ﬁat
785 3884 1090 3956 spirituale
1140 3885 1502 3956 conjugium,
1537 3889 1762 3956 oportet
1811 3903 1909 3940 eos
1945 3903 2045 3938 nec

407 3975 704 4029 dimittere
751 3990 980 4043 uxores,
1015 3979 1070 4028 et
1091 3973 1260 4045 quasi
1293 3989 1405 4028 non
1429 3973 1681 4027 habeant
1700 3973 1782 4028 sic
1813 3973 2044 4030 habere:

407 4079 522 4133 quo
555 4066 612 4116 et
638 4061 797 4117 salva
847 4061 922 4117 sit
953 4062 1203 4116 charitas
1235 4061 1681 4130 connubiorum,
1737 4065 1792 4116 et
1821 4067 2050 4118 cessent

409 4165 584 4221 opera
613 4149 972 4220 nuptiarum.
1005 4172 1032 4198 υ
1067 4151 1209 4204 Ecce
1241 4149 1338 4203 isti
1367 4165 1502 4203 cum
1533 4150 1698 4204 Petro
1731 4155 1786 4204 et
1817 4167 1917 4221 per
1946 4151 2046 4206 Pe-

407 4241 566 4291 trum
619 4237 804 4292 effecti
838 4236 1108 4308 clavigeri
1139 4237 1299 4309 regni
1333 4237 1632 4304 cmlorum,
1675 4239 1756 4292 ita
1795 4239 2046 4294 conl‘rin-

408 4329 554 4397 gunt
604 4341 806 4380 omnes
839 4325 1148 4382 claviculas
1199 4325 1574 4382 ini'ernalium
1623 4331 1942 4398 portarum,
1987 4331 2050 4382 ut

409 4413 572 4470 nulla
593 4415 720 4486 jam
753 4415 1008 4488 supersit
1037 4415 1277 4470 haeresis
1307 4414 1745 4471 Nicolaitarum.

477 4529 690 4588 XXXII.
728 4531 836 4587 Sed
883 4548 954 4588 ne
985 4531 1124 4604 quid
1159 4532 1354 4588 minus
1397 4531 1616 4588 factum
1665 4530 1823 4588 dicas
1873 4533 2049 4589 seria-

2157 3392 2220 3441 ut
2242 3385 2372 3442 novi
2403 3385 2617 3454 mariti,
2649 3391 2707 3442 et
2737 3387 2953 3444 recenti
2973 3388 3171 3468 carnis
3191 3389 3498 3463 voluptate
3521 3389 3616 3445 toti
3645 3401 3762 3442 reso-

2151 3474 2258 3528 luti
2291 3479 2346 3530 et
2377 3475 2642 3541 marcidi,
2669 3478 2726 3530 et
2755 3475 2910 3532 inter
2939 3481 3144 3534 sancta
3161 3478 3466 3536 sacriﬁcia
3487 3477 3760 3549 cogitantes

2154 3564 2444 3634 quomodo
2475 3562 2744 3633 placeant
2770 3564 3074 3632 uxoribus,
3101 3565 3556 3624 immaculatum
3585 3559 3758 3622 Christi

2155 3668 2365 3722 corpus
2397 3655 2642 3706 tractent
2671 3655 2845 3722 atque
2874 3653 3092 3725 populo
3123 3654 3512 3722 distribuant,
3551 3652 3760 3722 indeque

2157 3740 2546 3796 sanctificatas
2578 3757 2790 3796 manus
2821 3741 2894 3796 ad
2927 3743 3306 3800 tractandum
3359 3742 3616 3800 membra
3659 3753 3762 3794 mu-

2157 3828 2360 3883 liebria
2391 3845 2524 3884 mox
2555 3829 2826 3896 referant,
2859 3832 2916 3884 et
2946 3830 2996 3884 si
3030 3829 3186 3886 sicut
3223 3831 3474 3904 populus
3499 3829 3582 3886 sic
3611 3833 3668 3884 et
3689 3843 3762 3882 sa-

2156 3917 2378 3982 cerdos,
2411 3921 2470 3970 et
2489 3917 2724 3970 tandem
2757 3915 2956 3988 populi
2987 3917 3144 3974 sicut
3171 3919 3506 3975 sacerdotes
3531 3915 3678 3974 mali.

2225 4004 2440 4060 XXXV.
2483 4007 2844 4077 Quapropter
2879 4007 3102 4077 parcite
3143 4009 3274 4079 jam
3317 4009 3504 4075 vobis,
3541 4013 3596 4064 et
3619 4001 3761 4060 nolite

2158 4093 2452 4150 attendere
2483 4093 2784 4165 spiritibus
2811 4095 3028 4152 erroris
3043 4099 3102 4152 et
3127 4097 3560 4154 daemoniorum
3585 4087 3760 4150 doctri-

2157 4181 2269 4248 nis,
2303 4185 2366 4236 ut
2395 4180 2698 4238 nobiscum
2729 4183 2802 4238 de
2829 4199 2966 4242 vera
2993 4201 3158 4256 pace,
3205 4203 3336 4258 quas
3387 4186 3638 4244 Christus
3675 4183 3761 4247 est,

2157 4270 2250 4324 hic
2280 4273 2338 4324 et
2364 4269 2424 4324 in
2453 4269 2648 4326 futuro
2669 4271 2994 4342 gaudeatis.
3027 4273 3116 4329 Tu
3153 4290 3313 4343 vero,
3351 4273 3662 4332 miserrime
3685 4266 3759 4324 Ni-

2157 4362 2303 4426 ceta,
2363 4358 2544 4414 donec
2595 4359 2904 4431 respiscas,
2961 4361 3045 4416 sis
3103 4363 3450 4432 anathema,
3513 4363 3580 4422 ab
3629 4355 3756 4416 omni

2157 4446 2372 4503 Christi
2401 4446 2675 4514 Ecclesia,
2705 4463 2842 4504 cum
2863 4449 3140 4508 omnibus
3161 4453 3264 4523 qui
3287 4453 3404 4512 tibi
3433 4447 3760 4524 acquiescant

2156 4536 2216 4590 in
2255 4539 2374 4590 tam
2427 4551 2694 4607 perversa
2745 4537 3027 4594 doctrina.
3061 4539 3212 4596 Nam
3249 4541 3462 4618 volens
3489 4555 3609 4598 esse
3645 4533 3757 4606 legis

405 4619 510 4676 tim
541 4625 599 4676 et
627 4625 820 4694 aperte
847 4637 1289 4694 prosequemur,
1323 4622 1460 4692 quid
1499 4623 1758 4676 ltomana
1797 4621 2050 4678 Ecclesia
2077 4643 2124 4708 Β
2159 4623 2364 4680 divinae
2395 4624 2613 4691 doctor,
2643 4641 2762 4680 non
2793 4624 3076 4698 intelligis
3115 4645 3248 4699 quae
3285 4629 3566 4703 loqueris,
3607 4635 3758 4708 neque

405 4708 464 4764 in
495 4709 775 4782 gradibus
806 4710 1146 4766 clericorum
1170 4713 1323 4781 agat.
1356 4711 1602 4765 Clericos
1631 4715 1854 4764 tantum
1877 4711 2046 4766 ostia-

405 4797 542 4862 rios,
575 4797 836 4864 lectores,
868 4799 1205 4863 exorcistas,
1238 4803 1294 4853 et
1323 4797 1643 4870 acolytbos,
1677 4799 1724 4852 si
1759 4803 1916 4855 extra
1945 4817 2044 4855 vo-

405 4887 531 4938 tum
563 4889 620 4938 et
647 4884 915 4940 habitum
947 4885 1218 4942 monachi
1249 4884 1629 4941 inveniuntur
1658 4891 1714 4940 et
1743 4886 2046 4942 continen-

409 4969 552 5024 tiam
583 4971 836 5041 proﬁteri
861 4971 1086 5042 nolunt,
1113 4989 1348 5028 uxorem
1369 4972 1652 5045 virginem
1673 4975 1883 5030 ducere
1913 4992 2046 5032 cum

2154 4713 2224 4768 de
2251 4712 2464 4784 quibus
2501 4713 2782 4780 afﬁrmas,
2815 4717 2872 4770 et
2901 4713 3121 4772 stultus
3149 4715 3302 4788 ipse,
3335 4716 3640 4792 sapientior
3677 4707 3756 4766 tibi

2154 4800 2368 4856 videris
2390 4805 2612 4873 septem
2633 4801 2774 4857 viris
2793 4801 3176 4874 loquentibus
3197 4808 3536 4878 parabolas.
3557 4803 3656 4862 Sed
3673 4797 3758 4856 sal-

2155 4893 2273 4944 tem
2299 4889 2611 4960 aliquando
2643 4889 2802 4948 disce
2833 4893 3044 4961 tacere;
3077 4893 3182 4964 qui
3213 4911 3524 4970 nunquam
3543 4885 3756 4965 loquidi-

2155 4978 2372 5034 dicisti.

921 5093 1196 5173 Explica
1223 5096 1488 5175 reponsio
1515 5097 1729 5176 fratri-2's
1757 5097 2077 5162 Humberti
2099 5103 2360 5185 episcopi
2383 5111 2592 5164 contra
2620 5101 2844 5166 Nicetes
2873 5103 3294 5190 blasphemiae.
