3876 6356
801 395 901 457 DE
949 394 1215 458 GESTlS
1261 388 1746 456 LEGATORUM
1794 390 1985 454 ROM.
2034 390 2268 455 PONT.
2314 392 2392 455 IN
2439 392 2648 458 URBE
2691 392 2810 459 GP.

3346 398 3502 471 1002

1658 716 1949 779 INCIPIT

545 871 997 967 BREVIS
1066 872 1223 966 ET
1292 868 1989 967 SUCCINCTA
2059 868 3082 968 COMMEMORATIO

1697 1086 1915 1133 EORUM

270 1229 417 1301 Quae
447 1234 775 1308 gesserunt
802 1228 1162 1313 apocrisarii
1190 1229 1748 1313 sanctae‘Romanee
1776 1232 1840 1313 et
1868 1225 2224 1313 apostolicae
2262 1228 2424 1313 sedis
2457 1228 2525 1289 in
2560 1229 2735 1313 regia
2772 1229 2949 1308 urbe,
2983 1237 3048 1295 et
3075 1230 3346 1313 qualiter

942 1310 1453 1372 anathematizati
1481 1312 1627 1370 sunt
1655 1307 1922 1370 Michael
1950 1326 2094 1369 cum
2122 1309 2490 1389 sequacibus
2519 1307 2669 1371 suis“.

171 1600 217 1656 Ι.
238 1600 1350 1674 AnnoundecimoimperiiConstantini
1374 1602 1747 1659 Monomachi
1774 1601 1831 1669 Α
1861 1602 2157 1674 pulverem
2188 1602 2405 1675 pedum
2426 1620 2670 1661 suorum
2699 1603 3076 1661 excusserein
3101 1603 3505 1664 testimonium

86 1686 416 1747 indictione
441 1708 537 1759 v11,
565 1692 690 1763 ipso
713 1693 804 1747 die
832 1693 1160 1748 nativitatis
1186 1693 1339 1749 beati
1365 1692 1613 1749 Joannis
1643 1693 1751 1747 Ba-

86 1777 313 1847 ptistae,
354 1779 795 1836 advenientibus
826 1799 861 1835 a
890 1782 1137 1838 Domino
1182 1799 1337 1855 papa
1368 1782 1553 1837 Leone
1598 1797 1754 1837 nono

86 1865 473 1937 apocrisariis
504 1872 714 1924 sanctae
747 1870 1019 1925 Romanae
1050 1870 1228 1938 sedis,
1252 1870 1575 1925 Humberto
1597 1869 1755 1925 scili-

87 1958 194 2009 cet
220 1955 505 2011 cardinali
527 1957 798 2029 episcopo
816 1958 983 2013 Silva:
1004 1959 1273 2014 Candidas
1300 1962 1357 2014 et
1371 1959 1540 2014 Petro
1561 1957 1756 2014 Amal-

87 2041 481 2114 phitanorum
532 2045 989 2119 archiepiscopo,
1025 2047 1316 2102 Friderico
1367 2062 1600 2119 quoque
1630 2046 1752 2101 dia-

90 2147 248 2187 cono
287 2136 343 2187 et
373 2133 739 2201 cancellario,
786 2136 859 2191 ad
900 2136 1323 2191 monasterium
1366 2134 1556 2191 Studii
1601 2135 1755 2191 intra

88 2221 307 2276 urbem
355 2222 1079 2296 Constantinopolitanam.
1142 2226 1342 2281 Niceta
1402 2224 1748 2293 monachus,

89 2309 203 2380 qui
234 2314 290 2364 et
318 2311 675 2377 Pectoratus,
700 2317 832 2368 ante
862 2314 1232 2385 praesentiam
1257 2314 1478 2386 praefati
1507 2313 1753 2385 impera-

92 2397 247 2453 toris
293 2403 350 2454 et
380 2416 684 2471 procerum
716 2402 866 2471 ejus,
901 2402 1311 2458 insistentibus
1352 2402 1498 2474 ipsis
1530 2402 1751 2458 nuntiis

95 2486 403 2555 Romanis,
437 2489 946 2546 anathematizavit
984 2493 1278 2563 quoddam
1306 2491 1594 2563 scriptum
1640 2490 1751 2545 sub

94 2592 211 2632 suo
268 2577 503 2633 nomine
534 2582 735 2634 contra
764 2580 959 2635 sedem
1009 2580 1386 2652 apostolicam
1418 2585 1474 2635 et
1515 2595 1751 2635 omnem

98 2666 370 2723 Latinam
408 2666 725 2724 Ecclesiam
767 2669 1011 2738 editum,
1058 2675 1113 2725 et
1156 2669 1570 2741 praetitulatum
1605 2686 1618 2723 :
1670 2670 1752 2724 De

95 2771 325 2827 azymo,
349 2755 421 2811 de
442 2757 715 2823 Sabbato,
740 2758 811 2813 de
836 2759 1055 2831 nuptiis
1087 2760 1476 2814 sacerdotum.
1504 2760 1752 2829 Insuper

97 2843 615 2901 anathematizavit
636 2851 897 2916 cunctos,
930 2847 1031 2919 qui
1050 2847 1241 2919 ipsam
1272 2851 1536 2903 sanctam
1553 2845 1750 2902 Eccle-

88 2932 253 3001 siam
284 2933 608 2990 Romanam
640 2940 923 3007 negarent
954 2935 1207 3007 primam
1252 2936 1518 2991 omnium
1558 2934 1753 2990 Eccle-

98 3020 325 3081 siarum
356 3038 505 3089 esse,
537 3028 594 3079 et
618 3024 719 3094 qui
742 3023 903 3081 illius
925 3026 1100 3080 ﬁdem
1124 3042 1355 3096 semper
1372 3024 1751 3080 orthodoxam

98 3115 525 3183 praeumerent
550 3112 607 3166 in
640 3111 836 3182 aliquo
860 3113 1304 3185 reprehendere.
1332 3113 1466 3168 Post
1487 3112 1603 3168 haec
1634 3116 1752 3168 sta-

98 3198 211 3253 tim
243 3199 299 3254 in
322 3204 633 3273 conspectu
656 3201 944 3269 omnium,
970 3203 1042 3257 ad
1061 3202 1499 3274 suggestionem
1522 3218 1752 3257 eorum-

102 3288 236 3343 dem
267 3288 609 3344 nuntiorum
638 3289 1057 3355 Romanorum,
1081 3290 1267 3360 jussit
1289 3290 1443 3344 idem
1477 3288 1753 3345 orthodo-

99 3392 213 3430 xus
238 3374 554 3448 imperator
583 3378 889 3449 praefatum
938 3378 1171 3434 incendi
1205 3378 1515 3450 scriptum,
1549 3378 1751 3446 sicque

100 3464 215 3519 fuit
236 3464 582 3523 discessum.

177 3598 249 3654 II.
282 3601 555 3672 Sequenti
591 3604 785 3656 autem
817 3600 909 3655 die
934 3600 1241 3671 praedictus
1265 3599 1465 3654 Niceta
1485 3599 1633 3654 urbe
1659 3601 1750 3654 est

102 3706 376 3762 egressus
409 3708 422 3746 :
456 3690 607 3746 ultro
638 3691 784 3745 adiit
820 3688 1042 3761 legatos
1087 3689 1247 3762 ipsos
1279 3689 1434 3743 intra
1465 3687 1747 3760 palatium

104 3779 249 3852 Pigi.
281 3780 321 3834 A
352 3779 568 3852 quibus
600 3780 892 3852 accipiens
915 3779 1227 3851 perfectam
1261 3795 1502 3834 suarum
1539 3794 1749 3850 propo-

104 3867 386 3925 sitionum
401 3868 773 3937 solutionem,
788 3868 1001 3924 iterum
1019 3872 1223 3940 sponte
1241 3867 1752 3924 anathematizavit

104 3956 304 4013 omnia
340 3957 495 4013 dicta
524 3962 579 4013 et
610 3958 762 4013 facta
790 3957 878 4012 vel
909 3960 1133 4012 tentata
1172 3956 1452 4012 adversus
1496 3954 1746 4028 primam

104 4045 482 4119 apostolicam
514 4046 733 4103 sedem.
758 4045 860 4100 Hic
882 4046 953 4101 ab
976 4045 1060 4101 eis
1078 4046 1137 4100 in
1159 4044 1635 4100 communionem
1662 4060 1751 4100 re-

104 4138 327 4207 ceptus,
359 4135 599 4190 effectus
621 4139 924 4190 esteorum
965 4132 1275 4189 familiaris
1296 4132 1543 4188 amicus.
1576 4132 1752 4188 Porro

100 4224 259 4279 dicta
284 4223 369 4279 vel
404 4225 623 4296 scripta
642 4224 983 4279 eorumdem
1006 4222 1349 4278 nuntiorum
1372 4222 1646 4277 adversus
1665 4221 1753 4276 di-

99 4329 301 4369 versas
324 4313 649 4368 calumnias
674 4313 1028 4378 Graecorum,
1051 4314 1108 4367 et
1127 4312 1380 4367 maxime
1398 4314 1599 4366 contra
1615 4310 1750 4366 scri-

102 4405 205 4473 pta
234 4401 534 4458 Michaelis
566 4399 1193 4472 Constantinopolitani
1237 4399 1517 4472 episcopi,
1549 4403 1607 4454 et
1637 4415 1747 4454 sa:-

101 4489 316 4563 pedicti
346 4491 553 4546 Niceten
586 4490 879 4558 monachi,
904 4491 1081 4561 jussu
1113 4487 1482 4560 imperatoris
1503 4488 1562 4543 in
1594 4487 1750 4543 Grae-

102 4594 238 4634 cum
270 4579 429 4635 fuere
477 4577 781 4647 translata,
823 4583 881 4634 et
924 4578 983 4632 in
1022 4577 1227 4633 eadem
1277 4577 1419 4632 urbe
1465 4576 1750 4632 hactenus

105 4672 469 4724 conservata.

177 4802 278 4857 III.
313 4802 569 4858 Tandem
604 4801 883 4857 Michaele
911 4800 1282 4873 praisentiam
1322 4800 1664 4855 eorumdem
1696 4804 1754 4856 et

108 4889 467 4963 colloquium
501 4891 810 4956 devitante,
842 4893 1019 4961 atque
1048 4889 1108 4944 in
1140 4887 1389 4944 stultitia
1418 4905 1526 4944 sua
1554 4905 1751 4961 perse-

107 4984 366 5047 verante,
399 4979 620 5053 praefati
653 4978 845 5035 nuntii
877 4994 993 5032 xvu
1028 4976 1153 5032 Kal.
1194 4977 1443 5048 Augusti
1489 4977 1757 5033 adierunt

106 5068 427 5125 Ecclesiam
457 5070 679 5125 Sanctae
710 5065 958 5139 Sophim,
990 5069 1046 5121 et
1075 5082 1252 5137 super
1280 5064 1670 5121 obstinatione
1696 5065 1760 5120 il-

104 5157 222 5213 lius
247 5156 572 5229 conquesti,
604 5156 758 5211 clero
791 5172 861 5210 ex
890 5170 1051 5209 more
1080 5154 1153 5208 ad
1184 5152 1397 5208 missas
1437 5158 1757 5226 praeparato

98 5245 229 5317 jam
254 5244 397 5300 hora
426 5245 597 5300 tertia
627 5243 742 5299 diei
775 5241 1036 5307 Sabbati,
1062 5240 1323 5296 chartam
1356 5243 1760 5298 excommuni-

108 5332 359 5389 cationis
380 5350 557 5406 super
572 5330 891 5405 principale
908 5329 1085 5386 altare
1103 5333 1423 5401 posuerunt
1443 5331 1554 5385 sub
1577 5331 1762 5389 oculis

107 5422 414 5497 praesentis
439 5422 576 5479 cleri
606 5425 663 5477 et
700 5419 921 5493 populi.
956 5419 1094 5474 Inde
1124 5435 1257 5474 mox
1286 5419 1528 5491 egressi,
1578 5420 1755 5476 etiam

1866 1690 2004 1760 illis,
2038 1692 2262 1747 dictum
2305 1693 2597 1765 Evangelii
2639 1693 3073 1766 proclamantes
3106 1711 3120 1750 :
3159 1694 3346 1753 Videat
3373 1697 3514 1754 Deus

1863 1788 1913 1836 et
1933 1781 2163 1851 judicet.
2196 1781 2342 1838 Hinc
2370 1782 2656 1838 ordinatis
2678 1784 2953 1840 Ecclesiis
2986 1783 3329 1842 Latinorum
3360 1784 3517 1843 intra

1864 1870 2056 1941 Ipsam
2070 1870 2629 1944 ConstantinOpolim
2640 1914 2654 1938 ,
2672 1876 2729 1928 et
2749 1872 3124 1930 anathemate
3139 1873 3278 1930 dato
3291 1875 3519 1933 cunctis

1864 1958 1963 2029 qui
1991 1958 2264 2031 deinceps
2294 1961 2872 2017 communicarentex
2885 1977 3064 2017 manu
3086 1961 3268 2019 Graeci
3297 1962 3509 2021 Roma-

1865 2064 2005 2102 num
2025 2048 2375 2106 sacriﬁcium
2387 2049 2505 2104 vitu
2513 2050 2791 2121 perantis,
2807 2049 2867 2105 in
2881 2048 3080 2106 osculo
3092 2049 3254 2123 pacis
3271 2055 3512 2124 accepta

1863 2136 2165 2192 orthodoxi
2179 2136 2545 2208 imperatoris
2562 2138 2799 2194 licentia
2810 2139 3095 2211 donisque
3106 2138 3512 2212 imperialibus

1863 2230 2063 2280 sancto
2093 2226 2261 2281 Petro
2292 2230 2348 2281 et
2377 2227 2508 2295 sibi,
2541 2227 2761 2283 alacres
2792 2244 3011 2299 cmpere
3042 2229 3250 2285 reverti
3278 2246 3351 2285 xv
3380 2227 3509 2287 Kal.

1862 2315 2137 2387 Augusti;
2158 2316 2261 2370 sed
2278 2316 2461 2370 nimia
2477 2317 2757 2372 instantia
2769 2333 3006 2388 precum
3024 2315 3326 2374 Michaelis
3343 2334 3514 2390 spon-

1862 2404 2055 2459 dentis
2085 2407 2227 2458 tunc
2252 2405 2490 2459 demum
2518 2422 2579 2460 se
2610 2406 3021 2460 conﬂicturum
3042 2422 3178 2460 cum
3200 2405 3308 2473 eis,
3334 2405 3516 2478 impe-

1863 2496 2023 2547 rator
2053 2492 2395 2563 compulsus
2427 2510 2460 2548 a
2490 2492 2807 2549 solembria
2836 2493 3049 2550 litteris
3078 2494 3203 2550 suis
3232 2510 3333 2550 eos
3356 2509 3517 2552 revo-

1862 2580 2015 2636 cavit
2042 2598 2147 2635 xm
2168 2580 2290 2635 Kal.
2312 2582 2583 2654 Augusti.
2608 2583 2732 2646 Quo
2753 2582 2929 2638 etiam
2952 2582 3045 2638 die
3067 2582 3409 2639 festinantes
3426 2599 3519 2641 re-

1862 2670 2050 2742 gressi
2082 2670 2439 2726 devenerunt
2469 2675 2540 2727 ad
2566 2670 2851 2743 palatium
2874 2670 3020 2743 Pigi.
3055 2671 3209 2735 Quos
3238 2671 3515 2743 prafatus

1862 2758 2106 2815 Michael
2149 2758 2494 2815 haeresiarca
2537 2760 2900 2831 comperiens
2947 2759 3186 2828 redisse,
3236 2759 3407 2831 quasi
3436 2759 3511 2817 ad

1860 2846 2175 2902 concilium
2208 2848 2529 2904 conabatur
2547 2849 2833 2904 adducere
2853 2848 2915 2903 ia
2939 2846 3257 2905 Ecclesiam
3280 2849 3506 2906 Sancte

1860 2935 2105 3006 Sophim,
2141 2937 2406 3007 sequenti
2437 2936 2550 3005 die,
2573 2940 2639 2992 ut
2668 2941 2901 2993 ostensa
2921 2936 3146 3005 charta,
3169 2953 3350 3009 quam
3381 2953 3508 2995 om-

1861 3024 2002 3079 nino
2023 3029 2361 3097 corruperat
2380 3026 2805 3092 transferendo,
2830 3026 3218 3081 obruerentur
3241 3025 3460 3085 ibidem
3480 3042 3515 3082 a

1862 3111 2100 3184 populo.
2134 3114 2295 3177 Quod
2327 3115 2587 3186 prudens
2618 3113 2936 3185 imperator
2955 3131 3285 3186 praecavens
3315 3113 3506 3171 noluit

1862 3201 2064 3257 haberi
2077 3201 2311 3273 aliquod
2325 3203 2637 3259 concilium
2651 3203 2666 3276 (
2683 3240 2690 3256 .
2707 3204 2781 3274 2),
2798 3202 2912 3258 nisi
2928 3207 2985 3259 et
2996 3204 3119 3275 ipse
3131 3204 3360 3260 adesset
3372 3221 3511 3275 pras-

1863 3307 2019 3346 sens.
2054 3292 2316 3362 Cumque
2346 3292 2457 3348 hoc
2487 3292 2537 3347 ei
2569 3292 2881 3348 omimodis
2913 3290 3157 3347 Michael
3206 3291 3501 3349 contradi-

1860 3387 2032 3445 ceret,
2060 3379 2237 3449 jussit
2276 3384 2581 3452 Augustus
2611 3380 2770 3452 ipsos
2801 3380 3038 3436 nuntios
3068 3379 3375 3436 confestim
3405 3397 3498 3436 ar-

1858 3467 2047 3539 ripere
2079 3468 2205 3523 iter.
2237 3468 2399 3532 Quod
2431 3472 2487 3523 et
2515 3468 2730 3524 factum
2762 3472 2868 3524 est.
2902 3468 3076 3523 Porro
3105 3484 3357 3524 vesanus
3389 3467 3498 3524 Mi-

1856 3556 2019 3612 chael
2051 3555 2253 3611 dolens
2296 3573 2436 3611 suas
2470 3573 2585 3611 non
2613 3557 2923 3627 procedere
2951 3556 3217 3625 insidias,
3250 3557 3501 3615 concita-

1854 3647 1938 3702 vit
1984 3646 2315 3717 imperatori
2358 3644 2519 3718 vulgi
2568 3646 2915 3702 seditionem
2963 3646 3309 3716 maximam,
3337 3646 3498 3703 velut

1856 3736 2080 3793 nuntiis
2109 3738 2416 3806 cooperata
2444 3734 2616 3790 fuerit
2642 3736 2769 3806 ejus
2796 3734 3088 3792 voluntas.
3122 3736 3286 3793 Unde
3314 3736 3503 3809 impe-

1857 3828 2089 3900 perator
2116 3826 2372 3890 coactus,
2402 3823 2749 3895 interpretes
2792 3825 3132 3880 Latinorum
3155 3824 3401 3881 Paulum
3433 3842 3501 3882 ac

1858 3914 2048 3970 ﬁlium
2079 3913 2205 3985 ejus
2236 3912 2628 3985 Smaragdum
2650 3928 2829 3969 caesos
2850 3915 2907 3968 et
2936 3912 3208 3969 detonsos
3233 3910 3504 3970 Michaeli

1858 4002 2132 4068 tradidit;
2185 4001 2386 4071 sicque
2424 4001 2713 4057 tumultus
2762 4000 2859 4057 ille
2889 4000 3238 4074 conquievit.
3285 4001 3505 4057 Verum

1860 4092 2180 4163 imperator
2200 4089 2586 4161 postnuntios
2600 4089 2893 4146 Romanos
2912 4089 3147 4147 directis
3158 4090 3307 4156 suis,
3321 4105 3511 4147 exem-

1861 4180 1990 4253 plar
2019 4178 2641 4236 excommunicationis
2660 4177 3035 4235 verissimum
3057 4196 3092 4235 a
3111 4178 3342 4236 civitate
3362 4179 3512 4236 Rus-

1864 4286 2062 4326 sorum
2095 4266 2412 4323 remissum
2444 4266 2556 4323 sibi
2586 4268 2831 4339 accepit,
2856 4268 3198 4339 civibusque
3224 4267 3508 4335 exhibuit,

1780 4336 1822 4402 C
1863 4375 1928 4415 ac
1958 4358 2191 4413 tandem
2236 4355 2585 4411 Michaelem
2616 4336 2860 4413 falsasse
2891 4336 3153 4412 chartam
3182 4355 3509 4429 legatorum

1859 4446 2141 4518 comperit
2166 4448 2342 4515 atque
2371 4443 2639 4499 convicit.
2676 4446 2876 4516 Itaque
2906 4448 3255 4514 commotus,
3287 4445 3508 4501 amicos

1861 4540 1918 4593 et
1946 4534 2151 4591 affines
2180 4532 2368 4605 ipsius
2394 4532 2715 4589 honoribus
2741 4533 2996 4605 privatos
3016 4550 3050 4588 a
3069 4531 3285 4605 palatio
3315 4532 3506 4589 elimi-

1861 4624 2037 4691 navit,
2069 4626 2384 4693 contraque
2413 4620 2607 4691 ipsum
2640 4637 2828 4693 usque
2853 4637 3009 4677 nunc
3037 4637 3241 4693 graves
3270 4621 3389 4677 iras
3422 4637 3509 4677 re-

1861 4712 2056 4768 tinuit.
2102 4710 2361 4782 Denique
2398 4709 2693 4782 exemplar
2730 4710 2943 4766 chartae
2976 4710 3510 4767 excommunicato-

1863 4802 1959 4857 riae
1991 4804 2079 4857 est
2107 4798 2222 4855 tale
2258 4817 2270 4854 :

1941 4910 1968 4942 α
2012 4889 2391 4956 HUMBERTUS,
2440 4885 2541 4941 Dei
2597 4886 2784 4959 gratia
2832 4887 3148 4944 cardinalis
3198 4888 3514 4962 episcopus

1865 4982 2075 5035 sanctae
2108 4992 2358 5031 romanae
2402 4974 2665 5030 Ecclesia:
2694 4994 2706 5044 ;
2741 4975 2970 5032 PETRUS
3026 4976 3518 5034 Amaliitanorum

1867 5066 2338 5138 archiepiscopus
2368 5082 2380 5131 ;
2417 5064 2786 5132 FRIDERICUS,
2823 5065 3107 5122 diaconus
3147 5070 3204 5122 et
3241 5065 3522 5123 cancella-

1867 5158 2013 5222 rius,
2038 5154 2311 5210 omnibus
2337 5152 2636 5208 catholicae
2668 5154 2935 5210 Ecclesiae
2970 5155 3125 5211 filiis.

1944 5265 1972 5295 (ι
2002 5245 2216 5298 Sancta
2242 5247 2299 5297 et
2319 5242 2582 5297 Romana
2606 5242 2797 5314 prima
2817 5247 2874 5299 et
2904 5243 3222 5316 apostolica
3252 5244 3419 5298 sedes
3444 5242 3517 5297 ad

1872 5349 2049 5406 quam
2076 5336 2360 5402 tanquam
2395 5331 2466 5385 ad
2490 5334 2665 5402 caput
2688 5331 3022 5389 sollicitudo
3047 5331 3306 5389 omnium
3329 5328 3516 5385 Eccle-

1873 5423 2095 5479 siarum
2165 5418 2481 5491 specialius
2550 5420 2823 5492 pertinet,
2887 5418 3286 5478 ecclesiasticas
3353 5417 3516 5490 pacis

186 5592 299 5666 (12)
327 5588 842 5666 Narratcontraria
860 5587 1121 5666 Michael;
1143 5584 1518 5666 asseritenim
1540 5586 1761 5666 legatos
1792 5595 1840 5664 D
1872 5590 2053 5666 fuisse
2068 5587 2677 5666 Aeacommunicatos;
2702 5590 2847 5666 Vide
2877 5585 3179 5666 Michaelis
3210 5585 3517 5666 epistolam

113 5659 355 5741 semper
392 5662 659 5720 renuisse
711 5660 1024 5716 concilium
1063 5664 1122 5716 et
1171 5659 1542 5734 imperatoris
1581 5659 1759 5735 jussu
1795 5659 1828 5664 "
1872 5663 2027 5739 apud
2060 5659 2305 5720 Coteler.
2340 5660 2600 5720 Monum.
2636 5662 2897 5721 Ecclesia:
2930 5662 3023 5719 Gr.
3054 5664 3195 5718 tom.
3232 5659 3304 5718 ΙΙ.

432 5790 701 5858 Panos.
745 5785 1005 5870 CXLIII,

3121 5785 3201 5857 82
