3876 6356
481 398 640 463 1003

1491 401 1970 468 HUMBERTUS
2018 405 2082 466 S.
2131 405 2201 464 Β.
2249 403 2317 465 Ε.
2367 399 2858 467 CARDINALIS.
3717 412 3776 475 lt]

481 535 540 588 et
565 531 832 588 utilitatis
859 533 1047 606 gratia
1075 535 1147 590 ad
1180 535 1330 591 hanc
1360 537 1578 608 regiam
1609 537 1812 590 urbem
1844 552 1947 590 nos
1972 551 2108 606 apo-
2139 537 2194 603 Α
2223 535 2420 590 domni
2471 537 2650 590 nostri
2701 554 2859 608 papa:
2893 538 3111 593 Leonis
3162 537 3510 594 admonitus
3550 542 3776 612 resipiscv.

484 621 754 677 crisarios
801 639 940 679 suos
978 624 1164 680 facere
1209 625 1446 696 dignata
1493 629 1600 692 est,
1650 643 1723 680 ux
1757 626 1926 695 juxta
1955 625 2111 696 quod

483 708 766 782 scriptum
800 715 908 778 est,
942 713 1425 767 descenderemus
1456 718 1511 767 et
1540 713 1865 767 videremus
1915 719 2112 766 utrum

483 813 654 870 opere
683 799 1005 870 completus
1037 800 1112 854 sit
1140 800 1377 867 clamor,
1404 801 1500 872 qui
1527 801 1651 854 sine
1681 800 2114 854 intermissione

485 901 554 942 ex
581 891 742 942 tanta
771 888 914 942 urbe
945 889 1278 944 conscendit
1306 890 1378 944 ad
1411 891 1534 960 ejus
1567 905 1756 955 aures,
1793 893 1890 942 aut
1920 888 1966 942 si
2000 905 2112 942 non

487 977 576 1030 est
602 974 703 1040 ita,
730 979 795 1030 ut
816 975 1008 1030 sciret.
1041 977 1426 1042 Quamobrem
1459 981 1810 1048 cognoscant
1835 982 1965 1031 ante
1988 993 2116 1030 om-

488 1063 586 1118 nia
613 1063 848 1135 gloriosi
892 1065 1289 1136 imperatores,
1321 1066 1529 1130 clerus,
1563 1071 1800 1119 senatus
1829 1071 1884 1118 et
1935 1081 2118 1134 pepu-

487 1150 582 1206 lus
611 1151 789 1222 hujus
819 1153 1469 1225 Constantinopolitanae
1499 1153 1680 1218 urbis,
1713 1157 1768 1207 et
1789 1153 1980 1206 omnis
2015 1154 2114 1206 lic-

488 1238 662 1294 clesia
691 1239 975 1296 catholica
1004 1258 1110 1296 nos
1141 1241 1232 1296 hic
1268 1241 1624 1312 persensisse
1657 1257 1931 1310 magnum
1967 1241 2119 1294 unde

488 1327 856 1384 vehementer
891 1329 950 1383 in
981 1330 1226 1384 Domino
1257 1331 1580 1400 gaudemus
1605 1331 1840 1395 bonum,
1868 1334 1924 1382 et
1947 1328 2119 1382 maxi-

489 1433 651 1480 mum
683 1417 835 1472 unde
857 1417 1263 1472 miserabiliter
1279 1419 1710 1480 contristamur,
1736 1416 1958 1470 malum
1974 1417 2118 1472 Nam

489 1508 776 1574 quantum
805 1505 875 1559 ad
899 1503 1201 1560 columnas
1233 1505 1458 1577 imperii
1492 1511 1547 1559 et
1567 1505 1875 1559 honoratos
1897 1506 2022 1574 ejus
2041 1505 2118 1559 ci-

487 1608 587 1646 ves
617 1591 907 1663 sapientes
951 1593 1448 1648 Christianissima
1476 1599 1530 1647 et
1565 1593 1878 1647 orthodoxa
1925 1598 2012 1648 est
2041 1593 2120 1647 ci-

489 1677 657 1734 vitas.
706 1683 997 1744 Quantum
1028 1685 1220 1736 autem
1261 1683 1330 1735 ad
1366 1680 1703 1734 Michaelem
1738 1681 1971 1734 abusive
2001 1681 2118 1734 dic-

489 1771 616 1824 tum
647 1769 1060 1840 patriarcham,
1092 1775 1149 1824 et
1191 1771 1314 1840 ejus
1348 1769 1602 1825 stullitize
1635 1772 1906 1837 fautores,
1942 1771 2123 1824 nimia

488 1859 708 1914 zizania
755 1859 1046 1914 haereseon
1101 1859 1359 1930 quotidie
1411 1861 1776 1914 seminantur
1826 1860 1880 1913 in
1934 1861 2120 1914 medio
2153 1899 2196 1962 Β

489 1949 634 2018 ejus.
673 1947 818 2014 Quia
846 1949 997 2003 sicut
1019 1948 1328 2002 Simoniaci
1352 1950 1568 2002 donum
1593 1949 1686 2002 Dei
1714 1951 1970 2003 vendunt
1994 1967 2008 2016 ',
2041 1951 2117 2004 si-

489 2042 586 2093 cut
615 2037 823 2092 Valesii
852 2037 1110 2108 hospites
1139 2054 1276 2092 suos
1299 2042 1574 2103 castrmt,
1601 2044 1654 2092 et
1687 2055 1798 2091 non
1833 2039 2021 2092 solum
2047 2039 2115 2091 ad

487 2125 820 2180 clericatum
853 2126 950 2180 sed
977 2125 1213 2194 insuper
1234 2126 1302 2178 ad
1328 2126 1726 2196 episcopatum
1760 2130 2116 2196 promovent;

487 2213 636 2269 sicut
664 2213 859 2268 Ariani
889 2213 1246 2284 rebaptizant
1276 2212 1332 2266 in
1369 2213 1600 2267 nomine
1631 2219 1840 2266 sancta!
1873 2214 2119 2266 Trinita-

489 2303 564 2357 tis
595 2302 936 2374 baptizatos,
962 2307 1018 2356 et
1052 2301 1299 2356 maxime
1324 2301 1592 2361 Latinos:
1627 2302 1776 2356 sicut
1806 2303 2116 2356 llonulistce

489 2389 804 2453 afﬁrmant,
836 2393 1069 2458 excepta
1099 2388 1425 2443 Graecorum
1475 2389 1748 2452 Ecclesia,
1802 2389 2115 2444 Ecclesiam

486 2475 696 2531 Christi
742 2479 798 2529 et
825 2492 1022 2530 verum
1053 2475 1400 2530 sacrificium
1433 2481 1605 2546 atque
1646 2477 2004 2546 baptismum
2052 2495 2119 2532 ex

489 2566 606 2619 toto
637 2563 854 2618 mundo
885 2563 1162 2634 periisse;
1213 2563 1363 2618 sicut
1392 2563 1681 2618 Nicolaitae
1725 2565 1985 2618 carnales
2017 2583 2120 2619 nu-

485 2651 636 2724 ptias
667 2652 990 2706 concedunt
1019 2656 1076 2706 et
1103 2651 1424 2706 detendunt
1467 2653 1613 2706 sacri
1663 2653 1862 2708 altaris
1916 2654 2114 2710 minis-

483 2741 620 2809 tris;
649 2741 798 2796 sicut
818 2741 1105 2796 Severiani
1137 2740 1503 2795 maledictam
1520 2742 1717 2795 dicunt
1740 2741 1922 2813 legem
1957 2743 2118 2814 Moy-

485 2829 600 2897 sis;
632 2830 783 2884 sicut
807 2829 1318 2884 Pneumatomachi
1353 2829 1436 2884 vel
1459 2830 1814 2884 'l‘heumachi
1849 2831 2114 2886 abscide-

487 2922 624 2973 runt
653 2935 686 2972 a
714 2917 977 2989 symbolo
1007 2917 1260 2988 Spiritus
1292 2918 1474 2972 sancti
1508 2919 1936 2990 processionem
1970 2937 2002 2974 a
2032 2920 2116 2972 Fi-

487 3005 596 3073 lio;
628 3005 779 3060 sicut
811 3005 1109 3059 Manichmi
1140 3005 1290 3060 inter
1318 3006 1452 3076 alia,
1476 3007 1773 3076 quodlibet
1804 3008 2116 3062 fermenta-

490 3098 614 3150 tum
657 3093 912 3148 fatentur
952 3093 1278 3148 animatum
1305 3111 1464 3160 esse;
1499 3095 1649 3148 sicut
1681 3094 1958 3149 Nazareni
1999 3113 2116 3150 car-

491 3181 680 3238 nalem
707 3181 1041 3237 Judmorum
1073 3182 1422 3236 munditiam
1445 3183 1585 3236 adeo
1608 3187 1856 3250 servant,
1893 3188 1956 3236 ut
1987 3202 2115 3255 par-

490 3270 656 3328 vulos
707 3271 1019 3326 morientes
1068 3276 1200 3326 ante
1253 3274 1518 3325 octavum
1567 3289 1600 3325 a
1640 3271 1934 3325 nativitate
1966 3273 2118 3328 diem
2151 3257 2190 3322 C

491 3360 772 3433 baptizari
793 3359 1210 3428 contradicant,
1239 3364 1294 3414 et
1323 3359 1594 3414 mulieres
1619 3360 1674 3413 in
1709 3365 2005 3416 menstruo
2035 3362 2120 3416 vel

488 3448 548 3504 in
578 3454 749 3520 partu
780 3447 1174 3520 periclitantes
1217 3449 1654 3513 communicari,
1687 3448 1771 3504 vel
1805 3449 1850 3503 si
1886 3467 2119 3520 pagana:

490 3537 704 3594 fuerint
733 3537 1012 3609 baptizari
1043 3537 1410 3608 prohibeant,
1452 3542 1507 3592 et
1540 3537 1780 3608 capillos
1819 3537 2025 3608 capitis
2056 3555 2120 3592 ac

487 3625 677 3682 barbae
707 3625 1028 3680 nutrientes
1051 3641 1148 3680 eos
1170 3626 1269 3696 qui
1291 3641 1515 3680 comam
1547 3625 1807 3690 tundent,
1837 3630 1892 3680 et
1915 3641 2119 3680 secun-

485 3715 629 3770 dum
650 3712 1626 3769 institutionemltomanzeEcclesiae
1653 3713 1862 3766 barbas
1885 3713 2115 3780 radunt,

483 3803 542 3858 in
565 3802 975 3860 communione
1004 3819 1118 3857 non
1140 3801 1440 3874 recipiant.
1465 3801 1568 3855 Pro
1590 3801 1804 3871 quibus
1827 3799 2118 3856 erroribus

480 3895 540 3948 et
587 3890 718 3948 aliis
763 3890 1032 3964 pluribus
1073 3889 1240 3946 factis
1288 3889 1431 3959 suis,
1479 3890 1603 3961 ipse
1635 3888 1880 3944 Michael
1909 3887 2119 3945 litteris

550 4067 663 4142 (13)
691 4067 800 4134 Qui
830 4067 1050 4144 azymis
1080 4067 1139 4124 in
1163 4067 1448 4126 sacriﬁcio
1480 4067 1563 4123 uti
1596 4071 1899 4140 respuunt.

2222 625 2589 696 contempsit.
2626 626 2869 696 Insuper
2889 627 3069 682 nobis
3093 625 3333 682 nuntiis
3359 626 3536 694 illius,
3557 645 3709 685 causa
3726 639 3776 688 ta:

2223 717 2411 765 torum
2433 712 2718 766 malorum
2742 713 3190 770 rationabiliter
3213 715 3770 787 reprimerevolentibu

2223 800 2589 871 praesentiam
2621 818 2788 856 suam
2820 808 2876 856 et
2903 802 3291 874 colloquium
3336 804 3645 877 denegavit,
3672 813 3714 862 et
3747 811 3775 863 Β

2225 888 2432 943 clesias
2466 890 2535 943 ad
2570 890 2783 945 missas
2815 892 3124 963 agendum
3148 892 3776 967 interdixit,sicutetpriu

2226 977 2562 1032 Latinorum
2585 978 2871 1035 Ecclesiae
2893 979 3222 1049 clauserat,
3258 986 3317 1038 et
3345 998 3444 1038 eos
3473 988 3723 1055 azymatas
3743 1005 3776 1041 vo

2225 1081 2386 1129 cans,
2420 1065 2608 1120 verbis
2637 1072 2692 1121 et
2724 1067 2892 1123 factis
2925 1069 3165 1140 ubique
3189 1075 3531 1141 persecutus
3560 1072 3714 1128 fuerat
3736 1075 3774 1126 :i

2226 1158 2472 1218 tantum,
2525 1158 2588 1208 ut
2620 1154 2678 1208 in
2721 1155 2860 1210 filiis
2909 1157 3042 1211 suis
3082 1157 3622 1214 anathematizasset
3666 1163 3776 1215 sede:

2227 1239 2626 1310 apostolicam,
2651 1247 2854 1298 contra
2883 1260 3072 1315 quam
3096 1262 3161 1300 se
3184 1245 3380 1301 adhuc
3411 1245 3601 1301 scribit
3621 1263 3776 1301 meume

2228 1331 2419 1382 nicum
2446 1329 3029 1400 patriarcham.Unde
3053 1349 3168 1388 nos
3189 1333 3426 1404 quidem
3451 1338 3642 1389 sancte
3661 1336 3776 1406 prima

2227 1417 2554 1488 apostolicae
2588 1418 2742 1473 sedis
2775 1419 3111 1475 inauditam
3164 1421 3571 1477 contumeliam
3612 1427 3660 1478 et
3695 1423 3773 1492 inp

2227 1507 2371 1560 riam
2422 1523 2534 1560 non
2593 1508 2862 1576 ferentes,
2913 1507 3399 1582 catholicamque
3457 1510 3610 1565 {idem
3652 1512 3774 1565 subru

2230 1593 2428 1648 multis
2462 1595 2650 1649 modis
2678 1597 3079 1664 attendentes,
3106 1597 3452 1652 auctoritate
3481 1603 3664 1653 sanctae
3682 1604 3722 1652 et
3743 1598 3775 1650 in

2229 1681 2472 1734 (lividum
2506 1683 2804 1738 Trinitatis
2829 1689 3006 1756 atque
3031 1685 3370 1756 apostolica:
3401 1686 3565 1752 sedis,
3592 1685 3772 1755 cujus!»

2229 1771 2458 1840 gatione
2493 1772 2812 1842 fungimur,
2837 1779 2893 1827 et
2913 1779 3274 1830 cunctorum
3303 1774 3705 1830 orthodoxorum
3725 1775 3773 1826 Pa

2233 1863 2384 1912 trum
2420 1876 2486 1913 ex
2519 1860 2780 1915 conciliis
2809 1867 3040 1933 septem
3075 1867 3256 1934 atque
3283 1863 3456 1917 totius
3485 1861 3704 1918 Eccleiaa
3727 1878 3776 1915 ca

2227 1945 2448 2000 tholicm
2479 1948 2856 2014 anathemati,
2899 1951 3056 2021 quod
3112 1955 3312 2005 noster
3357 1949 3776 2006 reverendissimus

2229 2051 2377 2105 papa
2407 2035 2603 2090 itidem
2639 2037 2900 2092 .‘ilicliaeli
2935 2043 2996 2092 et
3025 2039 3157 2094 suis
3190 2039 3534 2110 sequacibus,
3567 2037 3661 2092 nisi
3687 2052 3776 2090 res:-

2229 2122 2536 2192 piseerent,
2570 2125 2959 2190 denuntiavit,
2997 2128 3076 2180 ita
3125 2127 3540 2182 subscribimus.

2300 2234 2324 2259 ‹‹
2363 2211 2582 2266 Michae
2612 2213 2892 2268 abusivus
2925 2215 3270 2284 patriarcha
3296 2213 3600 2284 neophytus,
3627 2216 3675 2266 et
3703 2211 3776 2266 solo

2228 2298 2482 2353 humano
2499 2301 2534 2353 ti
2548 2318 2701 2355 more
2715 2301 2983 2356 habitum
3003 2302 3773 2371 monachorumadeptusmunc

2229 2387 2402 2440 etiam
2435 2387 2778 2443 criminibus
2827 2391 3110 2460 pessimis
3146 2391 3494 2452 diﬁ'amatus,
3519 2391 3662 2457 atque
3685 2401 3771 2439 cum

2227 2491 2292 2527 eo
2337 2475 2444 2529 Leo
2487 2477 2814 2531 Acridanus
2847 2477 3168 2550 episcOpus
3199 2477 3402 2542 dictus,
3439 2480 3490 2530 et
3516 2471 3769 2528 sacellarius

2229 2563 2412 2632 ipsius
2427 2563 2742 2628 Michaelis,
2757 2565 3209 2630 Constantinus,
3229 2565 3326 2637 qui
3341 2563 3632 2619 Latinorum
3649 2557 3769 2614 sacri-

2227 2651 2422 2705 ficium
2445 2653 2699 2722 profanis
2717 2653 3087 2708 conculcavit
3101 2655 3344 2725 pedibus
3366 2657 3418 2707 et
3435 2666 3606 2707 omnes
3622 2661 3765 2716 sequa-

2227 2756 2320 2794 ces
2335 2756 2530 2794 eorum
2549 2740 2605 2794 in
2630 2757 2742 2811 prm
2753 2742 2884 2796 fatis
2897 2743 3204 2798 erroribus
3225 2746 3283 2797 et
3299 2735 3764 2813 praesumptionibus,

2226 2827 2342 2881 sint
2373 2828 2685 2882 anathema
2716 2829 3086 2898 Maranatha,
3113 2847 3246 2886 cum
3284 2823 3605 2887 Simoniacis,
3631 2819 3760 2874 Valle-

2226 2915 2348 2982 siis,
2409 2917 2660 2980 Arianis,
2722 2918 3070 2982 Donatistis,
3145 2915 3450 2979 Nicolaitis,
3501 2905 3754 2970 Severianis,

2227 3004 2774 3060 Pneumatomachis
2791 3014 2845 3060 et
2862 3007 3221 3075 Manichzeis,
3245 3010 3300 3061 et
3318 2999 3656 3067 Nazarenis,et
3670 3008 3756 3048 cum

2225 3093 2498 3146 omnibus
2528 3093 2952 3158 hmreticisdmo
2974 3111 3112 3150 cum
3145 3091 3366 3150 diabolo
3387 3095 3440 3146 et
3457 3086 3638 3160 angelis
3659 3083 3758 3152 ejus,

2228 3179 2338 3234 nisi
2374 3181 2515 3234 forte
2539 3181 2911 3252 resipuerint.
2945 3185 3160 3249 Amen,
3195 3197 3376 3248 amen,
3407 3191 3569 3232 amen.
3599 3194 3620 3219 »

2228 3324 2360 3376 Item
2389 3323 2500 3375 alia
2529 3327 3020 3380 c.rromrnzuu'catz'o
3073 3325 3272 3380 ibidem
3299 3324 3434 3392 facta
3461 3320 3510 3372 in
3542 3308 3754 3386 ρνκεεηιία

2398 3396 2740 3463 imperatoris
2787 3405 2835 3450 ει
2865 3399 3197 3465 optimatum
3227 3396 3355 3466 ejus,
3387 3393 3492 3445 viva
3517 3400 3640 3442 voce:

2302 3556 2328 3581 ί(
2371 3533 2708 3606 Quicunque
2743 3536 2875 3591 fidei
2907 3542 3126 3593 sanctae
3159 3537 3414 3591 Romanae
3440 3534 3489 3584 et
3513 3516 3754 3614 apostolica

2229 3623 2383 3677 sedis
2415 3623 2658 3694 ejusque
2707 3625 2992 3680 sacrificio
3027 3622 3388 3698 pertinaciter
3421 3608 3754 3699 contraditeril,

2227 3711 2304 3764 sit
2333 3711 2665 3778 anathema,
2700 3695 3064 3779 Maranatha,
3116 3728 3217 3766 nec
3261 3708 3512 3763 habeatur
3545 3695 3752 3788 Christia-

2227 3816 2339 3854 nus
2369 3798 2710 3870 catholicus,
2745 3802 2842 3858 sed
2875 3800 3200 3875 prozymita
3228 3798 3333 3869 (13)
3359 3789 3631 3851 hereticus,
3651 3779 3749 3840 Fiat,

2227 3887 2348 3958 fiat,
2367 3887 2499 3944 .fiat.
2531 3908 2557 3941 ι
