3876 6374
431 468 581 542 1011

1429 469 1910 537 HUMBERTUS
1955 465 2021 532 Β.
2067 467 2144 531 R.
2187 467 2258 531 Ε.
2305 462 2798 532 CARDINALIS.

3717 451 3816 518 {Oli

427 609 495 668 Χ.
526 612 602 667 De
641 609 1040 680 imperfectione
1069 607 1402 678 baptismatis
1432 607 1808 662 haereticorum
1836 611 2057 658 senten-
2087 603 2144 669 Α
2169 601 2336 657 XVII.
2369 598 2766 672 Recapitulatio
2811 596 2966 653 unde
3011 611 3212 668 supra.
3259 557 3500 649 Deinde
3551 586 3698 644 beati
3750 590 3811 644 Απι

504 701 601 755 tiae
626 700 937 753 sanctorum
965 699 1214 750 Patrum.

430 787 520 843 XI.
549 787 647 844 Ubi
669 793 981 840 sanctorum
1018 787 1247 838 Patrum
1291 782 1577 836 sententiae
1621 781 1966 850 promuntur,
2000 779 2062 831 in

503 875 694 946 quibus
722 876 834 928 sint
865 873 1110 928 haeretici
1139 870 1374 924 vitandi.

435 964 554 1020 XII.
585 965 658 1018 De
697 962 1132 1018 ordinationibus
1189 960 1588 1021 lucreticorum,
1625 956 1792 1026 juxta
1846 955 2065 1008 beatum

506 1053 894 1108 Innocentium.

435 1141 580 1196 XIII.
617 1140 760 1197 Unde
782 1155 966 1208 supra,
997 1136 1294 1191 secundum
1323 1137 1536 1190 beatum
1567 1134 1902 1200 Gregorium.

437 1228 578 1283 XIV.
625 1226 1014 1297 Recapitulatio
1069 1225 1412 1294 superiorum
1467 1223 1859 1276 sententiarum
1920 1217 2068 1272 beati

509 1317 753 1384 Gregorii
781 1318 969 1368 contra
999 1313 1162 1378 falsos
1191 1314 1676 1380 arg-umentatores.

437 1405 556 1460 XV.
589 1405 663 1459 De
676 1404 916 1473 prapriis
945 1405 995 1455 et
1025 1401 1343 1469 impropriis
1369 1397 1714 1460 dictionibus,
1747 1398 1793 1449 et
1831 1395 2067 1449 vanitate

509 1493 966 1548 Simoniacorum.

438 1580 582 1636 XVI.
615 1579 892 1632 Sententia
918 1578 1095 1632 sancti
1123 1575 1392 1630 Ambrosii
1425 1573 1490 1629 de
1515 1571 1948 1628 ordinationibus
1981 1570 2066 1624 Si-

511 1668 910 1722 moniacorum.

2241 691 2449 762 gustini
2475 689 2770 744 sententia.

2174 779 2370 835 XVIII.
2396 779 2470 832 De
2497 775 2868 832 mercantibus
2891 773 3349 830 ecclesiasticam
3379 768 3717 840 dignitatem
3738 783 3811 821 saa-

2243 874 2450 921 ctorum
2479 869 2711 920 Patrum
2739 863 3047 918 sententiae.

2175 955 2318 1010 XIX.
2345 955 2598 1024 chulsio
2627 969 2815 1008 eorum
2846 952 2942 1021 qui
2969 951 3167 1005 dicunt
3207 946 3598 1004 Simoniacos
3637 948 3812 1015 gratior

2248 1043 2448 1096 habere
2473 1059 2507 1096 a
2537 1058 2644 1111 qua
2672 1041 3042 1110 deponantur.

2177 1129 2290 1185 XX.
2327 1129 2475 1196 Quod
2505 1127 2804 1182 Simoniaci
2827 1127 2948 1182 sine
2977 1125 3084 1197 ﬁde
3111 1126 3257 1192 sint,
3293 1121 3572 1195 quodque
3596 1121 3700 1176 sibi
3735 1138 3814 1176 cort-

2245 1219 2535 1272 scntientes
2564 1215 2670 1286 ﬁde
2695 1217 2936 1288 privent.

2177 1305 2318 1361 XXI.
2351 1305 2602 1376 Reputsio
2632 1321 2820 1360 eorum
2849 1304 2946 1374 qui
2974 1303 3166 1358 dicunt
3197 1300 3421 1356 haberi
3443 1303 3500 1354 et
3521 1300 3671 1371 juste
3699 1313 3816 1368 posse

2245 1394 2371 1447 dari
2393 1394 2663 1463 Spiritum
2691 1399 2942 1446 sanctum
2973 1391 3042 1446 ab
3071 1406 3134 1445 eo
3167 1391 3274 1460 qui
3307 1389 3538 1457 iniuste
3567 1388 3770 1457 accepit.

2178 1481 2496 1553 Expliciunt
2524 1481 2770 1552 capitula
2801 1479 2936 1534 libri
2960 1478 3142 1554 primi
3183 1474 3658 1533 Antisimom’aci.

1289 1774 3816 1804 ___________._____—_—

1291 1885 1748 1980 INCIPIT
1828 1882 2440 1976 LIBELLUS
2511 1881 2978 1975 PRIMUS

439 2064 650 2120 Contra
675 2063 976 2120 haereticos
1007 2066 1062 2118 et
1093 2061 1341 2118 maxime
1371 2060 1754 2124 Simoniacos,
1786 2059 1971 2113 instar
2001 2057 2215 2128 dialogi
2237 2057 2356 2128 sub
2385 2057 2620 2112 nomine
2651 2056 3022 2127 Corruptoris
3051 2059 3112 2112 et
3141 2053 3538 2127 Correptoris,
3558 2051 3746 2109 editus
3771 2051 3815 2106 ab

1215 2133 1552 2200 Humberto,
1587 2135 1796 2187 sancta:
1822 2131 2092 2185 Romanae
2122 2127 2388 2184 Ecclesiae
2420 2128 2698 2184 cardinali
2749 2128 3045 2200 episcopo.

969 2365 1194 2419 CAPUT
1231 2363 1539 2418 PRIMUM.

511 2454 871 2510 Connnp'ron.
907 2452 969 2508 In
999 2453 1126 2524 ipso
1158 2450 1556 2506 controversia:
1589 2465 1709 2505 suae
1760 2447 2069 2514 vestibulo,

441 2541 689 2615 praeﬁxis
719 2541 940 2612 aliquot
971 2541 1040 2594 ad
1073 2539 1466 2595 defensionem
1491 2537 1581 2593 sui
1605 2552 1962 2607 suorumque
1985 2552 2075 2590 ca-

443 2629 848 2704 pitulis,quasi
879 2629 1232 2700 quibusdam
1265 2627 1611 2698 muscipulis
1637 2625 1848 2696 aptatis
1869 2628 1970 2679 aut
1987 2641 2075 2678 ca-

443 2718 607 2774 sibus
621 2718 689 2772 ad
705 2717 1139 2790 illaqueandum
1155 2717 1416 2770 incautos
1433 2714 2075 2787 prmtensis,subversus

442 2805 752 2862 subversor
792 2811 967 2876 atque
998 2805 1274 2860 seductus
1299 2804 1837 2868 seductor,tandem
1867 2799 2078 2856 violen-

440 2898 538 2950 tus
551 2895 622 2950 ab
641 2893 986 2950 insidiarum
1004 2892 1290 2948 cuniculis
1309 2893 1752 2964 emergit,atque
1773 2891 1829 2944 in
1849 2891 1966 2945 haec
1985 2907 2074 2945 ar—

443 2987 724 3056 gumenta
736 2983 806 3036 ad
823 2983 1225 3036 suﬁ'ocandum
1248 2981 1502 3035 irretitos
1526 2984 1758 3050 repente
1784 2977 2036 3048 erumpit
2061 2995 2074 3032 ε

515 3071 879 3126 CORRUPTOR.
897 3069 1040 3124 «His
1059 3085 1196 3140 ergo
1227 3067 1455 3122 reiectis
1487 3066 2076 3138 capitulis,ojustitize

445 3157 772 3222 dilectores,
787 3155 1326 3226 liquidiusaudistis
1347 3155 1501 3225 quod
1522 3171 1554 3208 ἢ
1570 3155 2080 3226 pseudoepiscopis

449 3244 738 3301 ordinatio
762 3245 912 3300 facta
941 3249 1139 3314 posset
1169 3247 1294 3298 rata
1323 3243 1662 3298 consistere.
1699 3265 1720 3293 υ

514 3334 872 3388 Connap'ron.
905 3331 1306 3387 Veneﬁcorum
1337 3336 1426 3386 est
1455 3330 1739 3396 mortiferi
1759 3328 1949 3400 poculi
1981 3345 2082 3384 ora

447 3419 809 3492 aliquantulo
831 3419 1000 3475 melle
1027 3419 1308 3488 imbuere,
1342 3423 1407 3474 ut
1437 3422 1788 3490 praegustata
1835 3417 2078 3473 dulcedo

442 3507 847 3564 incunctanter
876 3508 1048 3564 faciat
1079 3507 1372 3564 absorberi
1407 3505 1688 3578 quidquid
1708 3510 1975 3578 superest
2005 3506 2080 3561 le-

441 3595 618 3652 thale.
650 3596 810 3659 Quod
843 3595 954 3651 iste
984 3595 1370 3650 calumniator
1401 3595 1604 3650 fecisse
1635 3593 1921 3666 arguitur,
1953 3594 2074 3662 ubi,

2101 2361 2150 2424 B
2181 2358 2376 2414 nulfus
2391 2377 2424 2414 ε.
2438 2359 2850 2432 CaroloMagno
2862 2360 3222 2431 imperatore
3235 2358 3811 2429 computatursextus.

2183 2452 2284 2502 aut
2300 2447 2772 2519 septimus.Quod
2791 2448 2840 2503 si
2863 2446 3193 2520 capitulum
3212 2445 3364 2502 illud
3381 2444 3604 2500 idcirco
3629 2459 3696 2499 ex
3710 2459 3808 2498 con-

2183 2535 2312 2592 cilio
2329 2536 2558 2592 Niczeno
2575 2537 2797 2607 putavit
2819 2534 3332 2608 praetitulandum,
3352 2532 3502 2605 quia
3525 2531 3739 2603 aliquot
3751 2547 3810 2584 ca-

2183 2623 2370 2695 pitula
2387 2641 2586 2680 eorum
2611 2641 2737 2695 quae
2760 2624 3087 2694 subjunxit,
3111 2639 3182 2679 ex
3197 2622 3304 2679 illo
3323 2619 3584 2678 concilio
3603 2620 3732 2686 sint;
3747 2617 3806 2673 vel

2183 2713 2518 2768 admonitus
2533 2717 2846 2784 cognoscat
2864 2711 3095 2766 nullum
3113 2710 3266 2766 inibi
3284 2727 3351 2767 se
3364 2707 3690 2780 subjecisse
3707 2722 3807 2778 pre-

2183 2804 2272 2855 ter
2287 2800 2476 2855 solum
2499 2801 2570 2856 de
2589 2801 2851 2856 Catharis
2877 2799 3228 2872 capitulum.
3255 2799 3413 2854 Hinc
3444 2813 3586 2870 ergo
3616 2801 3804 2868 apparet

2185 2893 2440 2958 quantus
2470 2887 2546 2944 sit
2586 2887 2975 2944 calumniator
3025 2887 3150 2960 qui,
3179 2887 3380 2943 victus
3431 2901 3647 2949 errore,
3679 2899 3804 2938 men-

2184 2976 2380 3031 tiendo
2411 2993 2646 3048 quoque
2675 2980 2877 3032 contra
2898 2976 3226 3032 maximum
3246 2980 3307 3032 et
3323 2971 3720 3031 omnimuudo
3739 2985 3804 3024 no-

2185 3065 2480 3120 tissimum
2495 3081 2598 3120 ven
2607 3065 2938 3136 erabileque
2950 3058 3804 3134 concilium,impudenterlabo-

2188 3157 2276 3207 rat
2295 3169 2572 3224 apparere
2587 3153 2905 3209 victor.Sed
2925 3154 3052 3224 jam
3077 3152 3236 3208 dicta
3274 3151 3449 3207 illius
3489 3147 3803 3206 eventilando

2188 3241 2614 3297 discernantur.

2569 3325 2576 3331 ’
2822 3329 3059 3386 CAPUT
3100 3331 3172 3385 ΙΙ.

2261 3419 2562 3474 ΡΓὲΒῐῙὶίΒΒΟ
2587 3419 2793 3475 Leonis
2815 3435 2976 3491 papae
2995 3418 3151 3474 beati
3173 3422 3230 3473 et
3252 3417 3464 3490 magni
3487 3415 3730 3472 doctoris
3747 3427 3807 3465 ca-

2188 3505 2394 3578 pitulo,
2423 3523 2676 3562 errorem
2709 3523 2884 3563 suum
2909 3507 3289 3562 corroborare
3331 3509 3589 3562 conatur
3635 3518 3700 3558 ex
3745 3515 3805 3563 eo,

2187 3595 2354 3666 quasi
2383 3595 2456 3649 de
2487 3593 2836 3650 Simoniacis
2867 3599 2969 3650 aut
2990 3599 3146 3650 certe
3169 3595 3241 3650 de
3267 3593 3408 3650 aliis
3441 3589 3722 3649 haereticis
3739 3586 3808 3642 ali-

443 3683 677 3738 ordiens
697 3681 1578 3754 tendiculascapitulorum,quae
1603 3698 2072 3753 quaquaversum
2105 3707 2147 3774 ρ
2187 3682 2316 3753 quis
2333 3682 2450 3738 illic
2472 3681 2524 3738 ei
2546 3682 2721 3738 fuerit
2736 3689 3016 3749 sermo,et
3036 3699 3154 3738 non
3179 3683 3380 3754 potius
3408 3683 3481 3737 de
3514 3675 3807 3741 catholicis,

442 3771 1053 3826 emendicandoetsuce
1067 3770 1479 3841 disputationis
1493 3769 1714 3824 foribus
1729 3770 2074 3841 praeﬁgendo

444 3862 801 3931 corruperat,
831 3858 980 3914 inﬁt.

510 3949 910 4003 CORRUPTORM
928 3947 1150 4002 Abhinc
1176 3945 1451 4018 praeclara
1471 3949 1800 4017 sequuntur
1819 3946 2076 4002 testimo-

440 4035 559 4102 nia,
578 4035 793 4106 quibus
813 4051 972 4106 papae
986 4033 1243 4090 Formosi
1267 4033 1553 4088 ordinatio
1585 4037 1710 4088 rata
1740 4038 1797 4089 et
1817 4033 2076 4106 legitima

439 4137 568 4178 esse
599 4126 978 4178 monstratur.
1014 4144 1042 4171 ››

510 4209 868 4266 Connnp'ron.
893 4211 1052 4266 Hanc
1083 4209 1487 4266 sententiolam
1519 4227 1709 4280 suam,
1733 4215 1797 4266 ut
1826 4211 1873 4266 ei
1900 4212 2076 4266 maxi-

440 4313 605 4353 mum
635 4297 965 4352 conciliaret
993 4298 1264 4364 favorem,
1299 4303 1354 4352 et
1391 4299 1663 4354 omnibus
1693 4300 1946 4354 efﬁceret
1988 4315 2074 4354 re-

436 4385 750 4442 verendam
791 4385 879 4442 vel
927 4403 994 4442 ex
1025 4386 1276 4442 maxime
1307 4390 1362 4441 et
1386 4387 1574 4458 primo
1618 4387 1822 4459 synodi
1871 4391 2072 4443 aucto—

439 4475 629 4540 ritate,
649 4473 792 4530 falso
817 4473 1186 4546 pratitulavit
1214 4492 1280 4530 ex
1311 4475 1554 4531 concilio
1583 4475 1834 4530 Niczeno.

508 4563 572 4618 In
586 4579 702 4635 qua
723 4563 922 4635 utique
932 4563 1386 4635 praesumptione
1401 4563 1591 4634 qualis
1606 4562 1852 4618 habetur
1866 4563 1923 4617 in
1939 4563 2077 4618 sub-

437 4652 818 4724 sequentibus
850 4652 1124 4719 innotuit,
1159 4651 1257 4724 qui
1308 4651 1496 4722 ipsam
1543 4668 1660 4706 suie
1720 4651 2071 4708 narrationis

427 4740 674 4810 januam
731 4740 1054 4806 mendacio,
1088 4741 1229 4812 quin
1269 4739 1464 4812 potius
1494 4739 1816 4812 sacrilegio,
1840 4739 2069 4812 polluit.

433 4827 631 4898 Neque
652 4828 807 4883 enim
830 4828 1150 4900 capitulum
1173 4828 1316 4883 illud
1341 4827 1724 4900 primum,aut
1751 4827 2070 4884 versiculus

432 4913 496 4968 in
517 4917 645 4969 toto
665 4915 894 4972 Nicieno
913 4916 998 4972 vel
1025 4917 1085 4971 in
1103 4917 1297 4989 aliquo
1328 4922 1458 4988 post
1483 4917 1677 4989 ipsum
1709 4917 1950 4972 concilio
1980 4917 2067 4972 in-

433 5002 701 5069 venitur;
730 5019 836 5058 nec
864 5004 935 5059 de
965 5021 1127 5076 papa:
1161 5005 1419 5060 Formosi
1452 5005 1836 5072 ordinatione,
1867 5010 2065 5080 utrum

433 5092 560 5144 rata
589 5106 661 5144 an
695 5089 855 5145 irrita
878 5091 1145 5148 habenda
1175 5093 1268 5158 sit,
1298 5093 1621 5164 quidquam
1652 5092 1710 5145 in
1729 5093 2072 5158 Nicaeno,vel

431 5176 492 5232 in
519 5176 712 5249 aliquo
730 5183 860 5250 post
880 5179 1073 5252 ipsum
1091 5180 1338 5236 concilio
1359 5183 1768 5242 tractatur,aut
1789 5186 2073 5237 monstra-

431 5270 687 5336 tur,cum
708 5268 882 5322 etiam
902 5268 987 5323 vel
1011 5268 1214 5324 leviter
1229 5267 1341 5322 tale
1363 5267 1506 5338 quid
1529 5265 1812 5336 suspicari
1832 5268 2070 5324 inﬁnitas

433 5354 666 5410 sultitiie
689 5361 1003 5428 reputatur.
1031 5357 1174 5410 Nam
1200 5355 1351 5409 inter
1371 5354 1662 5409 Nicmnam
1699 5355 1983 5425 synodum
2015 5362 2071 5412 et

433 5459 645 5514 papam
677 5443 1017 5499 Formosum
1053 5442 1354 5514 quingenti
1387 5445 1444 5496 et
1473 5439 1726 5512 amplius
1759 5443 1893 5498 anni
1918 5445 2069 5499 inve-

433 5529 679 5584 niuntur
707 5535 770 5585 ut
800 5537 941 5603 puta
973 5531 1126 5585 inter
1157 5531 1474 5584 maximum
1507 5529 1952 5586 Constantinum
2011 5539 2068 5588 et

431 5615 836 5683 imperatorem
866 5618 1193 5683 Arnulfum,
1226 5619 1392 5688 cujus
1440 5617 1724 5686 adiutorio
1753 5617 2061 5676 Formosus

435 5701 760 5757 Romanum
780 5705 1077 5774 praevaluit
1090 5705 1329 5761 retinere
1341 5704 1680 5777 pontiﬁcatu
1691 5720 1745 5758 m
1757 5705 1948 5762 .Porro
1963 5710 2064 5762 Ar-

2184 3770 2398 3842 siquos
2421 3770 2565 3826 forte
2581 3771 2873 3842 praepositi
2893 3769 3164 3826 Ecclesia:
3183 3769 3537 3842 ignorantia,
3571 3783 3677 3822 seu
3707 3780 3807 3836 pra-

2184 3875 2315 3913 sum
2323 3858 2536 3930 ptione,
2557 3857 2645 3913 vel
2667 3859 3013 3914 necessitate
3033 3875 3154 3914 non
3185 3857 3514 3916 secundum
3538 3853 3806 3910 subtilita-

2183 3951 2301 4002 tem
2324 3962 2613 4002 canonum
2635 3951 3112 4014 consecrant,aut
3133 3944 3542 4004 consecrarint
3573 3941 3803 4014 aliquan-

2183 4035 2276 4090 do.
2289 4034 2431 4090 Fieri
2451 4034 2604 4090 enirn
2626 4035 2903 4106 potuit,et
2922 4035 3230 4106 poterit,ut
3249 4039 3356 4091 aut
3377 4029 3684 4099 unum,vel
3701 4029 3802 4092 duo,

2184 4127 2286 4178 aut
2303 4121 2479 4178 simul
2500 4122 2618 4177 haec
2639 4122 2752 4178 tria
2773 4121 3032 4195 capitula
3049 4122 3418 4179 consecratis
3435 4117 3712 4186 desint,id
3727 4119 3803 4178 est.

2183 4215 2250 4265 ut
2280 4227 2384 4265 nec
2410 4227 2444 4266 a
2469 4209 2692 4266 clericis
2725 4211 2844 4266 sint
2871 4209 3062 4277 electi,
3088 4227 3198 4267 nec
3219 4228 3254 4266 a
3282 4210 3570 4282 plebibus
3590 4202 3802 4278 expetiti.

2182 4314 2286 4354 nec
2308 4315 2342 4352 a
2369 4298 2822 4370 provincialibus
2853 4298 3146 4372 episcOpis
3203 4315 3338 4354 cum
3407 4289 3799 4370 metropolitani

2172 4387 2396 4458 judicio
2422 4389 2780 4460 consecrati;
2816 4387 3034 4459 quibus
3059 4391 3260 4444 tamen
3309 4385 3680 4444 consecratio
3717 4394 3799 4434 non

2181 4477 2363 4544 deest,
2407 4476 2546 4548 quia
2583 4476 2709 4532 sine
2770 4475 3111 4548 pecuniaria
3174 4474 3502 4532 venalitate
3551 4475 3701 4530 facta
3743 4471 3800 4522 est

2181 4565 2450 4636 quamvis
2476 4580 2545 4620 ex
2573 4565 2761 4620 tribus
2792 4564 3150 4636 supradictis
3179 4563 3467 4636 capitulis
3497 4578 3646 4634 vaga
3671 4562 3722 4614 et
3740 4555 3798 4609 in-

2181 4652 2406 4708 stabilis
2453 4654 2694 4708 ﬂuctuet
2750 4657 2807 4708 et
2865 4652 3427 4724 aberret.Alioquin,
3461 4653 3513 4709 si
3574 4646 3722 4706 nulla
3753 4642 3792 4696 in

2179 4741 2263 4796 eis
2310 4743 2465 4797 esset
2509 4739 2768 4812 episcOpi
2821 4740 3204 4808 consecratio,
3239 4739 3413 4796 nulla
3463 4755 3664 4798 eorum
3705 4749 3800 4790 om-

2179 4830 2317 4885 nino
2361 4834 2516 4885 esset
2553 4828 2862 4894 ordinatio,
2910 4828 3184 4900 quamvis
3235 4827 3492 4886 clericos
3537 4829 3598 4884 in
3647 4824 3797 4882 Eccle-

2179 4917 2302 4984 siis,
2335 4934 2461 4990 quas
2491 4917 2563 4971 ad
2595 4915 2860 4988 proprios
2901 4917 3209 4988 episcopos
3259 4917 3662 4988 pertinebant,
3692 4930 3795 4969 con-

2181 5010 2343 5062 sueto
2351 5005 2576 5074 judicio
2606 5003 3067 5075 praesidentium,
3103 5008 3170 5060 ut
3199 5005 3281 5059 ita
3309 5004 3572 5072 dicatur,
3606 5002 3795 5060 ordina-

2181 5097 2326 5148 rent.
2361 5093 2557 5164 Neque
2587 5091 2742 5146 enim
2778 5091 3052 5162 quaelibet
3083 5090 3368 5157 Ecclesia,
3403 5109 3516 5148 nec
3546 5089 3796 5164 quodlibet

2173 5181 2462 5252 judicium
2493 5179 2680 5236 eidem
2698 5178 3139 5250 praesidentium
3161 5179 3352 5251 potuit
3372 5186 3481 5236 aut
3501 5179 3703 5254 poterit
3719 5175 3792 5232 ali-

2181 5270 2412 5341 quando
2441 5269 2670 5324 efﬁcere
2700 5273 2765 5322 ut
2793 5266 3006 5338 aliquis
3039 5267 3228 5340 possit
3275 5267 3462 5324 alicui
3509 5269 3645 5325 dare
3671 5262 3788 5338 quod

2177 5359 2588 5430 comprobatur
2615 5356 2738 5426 ipse
2770 5354 2932 5410 nullo
2963 5356 3136 5411 modo
3167 5356 3405 5425 habere,
3440 5352 3788 5414 consecratio-

2177 5463 2308 5502 nem
2343 5450 2526 5500 ratam
2557 5443 2688 5499 aliis
2719 5443 3055 5498 ministrare
3104 5443 3369 5499 oratione
3403 5461 3518 5501 sua
3547 5451 3604 5500 et
3631 5455 3786 5516 opera-

2175 5535 2332 5589 tione
2364 5550 2540 5605 quam
2572 5531 2684 5588 sibi
2716 5530 2827 5602 ipsi
2859 5529 3419 5602 nullatenus‘potuit
3439 5531 3784 5605 acciperem!

2173 5623 2230 5676 in
2263 5639 2323 5678 se
2345 5620 2782 5677 habere.Nonne
2801 5618 3144 5675 laudabilior
3164 5618 3222 5672 in
3242 5619 3354 5676 hoc
3377 5621 3669 5678 ordinatio
3687 5613 3782 5674 laici

2171 5708 2438 5766 catholici
2450 5709 2762 5766 haberetur
2776 5723 2951 5778 quam
2965 5707 3055 5777 cuj
3067 5705 3282 5764 uslibet
3294 5707 3559 5766 haeretici
3574 5701 3782 5782 episcopi
