3876 6394
98 422 252 491 1013

693 427 1111 493 ADVERSUS
1158 424 1626 494 SIMONIACOS
1672 423 1879 491 LIBRI
1923 426 2151 493 TRES.
2186 463 2263 478 -
2297 428 2527 498 LIBER
2573 431 2891 498 PRIMUS.

3336 414 3494 499 iou

38 598 39 609 η
92 561 139 617 si
162 561 286 617 solo
309 561 531 635 judicio
558 563 966 637 episcoporum
997 562 1258 619 ecclesiis
1289 562 1723 636 praesidentium
1753 562 1807 628 Α
1839 563 2137 630 munione,
2170 563 2303 622 licet
2331 582 2429 624 eos
2460 566 2686 641 jugiter
2725 554 3078 623 admoneant
3107 563 3296 622 facere
3330 564 3493 622 fruc-

94 656 289 721 posset
312 652 449 708 dare
480 670 655 723 quam
678 655 832 726 quod
859 671 972 709 non
1005 653 1228 708 habet?
1257 652 1400 707 Nam
1430 652 1616 707 laicus
1630 668 1737 707 no-

91 744 227 805 ster,
243 742 290 795 si
309 744 621 797 necessitas
635 743 912 814 postulat,
928 743 985 796 in
1008 742 1348 797 remissione
1370 746 1735 813 peccatorum

89 843 191 897 per
208 828 488 898 Spiritum
512 834 780 884 sanctum
806 830 1082 900 baptizat,
1109 830 1263 900 quod
1288 829 1590 883 haereticus
1614 828 1737 900 qui-

87 914 229 969 libet
245 918 473 971 etiamsi
500 918 806 989 episc0pus
821 919 1069 985 dicatur,
1098 918 1240 971 nulli
1265 917 1577 987 aliquando
1593 936 1734 987 pree-

89 1009 226 1059 stat.
280 1008 439 1070 Quod
495 1007 616 1077 ipse
650 1008 853 1062 beatus
888 1009 1018 1073 Leo,
1062 1007 1119 1061 in
1161 1006 1292 1060 aliis
1344 1006 1734 1060 Decretalibus

87 1094 234 1159 suis,
284 1096 365 1148 sic
400 1098 705 1164 profitetur
746 1102 808 1150 ut
850 1096 1044 1167 ipsum
1080 1112 1310 1166 quoque
1340 1094 1632 1164 baptisma
1663 1095 1733 1149 ab

85 1182 373 1237 hmreticis
400 1184 452 1237 in
498 1186 731 1257 nomine
764 1191 977 1240 sanctis
1009 1185 1315 1240 Trinitatis
1360 1185 1583 1247 datum,
1631 1185 1734 1237 for-

86 1286 241 1324 mam
276 1276 501 1326 tantum
537 1274 813 1343 baptismi
850 1276 972 1328 sine
1006 1273 1489 1328 sanctiﬁcationis
1523 1273 1734 1326 virtute

83 1358 299 1414 habere
335 1366 631 1431 protestet.
670 1364 754 1425 Ili,
787 1363 1080 1433 inquiens,
1115 1362 1213 1432 qui
1244 1361 1600 1431 baptismum
1661 1361 1732 1414 ab

83 1446 372 1503 haereticis
404 1458 770 1521 acceperunt,
806 1468 941 1505 cum
978 1450 1248 1521 baptizati
1281 1456 1412 1504 ante
1443 1467 1553 1503 non
1592 1449 1726 1504 fuis-

83 1542 214 1589 sent
247 1538 368 1591 sola
390 1538 569 1592 sancti
596 1540 845 1609 Spiritus
873 1540 1247 1605 invocatione,
1274 1557 1374 1611 per
1406 1539 1731 1609 impositio-

79 1641 213 1679 nem
241 1644 543 1693 manuum,
572 1629 956 1683 conﬁrmandi
985 1634 1149 1694 sunt,
1174 1628 1312 1697 quia
1336 1631 1581 1682 formam
1608 1633 1731 1681 tan-

78 1717 205 1768 tum
239 1717 535 1786 baptismi,
562 1718 685 1771 sine
706 1718 1185 1772 sanctificationis
1205 1718 1440 1784 virtute,
1466 1735 1731 1788 sumpse-

79 1808 238 1858 runt.
277 1828 301 1851 ι»
341 1807 408 1858 Et
440 1806 588 1860 hanc
623 1808 906 1877 regulam,
954 1812 1016 1859 ut
1055 1807 1237 1869 scitis,
1292 1808 1637 1861 servandam
1670 1809 1727 1862 in

1847 654 1942 707 tus
1974 653 2178 725 dignos
2203 658 2572 726 pmnitentize,
2599 663 2656 713 et
2675 656 2859 713 solam
2878 654 3299 728 indulgentiam
3330 670 3494 727 que-

1847 757 1969 796 rere
2001 746 2057 797 et
2086 750 2437 815 exspectare.

2473 836 2709 892 CAPUT
2760 835 2857 891 ΙΙΙ.

1915 919 1974 974 Si
2005 937 2137 992 ergo
2168 922 2396 977 Cathari
2428 941 2529 995 pro
2560 926 2670 981 hoc
2702 924 2945 979 minimo
2976 937 3190 989 errore,
3224 921 3344 977 imo
3381 937 3488 994 pro

1843 1004 1951 1060 hac
1984 1009 2227 1064 nimium
2252 1029 2449 1066 severa
2470 1017 2526 1067 et
2549 1013 2745 1068 minus
2767 1013 3018 1068 discreta
3038 1008 3328 1066 sententia
3356 1025 3487 1077 sua,

1843 1100 2157 1166 computati
2194 1105 2331 1153 sunt
2355 1100 2627 1165 hmretici,
2660 1118 2793 1155 cum
2826 1101 2881 1155 in
2914 1099 3075 1155 nullo
3107 1098 3220 1153 alio
3250 1098 3489 1154 dissen-

1842 1183 1989 1236 tiant
2020 1202 2052 1237 a
2079 1188 2314 1241 veritate
2347 1189 2640 1243 catholica:
2664 1189 2820 1256 ﬁdei,
2852 1205 2952 1243 nec
2974 1188 3102 1243 sine
3134 1203 3346 1242 manus
3375 1187 3483 1242 im-

1844 1272 2129 1341 positione
2162 1282 2398 1344 possent
2443 1277 2510 1330 ad
2560 1278 2779 1332 clerum
2811 1277 3163 1332 catholicum
3224 1274 3483 1345 admitti,

1842 1365 2107 1429 potestne
2132 1367 2231 1415 aut
2262 1365 2473 1433 poterit
2496 1367 2784 1435 majorum
2817 1370 2873 1419 et
2903 1365 3167 1436 pejorum
3189 1364 3484 1420 bairetioo-

1841 1465 1974 1502 rum
2023 1451 2329 1518 ordinatio,
2374 1457 2493 1517 aut,
2559 1458 2624 1507 ut
2661 1453 2894 1518 dicitur,
2954 1452 3310 1507 consecratio
3353 1456 3483 1507 rata

1841 1536 2061 1606 haberi,
2096 1557 2270 1611 quam
2298 1546 2648 1597 revertentes
2666 1540 2897 1596 Cathari
2921 1541 3045 1596 sine
3068 1557 3275 1596 manus
3296 1541 3484 1611 impo-

1840 1628 2049 1683 sitione
2082 1647 2190 1683 non
2227 1636 2475 1701 possunt
2507 1632 2776 1702 adipisci,
2814 1630 2901 1685 vel
2947 1629 3196 1685 retinere
3245 1628 3379 1693 sibi,
3410 1633 3488 1695 et,

1840 1722 1903 1771 ut
1934 1720 2267 1788 expressius
2316 1720 2531 1790 dicam,
2565 1738 2598 1774 a
2628 1719 2974 1775 simoniacis
3004 1717 3402 1774 ordinationes
3433 1722 3492 1773 et

1837 1808 2301 1862 consecrationes
2348 1812 2713 1880 praesumptis
2746 1808 2871 1863 sine
2914 1807 3113 1878 aliqua
3154 1806 3490 1863 considera-

77 1892 351 1947 omnibus
379 1893 649 1948 Ecclesiis
682 1895 1091 1965 prcedieamus,
1128 1900 1191 1949 ut
1219 1894 1513 1949 lavacrum
1548 1896 1725 1950 semel
1758 1929 1804 1994 Β
1835 1896 1988 1949 tione
2020 1901 2074 1949 et
2106 1896 2509 1951 retractatione
2532 1898 2587 1951 in
2613 1897 2959 1952 catholicam
2991 1894 3309 1951 Ecclesium
3339 1911 3483 1951 sus-

79 1979 293 2035 initum
326 1981 487 2035 nulla
520 1982 822 2036 iteratione
858 1982 1127 2047 violetur,
1162 1984 1388 2038 dicente
1417 1985 1722 2054 Apostolo:

84 2093 103 2117 α
144 2069 304 2124 Unus
336 2070 507 2132 Deus,
534 2088 649 2124 una
673 2072 840 2136 ﬁdes,
866 2089 1049 2125 unum
1086 2072 1376 2143 baptisma
1400 2074 1618 2143 (Ep/res.
1648 2092 1720 2140 1v,

76 2160 153 2227 5),
191 2179 212 2208 ι
252 2159 420 2228 cujus
454 2158 672 2213 ablutio
706 2159 865 2213 nulla
900 2160 1199 2215 iteratione
1244 2164 1572 2216 temerenda
1615 2168 1719 2229 est,

76 2248 201 2312 sed,
250 2252 314 2301 ut
346 2248 600 2301 diximus
632 2248 756 2302 sola
801 2249 1179 2304 sanctiﬁcatio
1239 2251 1421 2304 sancti
1472 2252 1723 2322 Spiritus

72 2336 398 2393 invocanda
430 2343 539 2401 est,
574 2342 637 2390 ut
669 2338 819 2407 quod
863 2339 933 2391 ab
969 2338 1252 2392 hrureticis
1297 2357 1466 2393 nemo
1510 2342 1722 2411 accipit

75 2443 107 2480 θ.
139 2424 442 2480 catholicis
473 2426 873 2480 sacerdotibus
908 2431 1316 2496 consequatur.

148 2514 360 2584 Liquet
391 2530 547 2583 ergo,
570 2531 636 2568 ex
669 2514 758 2568 his
784 2515 1101 2569 beatissimi
1130 2516 1331 2570 Leonis
1350 2516 1544 2583 dictis,
1579 2518 1719 2588 bap-

75 2602 254 2657 tisma
278 2602 675 2655 haereticorum
705 2603 947 2655 formam
969 2606 1194 2656 tantum
1217 2602 1303 2657 vel
1328 2604 1578 2673 speciem
1606 2604 1719 2657 veri

75 2691 449 2761 baptismatis
490 2691 722 2755 habere,
770 2695 824 2745 et
874 2690 1163 2744 lavacrum
1214 2691 1329 2745 sive
1362 2692 1719 2746 ablutionem

76 2780 415 2851 corporibus
451 2780 842 2848 solummodo,
877 2796 988 2833 non
1014 2780 1186 2833 etiam
1213 2780 1542 2844 animabus,
1576 2798 1718 2851 prie-

75 2874 251 2935 stare,
301 2869 436 2940 quia
470 2869 595 2923 sine
626 2867 1106 2922 sanctiﬁcationis
1147 2869 1360 2923 virtute
1406 2874 1505 2922 aut
1536 2869 1719 2923 sancti

74 2958 327 3029 Spiritus
351 2958 807 3012 sanctiﬁcatione
832 2957 1003 3010 datur
1026 2962 1079 3010 et
1102 2957 1383 3027 accipitur
1406 2976 1418 3023 ;
1444 2959 1598 3029 quod
1620 2959 1723 3011 uti-

71 3062 185 3118 que
215 3047 287 3101 ab
323 3046 607 3100 haereticis
638 3061 807 3099 nemo
840 3045 1049 3115 accipit
1081 3045 1163 3099 vel
1217 3047 1613 3116 consequitur.
1664 3046 1719 3099 Si

72 3139 270 3192 autem
296 3134 655 3206 baptismum
681 3133 1425 3200 DominiJesu,secundum
1452 3136 1722 3206 Baptistie

74 3225 150 3279 sit
178 3223 584 3279 testimonium
619 3224 673 3277 in
698 3222 917 3293 Spiritu
951 3230 1175 3287 sancto,
1204 3224 1267 3277 ﬁt
1290 3229 1347 3278 ct
1372 3224 1487 3293 egit
1512 3229 1570 3278 ut
1602 3242 1715 3279 om-

77 3314 238 3366 nium
292 3312 559 3367 remissio
606 3316 975 3382 peccatorum
1027 3328 1093 3364 ex
1144 3311 1239 3365 illo
1274 3311 1454 3365 valeat
1494 3313 1637 3381 ﬁeri,
1666 3296 1795 3367 etC

72 3407 237 3455 vetus
272 3402 446 3455 homo
479 3406 675 3455 noster
694 3400 975 3463 renovari,
1014 3405 1251 3470 apparet
1284 3400 1576 3470 baptisma
1609 3401 1721 3454 hce-

72 3490 411 3555 reticorum,
445 3490 583 3561 quia
606 3490 731 3543 sine
754 3488 940 3542 sancti
974 3488 1227 3557 Spiritus
1264 3489 1721 3544 sanctiﬁcatione

74 3583 324 3644 constat,
348 3579 567 3633 nullam
594 3577 807 3647 peccati
827 3576 1252 3636 remissionem,
1274 3575 1492 3629 nullam
1512 3577 1719 3631 veteris

73 3667 333 3722 hominis
357 3666 809 3729 renovationem,
836 3665 933 3718 sed
958 3663 1139 3718 solam
1167 3663 1451 3717 visibilem
1472 3664 1718 3719 ablutio-

74 3773 205 3810 nem
235 3754 485 3827 operari.
517 3754 678 3819 Quod
712 3759 863 3807 certe
895 3769 1007 3806 non
1041 3757 1275 3823 propter
1305 3752 1563 3823 aliquam
1595 3771 1723 3808 san-

69 3846 334 3901 ctitatem
370 3843 459 3899 sui
491 3843 577 3897 vel
611 3842 992 3897 reverentiam
1037 3840 1304 3895 catholici
1358 3859 1469 3895 non
1513 3842 1721 3897 iterare

70 3937 515 3999 consenserunt,
542 3932 639 3987 sed
666 3929 1008 3986 scandalum
1032 3930 1399 3984 contentiosar
1431 3934 1485 3985 et
1514 3932 1720 4003 ineptae

68 4022 474 4078 multitudinis
520 4021 835 4092 prudenter
866 4019 1209 4083 devitantcs,
1263 4023 1328 4073 ut
1374 4036 1721 4091 quocunque

68 4112 241 4167 modo
264 4110 494 4167 Christo
519 4108 717 4181 plures
734 4110 1096 4175 reducerent,
1121 4105 1413 4162 lavacrum
1433 4125 1631 4163 eorum
1655 4126 1724 4163 ex

69 4200 298 4255 meliori
329 4198 530 4270 utique
553 4202 717 4269 parte
740 4197 1144 4268 imperfectum
1178 4197 1567 4268 permiserunt
1596 4215 1723 4253 esse

69 4293 297 4356 ratum;
327 4288 410 4343 sic
437 4292 630 4341 tamen
664 4291 725 4340 ut
759 4304 791 4340 a
818 4284 1121 4339 catholicis
1172 4286 1589 4361 sacerdotibus,
1627 4304 1726 4358 per

70 4394 358 4433 manuum
397 4375 832 4447 impositionem
868 4378 923 4429 et
959 4374 1145 4429 sancti
1199 4374 1450 4445 Spiritus
1497 4376 1723 4430 invoca-

69 4465 314 4531 tionem,
346 4465 636 4536 aceipiant
659 4480 836 4535 quam
871 4462 1092 4516 nullam
1126 4461 1412 4517 hactenus
1436 4463 1726 4519 habebant

70 4554 592 4610 sanctiﬁcationem
625 4552 682 4606 in
713 4556 1081 4622 peccatorum
1132 4552 1606 4607 emundationem
1640 4557 1722 4607 at-

70 4658 185 4713 que
198 4642 510 4697 vetustatis
526 4640 980 4696 innovationcm.
1005 4640 1069 4694 Et
1084 4644 1147 4693 ut
1163 4640 1529 4695 manifestius
1544 4642 1726 4695 anim—
1756 4664 1801 4727 Β

69 4732 451 4788 advertamus
500 4734 729 4802 quantae
782 4728 1241 4800 imperfectionis
1269 4728 1610 4799 judicentur
1639 4730 1725 4785 vel

69 4818 424 4891 habeantur,
448 4820 622 4875 etiam
649 4822 781 4890 post
799 4818 986 4889 ipsam
1014 4816 1398 4887 receptionem
1424 4833 1591 4872 suam
1610 4820 1728 4873 uni-

67 4908 284 4966 versali
304 4924 524 4963 canone
549 4908 849 4980 prreﬁxum
870 4910 957 4961 est
984 4910 1047 4959 ut
1070 4922 1239 4960 nemo
1262 4906 1466 4960 talium
1492 4924 1727 4978 promo-

70 5002 281 5054 ventur
312 4997 384 5051 ad
418 4996 839 5052 catholicorum
873 4994 1092 5049 clerum
1122 5012 1134 5060 ;
1167 4999 1223 5047 et
1252 4994 1297 5047 si
1324 4994 1395 5048 de
1426 4994 1598 5060 clero,
1632 4996 1731 5066 qui

70 5086 228 5158 apud
254 5086 561 5141 haereticos
577 5083 1039 5157 putaturexistit,
1059 5082 1206 5137 laica
1226 5087 1453 5137 tantum
1471 5100 1731 5139 commu-

72 5175 251 5230 nione
285 5179 598 5229 contentus
629 5174 727 5239 sit,
770 5172 1027 5244 exceptis
1077 5170 1363 5236 Catharis,
1393 5188 1541 5242 quos
1580 5173 1733 5229 solos

72 5267 283 5321 sancta
315 5263 547 5318 Nicmna
568 5263 827 5335 synodus
857 5261 913 5314 in
950 5259 1100 5315 clero
1133 5276 1234 5313 suo
1262 5259 1530 5314 inventos
1554 5260 1609 5315 in
1637 5280 1734 5317 ca-

72 5352 296 5407 tholica
328 5368 456 5408 esse
479 5351 780 5423 permittit,
817 5366 918 5405 nec
944 5354 1137 5404 tamen
1166 5348 1291 5402 sine
1314 5365 1526 5404 manus
1550 5350 1733 5421 impo-

72 5440 311 5501 sitione,
339 5440 608 5511 quamvis
642 5455 867 5510 magnis
890 5443 944 5492 et
967 5435 1250 5491 mirabilis
1285 5436 1403 5490 sint
1432 5438 1732 5493 conscien~

70 5529 185 5597 tias,
218 5545 327 5584 nec
373 5530 431 5583 in
465 5529 659 5600 aliquo
691 5528 921 5582 devenit
953 5544 986 5581 a
1017 5524 1309 5581 catholica:
1343 5526 1473 5579 ﬁdei
1506 5528 1734 5582 confes-

69 5617 238 5673 sione
288 5619 349 5670 et
403 5616 730 5687 apostolica
782 5614 1043 5669 Ecclesiae
1088 5612 1331 5677 unitate,
1368 5630 1473 5667 nec
1509 5614 1566 5668 in
1611 5616 1734 5669 sola

64 5706 558 5772 criminosorum,
592 5722 767 5777 quam
814 5703 1072 5758 devitant
1111 5701 1443 5773 exceptione
1475 5708 1531 5759 et
1573 5721 1730 5760 com-

1834 1984 2143 2054 cipientur,
2178 2001 2325 2055 quos
2366 1986 2591 2056 pejores
2621 1985 2849 2040 Arianis
2875 1984 3128 2056 septima
3156 1987 3213 2039 et
3242 1983 3475 2039 univer-

1832 2073 1971 2127 salis
2025 2074 2278 2143 synodus
2330 2074 2387 2128 in
2437 2073 3062 2145 epistolaepatriarcbze
3112 2072 3343 2129 Tarasii
3399 2074 3473 2128 ad

1829 2162 2146 2216 Adrianum
2181 2179 2390 2233 papam
2436 2162 2830 2218 indubitanter
2867 2160 3185 2217 difﬁnivit?
3219 2160 3478 2233 Denique

1826 2251 2021 2305 Ariani
2044 2268 2380 2321 quanquam
2405 2250 2464 2305 in
2486 2251 2595 2306 hoc
2608 2252 2857 2307 maxime
2877 2255 3071 2306 errent
3087 2250 3242 2323 quod
3260 2249 3474 2306 Filium

1830 2341 2107 2395 minorem
2136 2340 2297 2393 Patre
2319 2344 2374 2395 et
2396 2345 2717 2395 creaturam
2743 2357 2871 2395 esse
2886 2339 3476 2410 asserunt,Spiritum

1829 2447 2060 2501 quoque
2083 2434 2352 2484 sanctum
2369 2430 2650 2484 minorem
2674 2433 2838 2500 patre
2859 2432 2915 2483 et
2935 2427 3100 2496 Filio,
3121 2431 3297 2499 atque
3317 2443 3479 2482 crea-

1828 2523 2020 2573 turam
2045 2537 2057 2573 :
2089 2519 2230 2573 dum
2255 2523 2451 2573 tamen
2489 2523 2804 2590 utrumque
2827 2518 3049 2580 dicunt,
3079 2520 3476 2588 neutrumque

1829 2624 2031 2662 eorum
2085 2607 2184 2661 ulli
2221 2606 2457 2661 omnino
2504 2612 2802 2672 creaturae,
2852 2606 2962 2662 nisi
3013 2605 3258 2661 Domino
3301 2604 3479 2671 Patri,

1828 2696 2082 2750 Creatori
2117 2694 2433 2749 visibilium
2467 2696 2729 2749 omnium
2763 2699 2819 2748 et
2848 2694 3255 2760 invisibilium,
3291 2692 3480 2763 subji-

1828 2801 1956 2839 cere
2006 2784 2386 2838 contendunt.
2438 2785 2510 2837 At
2553 2782 2890 2849 Simoniaci,
2934 2782 3175 2836 minime
3215 2780 3474 2836 contenti

1828 2876 1991 2926 tanto
2030 2872 2375 2926 Arianorum
2416 2870 2740 2942 sacrilegio,
2791 2868 3250 2942 omnipotentem
3291 2867 3479 2940 Spiri-

1828 2965 1952 3014 tum
1985 2966 2253 3014 sanctum
2287 2977 2400 3014 non
2425 2964 2658 3013 tantum
2689 2959 2976 3014 minorem
3016 2959 3182 3013 Patre
3220 2960 3279 3013 et
3307 2955 3477 3021 Filio,

1829 3067 1927 3103 seu
1946 3050 2272 3117 subjectum
2295 3048 2400 3102 soli
2418 3049 2572 3103 Patri
2585 3054 2640 3103 et
2654 3048 2818 3117 Filio,
2838 3048 2937 3102 sed
2953 3046 3128 3103 etiam
3146 3044 3477 3117 semetipsis

1826 3138 2183 3202 inferiorem,
2208 3143 2381 3210 atque
2412 3138 2798 3210 sibimetipsis
2833 3137 3159 3204 subditum,
3195 3140 3477 3207 tanquam

1828 3228 2129 3297 quodlibet
2151 3227 2349 3281 venale
2370 3232 2425 3281 et
2444 3227 2549 3281 vile
2574 3226 2931 3299 mancipium
2948 3226 3212 3290 credunt,
3239 3227 3320 3291 ut,
3340 3221 3480 3279 velit

1830 3315 1995 3380 nolit,
2029 3316 2260 3369 obediat
2280 3314 2675 3370 voluntatibus
2699 3320 2759 3369 et
2789 3315 3026 3369 vocibus
3047 3328 3267 3378 eorum,
3296 3314 3473 3383 atque

1832 3403 2109 3457 funiculis
2141 3406 2396 3473 pecunia:
2428 3407 2709 3456 attractus
2732 3406 2832 3456 aut
2861 3400 3018 3455 velut
3046 3398 3238 3455 aureis
3265 3413 3469 3455 eorum

1831 3490 2048 3544 catenis
2096 3490 2389 3561 alligatus,
2426 3489 2788 3559 plenitudine
2820 3505 2935 3543 sua:
2968 3484 3469 3554 sanctificationis,

1830 3584 1886 3632 et
1916 3578 2111 3649 gratia:
2143 3577 2439 3648 sacrilegis
2468 3576 2730 3648 ipsorum
2765 3575 2992 3643 ofﬁciis,
3018 3580 3075 3631 et
3102 3573 3474 3630 exsecrandis

1830 3666 2364 3721 consecrationibus
2395 3665 2787 3730 administret,
2821 3679 3142 3735 eorumque
3184 3660 3477 3719 venalitati

1832 3773 1932 3811 seu
1967 3754 2286 3827 Operationi
2319 3757 2677 3825 cooperetur.
2711 3753 2871 3817 Quod
2910 3757 2975 3808 ut
3004 3752 3074 3807 ad
3107 3754 3474 3808 momentum

1832 3844 2142 3907 zestimare,
2167 3842 2548 3897 intolerabilis
2562 3845 2651 3897 est
2671 3848 2727 3896 et
2745 3842 2888 3897 forte
2909 3838 3329 3897 irremissibilis
3351 3837 3478 3894 bla-

1832 3932 2134 4005 Sphemiae,
2160 3932 2297 4004 quia
2312 3931 2370 3985 in
2394 3930 2675 4002 Spiritum
2698 3935 2787 3987 est
2810 3946 3045 4002 peccare
3061 3933 3164 3985 aut
3182 3931 3335 3984 certe
3353 3943 3478 3983 ver-

1831 4024 1972 4077 bum
2002 4021 2058 4075 in
2084 4038 2219 4075 eum
2244 4021 2451 4075 dicere.
2470 4014 3479 4083 QuasolaaastimationeSimonille,

1833 4116 1997 4166 secta:
2013 4126 2211 4165 eorum
2232 4109 2377 4181 prim
2389 4125 2456 4163 us
2471 4113 2672 4165 auctor
2688 4107 2997 4181 etsignifer
3009 4124 3043 4163 a
3055 4124 3168 4180 quo
3186 4110 3243 4162 et
3255 4105 3367 4177 ipsi
3386 4120 3480 4178 ag-

1832 4199 2234 4264 nominantur,
2250 4196 2779 4269 irrecupcrabiliter
2796 4197 3109 4252 damnatus
3131 4199 3237 4251 est.
3251 4192 3358 4260 Qui
3373 4192 3483 4249 uti-

1832 4306 1944 4359 que
1967 4303 2199 4358 quoquo
2216 4286 2387 4340 modo
2404 4290 2599 4356 posset
2612 4284 2875 4341 excusari
2888 4284 2974 4341 vel
3002 4283 3301 4357 religionis
3318 4281 3486 4338 novi-

1831 4374 2059 4441 tate,vel
2079 4374 2404 4445 ignorantia
2416 4376 2525 4429 sub
2540 4378 2701 4429 tanta
2712 4372 2960 4445 Spiritus
2973 4373 3159 4428 sancti
3174 4370 3482 4438 evidentia,

1835 4482 1951 4535 qua
1982 4463 2202 4518 scilicet
2232 4462 2554 4517 delectatus
2586 4468 2685 4517 aut
2707 4462 3166 4533 obstupefactus,
3197 4464 3483 4531 tanquam

1833 4553 2021 4607 adhuc
2053 4552 2214 4605 rudis
2246 4551 2303 4605 in
2332 4551 2642 4622 baptismo,
2663 4555 2717 4605 et
2741 4548 3067 4621 novitiusin
3093 4547 3221 4602 ﬁdei
3247 4545 3480 4613 notitia,

1836 4644 2069 4712 repente
2103 4639 2189 4695 vel
2220 4644 2284 4694 ut
2310 4644 2585 4694 strenuus
2618 4644 2672 4694 et
2704 4638 3016 4710 impatiens
3048 4651 3346 4691 morarum
3363 4634 3486 4689 dis-

1833 4729 2086 4802 cipulus,
2134 4733 2252 4783 tam
2286 4727 2697 4783 inazstimabile
2728 4728 2945 4782 donum
2982 4723 3236 4781 scientia:
3267 4723 3340 4778 ab
3360 4722 3485 4778 efﬁ-

1839 4819 2073 4875 cacibus
2099 4816 2397 4888 magistris
2418 4816 2723 4871 aestimavit
2751 4815 2924 4871 etiam
2956 4830 3090 4868 cum
3122 4828 3358 4869 summa
3385 4827 3486 4884 pe-

1843 4907 2026 4963 cunim
2074 4906 2460 4977 expetendum
2495 4905 2607 4960 sibi
2641 4909 2696 4961 et
2724 4903 3149 4976 accipiendum.
3182 4902 3295 4957 Sed
3325 4901 3493 4958 inex-

1844 4994 2121 5052 cusabilis
2167 4993 2385 5049 exstitit
2428 4994 2613 5048 beatis
2644 4993 2925 5065 apostolis
2957 4992 3125 5047 Petro
3169 4996 3229 5046 et
3253 4990 3492 5059 Joanni,

1843 5086 1982 5140 adeo
2018 5088 2079 5138 ut
2104 5082 2199 5137 ille
2232 5082 2588 5137 mitissimus
2619 5083 2848 5151 Petrus,
2879 5085 2936 5137 et
2966 5082 3080 5136 Bar
3118 5080 3305 5148 Jonas,
3335 5079 3492 5135 idem

1844 5176 2018 5229 Filius
2047 5172 2315 5227 columbw
2346 5170 2846 5242 simplicissimus,
2878 5174 2937 5226 et
2974 5168 3494 5227 innocentissimus

1846 5263 2009 5319 nulla
2041 5260 2491 5315 mansuetudine
2513 5265 2827 5326 reservata,
2847 5258 3031 5328 nulla,
3056 5264 3123 5313 ut
3144 5256 3383 5312 rudibus
3400 5270 3494 5310 as-

1847 5352 1994 5407 solet
2028 5350 2171 5416 ﬁeri,
2208 5350 2474 5402 modesta
2518 5348 2921 5421 increpatione
2964 5345 3282 5420 prmmissa,
3332 5340 3493 5397 nulla

1847 5438 2242 5496 satisfactione
2275 5436 2578 5507 requisita,
2597 5436 2764 5492 nulla
2785 5434 3184 5492 emendatione
3205 5432 3494 5501 exspecta-

1846 5534 1924 5596 ta,
1957 5526 2121 5581 nulla
2151 5524 2544 5580 admonitione
2577 5530 2639 5579 ut
2672 5526 2942 5595 deinceps
2971 5519 3083 5575 tale
3127 5517 3268 5590 quid
3301 5520 3492 5572 atten-

1846 5621 1969 5670 tare
1997 5618 2225 5669 caveret
2264 5613 2545 5679 adhibita,
2589 5614 2647 5667 in
2696 5610 3089 5669 miserrimum
3132 5606 3302 5662 illum
3332 5610 3497 5662 tanto

1846 5705 1967 5760 zelo
1992 5702 2226 5772 exarsit,
2261 5707 2425 5757 tanta
2454 5702 2768 5773 asperitate
2800 5695 3099 5757 infremuit
3129 5698 3195 5753 ut
3225 5712 3342 5753 non
3376 5711 3494 5752 ser-
