3876 6362
352 445 514 519 1018

1354 433 1840 512 HUMBERTUS
1881 433 1948 500 S.
1991 430 2069 499 Β..
2113 429 2186 498 E.
2231 427 2727 497 CARDINALIS.

3654 409 3790 481 wit

352 582 708 658 vatojudicii
728 581 948 653 ordine,
974 579 1137 657 prius
1157 581 1292 639 data
1313 576 1600 637 sententia
1618 567 1977 632 irrevocabili
2004 567 2062 637 Α
2086 565 2350 658 ipsorum
2397 565 2624 641 primus
2659 564 2998 658 recogitent,
3030 566 3088 622 et
3115 553 3209 620 vel
3247 569 3397 658 sero
3437 555 3796 658 agnoscant

358 691 524 732 reum
537 673 905 730 anathemate
919 673 1113 729 feriret
1129 671 1355 726 dicens:
1374 691 1401 717 «
1425 664 1678 722 Pecunia
1691 665 1793 716 tua
1804 663 1996 715 tecum

360 763 439 822 sit
467 763 529 818 in
558 762 940 834 perditionem
975 762 1108 832 (Act.
1141 777 1263 823 νιιι,
1295 758 1383 826 20)
1410 773 1422 821 ;
1458 776 1486 803 ››
1519 751 1728 807 deinde
1765 762 1998 805 omnem

364 867 602 908 causam
631 855 824 917 tantae,
848 854 902 905 et
925 853 1044 904 tam
1067 846 1376 918 repentinae
1409 839 1802 898 damnationis
1833 837 1997 890 inno-

361 942 609 996 tesceret
650 938 1009 1008 subjungens
1042 953 1054 990 :
1091 959 1116 984 ‹‹
1153 932 1436 999 Quoniam
1476 930 1694 983 donum
1727 925 1826 981 Dei
1858 923 2002 979 exis-

364 1026 584 1084 timasti
617 1025 861 1096 pecunia
883 1022 1166 1096 possideri
1199 1020 1402 1091 (Ibid).
1430 1040 1457 1066 »
1481 1017 1610 1071 Mox
1632 1012 2002 1086 qualemcun-

368 1132 480 1188 que
509 1112 828 1186 spiritualis
859 1111 1056 1184 gratiae
1087 1109 1410 1182 portionem
1433 1101 1846 1160 existimationi
1875 1100 2001 1168 ejus

369 1205 662 1274 denegans
691 1201 832 1256 dicit
862 1218 874 1254 :
913 1222 942 1249 «
972 1200 1095 1254 Non
1127 1203 1215 1251 est
1235 1195 1340 1250 tibi
1374 1211 1507 1265 pars
1538 1207 1722 1262 neque
1741 1206 1866 1244 sors
1883 1203 2002 1241 ser-

370 1307 540 1348 mone
571 1289 680 1345 isto
709 1289 864 1360 (Ibid.
901 1328 914 1354 ,
948 1289 1060 1358 21),
1083 1309 1110 1334 »
1133 1285 1354 1340 scilicet
1382 1281 1442 1335 in
1473 1282 1623 1336 dono
1655 1279 1784 1332 isto.
1817 1275 2006 1329 Acde-

369 1396 534 1436 mum
562 1379 648 1434 sic
680 1379 810 1447 ejus
833 1374 1152 1445 nequitiam
1176 1377 1232 1427 et
1263 1370 1454 1426 cordis
1483 1368 1825 1440 pravitatem
1858 1381 2012 1420 exse-

369 1471 588 1533 cratus,
609 1465 980 1520 vehementer
1001 1460 1330 1531 redarguit:
1353 1481 1378 1506 «
1401 1459 1508 1512 Cor
1523 1455 1678 1511 enim
1702 1459 1867 1509 tuum
1891 1469 2005 1506 non

371 1559 460 1612 est
499 1557 722 1608 rectum
753 1565 945 1606 coram
977 1548 1252 1612 Domino;
1287 1546 1346 1600 in
1375 1543 1503 1599 felle
1542 1543 1701 1598 enim
1733 1539 2010 1596 amaritu-

372 1641 550 1707 dinis,
577 1644 632 1695 et
661 1638 1012 1710 obligatione
1043 1633 1372 1706 iniquitatis
1401 1632 1563 1686 video
1594 1634 1649 1685 te
1678 1645 1804 1684 esse
1829 1627 2010 1698 (Ibid,

371 1730 464 1799 2i,
494 1729 606 1798 23).
643 1749 672 1776 ››
695 1725 1070 1794 Tandemque
1091 1723 1162 1778 ad
1189 1719 1586 1794 paenitentiam
1611 1721 2007 1788 provocatum,

373 1817 662 1872 incertum
709 1817 767 1868 et
809 1812 1058 1867 dubium
1089 1827 1157 1864 ex
1187 1813 1351 1864 tanta
1392 1805 1769 1878 blasphemiae
1813 1803 2012 1858 remis-

378 1905 540 1962 sione
569 1902 772 1966 efl‘ecit,
805 1900 1005 1955 dicens
1040 1917 1052 1954 :
1087 1922 1114 1948 «
1151 1895 1547 1954 Pmnitentiam
1578 1894 1774 1964 itaque
1805 1908 1908 1962 age
1939 1891 2011 1945 ab

377 1993 486 2049 hac
512 1988 771 2062 nequitia
798 1991 918 2053 tua,
951 1992 1008 2042 et
1035 2003 1174 2058 roga
1203 1985 1536 2049 Dominum,
1570 1981 1618 2036 si
1650 1982 1794 2035 forte
1816 1979 2012 2034 remit-

378 2083 536 2136 tatur
563 2077 669 2134 tibi
693 2077 814 2131 1]ωο
835 2074 1104 2147 cogitatio
1125 2073 1314 2129 cordis
1335 2071 1419 2126 tui
1438 2070 1594 2142 (Ibid.
1629 2071 1741 2140 22).
1771 2091 1797 2116 ››
1822 2069 1882 2122 In
1901 2083 2016 2138 qua

379 2168 583 2240 utique
611 2167 673 2220 B.
707 2165 857 2219 Petri
884 2163 1090 2218 ultima
1123 2163 1180 2216 in
1213 2161 1510 2216 Simonem
1542 2156 1846 2226 sententia,
1870 2154 2017 2209 nihil

381 2255 496 2312 nisi
526 2253 796 2325 cogitatio
844 2250 1036 2306 cordis
1086 2247 1478 2320 redarguitur,
1529 2245 1678 2301 sicut
1723 2248 1779 2298 et
1829 2242 2020 2315 prima

383 2340 732 2399 existimatio
753 2342 980 2394 tantum
1012 2337 1454 2392 condemnatur.

1012 2424 1246 2480 CAPUT
1296 2423 1390 2477 ιν.

460 2519 660 2586 Itaque
703 2514 831 2570 luce
877 2513 1090 2569 clarius
1139 2517 1229 2567 est
1279 2510 1551 2566 omnibus
1591 2508 1738 2564 sacri
1789 2506 2017 2578 capitis,

389 2605 646 2671 Petrum,
680 2603 872 2658 nimiae
904 2599 1191 2674 patientiae
1209 2605 1268 2655 et
1297 2598 1599 2654 rusticanae
1631 2594 2022 2667 simplicitatis

388 2692 602 2760 virum,
623 2706 990 2762 nequaquam
1009 2706 1114 2744 suo
1128 2688 1404 2744 instinctu
1421 2687 1744 2742 ethumana
1756 2683 2023 2756 passione

391 2797 494 2838 seu
509 2780 939 2852 perturbatione
961 2783 1340 2844 commotum,
1361 2780 1482 2830 tam
1501 2773 1861 2846 repentinam
1880 2777 2026 2827 tam-

391 2885 507 2942 que
536 2867 859 2923 districtam
882 2867 1130 2922 dictasse
1151 2864 1520 2928 sententiam,
1553 2863 1652 2917 sed
1675 2861 1870 2932 ipsum
1891 2861 2027 2931 Spi-

392 2957 572 3013 ritum
602 2959 872 3012 sanctum
913 2954 974 3008 in
1003 2955 1168 3009 Petro
1199 2952 1364 3023 quasi
1395 2951 1450 3005 in
1484 2949 1703 3021 templo
1733 2966 1839 3004 suo
1869 2949 2029 3004 habi-

393 3047 617 3101 tantem
644 3047 866 3098 tantam
897 3059 1012 3096 non
1044 3041 1248 3096 tulisse
1270 3039 1568 3111 injuriam,
1604 3036 2026 3108 blasphemiam

397 3135 456 3190 et
469 3129 906 3200 contumeliam,
933 3129 1281 3201 penitusque
1297 3126 1688 3198 indignatum,
1707 3127 1881 3196 cujus
1901 3127 2026 3196 jam

397 3221 497 3276 ire
527 3235 696 3275 nemo
728 3219 996 3274 resistere
1027 3221 1238 3289 potest,
1271 3221 1464 3286 atque,
1501 3217 1566 3269 ut
1595 3214 1654 3268 in
1676 3213 1882 3268 Genesi
1910 3230 2030 3268 me-

396 3307 726 3380 taphoricos
751 3306 982 3378 legitur,
1005 3281 1230 3361 tactum
1251 3281 1658 3360 dolorecordis
1679 3302 2030 3360 intrinsecus
2060 3281 2104 3351 (ἶ

399 3398 551 3469 (Gen.
581 3414 659 3464 v1,
690 3397 766 3467 6),
800 3401 856 3451 et
885 3401 1301 3468 praecaventem
1334 3395 1393 3448 in
1427 3394 1620 3448 futuro
1668 3392 2030 3450 animadver-

399 3485 560 3542 sione
588 3483 912 3540 detestabili
943 3488 1000 3538 et
1020 3482 1263 3539 terribili
1291 3485 1493 3538 contra
1523 3479 1824 3536 avaritiam
1855 3481 2030 3555 Magi,

398 3578 457 3630 et
485 3577 838 3630 sectatorum
867 3573 994 3643 ejus
1022 3571 1424 3644 impudentem
1454 3575 1511 3625 et
1545 3586 1651 3624 sua
1679 3573 2032 3640 quaerentem

399 3660 932 3734 praesumptionem,
948 3657 1454 3716 venerabilisPetri
1468 3657 1814 3722 defendisse,
1837 3661 1894 3712 et
1913 3657 2034 3712 vin-

399 3749 627 3804 dicasse
656 3747 852 3820 gratiae
883 3763 1002 3802 suae
1035 3746 1381 3813 libertatem,
1417 3745 1553 3816 quia
1583 3745 1897 3815 putabatur
1934 3761 2032 3817 pe-

399 3836 568 3895 cunia
587 3852 758 3909 posse
779 3833 961 3906 redigi
985 3835 1044 3889 in
1067 3833 1420 3890 servitutem.
1451 3833 1623 3887 Porro
1651 3832 2030 3902 vesanusille,

400 3930 560 3981 tanto
589 3924 809 3980 tonitru
840 3921 1202 3993 fulmineque
1219 3921 1528 3976 verborum
1561 3922 2033 3992 perterrefactus,

399 4011 799 4084 apostolorum
819 4009 1284 4066 intercessionea
1312 4024 1373 4063 se
1393 4013 1613 4064 tantam
1637 4008 1737 4064 Dei
1768 4008 2034 4081 indigna-

400 4099 618 4156 tionem
650 4097 903 4153 amoveri
934 4096 1215 4168 quaasivit,
1238 4096 1436 4151 dicens
1461 4113 1474 4151 :
1507 4118 1535 4146 «
1560 4096 1776 4168 Rogata
1796 4113 1897 4152 vos
1927 4102 2035 4152 Do-

399 4186 628 4244 minum
660 4202 763 4256 pro
781 4190 964 4253 me,ut
983 4184 1130 4239 nihil
1149 4184 1344 4239 veniat
1370 4201 1546 4256 super
1565 4200 1656 4240 me
1677 4201 1876 4240 eorum
1908 4201 2034 4257 quas

395 4273 631 4332 dixistis
659 4274 795 4343 (Act.
825 4289 949 4342 vm,
979 4273 1091 4343 2-4).
1124 4293 1152 4323 »
1185 4272 1345 4335 Quod
1377 4276 1569 4328 tamen
1600 4271 1832 4329 nullum
1863 4290 2039 4346 super

397 4362 507 4420 hoc
536 4362 608 4418 ab
637 4361 721 4416 eis
751 4359 984 4430 meruit,
1009 4377 1115 4416 nec
1143 4365 1282 4416 tunc
1303 4377 1406 4416 nec
1436 4365 1639 4432 postea
1666 4377 2036 4432 responsum,

397 4455 464 4508 ut
518 4449 737 4523 posteri
801 4449 1093 4507 discerent
1150 4465 1327 4521 quam
1401 4465 1640 4504 enorme
1695 4449 2038 4506 incurrisset

397 4536 810 4613 praecipitium,
841 4537 933 4593 cui
965 4554 1070 4594 nec
1101 4537 1215 4610 ipsi
1246 4537 1431 4593 sancti
1475 4535 1722 4608 apostoli
1763 4553 2040 4608 pressum-

2103 657 2204 712 ubi
2227 658 2478 729 jaceant,
2511 660 2567 712 et
2593 653 2748 728 quod
2772 658 2900 728 jam
2939 670 3058 710 non
3089 649 3352 708 secundi
3393 645 3486 704 ab
3509 645 3678 716 ipso,
3708 643 3792 698 sed

2105 743 2290 800 multo
2321 743 2634 816 plusquam
2674 741 2974 799 millesimi
3006 739 3068 796 in
3099 737 3380 796 Ecclesia
3427 733 3794 796 subsistant,

2107 835 2338 890 credere
2367 832 2492 888 ausi
2525 848 2588 887 se
2618 847 2720 904 per
2750 831 3060 904 pecuniam
3091 827 3462 886 sacerdotes
3493 821 3602 878 vel
3653 819 3792 877 aliud

2107 919 2407 993 quodlibet
2435 919 2809 977 ecclesiastici
2837 918 3063 993 ordinis
3089 933 3268 990 posse
3319 913 3496 981 ﬁeri,
3535 914 3652 968 aut
3681 926 3795 982 pro-

2109 992 2340 1075 mereri,
2372 1025 2473 1064 seu
2499 1009 2635 1064 dare
2666 1007 2843 1064 alicui
2867 992 3050 1080 gratis
3069 1005 3160 1062 vel
3193 1003 3398 1078 pretio
3429 1019 3446 1070 ;
3478 1000 3656 1074 quod
3679 1015 3798 1054 con-

2109 1103 2228 1154 stat
2259 1097 2418 1170 ipsos
2448 1095 2608 1152 nullo
2639 1097 2813 1152 modo
2847 1095 3111 1168 potuisse
3141 1110 3248 1167 per
3293 1089 3656 1164 pecuniam
3699 1087 3800 1142 adi-

2111 1187 2276 1259 pisci,
2307 1187 2661 1256 protestante
2684 1183 2945 1256 principe
2962 1181 3379 1256 apostolorum
3409 1176 3695 1251 principi
3726 1175 3799 1246 ip—

2111 1291 2310 1330 sorum
2342 1273 2563 1328 Simoni
2597 1290 2610 1328 :
2644 1296 2672 1323 ‹‹
2704 1273 2830 1328 Non
2862 1278 2952 1328 est
2980 1288 3119 1345 pars
3149 1270 3286 1338 tibi,
3325 1281 3549 1340 neque
3587 1281 3724 1321 sors
3749 1264 3798 1319 in

2112 1379 2379 1420 sermone
2427 1362 2540 1417 isto
2588 1362 2722 1433 (Act.
2755 1378 2882 1428 vm,
2911 1361 3025 1432 2i).
3064 1383 3093 1410 »
3135 1360 3202 1414 In
3233 1373 3361 1430 qua
3396 1356 3634 1428 utique
3669 1369 3799 1426 pre-

2115 1451 2447 1523 sumptione
2458 1449 2738 1505 venialior
2756 1454 2846 1506 est
2860 1465 3022 1504 error
3041 1447 3224 1521 Magi,
3245 1445 3355 1519 qui
3369 1447 3635 1502 tantum
3659 1441 3800 1498 aesti-

2115 1540 2296 1596 mavit
2311 1539 2528 1594 donum
2556 1537 2781 1593 Domini
2803 1536 3052 1610 pecunia
3065 1551 3244 1608 posse
3265 1532 3615 1607 possideri,
3629 1545 3802 1603 quam

2117 1629 2364 1684 istorum
2414 1627 2512 1698 qni
2544 1631 2789 1698 crepunt
2817 1632 2875 1682 et
2920 1625 3255 1694 confidunt,
3307 1623 3584 1696 insuper
3627 1623 3689 1676 et
3723 1619 3803 1674 di-

2119 1721 2260 1773 cunt
2290 1731 2351 1770 se
2383 1713 2528 1770 illud
2561 1712 2947 1770 nihilominus
2971 1713 3229 1786 pecunia
3259 1711 3588 1783 accepisse
3619 1708 3806 1781 possi-

2119 1806 2274 1870 dere,
2305 1811 2361 1859 et
2401 1803 2638 1858 cuilibet
2674 1804 2832 1859 dare.
2875 1803 3022 1858 Nam
3073 1802 3126 1857 si
3174 1801 3290 1856 hoc
3323 1815 3453 1856 non
3486 1797 3805 1855 crederent

2119 1893 2421 1964 episcopos
2450 1907 2512 1947 se
2541 1907 2645 1962 per
2674 1891 2984 1963 pecuniam
3019 1906 3136 1946 non
3178 1889 3458 1962 potuisse
3504 1885 3674 1952 ﬁeri,
3704 1901 3804 1940 no-

2123 1981 2349 2036 biscum
2379 1983 2436 2034 et
2465 1979 2577 2051 ipsi
2609 1979 3015 2052 praedicarent,
3053 1982 3112 2034 et
3144 1977 3416 2033 officium
3451 1991 3587 2032 non
3635 1989 3810 2030 suum

2123 2087 2406 2142 usurpare
2443 2072 2758 2134 cessarent,
2796 2066 3267 2140 perditionisque
3299 2081 3427 2122 sua:
3462 2063 3813 2121 damnatio-

2125 2178 2258 2219 nem
2274 2161 2465 2233 potius
2479 2174 2654 2230 quam
2670 2156 2926 2228 aliquam
2939 2155 3289 2229 episcopalis
3302 2154 3649 2211 ministerii
3666 2154 3818 2211 ordio

2126 2250 2418 2306 nationem
2429 2291 2442 2317 ,
2459 2263 2561 2304 seu
2580 2245 3082 2302 consecrationem
3095 2243 3228 2301 aliis
3240 2259 3358 2300 non
3369 2243 3814 2300 communica-

2127 2343 2276 2395 rent.
2297 2337 2354 2393 Si
2371 2340 2566 2392 autem
2581 2335 2844 2401 credunt,
2861 2333 3173 2390 manifeste
3183 2331 3445 2388 haeretici
3457 2336 3642 2400 sunt,
3660 2334 3816 2405 pejo-

2128 2445 2220 2483 res
2233 2425 2332 2482 illo
2345 2425 2444 2497 qui
2462 2425 2570 2480 hoc
2583 2423 2746 2495 prius
2763 2421 3124 2478 existimavit
3135 2420 3227 2477 vel
3244 2420 3819 2493 cogitavittantum.

2127 2516 2184 2570 Si
2218 2530 2348 2570 vero
2379 2529 2493 2571 non
2527 2512 2794 2580 credunt,
2822 2527 2928 2566 cur
2967 2509 3236 2566 cilicium
3279 2508 3563 2566 alienum
3595 2526 3822 2582 praesu-

2131 2607 2319 2670 munt,
2361 2606 2418 2657 et
2457 2601 2612 2672 quod
2653 2598 2763 2656 sibi
2813 2614 2931 2654 non
2979 2598 3203 2654 habent
3233 2613 3342 2654 nec
3373 2597 3440 2652 in
3473 2598 3818 2654 ministerio

2131 2691 2444 2748 concedere
2461 2706 2524 2745 se
2545 2687 2676 2744 aliis
2697 2704 2813 2743 non
2831 2703 3025 2758 posse,
3051 2701 3158 2742 cur
3179 2701 3298 2742 non
3320 2687 3820 2760 recognoscent?

2203 2781 2272 2836 Et
2296 2779 2354 2834 in
2379 2779 2487 2834 hoc
2525 2792 2754 2849 quoque
2786 2775 3095 2832 manifeste
3135 2773 3402 2830 haeretici
3434 2778 3594 2830 sunt
3645 2779 3713 2830 et
3737 2775 3822 2830 de-

2135 2870 2392 2942 sperant,
2425 2870 2528 2923 aut
2552 2869 2705 2920 certe
2739 2865 2797 2920 in
2829 2879 2933 2936 spe
2964 2863 3378 2938 blasphemiae
3421 2863 3817 2936 quotidianas

2134 2957 2335 3030 prima:
2367 2971 2484 3010 suae
2510 2953 2569 3007 in
2592 2952 2875 3025 Spiritum
2897 2955 3172 3008 sanctum
3203 2950 3622 3024 blasphemiae
3645 2951 3819 3008 male-

2136 3045 2274 3101 dicti
2300 3043 2650 3114 adjungunt,
2681 3042 2904 3113 pejores
2922 3039 3022 3096 illo
3052 3055 3162 3096 suo
3193 3039 3492 3113 magistro
3524 3040 3670 3114 qui,
3704 3044 3828 3114 post

2138 3131 2530 3206 repulsionem
2562 3145 2753 3198 suam,
2788 3143 2896 3186 nec
2924 3143 2987 3186 se
3017 3129 3319 3201 accepisse
3338 3127 3435 3184 vel
3461 3128 3705 3186 habere
3733 3130 3825 3186 do-

2137 3237 2281 3279 num
2303 3218 2556 3286 Domini,
2590 3221 2861 3274 sanetum
2889 3215 3160 3272 videlicet
3181 3215 3503 3288 Spiritum,
3541 3217 3826 3286 credidit,

2140 3327 2246 3367 nec
2289 3308 2564 3380 cuiquam
2610 3321 2822 3362 manus
2870 3310 3110 3378 propter
3151 3304 3264 3361 hoc
3311 3304 3651 3378 imposuit,
3687 3321 3826 3362 cum

2137 3399 2235 3455 ille
2262 3397 2413 3453 hanc
2435 3398 2664 3451 tantum
2686 3397 3033 3466 potestatem
3055 3391 3433 3466 quaesivisset
3465 3394 3550 3450 ab
3585 3400 3829 3467 aposto-

2139 3487 2232 3556 lis,
2256 3489 2322 3541 ut
2349 3483 2676 3554 cuicunque
2705 3499 2916 3539 manus
2946 3481 3298 3555 imponeret,
3346 3483 3665 3555 acciperet
3697 3483 3831 3556 Spi-

2139 3575 2316 3630 ritum
2349 3576 2638 3628 sanctum.
2673 3569 2864 3626 Malus
2891 3569 3015 3638 ille,
3037 3570 3180 3642 quia
3209 3571 3285 3626 ad
3315 3569 3430 3626 hoc
3463 3571 3710 3628 obtulit
3742 3588 3838 3644 pe-

2139 3662 2402 3729 cuniam;
2435 3660 2662 3732 pejores
2692 3658 2811 3729 isti,
2844 3659 2985 3730 quia
3015 3674 3134 3715 non
3167 3658 3364 3716 solum
3387 3657 3695 3730 offerunt,
3733 3661 3838 3716 sed

2139 3753 2315 3808 etiam
2345 3746 2716 3822 pertinaciter
2736 3746 3062 3803 conferunt.
3084 3745 3276 3804 Malus
3304 3745 3418 3815 ille,
3453 3747 3638 3818 quia,
3682 3765 3839 3806 non-

2139 3841 2280 3895 dum
2311 3855 2346 3894 a
2373 3835 2746 3892 conversione
2767 3851 2876 3891 sua
2890 3834 3139 3891 dimidio
3171 3851 3324 3892 anno
3351 3832 3600 3906 expleto
3624 3835 3699 3891 in
3723 3837 3840 3894 hoc

2139 3925 2510 3997 sacrilegium
2535 3921 2714 3978 semel
2735 3922 2954 3989 evasit;
2979 3925 3204 3994 quanto
3225 3921 3455 3994 pejores
3481 3919 3623 3990 isti,
3663 3924 3844 3996 quia,

2140 4015 2212 4071 ab
2253 4016 2415 4069 utero
2451 4009 2702 4066 carnalis
2752 4008 2978 4077 matris,
3014 4009 3130 4065 fide
3171 4009 3391 4065 Christi
3433 4015 3774 4084 suscepta,
3809 4029 3844 4066 a

2139 4101 2391 4175 pueritia
2447 4106 2636 4170 neque
2689 4097 2759 4154 ad
2816 4097 3049 4154 senium
3097 4096 3247 4153 nihil
3322 4095 3492 4154 aliud
3554 4099 3844 4173 cogitare

2140 4195 2243 4247 aut
2271 4205 2442 4262 agere
2471 4187 2799 4259 appetunt?
2825 4185 3155 4242 Sceleratus
3185 4184 3306 4254 ille,
3338 4185 3488 4258 quia
3525 4201 3654 4244 nec
3707 4205 3844 4244 cor-

2140 4283 2342 4350 reptus
2388 4279 2491 4332 aut
2519 4275 2854 4331 admonitus
2902 4275 3240 4346 paenitendo
3290 4273 3590 4346 resipuit;
3637 4275 3846 4332 multo

2141 4365 2535 4424 sceleratiores
2566 4363 2684 4432 isti,
2708 4363 2846 4435 quia
2875 4361 3303 4436 incorrigibiles
3323 4365 3384 4418 et
3416 4361 3846 4436 impmniten-

2140 4457 2230 4510 tes
2259 4452 2464 4520 effecti,
2499 4450 2780 4522 nullaque
2817 4450 3216 4523 increpatione
3260 4449 3353 4506 vel
3398 4450 3846 4510 admonitione

2145 4540 2500 4615 compuncti,
2560 4539 2815 4596 alienum
2874 4539 3137 4596 officium
3188 4538 3280 4594 vel
3335 4537 3546 4595 locum
3578 4581 3598 4608 ,
3649 4558 3846 4614 quem

398 4630 641 4701 pserunt
671 4625 963 4698 porrigere
993 4643 1112 4682 suae
1141 4624 1580 4681 intercessionis
1610 4641 1872 4694 manum,
1903 4626 2032 4697 jus-
2065 4646 2112 4712 D
2145 4631 2256 4686 sibi
2278 4631 2906 4702 presumpseruntnon
2935 4627 3302 4700 relinquunt,
3323 4641 3435 4682 nec
3445 4627 3593 4702 iugi
3627 4646 3701 4686 se
3725 4647 3846 4703 pae-

398 4715 516 4771 tius
547 4713 817 4770 arbitrari
840 4730 973 4770 eum
995 4732 1030 4769 a
1055 4731 1163 4770 sua
1180 4712 1591 4770 communione
1611 4713 1938 4770 abscissum
1959 4715 2036 4770 ir-

398 4802 780 4870 revocabilem
811 4802 908 4857 iraa
951 4803 1184 4859 Domini
1215 4802 1686 4874 relinquendum,
1717 4803 1856 4874 quia
1884 4803 2040 4860 inex-

398 4889 612 4962 piabile
638 4889 1174 4947 animadvertebant
1201 4893 1328 4964 ejus
1357 4889 1675 4963 piaculum.
1709 4891 1870 4955 Quod
1893 4893 1942 4948 si
1974 4896 2040 4948 ut

397 4976 846 5048 Chrysostomus
863 4977 964 5044 ait,
998 4997 1021 5026 ι
1052 4979 1224 5034 ruina
1244 4978 1694 5051 praecedentium
1718 4979 2037 5036 admonitio

399 5062 571 5119 debet
598 5079 725 5118 esse
752 5065 1143 5134 sequentium,
1178 5088 1207 5116 »
1239 5067 1607 5123 considerare
1637 5066 1919 5122 debemus
1945 5084 2036 5124 se-

399 5151 656 5208 cundum
678 5151 834 5222 quod
859 5152 1015 5208 idem
1037 5155 1236 5210 doctor
1260 5153 1588 5226 subjungit,
1622 5153 1759 5224 quia
1789 5176 1816 5204 «
1851 5155 1899 5208 si
1924 5156 2034 5211 fre-

397 5242 645 5314 quenter
672 5238 1050 5297 ceciderimus
1080 5240 1140 5296 in
1183 5242 1394 5310 ipsam,
1425 5239 1616 5310 magis
1661 5237 1892 5294 veniam
1920 5257 2036 5297 me-

397 5332 601 5385 rentur
628 5325 713 5382 illi
747 5327 852 5398 qui
879 5327 1051 5398 primi
1076 5328 1410 5384 ceciderunt
1449 5341 1628 5396 quam
1678 5341 1784 5381 nos
1819 5327 1921 5396 qui
1951 5345 2035 5385 se-

397 5416 596 5473 cundi.
633 5436 661 5464 ››
689 5414 872 5482 Unde,
904 5432 1064 5487 rogo,
1097 5417 1333 5470 tandem
1356 5413 1834 5485 expergiscantur
1853 5415 2034 5473 Simo-

399 5503 574 5566 niaci,
605 5505 662 5556 et
687 5517 890 5558 eorum
918 5501 1110 5556 intimi
1139 5499 1480 5556 cubicularii
1502 5504 1676 5571 atque
1704 5501 1803 5556 fidi
1835 5503 2032 5572 pedis-

401 5587 590 5656 sequi,
621 5591 705 5653 ut,
733 5589 997 5645 videntes
1027 5593 1304 5659 quantam
1336 5588 1568 5644 ruinam
1597 5588 1928 5657 incurrerit,
1957 5593 2029 5648 ad

403 5675 924 5746 quantumcunque
957 5673 1340 5746 praecipitium
1381 5674 1686 5730 devolutus
1725 5674 1802 5730 sit
1833 5682 2032 5734 auctor

2148 4717 2400 4773 nitentia:
2455 4717 2813 4785 subducunt,
2869 4715 2919 4772 si
2977 4715 3124 4771 forte
3181 4715 3530 4771 remittatur
3583 4715 3684 4774 eis
3734 4718 3846 4774 ali-

2146 4806 2382 4878 quando
2433 4805 2586 4876 quod
2639 4819 2838 4859 secum
2893 4802 3111 4859 multos
3169 4803 3598 4876 perdiderunt,
3651 4810 3846 4879 atqu:

2145 4891 2541 4948 damnationis
2563 4907 2684 4948 suae
2704 4890 2976 4963 contagio
2992 4890 3316 4948 Ecclesiam
3336 4890 3570 4948 Christi
3605 4893 3676 4949 in
3687 4894 3846 4952 fece-

2143 4985 2300 5037 runt.
2329 4981 2592 5052 Nequam
2611 4979 2729 5049 ille,
2753 4979 2912 5051 quia.
2930 4978 3026 5034 vix
3045 4979 3188 5035 dum
3205 4994 3362 5035 anno
3389 4979 3594 5036 altene
3627 4998 3667 5038 a
3697 4999 3846 5054 pas-

2143 5069 2308 5124 sione
2339 5067 2569 5124 Domini
2599 5067 2869 5139 incoepto,
2896 5066 3240 5137 hujusmodi
3262 5081 3608 5140 aggressus
3623 5075 3728 5127 est
3755 5071 3846 5128 τις

2142 5158 2334 5224 cinus,
2367 5155 2588 5212 nullius
2636 5159 2874 5228 propter
2903 5153 3011 5211 hoc
3062 5155 3357 5228 reprobati
3400 5158 3704 5230 exemplo
3747 5161 3846 5216 de-

2141 5245 2377 5302 territus
2402 5261 2416 5310 ;
2450 5243 2634 5299 multo
2655 5247 2852 5298 tamen
2874 5243 3187 5315 nequiores
3201 5241 3482 5314 isti,quia
3504 5251 3660 5316 post
3673 5248 3846 5306 milli

2141 5336 2199 5388 et
2227 5330 2482 5402 amplius
2497 5347 2532 5386 a
2553 5328 3058 5397 condemnatione,
3083 5333 3142 5385 et
3165 5329 3608 5401 reprobatione
3640 5334 3846 5407 ipsiu:

2141 5419 2294 5492 Magi
2318 5436 2522 5486 annos,
2537 5417 2816 5490 exemplis
2839 5417 3363 5474 innumerabilium
3381 5418 3776 5480 damnatoru
3789 5442 3846 5480 Π

2139 5508 2307 5578 quasi
2334 5506 2674 5562 audaciores
2703 5506 2911 5576 etfecti,
2943 5521 3060 5561 non
3091 5505 3378 5561 desinunt
3419 5510 3690 5566 tantum
3733 5515 3846 5568 erit

2138 5611 2272 5650 men
2304 5593 2567 5666 aggredi,
2597 5597 2654 5648 et
2683 5593 2816 5665 plus
2836 5594 2964 5666 ipso
2991 5591 3276 5665 magistro
3307 5607 3422 5650 suo
3453 5594 3524 5651 in
3542 5611 3626 5654 ea
3657 5600 3846 5673 culpa

2137 5681 2556 5753 perseverando
2569 5681 2900 5754 transgredi
2917 5685 3239 5753 contraque
3251 5683 3665 5746 manifestam
3675 5689 3846 5747 Veri
