3968 6336
169 448 329 517 101⁸7

778 449 1193 517 ADVERSUS
1241 447 1717 515 SIMONIAGOS
1761 443 1974 512 LIBRI
2017 444 2247 515 TRES.
2277 483 2356 496 —
2386 450 2620 517 LIBER
2661 450 2984 518 PRIMUS.

3430 449 3588 518 1018

167 585 336 654 tatis,
361 599 492 659 quas
523 579 792 643 Christus
835 589 944 653 est,
977 586 1326 642 sententiam
1358 586 1682 655 credentes,
1714 584 1820 640 do-
1853 579 1911 648 Α
1939 582 2205 652 secretio,
2240 584 2393 642 sicut
2423 603 2603 660 supra
2623 587 2770 644 satis
2790 585 3141 655 ostenditur,
3176 585 3276 644 sed
3307 583 3445 660 quia
3465 586 3590 644 sine

169 681 378 734 centes
407 680 465 731 et
486 675 791 745 facientes,
817 674 1102 746 Spiritum
1125 679 1389 730 sanctum
1424 691 1538 730 non
1562 673 1743 746 gratis
1766 688 1827 728 se

172 767 494 837 accepisse,
528 769 630 820 aut
659 765 800 819 dare
846 765 1169 832 confidunt,
1202 763 1331 835 ipsa
1358 763 1611 819 Veritate
1637 767 1826 834 prote-

169 859 391 922 stante,
427 877 455 903 «
481 853 673 908 Gratis
704 853 1034 924 accepistis,
1056 853 1239 924 gratis
1255 852 1384 906 date
1402 854 1416 921 (
1425 853 1607 907 Matth.
1628 869 1682 918 x,
1700 853 1776 919 8).
1800 872 1827 898 »

170 943 323 1000 Hinc
353 959 489 1014 ergo
521 945 684 1014 patet
707 940 845 1013 quia
877 957 1251 1012 nequaquam
1269 941 1549 1011 Spiritum
1571 938 1830 994 veritatis

172 1031 478 1103 accipiunt
493 1030 596 1102 qui
613 1046 725 1085 non
747 1029 930 1101 gratis
951 1028 1208 1099 accipere
1222 1032 1509 1100 quaerunt.
1531 1027 1676 1092 Quid
1696 1043 1830 1098 ergo

170 1120 418 1176 tandem
442 1118 775 1190 accipiunt?
795 1117 1070 1190 spiritum
1088 1117 1289 1189 utique
1320 1116 1630 1181 mendacii,
1656 1131 1830 1186 quem

170 1210 303 1265 sine
321 1208 501 1264 dubio
515 1209 658 1263 dant
676 1207 794 1263 sive
811 1224 924 1262 non
950 1207 1132 1278 gratis
1147 1207 1267 1261 sive
1289 1205 1469 1278 gratis
1487 1205 1698 1276 cuique
1716 1221 1834 1259 ma-

173 1297 638 1370 nusimponunt;
661 1313 848 1368 neque
869 1296 1022 1352 enim
1047 1295 1204 1350 aliud
1225 1311 1400 1367 quam
1426 1295 1580 1366 quod
1602 1310 1832 1364 accepe-

173 1389 317 1441 runt
337 1386 476 1440 dare
498 1383 911 1456 possunt,quia
927 1399 1116 1454 neque
1129 1383 1199 1437 de
1221 1381 1456 1438 tribulis
1474 1383 1833 1453 ﬁcus,neque

173 1467 248 1530 de
270 1474 422 1529 rubo
443 1473 840 1528 vindemiatur
859 1472 1174 1542 aliquando
1189 1488 1320 1527 uva.
1346 1472 1604 1542 Denique
1623 1471 1831 1543 gratia,

173 1563 293 1619 nisi
322 1562 509 1633 gratis
541 1562 883 1634 accipiatur,
916 1561 1106 1633 gratia
1136 1577 1251 1616 non
1273 1564 1380 1629 est,
1417 1576 1523 1614 nec
1545 1559 1660 1615 dici
1683 1564 1834 1615 recte

174 1655 392 1725 potest.
422 1649 741 1706 Simoniaci
771 1653 966 1705 autem
989 1666 1103 1704 non
1135 1649 1317 1720 gratis
1351 1649 1648 1720 accipiunt
1677 1648 1832 1719 quod

174 1739 498 1811 accipiunt.
534 1739 718 1810 Igitur
747 1738 994 1810 gratiam
1027 1753 1152 1808 qua:
1185 1737 1438 1791 maxime
1468 1737 1527 1790 in
1564 1736 1832 1792 ecclesia-

176 1828 346 1885 sticis
369 1827 680 1883 ordinibus
693 1830 967 1898 operatur
983 1842 1099 1882 non
1114 1826 1485 1897 accipiunt,si
1499 1830 1694 1881 autem
1719 1841 1835 1880 non

177 1916 499 1988 accipiunt,
534 1932 640 1972 nec
671 1916 925 1982 habent;
959 1915 1010 1970 si
1053 1932 1168 1970 non
1200 1915 1437 1980 habent,
1471 1932 1572 1970 nec
1607 1914 1790 1986 gratis
1819 1931 1833 1982 ;
1869 1951 1918 2016 Β

177 2023 373 2079 neque
405 2021 522 2061 non
552 2005 739 2075 gratis
769 2004 1046 2075 cuiquam
1091 2005 1229 2059 dare
1257 2007 1506 2075 possunt
1536 2004 1691 2074 quod
1723 2020 1838 2058 non

179 2096 421 2152 habent.
439 2093 588 2160 Quid
605 2109 741 2165 ergo
759 2092 943 2147 dant?
963 2093 1221 2164 profecto
1248 2093 1402 2163 quod
1429 2093 1660 2147 habent.
1692 2092 1840 2157 Quid

178 2189 384 2241 autem
400 2183 648 2239 habent!
674 2182 942 2253 spiritum
975 2181 1176 2252 utique
1199 2181 1508 2236 mendacii.
1543 2182 1841 2245 Quomodo

180 2273 289 2329 hoc
324 2270 692 2345 probamus?
734 2269 880 2336 Quia
919 2270 967 2326 si
997 2270 1248 2342 Spiritus
1279 2269 1561 2335 veritatis,
1592 2273 1844 2324 testante

181 2363 312 2434 ipsa
343 2360 602 2416 Veritate
633 2360 705 2414 de
737 2375 854 2431 qua
883 2359 1163 2430 procedit,
1195 2359 1376 2430 gratis
1405 2358 1709 2429 accipitur,
1744 2357 1842 2428 qui

183 2467 300 2508 non
334 2450 520 2523 gratis
551 2448 837 2520 accipitur
861 2447 1062 2520 procul
1086 2448 1265 2503 dubio
1287 2447 1531 2520 spiritus
1557 2446 1844 2502 mendacii

190 2556 322 2597 esse
355 2537 737 2595 convincitur.
984 2578 987 2580 .

853 2621 1082 2680 CAPUT
1121 2625 1187 2678 V.

261 2717 382 2774 Sed
396 2717 532 2772 binc
538 2716 562 2788 j
570 2731 665 2771 am
679 2716 751 2770 ad
766 2715 928 2770 discu
939 2714 1194 2770 ssionem
1215 2713 1494 2785 propositi
1508 2712 1745 2784 capituli
1765 2728 1849 2768 re-

187 2810 515 2874 vertamur,
548 2809 606 2860 et
626 2805 864 2860 beatum
888 2802 1293 2871 Leonem,illic
1317 2801 1846 2873 pseudoepiscopos

194 2897 781 2961 commemorantem,
857 2909 972 2948 non
1038 2896 1240 2947 contra
1311 2891 1674 2947 Simoniacos
1744 2907 1845 2946 seu

191 2998 583 3057 quoscunque
627 2981 772 3037 alios
821 2979 1142 3046 hareticos,
1186 2980 1288 3036 sed
1321 2984 1522 3036 contra
1561 2981 1849 3051 quosdam

190 3071 520 3130 catholicos
548 3087 684 3126 eum
724 3069 885 3126 illius
916 3070 1074 3125 modi
1125 3069 1356 3141 regulas
1403 3069 1720 3141 praetixisse
1751 3071 1848 3124 de-

189 3164 618 3219 monstremus.
651 3159 719 3214 Et
747 3160 820 3215 de
869 3158 1219 3214 Simoniacis
1268 3159 1529 3229 quidem,
1577 3175 1678 3214 seu
1715 3158 1850 3213 aliis

195 3252 657 3324 quibuscunque
690 3247 978 3304 haereticis
998 3265 1113 3303 non
1135 3247 1369 3302 eumibi
1399 3247 1660 3304 locutum
1691 3249 1851 3303 sufﬁ-

1937 672 2089 729 clero
2107 677 2163 729 et
2184 673 2371 746 plebe,
2386 679 2442 731 et
2457 675 2891 749 metrOpolitani
2913 675 3286 746 auctoritate,
3301 679 3358 733 et
3377 675 3590 732 idcirco

1939 779 2053 820 non
2067 779 2194 818 esse
2211 763 2599 820 dubitandum
2616 766 2961 834 hujusmodi
2977 766 3280 837 episcopos
3294 765 3589 837 indignos,

1939 852 2155 922 quibus
2176 852 2472 908 tribuatur
2498 855 2653 926 quod
2678 855 2921 910 docetur
2941 871 3058 909 non
3090 855 3272 910 fuisse
3296 855 3436 910 dum
3461 871 3595 910 con-

1940 945 2310 996 secrarentur
2389 942 2687 1010 collatum,
2751 947 2906 998 certa
2962 942 3187 999 scilicet
3244 944 3596 1016 propriaque

1941 1029 2236 1100 parochia,
2265 1035 2322 1085 et
2363 1035 2551 1086 certos
2578 1032 2960 1103 propriosque
2993 1032 3235 1087 clericos
3281 1032 3595 1088 ordinandi

1942 1119 2279 1182 auctoritas,
2315 1124 2413 1174 aut
2443 1121 2941 1191 quemadmodum
2978 1121 3049 1175 de
3074 1121 3432 1193 presbyteris
3466 1121 3595 1178 sine

1944 1205 2180 1261 nomine
2228 1207 2530 1262 titulorum
2573 1207 2856 1263 ordinatis
2913 1207 2973 1262 in
3019 1208 3288 1264 Africano
3348 1208 3595 1264 concilio

1943 1293 2176 1366 legitur,
2211 1313 2504 1368 nusquam
2538 1297 2873 1352 ministrent
2889 1305 2987 1352 aut
3017 1298 3310 1368 ordinent,
3332 1299 3400 1353 ad
3437 1298 3592 1368 inju-

1945 1383 2094 1438 riam
2125 1400 2326 1438 eorum
2361 1384 2458 1455 qui
2481 1383 2627 1440 tales
2657 1401 2774 1440 non
2798 1386 3077 1441 canonice
3098 1387 3458 1442 ordinavere.
3484 1386 3594 1442 Ubi

1944 1475 2139 1527 tamen
2171 1476 2228 1528 et
2257 1473 2313 1526 in
2349 1472 2585 1544 quibus,
2637 1476 2692 1528 et
2724 1490 2825 1545 per
2857 1491 3030 1544 quos,
3078 1479 3135 1528 et
3165 1474 3414 1545 qualiter
3441 1475 3596 1530 ordi-

1945 1560 2318 1617 natiotalium
2345 1562 2529 1633 possit
2550 1562 2791 1628 stare,in
2815 1563 2942 1633 ipso
2961 1560 3215 1633 capitulo
3234 1563 3363 1633 subj
3373 1579 3598 1634 ungens

1945 1650 2167 1705 curavit
2196 1651 2617 1706 demonstrare.
2662 1652 2722 1706 Si
2765 1651 2864 1722 qui
2913 1655 3112 1705 autem
3146 1650 3337 1706 clerici
3367 1652 3439 1706 ab
3470 1652 3602 1708 istis

1945 1738 2463 1811 pseudoepiscopis
2506 1739 2565 1794 in
2589 1739 2862 1794 Ecclesiis
2894 1739 3146 1794 ordinati
3179 1743 3336 1805 sunt,
3373 1756 3501 1811 quae
3527 1741 3600 1795 ad

1944 1828 2214 1900 proprios
2244 1828 2547 1900 episc0pos
2580 1828 2971 1899 pertinebant,
2993 1831 3048 1882 et
3079 1827 3368 1883 ordinatio
3395 1843 3598 1884 eorum

1947 1921 2228 1973 consueto
2243 1917 2466 1987 judicio
2489 1917 2928 1988 praesidentium
2952 1917 3105 1972 facta
3121 1921 3233 1983 est,
3259 1920 3451 1988 potest
3479 1919 3604 1972 rata

1951 2005 2176 2072 haberi,
2227 2005 2306 2059 ita
2356 2009 2420 2060 ut
2461 2005 2607 2076 ipsis
2656 2005 2932 2060 Ecclesiis
2980 2007 3368 2077 perseverent.
3419 2005 3606 2061 Aliter

1953 2099 2150 2150 autem
2181 2111 2332 2149 vana
2365 2093 2634 2148 habenda
2681 2099 2771 2149 est
2815 2095 3126 2161 ordinatio,
3176 2111 3302 2166 quae
3342 2111 3448 2150 nec
3479 2092 3604 2152 loco

1954 2184 2198 2239 fundata
2226 2187 2442 2238 estnec
2474 2183 2818 2238 auctoritate
2843 2184 3263 2239 munita.Patet
3284 2198 3419 2255 ergo
3442 2184 3603 2255 quia,

1953 2273 2001 2327 si
2021 2272 2261 2328 clericos
2283 2272 2768 2344 quorumcu'nque
2786 2273 3196 2344 episcoporum
3221 2273 3486 2344 proprias
3509 2274 3607 2328 Ec-

1954 2360 2164 2416 clesias
2196 2361 2784 2432 habentium,judicio
2807 2379 3011 2417 eorum
3042 2366 3100 2417 et
3129 2377 3418 2417 consensu
3450 2362 3604 2417 ordi-

1954 2450 2240 2516 naverint,
2269 2454 2392 2504 rata
2411 2450 2701 2506 ordinatio
2721 2451 2922 2507 haberi
2946 2452 3152 2524 possit,
3175 2451 3257 2506 ita
3278 2458 3340 2506 ut
3368 2467 3594 2522 perma-

1955 2544 2132 2596 neant
2161 2538 2354 2594 clerici
2379 2540 2448 2595 ab
2463 2539 2547 2596 eis
2567 2540 2821 2596 ordinati
2843 2541 2902 2595 in
2924 2557 3166 2597 suorum
3196 2541 3605 2612 episcoporum

1955 2627 2249 2696 Ecclesiis,
2283 2627 2424 2698 quia
2453 2627 2583 2683 istis
2616 2645 2731 2683 non
2769 2633 2907 2684 sunt
2936 2645 3084 2700 quas
3114 2629 3251 2684 dent
3299 2645 3334 2683 a
3362 2644 3424 2683 se
3445 2628 3606 2683 ordi—

1955 2715 2100 2772 nati.
2137 2717 2220 2771 Ita
2247 2716 2404 2771 enim
2438 2717 2796 2774 consecratio
2823 2733 3025 2773 eorum
3056 2718 3337 2772 hactenus
3367 2716 3609 2772 instabi-

1957 2803 2028 2859 lis
2047 2805 2316 2860 munitur
2327 2806 2670 2861 auctoritate
2688 2811 3027 2861 caeterorum
3042 2805 3606 2877 episcoporum,fun—

1957 2893 2132 2948 datur
2158 2892 2306 2962 loco,
2337 2893 2396 2948 in
2429 2893 2706 2950 Ecclesiis
2739 2891 2959 2950 scilicet
2987 2911 3210 2950 eorum.

2592 2985 2827 3040 CAPUT
2866 2985 2960 3039 VI.

2032 3072 2177 3127 Hinc
2194 3089 2266 3128 ne
2291 3072 2422 3144 quis
2450 3089 2718 3145 perverse
2740 3074 3051 3130 contendat
3067 3072 3408 3144 hujusmodi
3428 3089 3605 3145 pseu-

1960 3160 2342 3234 doepiscopos
2366 3179 2481 3216 non
2503 3178 2675 3234 posse
2705 3163 3022 3235 aliquando
3055 3167 3211 3218 ratas
3237 3163 3423 3217 facere
3453 3161 3606 3217 ordi—

1961 3250 2248 3316 nationes,
2283 3251 2576 3322 quomodo
2609 3268 2715 3306 nec
2754 3251 3117 3307 Simoniacos
3167 3268 3269 3306 seu
3317 3249 3611 3322 quoslibet

195 3321 416 3396 cienter
445 3341 536 3394 est
592 3337 864 3409 superius
911 3337 1401 3404 demonstratum,
1452 3351 1608 3391 nunc
1652 3341 1850 3392 autem
1881 3321 1924 3388 C
1963 3337 2110 3393 alios
2140 3321 2441 3394 haereticos
2467 3356 2479 3407 ;
2514 3343 2617 3394 aut
2637 3344 2789 3394 certe
2809 3339 3170 3395 Simoniacos
3192 3354 3294 3393 seu
3319 3321 3608 3409 quoslibet

193 3428 349 3500 quod
369 3428 446 3482 de
467 3425 1005 3499 pseudoepiscopis,
1025 3429 1218 3480 tamen
1241 3423 1563 3492 catholicis,
1577 3425 1852 3496 loquatur

195 3521 286 3573 est
333 3515 889 3572 demonstrandum.
945 3514 1290 3586 Quicunque
1328 3519 1702 3569 consecratur
1729 3514 1847 3586 epi-

194 3621 414 3678 scopus
464 3604 792 3661 secundum
844 3603 1164 3659 decretales
1212 3606 1551 3659 sanctorum
1594 3603 1849 3676 regulas,

193 3695 359 3766 prius
391 3697 484 3749 est
512 3710 548 3748 a
587 3692 738 3747 clero
786 3691 1117 3765 eligendus,
1165 3692 1376 3748 deinde
1423 3709 1457 3746 a
1487 3692 1652 3764 plebe
1681 3709 1848 3764 expe-

190 3784 432 3848 tendus,
485 3781 844 3853 tandemque
875 3799 909 3836 a
945 3780 1531 3852 comprovincialibus
1561 3780 1851 3853 episcOpis

195 3887 329 3928 cum
381 3867 822 3941 metropolitani
864 3869 1090 3940 judicio
1140 3871 1594 3925 consecrandus.
1652 3870 1851 3942 Neque

191 3959 351 4016 enim
375 3959 551 4014 aliter
581 3964 777 4014 certus
807 3962 864 4013 et
893 3959 1197 4026 fundatus,
1229 3958 1319 4013 vel
1340 3974 1513 4014 verus
1541 3959 1851 4032 episcopus

195 4049 308 4105 dici
338 4047 431 4104 vel
463 4047 666 4102 haberi
697 4046 927 4118 poterit,
961 4045 1076 4101 nisi
1121 4055 1342 4102 certum
1375 4047 1596 4102 clerum
1646 4053 1703 4103 et
1743 4065 1852 4120 po-

197 4136 404 4209 pulum
433 4135 652 4207 quibus
681 4134 878 4207 praesit
917 4134 1208 4202 habuerit,
1242 4139 1300 4191 et
1329 4152 1362 4190 a
1391 4137 1849 4208 comprovincia-

196 4224 352 4282 libus
384 4225 512 4281 suis
545 4223 891 4280 auctoritate
929 4223 1386 4296 metropolitani,
1419 4225 1490 4280 ad
1524 4242 1697 4297 quem
1727 4226 1851 4282 vice

197 4313 532 4388 apostolicae
551 4311 708 4369 sedis
730 4329 870 4370 cura
898 4312 1087 4385 ipsius
1109 4313 1417 4385 provinciae
1439 4314 1690 4385 pertinet
1715 4331 1848 4372 con-

199 4402 524 4459 secrandus
572 4401 788 4469 fuerit;
843 4417 950 4457 nec
992 4404 1206 4469 certus,
1257 4418 1363 4457 nec
1412 4403 1712 4472 fundatus,
1745 4420 1852 4460 nec

197 4504 394 4560 verus,
423 4492 525 4547 sed
549 4490 1088 4563 pseudoepiscopus
1125 4489 1408 4546 dicendus
1434 4497 1522 4546 est
1547 4496 1603 4547 et
1631 4493 1850 4548 haben-

200 4579 331 4650 dus,
361 4591 471 4636 nec
492 4581 644 4635 inter
665 4580 942 4635 canonice
965 4579 1259 4652 plantatos
1285 4580 1373 4634 vel
1408 4580 1590 4636 factos
1628 4581 1849 4652 episco-

1959 3425 2107 3482 alios
2167 3426 2466 3482 haereticos
2523 3431 2682 3484 ratas
2722 3427 3119 3483 ordinationes
3167 3426 3353 3481 facere
3412 3442 3606 3497 posse,

1959 3516 2252 3587 quomodo
2283 3520 2339 3571 et
2370 3515 2514 3570 istos
2540 3533 2554 3584 ;
2587 3520 2764 3587 atque
2797 3533 2913 3571 uno
2949 3515 3122 3571 modo
3145 3513 3444 3570 habendos
3464 3515 3610 3571 istos

1957 3610 2012 3662 et
2042 3604 2192 3672 illos,
2229 3607 2324 3675 ut;
2334 3610 2496 3677 puta,
2525 3605 2803 3677 quoniam
2831 3604 3312 3676 pseudoepiscopi
3335 3603 3613 3661 dicuntur

1959 3695 2056 3750 isti
2105 3694 2278 3749 sicuti
2335 3698 2393 3749 et
2450 3693 2555 3760 illi,
2617 3693 2837 3750 scilicet
2895 3693 3025 3749 falsi
3084 3693 3363 3766 episcopi,
3424 3693 3610 3748 anim-

1960 3784 2239 3849 advertat,
2309 3781 2579 3854 quisquis
2641 3782 2738 3838 ille
2812 3786 2920 3852 est,
2983 3781 3197 3838 falsum
3276 3797 3390 3836 non
3457 3797 3610 3837 sem-

1959 3889 2063 3945 per
2109 3871 2477 3927 unil‘ormiter
2528 3870 2664 3939 dici,
2700 3872 2800 3928 sed
2832 3871 3152 3942 aliquando
3181 3886 3247 3925 ex
3279 3874 3461 3941 parte,
3497 3868 3605 3924 ali-

1960 3963 2192 4033 quando
2223 3978 2292 4016 ex
2311 3965 2453 4027 toto,
2480 3961 2635 4033 quod
2653 3960 2762 4017 hoc
2783 3960 3123 4032 quotidiano
3146 3958 3421 4014 facillime
3451 3975 3611 4014 com-

1959 4051 2241 4122 probatur
2261 4049 2547 4122 exemplo.
2573 4049 2794 4104 Dicitur
2810 4049 3081 4121 equidem
3101 4063 3382 4104 nummus
3404 4046 3612 4118 falsus,

1961 4139 2060 4211 qui
2097 4146 2289 4194 tamen
2311 4137 2483 4193 aliter
2503 4155 2564 4194 se
2586 4138 2763 4194 habet
2777 4138 2940 4193 visus
2972 4155 3004 4192 a
3022 4136 3422 4210 vigilantibus,
3447 4135 3616 4192 aliter

1961 4245 1995 4283 a
2024 4226 2477 4282 dormientibus.
2510 4227 2658 4282 Nam
2689 4226 2794 4296 illi,
2817 4232 2918 4284 aut
2947 4226 3008 4282 in
3039 4231 3394 4299 caragmate,
3419 4229 3522 4281 aut
3552 4226 3612 4281 in

1960 4316 2222 4384 materie,
2256 4320 2359 4371 aut
2385 4319 2536 4372 certe
2557 4320 2789 4372 tantum
2814 4317 3156 4389 inpendere
3187 4315 3354 4381 fallit,
3385 4315 3495 4371 iste
3517 4331 3614 4371 au-

1958 4410 2076 4461 tem
2107 4405 2167 4459 in
2201 4404 2450 4471 cunctis,
2501 4404 2641 4476 quia
2693 4421 2800 4460 nec
2829 4405 3070 4473 exstitit,
3122 4420 3229 4459 nec
3257 4402 3474 4468 existit,
3506 4419 3612 4458 nec

1960 4494 2186 4561 existet,
2217 4493 2320 4549 sed
2351 4510 2420 4549 ex
2447 4497 2568 4548 toto
2619 4509 2681 4549 se
2711 4493 2928 4548 falsum
2960 4498 3068 4561 est,
3120 4495 3177 4547 et
3216 4490 3382 4546 nihil.
3418 4491 3610 4546 Unum

1959 4583 2198 4654 quidem
2225 4582 2334 4638 etsi
2357 4582 2617 4637 humana
2635 4582 3016 4654 praesumptio
3038 4581 3295 4636 maxime
3318 4583 3420 4635 aut
3442 4578 3613 4635 mini-

198 4683 305 4740 pos
359 4669 834 4741 computandus;
885 4668 1044 4741 quia,
1087 4683 1221 4722 cum
1274 4667 1582 4741 episcopus
1623 4671 1852 4726 dicatur
1879 4689 1927 4756 Ι)
1960 4688 2055 4728 mo
2087 4673 2178 4728 sui
2209 4675 2408 4727 tenore
2441 4673 2690 4738 fraudat,
2723 4675 2920 4727 tamen
2943 4670 3031 4726 vel
3064 4686 3270 4743 parum
3300 4672 3401 4724 aut
3427 4668 3612 4740 pluri-

199 4758 679 4829 superz‘ntendens,
731 4760 834 4813 aut
883 4757 1346 4828 superinspiciens
1403 4757 1496 4812 cui
1553 4758 1706 4813 clero
1750 4763 1852 4814 aut

199 4845 290 4900 cui
322 4846 542 4918 populo
571 4846 668 4902 hic
697 4846 836 4901 talis
858 4844 1308 4917 superintendit,
1332 4846 1432 4917 qui
1451 4844 1670 4902 nullius
1689 4845 1851 4918 cleri,

198 4935 541 5007 nulliusque
571 4935 772 5008 populi
803 4934 1020 5007 quibus
1046 4933 1491 5006 superintendat
1509 4936 1850 4992 electionem

202 5021 435 5091 habuit,
467 5025 710 5097 insuper
735 5028 791 5080 et
818 5023 1253 5095 metropolitani
1286 5027 1463 5095 atque
1493 5025 1852 5097 comprovin-

199 5111 441 5169 cialium
463 5114 804 5170 auctoritate
825 5112 1053 5169 caruit?
1071 5113 1234 5178 Quod
1257 5117 1450 5168 autem
1473 5113 1531 5168 in
1553 5114 1851 5185 proposito

203 5202 591 5274 subsequitur
637 5201 926 5275 capitulo:
988 5225 1017 5251 «
1070 5201 1233 5257 Unde
1278 5217 1430 5272 saepe
1487 5203 1733 5274 quaestio
1781 5205 1852 5259 de

202 5290 354 5347 male
383 5296 616 5364 accepto
638 5291 861 5347 honore
883 5294 1182 5357 nascatur,
1205 5290 1340 5361 quis
1361 5290 1621 5361 ambigat
1639 5308 1854 5364 nequa-

206 5389 386 5452 quam
407 5379 543 5436 istis
563 5381 944 5436 tribuendum
962 5379 1120 5452 quod
1141 5380 1380 5434 docetur
1399 5396 1513 5435 non
1538 5380 1721 5436 fuisse
1744 5383 1856 5438 col-

191 5465 407 5537 latum,
447 5490 476 5519 »
504 5470 588 5525 ita
633 5474 725 5525 est
768 5469 1238 5541 intelligendum,
1284 5468 1566 5524 honorem
1611 5471 1851 5540 quidem

199 5556 614 5631 episcopalem,
662 5557 891 5614 scilicet
945 5557 1464 5626 consecrationem,
1525 5563 1849 5630 acceptum,

201 5647 298 5703 sed
324 5646 500 5716 male,
533 5664 650 5703 non
682 5646 823 5718 quia
849 5663 950 5717 per
981 5647 1290 5719 pecuniam
1310 5647 1396 5701 vel
1423 5663 1457 5701 a
1481 5645 1850 5719 Simoniacis,

199 5731 394 5790 taliter
417 5734 576 5797 enim
607 5733 771 5790 nulla
798 5735 1113 5805 praevenire
1143 5737 1339 5807 posset
1361 5738 1459 5789 aut
1490 5735 1689 5790 haberi
1721 5752 1855 5792 con-

1961 4779 2123 4817 mum
2155 4761 2344 4816 eidem
2394 4761 2513 4816 dat.
2563 4761 2823 4816 Alterum
2873 4759 3166 4816 diabolica
3195 4757 3390 4813 illusio
3431 4757 3613 4813 totius

1960 4850 2266 4923 probitatis
2298 4867 2546 4905 vacuum
2592 4851 2781 4923 fingit,
2825 4849 3023 4921 nilque
3055 4849 3138 4904 illi
3187 4852 3396 4920 praeter
3426 4846 3613 4903 solam

1959 4939 2358 5011 deceptionem
2391 4939 2679 4994 attribuit.
2711 4940 2741 4995 J
2749 4956 2850 4995 ure
2877 4955 3012 5011 ergo
3034 4955 3103 4994 ex
3124 4936 3426 4994 catholicis
3449 4953 3618 5010 pseu-

1961 5030 2347 5101 doepiscoPus
2370 5027 2516 5083 falso
2544 5028 2783 5100 quidem
2809 5045 3051 5084 nummo
3079 5031 3488 5100 comparatur;
3513 5028 3615 5083 sed

1961 5135 2138 5191 quem
2171 5118 2432 5173 humana
2459 5134 2574 5184 ars,
2608 5117 2717 5173 etsi
2749 5117 2807 5172 in
2840 5117 3140 5189 aliquibus
3181 5116 3612 5188 imperfectum,

1961 5207 2021 5262 in
2052 5206 2349 5278 aliquibus
2371 5211 2564 5261 tamen
2593 5208 2914 5278 perfectum
2938 5207 3170 5262 format.
3204 5206 3378 5260 Porro
3409 5221 3476 5258 ex
3497 5204 3613 5258 hae-

1963 5296 2160 5352 reticis
2191 5295 2727 5367 pseudoepiscopus
2762 5295 2908 5351 falso
2957 5295 3159 5350 itidem
3211 5307 3454 5347 nummo
3486 5291 3612 5359 iure

1963 5383 2325 5440 assimilatur
2354 5385 2454 5438 sed
2488 5401 2662 5456 quem
2697 5384 2984 5440 diabolica
3014 5401 3108 5439 ars
3139 5383 3195 5436 in
3227 5395 3288 5434 se
3317 5382 3436 5431 toto
3462 5375 3609 5430 nihil

1963 5472 2326 5534 existentem,
2362 5471 2421 5526 in
2453 5472 2580 5528 sola
2613 5478 2806 5529 tamen
2839 5471 3113 5527 illusione
3140 5466 3462 5540 perfectum
3494 5465 3608 5520 for-

1963 5564 2106 5616 mat.
2140 5562 2213 5615 At
2244 5564 2444 5616 noster
2463 5578 2767 5628 nummus,
2803 5559 3069 5632 quamvis
3119 5555 3325 5618 falsus,
3357 5551 3610 5622 alicujus

1964 5653 2163 5702 tamen
2191 5647 2359 5720 pretii
2414 5649 2544 5717 erit,
2579 5655 3046 5720 quantaecunque
3094 5640 3370 5697 falsitatis
3399 5641 3597 5699 fuerit.

1960 5738 2109 5794 Nam
2133 5737 2183 5793 si
2217 5737 2562 5811 reprobatur
2587 5754 2655 5792 ex
2676 5739 2949 5810 pondere,
2975 5729 3318 5804 probabitur
3337 5745 3407 5784 ex
3421 5733 3604 5785 mate-
