3876 6346
387 425 542 493 1019

1393 425 1874 494 sumssarus
1919 421 1984 486 s.
2034 420 2107 486 Β.
2151 417 2224 487 E.
2267 401 2765 492 CARDlNALlS.

3693 418 3814 484 lOSO

389 563 494 630 rie,
525 566 583 620 et
611 578 680 620 ex
709 565 1069 636 caragmate;
1101 566 1202 621 aut
1228 561 1275 620 si
1309 580 1422 620 non
1455 579 1523 619 ex
1561 561 1789 620 duobus
1820 559 2020 628 simul,
2049 555 2103 628 Α
2133 563 2198 616 ut
2211 559 2464 634 episcopi
2485 559 2949 632 uniuscujusque
2963 553 3242 617 diceceis
3263 555 3347 615 ad
3363 549 3701 614 Ecclesiae
3721 571 3810 612 non

388 669 457 710 ex
485 669 601 708 uno
619 657 810 709 tamen
834 654 1044 710 horum
1066 653 1242 709 trium
1273 653 1468 725 aliquo
1496 653 1667 708 modo
1686 651 2029 724 approbabi-

387 743 594 796 tur.lta
623 747 712 798 est
735 747 928 797 noster
950 742 1480 813 pseudoepiscopus
1506 745 2026 812 quantumcunque

390 828 587 885 minus
609 830 850 901 justitire
883 833 939 885 in
983 847 1043 886 se
1075 831 1302 895 habeat,
1337 833 1531 884 tamen
1565 829 1843 899 probatur
1871 829 2023 900 apud

389 918 572 974 Deum
603 925 659 972 et
702 919 966 973 homines
1005 936 1158 972 sanae
1203 918 1436 986 mentis,
1487 922 1588 972 aut
1631 934 1698 971 ex
1751 917 1882 970 ﬁdei
1935 916 2022 971 vel

387 1007 516 1062 vita:
570 1025 686 1062 suae
741 1007 1090 1074 sinceritate,
1141 1011 1242 1062 aut
1296 1025 1364 1061 ex
1403 1006 1527 1060 sola
1571 1005 2019 1072 consecratione,

389 1095 653 1164 quamvis
701 1097 1039 1168 reprobetur
1069 1113 1135 1150 ex
1191 1095 1472 1150 electione
1528 1095 1919 1148 stertentium.
1952 1097 2023 1148 At

388 1181 569 1238 falsus
584 1189 1349 1255 nummus,quantateunque
1367 1183 1736 1254 perfectionis
1751 1186 2024 1252 appareat

387 1270 466 1325 nil
499 1277 605 1334 est,
641 1272 857 1328 nullius
889 1279 974 1326 est
1009 1273 1172 1344 pretii
1201 1277 1300 1326 aut
1323 1270 1598 1326 momenti
1625 1271 1679 1324 in
1703 1269 2024 1340 quamlibet

385 1365 606 1430 partem
631 1361 719 1415 sui
752 1365 966 1428 exstat;
987 1377 1160 1430 quem
1183 1359 1269 1414 vel
1291 1361 1521 1414 credere
1546 1375 1850 1412 nummum
1874 1374 2018 1425 esse,

386 1449 584 1512 fuisse,
609 1449 695 1502 vel
733 1451 868 1516 fore,
903 1449 1294 1519 perniciosum
1322 1452 1412 1502 est
1442 1447 1831 1502 mendacium.
1867 1446 1947 1500 Ita
1969 1450 2024 1499 et

385 1535 787 1591 haereticorum
806 1537 1830 1608 pseudoepiscopus,quantzecunque
1848 1533 2022 1588 conti-

385 1625 614 1690 nentiae,
647 1623 732 1678 vel
768 1625 1108 1691 sanctitatis,
1136 1625 1182 1680 si
1216 1625 1328 1679 dici
1349 1625 1539 1691 debet,
1562 1623 1840 1686 videatur,
1867 1623 2018 1692 apud

383 1711 564 1766 Deum
597 1717 793 1767 tamen
825 1718 880 1766 et
895 1712 1160 1767 homines
1183 1711 1476 1782 pervigilis
1498 1711 1687 1766 cordis
1708 1709 1848 1764 nihil
1871 1727 2022 1766 com-

383 1803 639 1870 putatur,
674 1800 810 1870 quia
839 1800 1116 1872 quidquid
1152 1800 1276 1854 sine
1303 1801 1412 1854 fide
1445 1804 1551 1864 est,
1578 1803 1877 1870 peccatum
1911 1803 2015 1852 est.

2135 649 2285 705 irent
2311 654 2629 705 extraneas.
2655 649 2773 704 Hoc
2803 647 2960 704 enim
2992 646 3278 720 primitus
3333 647 3619 718 propter
3651 661 3812 718 perae.

2133 737 2386 794 outionis
2407 733 3723 822 tempusinditl'erenteragebatur,§iquidem
3737 751 3811 806 pro

2133 826 2325 882 taliter
2353 825 2632 882 ordinatis
2661 824 2837 880 talem
2863 825 3128 897 regulam
3156 824 3278 880 alia
3299 823 3610 897 synodus
3642 839 3814 895 propo-

2136 915 2286 970 suit:
2323 939 2351 965 ‹‹
2385 916 2442 971 Si
2474 914 2606 985 quis
2639 913 2948 985 episcopus
2977 913 3292 969 ordinatus
3327 913 3411 968 ad
3453 910 3807 982 parochiam,

2131 1003 2190 1058 in
2223 1021 2338 1074 qua
2369 1003 2670 1058 ordinatus
2701 1005 2809 1068 est,
2835 1002 3060 1056 uimine
3083 1001 3549 1073 proficiscitur,
3577 1017 3698 1056 non
3728 1017 3808 1055 sua

2133 1093 2325 1165 culpa,
2358 1093 2480 1155 sed,
2512 1093 2631 1148 sive
2660 1090 2874 1164 pepulo
2916 1094 3254 1162 respuente,
3288 1095 3406 1146 aut
3443 1093 3709 1162 propter
3733 1089 3808 1144 ali-

2131 1182 2453 1254 quamlibet
2481 1181 2654 1237 aliam
2686 1196 2947 1247 causam,
2981 1195 3098 1234 non
3149 1178 3540 1235 necessitate
3595 1178 3807 1244 factam,

2130 1271 2283 1326 hunc
2315 1271 2594 1326 honorem
2646 1267 3087 1338 ministerioque
3135 1267 3517 1338 participari
3574 1269 3806 1331 tantum,

2131 1375 2236 1414 nec
2265 1375 2398 1413 eum
2433 1357 2662 1412 misceri
2691 1357 2866 1412 rebus
2898 1355 3193 1422 Ecclesiae,
3233 1355 3298 1410 in
3335 1373 3476 1427 qua
3512 1355 3806 1410 collectam

2130 1447 2380 1502 celebrat
2427 1445 2709 1512 Ecclesiae,
2761 1445 2862 1499 sed
2911 1445 3206 1500 sustinere
3265 1445 3447 1516 quod
3507 1444 3807 1516 provinciae

2131 1537 2388 1608 synodus
2418 1552 2523 1590 suo
2537 1533 2760 1605 judicio
2791 1533 3218 1588 terminaverit.
3253 1555 3282 1582 ν
3313 1533 3487 1588 Hinc
3521 1549 3670 1605 ergo
3701 1549 3809 1604 per-

2130 1625 2419 1696 pendetur
2449 1629 2680 1678 nostros
2709 1621 3028 1677 catholicos
3058 1620 3202 1676 olim
3226 1625 3288 1677 et
3315 1625 3552 1693 postea
3571 1621 3703 1677 sine
3728 1621 3810 1676 tri-

2130 1714 2240 1768 bus
2265 1712 2380 1767 illis
2393 1711 2663 1784 capitulis
2685 1710 3186 1766 consecrationem
3208 1713 3414 1765 ratam
3443 1710 3807 1774 obtinuisse;

2127 1801 2426 1856 haereticos
2457 1817 2590 1856 vero
2619 1817 2846 1866 omnes,
2895 1802 2952 1855 et
3001 1799 3372 1855 nominatim
3403 1799 3808 1863 Simoniacos,

381 1887 558 1950 Quem
593 1889 744 1958 quod
793 1888 1076 1943 hactenus
1105 1889 1336 1942 credere
1377 1887 1712 1958 episcopum
1747 1903 1860 1941 non
1893 1892 2012 1941 tan-
2047 1919 2095 1985 B
2126 1889 2348 1945 nullam
2381 1890 2616 1945 omnino
2650 1906 2754 1944 nec
2793 1892 2954 1954 tunc,
2985 1905 3092 1944 nec
3129 1891 3368 1959 postea,
3419 1888 3681 1945 etiamsi
3701 1887 3808 1942 illis

377 1977 681 2032 tummodo
713 1983 1032 2048 peccatum,
1067 1977 1166 2032 sed
1191 1977 1446 2030 immane
1471 1993 1702 2047 quoque
1723 1979 1809 2030 est
1839 1975 2014 2030 sacri-

377 2063 617 2135 legium,
651 2065 788 2119 hinc
811 2066 882 2119 ad
914 2069 1123 2119 nostra:
1167 2065 1506 2120 assertionis
1537 2063 2011 2129 affirmationem,

374 2152 670 2208 libethuic
701 2153 982 2224 opusculo
1012 2153 1343 2224 aliquorum
1375 2152 1630 2208 inserere
1663 2168 2012 2206 commemo-

376 2241 685 2308 rationem,
719 2241 819 2313 qui
850 2257 953 2296 nec
985 2258 1018 2295 a
1045 2241 1196 2296 clero
1223 2241 1381 2295 fuere
1410 2240 1596 2304 electi,
1632 2256 1737 2294 uec
1769 2257 1802 2294 a
1832 2238 2012 2310 plebi-

377 2329 488 2384 bus
510 2329 762 2400 expetiti,
788 2345 890 2384 nec
915 2328 1578 2400 metropolitanijudicio
1603 2346 1636 2382 a
1656 2328 2014 2398 comprovin-

377 2415 622 2470 cialibus
653 2415 938 2488 episcopis
968 2417 1308 2481 consecrati,
1333 2423 1386 2470 et
1418 2422 1611 2471 tamen
1641 2433 1706 2470 cx
1729 2415 1849 2470 sola
1881 2433 2012 2470 con-

377 2503 698 2560 secratione
718 2507 890 2558 tantm
907 2505 1292 2568 auctoritatis,
1311 2503 1657 2567 sanctitatis,
1672 2508 1726 2558 et
1747 2504 2012 2558 utilitatis

375 2589 592 2646 inventi
625 2595 758 2647 sunt
792 2591 849 2645 in
879 2591 1134 2648 Ecclesia
1159 2592 1368 2647 Christi
1403 2597 1463 2646 ut
1493 2609 1660 2646 nemo
1693 2591 1802 2648 nisi
1837 2591 2012 2646 sacri-

372 2677 540 2750 legus
567 2684 881 2751 prazsumat
911 2696 1007 2734 eos
1030 2680 1554 2751 pscudoepiscopos
1578 2680 1634 2734 in
1663 2679 1855 2750 aliquo
1887 2695 2014 2750 pro-

373 2767 543 2822 ﬁteri.
580 2772 642 2822 Et
672 2768 858 2840 primo
889 2768 1123 2838 quidem
1153 2768 1523 2824 beatissimos
1559 2767 1852 2840 apostolos
1882 2767 2010 2821 uni-

371 2857 612 2912 versalis
657 2857 923 2912 Ecclesiae
974 2857 1310 2912 fundatores
1357 2862 1413 2912 et
1465 2857 1758 2928 principes
1813 2856 1871 2910 in
1905 2856 2012 2910 hoc

375 2960 921 3012 commemoremus,
978 2945 1090 3000 nisi
1135 2945 1537 3015 justissimum
1597 2945 2016 3000 arbitraremur

375 3031 530 3103 leges
560 3034 616 3086 et
645 3035 883 3087 naturas
927 3033 1256 3088 necessario
1293 3037 1504 3099 tacere,
1537 3033 1637 3088 ubi
1663 3032 2011 3088 benedictio-

377 3136 533 3188 nem,
566 3119 813 3190 gratiam
840 3123 897 3175 et
926 3120 1172 3192 gloriam
1205 3121 1364 3176 dedit
1394 3121 1690 3193 legislator
1715 3125 2016 3176 etnatura-

377 3225 509 3263 rum
541 3209 846 3264 Dominus.

2124 1979 2234 2034 tria
2257 1977 2358 2034 illa
2375 1979 2568 2032 adsint
2587 1977 2862 2049 capitula,
2883 1975 3162 2032 videlicet
3179 1975 3399 2032 electio
3425 1975 3611 2044 cleri,
3647 1993 3807 2046 expo-

2123 2065 2361 2121 stulatio
2387 2063 3033 2136 populi,judiciumque
3056 2063 3543 2135 metropolitani,
3571 2063 3810 2135 quiain-

2125 2153 2394 2208 fidelibus
2415 2152 2560 2206 nihil
2585 2151 2888 2206 munditiae
2909 2150 2997 2206 vel
3020 2152 3228 2222 gratia:
3246 2156 3445 2224 potest
3469 2152 3808 2214 adhmrere,

2123 2241 2302 2296 donec
2333 2241 2507 2296 corda
2552 2256 2754 2296 eorum
2787 2240 2902 2295 ﬁde
2946 2239 3337 2295 mandentur.
3397 2240 3546 2295 Haec
3600 2245 3807 2295 tamen

2122 2329 2389 2394 dicendo,
2422 2329 2502 2383 ita
2533 2333 2867 2383 sanctorum
2898 2328 3139 2382 Patrum
3171 2331 3533 2383 nostrorum
3566 2327 3807 2384 ordina-

2120 2417 2333 2472 tionem
2357 2432 2722 2481 veneramur,
2736 2433 2803 2470 ex
2821 2415 3174 2470 necessitate
3195 2417 3505 2487 temporis
3525 2420 3591 2472 et
3606 2433 3804 2472 eorum

2123 2505 2376 2559 maxima
2388 2503 2752 2571 auctoritate,
2769 2507 2832 2558 ut
2854 2503 3107 2574 posteris
3127 2505 3358 2560 nostris
3370 2509 3431 2560 et
3455 2505 3647 2561 nobis
3669 2504 3805 2576 ipsis

2121 2610 2224 2664 per
2245 2593 2441 2646 omnia
2463 2595 2857 2647 contestemur
2875 2591 3314 2648 ecclesiasticas
3337 2592 3596 2665 regulas
3618 2595 3803 2650 obser-

2119 2687 2317 2736 vatum
2348 2681 2439 2745 iri,
2473 2681 2610 2752 quia
2637 2680 2914 2752 antiquos
2947 2684 3189 2736 excusat
3229 2680 3584 2736 necessitas
3615 2687 3676 2737 et
3701 2699 3800 2736 sua

2123 2769 2396 2836 libertas;
2428 2769 2737 2824 modernos
2768 2772 2965 2824 autem
2999 2771 3242 2825 accusat
3273 2767 3416 2824 sola
3447 2786 3566 2824 sua
3597 2769 3800 2826 volun-

2123 2861 2213 2912 tas
2235 2859 2292 2911 et
2321 2857 2639 2912 temeritas.

2741 2945 2972 3000 CAPUT
3009 2944 3134 2999 VII.

2192 3034 2558 3088 ConaUp'roa.
2575 3033 3021 3088 Audistisetiam
3045 3031 3208 3104 quia,
3227 3033 3394 3089 sicut
3415 3034 3630 3092 denuo
3654 3035 3801 3108 quis-

2123 3139 2298 3192 quam
2329 3122 2606 3194 baptizari
2643 3139 2758 3176 non
2790 3121 2982 3187 debet,
3008 3120 3094 3177 ita
3113 3135 3223 3176 nec
3253 3121 3467 3180 denuo
3500 3123 3570 3179 in
3601 3125 3799 3181 eodem

2123 3210 2326 3266 ordine
2357 3211 2681 3266 consecrari
2713 3213 2922 3282 potest.

447 3297 610 3351 Unde
639 3301 801 3351 tanta
823 3296 1145 3368 taliumque
1189 3297 1622 3353 ordinatiouum
1655 3297 1847 3352 debita
1875 3315 2008 3352 cum
2040 3279 2083 3346 ο
2191 3299 2558 3355 Coaaur'roa.
2591 3279 2731 3364 Quis
2761 3299 2904 3354 dicit
2931 3301 3034 3354 aut
3075 3299 3259 3354 sentit
3289 3299 3504 3356 denuo
3539 3301 3799 3374 aliquem

376 3383 694 3440 reverentia
731 3384 984 3440 salutata
1015 3385 1648 3456 prmtermittentes,ncc
1675 3403 1785 3441 non
1827 3390 1884 3441 et
1914 3385 2012 3442 illa

376 3489 552 3544 quam
575 3473 684 3544 ipsi
709 3473 860 3528 beati
879 3472 1123 3545 apostoli
1141 3473 1402 3546 exemplo
1418 3474 1648 3529 Domini
1670 3477 1726 3528 et
1748 3473 2010 3545 magistri

376 3561 468 3616 sui
499 3561 718 3630 Asiam,
767 3563 1078 3632 Europam,
1124 3566 1181 3616 et
1209 3563 1458 3618 Africam
1485 3562 1780 3634 .episc0pis
1806 3562 2010 3633 hujus-

377 3649 534 3704 modi
566 3648 1327 3720 illustrarunt,maximeque
1345 3654 1570 3715 Petrus,
1589 3651 1685 3721 qui
1714 3667 1882 3705 suam
1899 3651 2009 3706 Ita-

375 3736 536 3803 liam,
563 3741 619 3790 et
635 3741 872 3792 cunctas
893 3736 1110 3793 Gallias
1133 3737 1366 3793 directis
1388 3737 1860 3809 praedicatoribus
1877 3736 2011 3792 tali—

375 3830 462 3881 ter
486 3843 519 3880 a
547 3842 608 3881 se
653 3826 936 3881 ordinatis
968 3829 1099 3897 post
1144 3825 1438 3881 Christum
1483 3841 1714 3881 currere
1757 3826 1910 3892 fecit,
1945 3843 2013 3882 ex

375 3913 624 3986 posteris
671 3929 872 3968 eorum
904 3913 1078 3986 longo
1110 3917 1239 3986 post
1286 3917 1546 3984 tempore
1589 3915 1737 3969 duos
1781 3918 2008 3970 tantum

374 4001 916 4056 commemorandos
947 4002 1322 4066 arbitramur,
1348 4001 1446 4073 qui
1471 4002 1596 4070 jam
1629 4002 2012 4074 promulgatis

374 4087 508 4143 inde
551 4088 732 4143 sacris
783 4087 1104 4144 canonibus
1145 4087 1342 4144 taliter
1373 4088 1622 4143 ordinati
1669 4095 2008 4157 noscuntur,

375 4175 527 4231 sicut
557 4174 614 4228 in
659 4175 912 4231 Historia
957 4177 1278 4249 Tripartita
1331 4175 1567 4248 legitur.
1617 4177 1923 4249 Perigenes
1951 4177 2011 4234 in

373 4263 556 4320 Petris
587 4263 892 4319 ordinatur
919 4263 1250 4336 episcopus,
1283 4268 1339 4320 et
1384 4264 1660 4334 quoniam
1693 4265 1846 4321 cives
1876 4283 2011 4322 eum

373 4353 669 4424 suscipere
713 4351 1046 4420 noluerunt,
1101 4353 1372 4408 Romanae
1414 4352 1663 4408 civitatis
1703 4353 2012 4426 episcopus

365 4441 694 4512 jussiteum
719 4440 1098 4496 inthronizari
1122 4441 1180 4496 in
1195 4441 2014 4514 Corintbometropuli,defun-

372 4533 462 4586 cto
493 4531 620 4602 ejus
666 4529 956 4602 episcopo,
1007 4529 1195 4602 eique,
1239 4531 1422 4585 donec
1471 4529 1705 4600 advixit,
1743 4529 2012 4587 Ecclesiae

2123 3388 2181 3442 in
2215 3388 2415 3442 eodem
2446 3387 2649 3442 ordine
2679 3387 3007 3442 consecrari
3039 3387 3254 3458 posse?
3285 3387 3480 3444 Absit
3504 3391 3687 3446 nobis
3718 3391 3801 3446 sic

2121 3472 2349 3544 sapere!
2386 3472 2540 3527 Inter
2559 3471 2672 3526 alia
2700 3472 2972 3544 equidem
2993 3489 3122 3544 quae
3153 3490 3343 3545 super
3367 3474 3492 3530 hoc
3514 3493 3555 3532 a
3576 3478 3802 3532 sanctis

2122 3561 2386 3616 Patribus
2415 3559 2769 3632 accepimus,
2797 3561 2973 3616 etiam
3005 3561 3160 3616 beati
3191 3578 3363 3634 papae
3396 3563 3684 3638 Gregorii
3714 3583 3803 3621 ca-

2121 3649 2374 3721 pitulum
2398 3649 2761 3720 propositum
2778 3649 3364 3706 debitaveneratione
3384 3654 3810 3726 suscepimus.

2107 3738 2282 3792 Sicut
2299 3737 2456 3792 enim
2485 3737 2607 3808 ipse
2629 3737 2846 3792 ibidem
2863 3739 3358 3808 testatur,merito
3371 3739 3708 3809 judicatus
3723 3748 3814 3799 est

2123 3825 2220 3897 qui
2247 3825 2362 3880 tale
2391 3825 2610 3897 aliquid
2637 3826 2820 3881 facere
2843 3826 2955 3881 fuit
2978 3827 3478 3893 ausus,videlicet
3500 3831 3657 3902 quia
3676 3833 3819 3888 Pro-

2122 3913 2264 3968 bum
2297 3913 2460 3985 prius
2492 3912 2723 3984 lapsum
2756 3913 2828 3969 ab
2859 3914 3050 3970 ofﬁcio
3081 3915 3365 3986 deposuit
3407 3921 3470 3972 et
3495 3921 3820 3989 poeniten-

2121 3999 2213 4055 tiae
2249 4001 2594 4072 supposuit;
2650 4019 2766 4074 qua
2811 4001 3060 4074 expleta,
3113 4003 3391 4059 eumdem
3455 4021 3689 4064 rursus
3757 4011 3822 4066 in

2124 4089 2327 4144 eodem
2359 4089 2582 4151 ordine,
2629 4091 2796 4161 quasi
2855 4091 3160 4164 presbyter
3205 4109 3531 4164 nunquam
3567 4095 3822 4167 fuisset,

2125 4175 2498 4232 consecravit.
2541 4177 2702 4241 Quod
2751 4179 2955 4251 utique
3005 4178 3169 4236 nullo
3213 4181 3394 4236 modo
3425 4182 3550 4238 fuit
3583 4191 3701 4240 aut
3729 4192 3826 4242 est

2123 4264 2435 4337 agendum,
2464 4265 2563 4320 sed
2595 4267 2642 4322 si
2691 4267 2993 4338 depositus
3035 4267 3291 4340 quisque
3325 4269 3570 4340 injuste
3604 4281 3822 4346 postea

2120 4352 2399 4408 innocens
2422 4354 2940 4428 reperiatur,lsicut
2959 4355 3274 4412 concilium
3299 4356 3686 4418 Toletanum
3703 4372 3821 4420 sta-

2121 4441 2256 4507 tuit,
2279 4442 2548 4514 episcopo
2580 4443 2747 4515 virga
2777 4447 2834 4499 et
2864 4443 3144 4513 annulus,
3169 4445 3532 4517 presbytero
3569 4449 3820 4522 planeta

2120 4533 2178 4584 et
2205 4530 2460 4585 orarium
2493 4529 2724 4597 dantur,
2759 4535 2816 4586 et
2845 4532 2947 4600 sic,
2975 4547 3079 4604 per
3109 4536 3351 4589 ceteros
3373 4535 3668 4608 ordines,
3686 4543 3822 4596 uni-

372 4618 620 4691 praefuit.
645 4618 940 4674 Sisinnius
961 4635 1192 4690 quoque
1212 4618 1892 4692 Constantinopolitanus
1915 4637 2012 4676 an-
2040 4637 2090 4702 Β
2119 4617 2330 4690 cuique
2344 4618 2498 4690 quod
2512 4617 2773 4675 ablatum
2796 4619 3064 4686 fuit,cum
3079 4621 3822 4693 deponeretur.lnventus

369 4707 537 4764 tistes
568 4707 832 4762 Proclum
863 4707 920 4762 in
949 4707 1146 4762 Cituco
1173 4707 1549 4773 consecravit,
1576 4708 1674 4778 qui
1695 4712 2008 4780 antequam

371 4795 834 4866 proficisceretur
871 4795 1144 4864 Cizicum,
1187 4796 1340 4852 cives
1367 4796 1742 4867 procedentes
1773 4796 2004 4852 Dalma-

371 4881 521 4936 tium
591 4882 942 4938 monachum
988 4883 1324 4956 episcopum
1368 4883 1602 4939 sibimet
1640 4885 2003 4940 ordinarunt.

374 4967 590 5023 Mansit
606 4985 742 5040 ergo
766 4968 1002 5026 Proclus
1022 4988 1134 5026 non
1149 4971 1371 5026 habens
1390 4971 1703 5026 Ecclesium
1723 4973 2014 5044 propriam

375 5054 473 5126 qui
491 5059 684 5110 tamen
707 5055 766 5110 in
788 5057 1049 5113 doctrina
1065 5058 1422 5114 Ecclsiarum
1435 5059 2016 5130 Constantinopoleos

371 5142 534 5198 valde
553 5143 812 5212 florebat;
833 5149 1032 5216 postea
1048 5145 1106 5200 in
1121 5144 1762 5216 Constantinopolitana
1778 5148 2013 5203 sedein-

370 5231 754 5288 thronizatus.
779 5236 1032 5305 Apparet
1045 5251 1179 5306 ergo
1194 5238 1466 5289 neutrum
1483 5249 1516 5286 a
1529 5231 1678 5287 clero
1697 5233 1784 5286 vel
1802 5235 2013 5306 populo

372 5320 554 5376 fuisse
565 5319 914 5391 electum,qu
924 5338 987 5376 os
1003 5339 1118 5376 non
1134 5324 1394 5392 receptos
1407 5323 1494 5374 est
1510 5319 1880 5376 manifestum
1893 5323 2016 5378 .Su-

373 5407 570 5479 perius
591 5407 762 5463 etiam
799 5409 999 5463 eadem
1027 5408 1277 5462 Historia
1296 5406 1649 5462 mentionem
1673 5407 1891 5464 faciens
1923 5427 2010 5466 se-

375 5494 548 5547 cundi
565 5494 908 5550 universalis
927 5494 1308 5562 concilii,scili
1317 5498 1405 5549 cet
1423 5495 2009 5568 Constantinopolita-

377 5578 636 5642 ni,dicit:
657 5581 1052 5637 Firmaverunt
1075 5599 1282 5637 rursus
1304 5583 1500 5636 Patres
1521 5581 1812 5639 Nicaenam
1835 5586 2008 5642 {idem

378 5668 436 5720 et
445 5663 800 5735 patriarchas
812 5671 1164 5727 constitueru
1174 5669 1674 5738 nt,distribuentes
1688 5672 2012 5742 provincias

2121 4711 2314 4762 autem
2345 4706 2404 4761 in
2435 4705 2632 4778 aliquo
2662 4722 2900 4764 excersu
2931 4709 3153 4775 leviori,
3174 4709 3414 4780 privata
3447 4717 3828 4785 pmnitentia

2117 4794 2436 4850 satisfactio
2458 4795 2540 4850 ita
2561 4795 2892 4867 injungitur
2909 4801 2975 4852 ut
3001 4801 3204 4853 tamen
3237 4814 3355 4853 non
3387 4800 3827 4875 depbnantur,

2121 4883 2226 4938 sed
2239 4883 2476 4938 omnino
2493 4883 2576 4938 eis
2590 4885 2731 4940 ordo
2748 4901 2920 4956 quem
2936 4886 3156 4943 habent
3167 4894 3830 4966 conservetur,quem-

2125 4971 2443 5028 admodum
2473 4973 2598 5042 ipse
2643 4971 2853 5029 beatus
2882 4973 3200 5047 Gregorius
3233 4974 3293 5030 in
3329 4975 3456 5033 fine
3487 4985 3830 5052 praesentis

2123 5058 2363 5131 capituli
2393 5057 2648 5115 sensisse
2677 5061 3083 5133 cognoscitur;
3106 5063 3265 5134 quod
3295 5063 3398 5120 hic
3423 5068 3833 5128 subtraxisse

2121 5147 2539 5218 comprobatur
2567 5146 2728 5203 vafer
2746 5147 2844 5204 ille
2865 5152 2924 5204 et
2952 5149 3248 5222 impurus,
3282 5151 3436 5222 quia
3468 5159 3692 5215 sensit
3709 5163 3836 5217 evi-

2121 5236 2328 5290 denter
2369 5235 2651 5291 obsistere
2689 5235 2813 5292 suis
2859 5237 3354 5296 cavillationibus.
3411 5241 3479 5297 Si
3516 5248 3705 5318 quis,
3738 5250 3836 5305 in-

2121 5324 2352 5396 quiens,
2384 5322 2444 5378 in
2493 5322 2602 5380 levi
2651 5324 2897 5380 forsitan
2952 5325 3126 5399 culpa
3156 5344 3191 5382 a
3235 5331 3606 5391 sacerdotio
3639 5340 3832 5405 venit,

2119 5411 2456 5484 poenitentia
2475 5411 2649 5468 indici
2669 5413 2859 5480 debet,
2883 5418 2942 5470 et
2966 5419 3166 5472 tamen
3190 5417 3338 5472 ordo
3361 5426 3648 5482 servari.
3679 5429 3838 5483 Nam

2119 5517 2222 5572 pro
2253 5499 2656 5556 criminalibus
2681 5501 2842 5572 juste
2873 5503 3204 5575 depositus,
3237 5509 3347 5560 aut
3376 5523 3542 5579 non,
3591 5519 3714 5570 aut
3743 5517 3840 5570 vix

2118 5587 2412 5644 invenitur
2428 5587 2560 5676 quis
2583 5586 2737 5644 licite
2759 5591 3090 5648 restitutus.
3107 5593 3272 5658 Quod
3297 5594 3352 5648 si
3375 5595 3635 5668 injuste
3653 5604 3844 5676 depo-

2119 5676 2286 5742 situs,
2318 5675 2670 5744 restituitur,
2704 5681 3206 5749 quemadmodum
3239 5697 3309 5738 ex
3342 5687 3633 5748 concilio
3669 5675 3844 5751 Tole-
