3898 6416
337 390 458 455 935

1253 397 1317 457 S.
1363 393 1760 460 BRUNONIS
1805 394 2426 498 HERBIPOLENSIS
2471 397 2851 462 EI’ISCOPI.

3621 401 3724 466 236

337 529 492 583 recte
521 524 651 582 sitis
680 525 882 596 creati,
915 527 988 583 ad
1019 526 1250 584 ruinam
1300 529 1468 602 proni
1518 528 1792 599 ferimini,
1821 532 1990 586 natu-
2019 526 2076 597 Α
2106 527 2278 585 celeri
2311 529 2737 604 supplicatione
2767 533 3022 592 festinet.
3053 533 3200 591 Vani
3231 535 3446 592 etenim
3479 535 3724 595 homines

338 614 598 690 raiisque
626 615 687 672 in
715 615 883 673 vobis
911 633 1122 674 sensus
1146 633 1453 691 perversus
1475 620 1632 676 est.C
1665 620 1764 676 Est
1794 623 1992 676 autem

339 703 596 762 maceria
625 704 780 762 sicca
808 723 1082 764 saxorum
1113 707 1624 786 constructio,qua3
1647 707 1774 766 sine
1794 709 1992 783 aliquo

339 793 618 868 ligamine
647 795 914 870 impenso
944 796 1005 853 in
1035 797 1220 854 altum
1251 798 1427 854 ducta
1456 799 1845 872 componitur.

339 884 374 940 4
452 885 830 944 Verumtamen
850 891 1097 960 pretium
1117 903 1296 944 nicum
1315 888 1690 961 cogitaverunt
1711 889 1992 961 repellere:

519 975 676 1031 curri
701 977 763 1031 in
792 976 890 1032 siti
915 993 936 1033 :
1729 990 1764 1022 ο

451 1061 549 1120 0νί
572 1081 672 1122 suo
702 1065 1087 1124 benedicebant
1129 1075 1182 1124 et
1233 1067 1392 1125 corde
1433 1083 1532 1124 suo
1572 1067 1988 1125 maledicebant.

516 1155 851 1227 Diapsalma.

411 1241 452 1300 C
483 1243 598 1300 Iste
623 1260 830 1304 versus
861 1245 1100 1320 respicit
1118 1247 1190 1304 ad
1212 1246 1445 1304 Judseos
1471 1251 1528 1304 et
1549 1248 1621 1304 ad
1648 1248 1814 1304 ﬁctos
1834 1245 1994 1304 Chri-

340 1332 584 1392 stianos.
635 1332 976 1410 Cogitabant
1024 1335 1290 1394 infideles
1345 1335 1620 1415 repellere
1667 1336 1988 1406 Christum,

340 1422 440 1496 qui
469 1427 558 1480 est
587 1427 762 1498 caput
790 1428 848 1482 et
876 1426 1128 1498 pretium
1159 1424 1448 1495 Ecclesiae,
1477 1427 1710 1500 quando
1742 1443 1815 1483 ne
1844 1443 1992 1501 puro

341 1513 512 1570 corde
548 1511 859 1582 coloretur,
892 1514 1194 1589 sacrilegis
1237 1515 1615 1590 dogmatibus
1653 1515 1988 1573 obviabant.

339 1603 505 1659 Tunc
535 1607 775 1660 sanctus
803 1604 892 1660 vir
921 1621 1162 1664 cursum
1191 1604 1322 1662 vitae
1338 1621 1460 1663 sum
1475 1604 1534 1661 in
1554 1604 1652 1662 siti
1665 1603 1992 1662 sterilitatis

339 1691 674 1766 peragebat,
709 1692 850 1766 quia
873 1693 1132 1752 invenire
1161 1711 1277 1752 non
1308 1699 1556 1770 poterat,
1601 1711 1776 1768 quem
1826 1711 1993 1751 sacra

339 1781 608 1840 doctrina
623 1786 916 1858 potasset.
949 1783 1224 1856 Sequitur
1253 1783 1384 1842 sitis
1427 1801 1606 1840 causa
1638 1801 1651 1839 :
1687 1784 1991 1840 benedice-

337 1871 482 1959 bant
508 1889 627 1942 ore,
661 1872 761 1958 qui
792 1871 982 1974 legem
1011 1865 1200 1974 fallaci
1247 1873 1650 1974 emendatione
1702 1878 1992 1974 pert-rans-
2020 1906 2070 1974 Β

338 1955 502 2030 eunt,
535 1965 592 2020 et
637 1955 754 2023 non
797 1955 909 2019 hoc
961 1963 1234 2038 operibus
1262 1963 1667 2022 demonstrant
1697 1964 1852 2036 quod
1895 1979 1992 2020 ore

337 2049 930 2124 pronuntiant.Corde
959 2052 1117 2109 enim
1149 2051 1582 2112 maledicebant
1603 2052 1704 2127 qui
1739 2052 1994 2126 Scriptu-

337 2157 435 2198 ras
463 2145 700 2200 sanctas
731 2139 935 2198 vitiose
957 2140 1385 2216 intelligebant.

335 2231 372 2286 5
451 2235 836 2288 Verumtamen
865 2233 969 2290 Deo
995 2231 1234 2305 subjecta
1264 2240 1371 2289 esto
1393 2233 1583 2288 anima
1614 2249 1738 2288 mea
1769 2251 1787 2287 :

445 2320 716 2389 Quoniam
743 2320 812 2377 ab
835 2321 956 2392 ipso
977 2321 1252 2395 patientia
1279 2337 1418 2378 mea.

407 2410 448 2466 C
476 2409 643 2468 Nunc
679 2410 892 2484 repetit
943 2407 1228 2482 Propheta
1275 2410 1430 2484 quod
1489 2409 1766 2483 superius
1825 2408 1990 2476 dixit,

338 2499 598 2558 animam
627 2516 798 2556 suam
829 2499 946 2556 Deo
978 2515 1106 2554 esse
1130 2499 1550 2572 subjectam,ut
1575 2499 1706 2572 ipsa
1728 2498 1994 2573 repetitio

339 2589 521 2650 menti
533 2594 744 2646 nostras
759 2588 1165 2647 credulitatem
1179 2588 1759 2664 inﬁgeret.Patientia
1777 2588 1994 2662 quippe

341 2683 545 2736 nostra
573 2678 844 2735 Christus
873 2681 1232 2751 est,pro-pter
1261 2694 1437 2749 quem
1465 2681 1522 2733 et
1544 2677 1786 2732 adversa
1815 2676 1995 2734 liben-

339 2771 431 2824 ter
457 2767 740 2841 patimur,
775 2771 834 2824 et
862 2771 1144 2840 susceptae
1175 2765 1389 2839 regulas
1419 2765 1818 2823 observatione
1850 2783 1992 2840 gau-

335 2857 570 2914 demus.

335 2948 372 3002 6
461 2953 517 3013 υ-ξ-
545 2947 705 3017 Quia,
739 2947 854 3018 ipse
892 2954 948 3014 -;-
971 2947 1114 3003 Deus
1153 2963 1306 3003 meus
1347 2952 1360 3012 ζ
1403 2954 1454 3003 et
1479 2944 1732 3002 Salvator
1777 2963 1928 3004 meus
1972 2966 1992 3004 :

443 3037 676 3111 Adjut-or
701 3053 873 3104 meus,
903 3053 1015 3093 non
1041 3036 1340 3107 emigrabo.

409 3126 450 3183 C
477 3125 760 3202 Superius
790 3125 1088 3186 Christum
1113 3125 1460 3200 patientiam
1485 3125 1990 3183 nominavit.nunc

337 3217 549 3274 iterum
581 3213 903 3284 dicit,Deus
933 3233 1122 3286 meus,
1157 3219 1215 3272 et
1244 3215 1520 3272 salutaris
1551 3216 1887 3289 meus,quia
1908 3233 1992 3272 re-

2103 618 2380 676 dicuntur
2399 621 2470 677 ad
2490 623 2986 695 comparationem
3017 641 3281 698 superna:
3311 625 3726 684 veritatis.Men—

2102 709 2276 766 daces
2305 709 2436 766 illos
2466 710 2782 786 tangit,qui
2810 713 3044 772 steteris
3074 713 3295 788 iniquis
3315 716 3625 776 ementium
3645 717 3727 774 de-

2101 797 2329 872 cipiunt
2357 798 2825 874 simplicitatem;
2857 805 2942 858 vel
2970 804 3096 862 illos
3115 806 3281 861 notat
3300 805 3402 877 qui
3425 806 3728 867 sanctitatis

2102 887 2479 946 simulatione
2507 889 2827 964 decipiunt.
2862 891 2936 949 Ut
2963 893 3278 967 decipiant,
3310 897 3574 968 poterant
3590 896 3728 954 enim

2102 994 2219 1035 non
2251 977 2534 1052 decipere,
2569 981 2617 1035 si
2649 995 2852 1037 eorum
2883 983 3147 1058 nequitia
3163 983 3353 1057 possit
3373 983 3725 1057 deprehendi.

2101 1067 2165 1124 In
2197 1067 2478 1142 idipsum,
2512 1068 2737 1126 scilicet
2760 1069 2820 1126 in
2851 1070 3327 1146 esquitate,quam
3353 1071 3500 1130 falso
3535 1073 3728 1132 habere

2101 1156 2491 1228 aestimantur,
2524 1175 2658 1215 cum
2683 1159 2833 1232 justi
2863 1177 2994 1218 esse
3023 1161 3360 1218 creduntur.

2101 1245 2172 1302 lO
2245 1247 2422 1304 Nolite
2448 1263 2666 1320 sperare
2710 1249 2769 1304 in
2818 1250 3115 1323 iniquitate
3154 1266 3168 1305 :
3216 1257 3268 1308 et
3316 1253 3540 1324 rapinas
3579 1252 3730 1308 nolite

2314 1337 2688 1408 concupiscere
2719 1353 2733 1394 :

2243 1425 2468 1484 Divitia’
2495 1427 2546 1482 si
2567 1427 2807 1499 afﬂuant
2834 1427 3005 1484 nolite
3027 1445 3120 1485 cor
3141 1445 3432 1504 apponere.

2173 1515 2216 1572 C
2247 1514 2421 1572 Docet
2451 1514 2608 1572 enim
2650 1516 2902 1586 vitiatos,
2955 1535 3026 1574 ne
3077 1536 3313 1593 sperare
3361 1518 3606 1576 debeant
3646 1519 3730 1575 ubi

2101 1603 2327 1660 fructus
2345 1604 2479 1662 boni
2493 1605 2766 1662 desiderii
2790 1623 2905 1664 non
2927 1611 3118 1681 potest
3136 1605 3560 1665 inveniri.Dicit
3575 1607 3732 1666 etiam

2102 1693 2175 1749 ad
2207 1693 2621 1768 pauperes,qui
2654 1695 3197 1754 necessitatevictus
3210 1688 3490 1753 furtivum
3517 1695 3732 1770 aliquod

2101 1782 2544 1855 concupiscunt.
2579 1784 2649 1840 Et
2677 1783 2912 1858 rapinas
2941 1784 3119 1842 nolite
3159 1771 3601 1860 concupiscere}
3630 1801 3731 1842 non

2100 1871 2258 1928 enim
2289 1875 2481 1946 potest
2508 1873 2730 1929 crimen
2782 1873 2996 1946 rapinas
3045 1874 3367 1950 indigentia
3394 1871 3612 1944 tollere,
3641 1891 3731 1932 nec

2103 1960 2203 2036 qui
2239 1961 2510 2019 vindicta:
2541 1963 2805 2036 subjacet
2834 1963 3071 2038 culpam
3104 1963 3577 2022 excusare.Nunc
3603 1964 3734 2022 redit

2103 2051 2176 2108 ad
2209 2051 2437 2119 divites,
2471 2051 2671 2109 dicens
2703 2070 2716 2109 :
2752 2051 2968 2110 Divitiis
2999 2053 3048 2109 si
3081 2053 3343 2110 afﬂuant.
3375 2053 3576 2111 Merito
3613 2069 3732 2128 ergo

2103 2140 2666 2216 praecepitdivitibus
2683 2159 2782 2199 cor
2798 2159 2913 2200 non
2928 2159 3220 2217 apponere
3235 2149 3292 2200 et
3306 2161 3433 2218 quas
3453 2143 3736 2218 possident

2104 2247 2220 2287 non
2253 2247 2608 2299 amare,cum
2634 2231 2852 2288 Paulus
2883 2232 3039 2289 dicat
3072 2250 3084 2289 :
3117 2233 3246 2290 Non
3274 2250 3512 2307 sperare
3559 2233 3616 2289 in
3658 2233 3737 2288 in-

2103 2324 2262 2376 certo
2293 2319 2648 2390 divitiarum,
2683 2321 2785 2377 sed
2819 2321 2876 2376 in
2910 2321 3027 2378 Deo
3058 2322 3183 2378 vivo
3213 2324 3260 2396 (1
3289 2324 3426 2380 Tim.
3465 2325 3569 2394 v1).

2102 2408 2162 2465 41
2246 2407 2423 2466 Semel
2449 2410 2659 2467 locutus
2687 2416 2767 2468 est
2796 2412 2938 2467 Deus
2973 2429 2985 2466 :
3019 2411 3124 2468 duo
3153 2412 3271 2469 haec
3297 2411 3510 2468 audivi.

2245 2499 2390 2568 Quia
2405 2505 2648 2572 potestas
2676 2499 2776 2558 Dei
2801 2509 2880 2558 est
2904 2509 2957 2558 et
2982 2502 3104 2569 tibi,
3158 2504 3404 2570 Domine,
3448 2503 3736 2560 misericor-

2315 2589 2408 2645 dia
2441 2607 2454 2645 :

2248 2678 2389 2746 Quia
2420 2681 2480 2735 tu
2504 2679 2693 2736 reddes
2723 2680 3021 2754 unicuique
3039 2680 3210 2754 juxta
3239 2698 3397 2755 opera
3427 2698 3552 2740 sua.

2172 2766 2214 2822 C
2246 2768 2499 2824 Locutus
2528 2773 2617 2825 est
2647 2769 2984 2842 frequenter
3011 2769 3279 2844 patribus
3311 2771 3532 2829 nostris
3579 2775 3736 2837 Deus,

2101 2855 2204 2912 sed
2236 2856 2416 2913 semel
2447 2856 2677 2915 locutus
2697 2863 2788 2915 est
2817 2857 2963 2916 Filio
2994 2858 3360 2929 suo,dicens:
3383 2859 3567 2918 Filius
3587 2875 3738 2916 meus

2100 2961 2162 3002 es
2193 2949 2280 3016 tu,
2312 2961 2419 3018 ego
2447 2945 2622 3004 hodie
2651 2947 2826 3022 genui
2857 2951 2914 3004 te
2945 2948 3138 3020 (Hebr.
3173 2948 3230 3020 l),
3264 2948 3372 3005 hoc
3404 2949 3564 3007 enim
3603 2945 3734 3005 nulli

2099 3033 2264 3091 alteri
2295 3034 2526 3092 Patrem
2555 3035 2738 3092 fuisse
2767 3036 3032 3093 locutum
3062 3037 3441 3094 manifestum
3487 3040 3594 3094 est.
3623 3035 3735 3092 Duo

2098 3124 2220 3180 haec
2245 3123 2439 3180 audivi
2466 3125 2525 3180 in
2557 3123 2894 3198 Evangelio:
2914 3125 3265 3183 Potestatem
3292 3125 3482 3183 habeo
3502 3120 3738 3200 ponendi
3853 3121 3855 3200 ξ

2098 3213 2358 3270 animam
2391 3218 2666 3283 meam,et
2696 3214 2908 3271 iterum
2939 3213 3211 3272 sumendi
3241 3215 3510 3285 eam(Job.
3541 3214 3616 3288 x).
3647 3213 3736 3270 Se-

333 3323 470 3363 vera
497 3305 706 3366 animas
723 3283 842 3364 sum
859 3305 1110 3363 salutem
1135 3306 1262 3378 jam
1283 3311 1420 3362 tunc
1437 3305 1986 3380 perincarnandum
2017 3283 2062 3352 (ἶ
2099 3302 2301 3378 quitur
2331 3303 2476 3360 illud
2508 3305 2856 3373 secundum,
2881 3308 2941 3361 et
2967 3304 3096 3372 tibi,
3129 3305 3394 3373 Domine,
3431 3303 3734 3362 misericor-

332 3395 589 3452 Verbum
619 3395 924 3469 provenire
950 3395 1248 3452 noscebat.
1281 3395 1406 3450 Non
1437 3393 1990 3468 emigrabogcilicet

337 3485 408 3540 de
436 3485 546 3542 hac
572 3482 920 3543 credulitate
949 3500 1128 3556 quam
1159 3487 1327 3539 teneo
1355 3483 1446 3540 vel
1499 3501 1678 3541 suasu
1708 3483 1862 3540 malo
1891 3501 1988 3541 ve-

335 3577 478 3643 stro,
499 3571 589 3629 vel
619 3571 1041 3646 persecutione.

331 3663 368 3717 7
437 3663 505 3718 In
530 3663 636 3718 Deo
665 3662 908 3718 salutare
933 3677 1116 3717 meum
1141 3669 1196 3717 et
1219 3661 1397 3732 gloria
1419 3678 1540 3717 mea
1565 3680 1582 3716 :

437 3752 580 3808 Deus
607 3751 817 3808 auxilii
842 3751 952 3806 mei
981 3753 1034 3805 ct
1059 3766 1179 3822 spes
1204 3767 1324 3807 mea
1353 3752 1412 3806 in
1440 3753 1546 3806 Deo
1591 3757 1644 3817 ιθ
1673 3759 1774 3808 est.

403 3839 446 3896 C
475 3837 858 3912 Congeminat
903 3839 964 3896 in
1011 3839 1128 3895 Deo
1178 3837 1426 3896 salutem
1477 3855 1628 3905 esse,
1660 3857 1774 3896 non
1821 3843 1884 3896 ut
1921 3839 1980 3898 in

329 3929 596 4004 gentium
628 3928 744 3986 diis
771 3931 1113 4002 perpetuam
1144 3929 1490 3985 mortem.Et
1517 3929 1704 4002 gloria
1733 3946 1882 3998 mea,
1919 3934 1983 3986 ut

326 4036 444 4076 non
474 4019 668 4076 solum
699 4017 990 4087 salus,sed
1016 4018 1195 4086 etiam
1217 4016 1301 4072 illi
1323 4017 1643 4074 credidisse
1675 4018 1752 4074 sit
1772 4018 1976 4092 gloria.

326 4109 483 4167 Deus
511 4108 715 4167 auxilii
745 4107 882 4178 mei,
905 4125 978 4166 ne
999 4108 1112 4164 sibi
1143 4106 1364 4180 aliquid
1395 4108 1701 4181 deputaret
1718 4107 1981 4167 humana

324 4198 656 4260 inﬁrmitas.
680 4197 837 4258 Dixit
865 4202 1158 4272 postremo
1193 4214 1206 4254 :
1238 4213 1373 4270 spes
1402 4214 1532 4254 mea
1560 4196 1622 4254 in
1651 4203 1764 4256 Deo
1795 4204 1979 4270 est,ut

322 4292 382 4348 et
407 4288 511 4346 illa
537 4287 981 4363 praeteritaque;
1013 4290 1368 4360 perceperat,
1398 4287 1638 4344 Domino
1669 4289 1977 4362 deputaret

323 4384 382 4438 et
409 4379 872 4450 futuramguam
898 4376 1320 4435 beatitudinem
1349 4375 1462 4450 ipsi
1491 4377 1828 4450 applicaret.

321 4471 357 4526 8
430 4467 744 4542 Sperate‘ﬁt
769 4484 830 4526 eo
859 4469 1036 4525 omnis
1063 4467 1413 4537 congregatio
1435 4468 1631 4538 pepuli
1662 4485 1675 4522 :
1707 4467 1975 4542 effundite

497 4575 678 4615 csram
705 4558 803 4615 illo
831 4557 994 4614 corda
1020 4565 1196 4614 vestra
1229 4571 1242 4610 :

427 4648 570 4718 Quia
595 4649 738 4704 Deus
763 4647 984 4720 adjutor
1010 4649 1193 4702 noster
1236 4649 1292 4710 δέ·
1320 4644 1380 4698 in
1405 4650 1679 4700 aeternum
1719 4650 1736 4715 ξ
1778 4663 1792 4701 :

424 4737 767 4810 Diapsal-ma.

387 4827 430 4883 C
457 4827 700 4900 Sperate
729 4824 790 4880 in
817 4840 905 4892 ea,
932 4823 992 4879 id
1041 4826 1131 4878 est
1176 4822 1237 4878 in
1281 4821 1472 4893 illum,
1525 4822 1748 4880 scilicet
1795 4842 1970 4898 quem

317 4914 430 4972 sibi
479 4919 539 4972 et
583 4915 758 4970 Deum
802 4911 1104 4984 professus
1151 4910 1340 4967 fuerat
1387 4916 1444 4967 et
1490 4911 1736 4969 salutem
1778 4916 1971 4974 omnis

318 5007 640 5060 conventus
660 5000 868 5072 plebis.
886 4999 1142 5056 Eﬂ‘undit
1163 5004 1297 5056 ante
1321 5001 1633 5059 Dominum
1655 5019 1755 5060 cor
1769 5021 1964 5076 suum,

317 5092 419 5164 qui
445 5093 689 5164 peccata
719 5105 828 5144 sua
856 5087 1168 5145 uberrimis
1195 5087 1468 5164 lacrymis
1494 5093 1828 5150 conﬁtetur.
1859 5095 1968 5152 Cor

316 5179 487 5235 aliter
515 5176 738 5232 eﬂ‘undi
770 5193 881 5234 non
913 5181 1122 5250 potest,
1153 5175 1264 5235 nisi
1295 5180 1645 5237 creberrimo
1672 5181 1858 5240 imbre
1887 5181 1967 5239 la-

313 5282 674 5341 crymarum.

313 5355 348 5410 9
425 5357 799 5415 Verumtamen
827 5357 960 5412 vani
1001 5357 1112 5428 ﬁlii
1157 5358 1442 5414 hominum
1476 5375 1488 5413 :
1522 5360 1805 5432 mendaces
1853 5363 1966 5434 ﬁlii

489 5445 781 5502 hominum
808 5447 870 5500 in
891 5448 1112 5502 steteris
1145 5463 1159 5501 :

417 5537 483 5596 Ut
511 5534 792 5606 decipiant
819 5536 926 5608 ipsi
953 5534 1020 5592 de
1047 5537 1288 5591 vanitate
1311 5538 1368 5592 in
1403 5537 1658 5610 idipsum.

375 5624 852 5682 CVerumtamen
868 5623 1012 5681 dicit
1039 5622 1173 5680 vani
1192 5623 1294 5680 ﬁlii
1321 5625 1723 5696 hominum,ut
1748 5629 1956 5686 vitium

301 5729 476 5796 suum
510 5729 872 5792 cognoscens
901 5713 1265 5786 humanitas,
1299 5714 1368 5772 ad
1402 5720 1698 5776 auctorem
1749 5717 1956 5778 salutis

2001 4665 2053 4730 D

2097 3393 3256 3468 dia,subaudiendum,placet,utrumque
3285 3395 3522 3452 deitatis
3549 3395 3732 3460 est,ut,

2095 3482 2318 3540 scilicet
2337 3482 2794 3540 misericorditer
2813 3483 3001 3556 possit
3015 3487 3073 3540 et
3089 3487 3356 3558 potenter
3375 3485 3731 3542 misereatur.

2096 3572 2164 3628 Et
2196 3576 2261 3628 ut
2287 3571 2397 3629 hoc
2428 3572 2499 3629 de
2527 3572 2758 3629 Christo
2782 3572 3004 3629 dictum
3032 3571 3268 3646 planius
3307 3571 3623 3648 intelligas,
3652 3586 3733 3627 se-

2093 3661 2298 3734 quitur
2328 3665 2564 3734 tempus
2585 3660 2796 3734 judicii
2833 3678 2846 3717 :
2881 3661 3020 3735 quia
3047 3666 3111 3718 tu
3146 3661 3370 3732 reddis;
3408 3659 3584 3718 Pater
3630 3675 3736 3717 non

2085 3731 2316 3822 iudicat
2345 3731 2732 3823 que—mquam,
2768 3751 2868 3807 sed
2898 3731 3076 3806 omne
3093 3731 3384 3822 judicium
3416 3751 3579 3807 dedit
3607 3747 3736 3806 Filio

2089 3841 2206 3910 (Job
2237 3840 2315 3912 v).
2349 3839 2690 3896 Ostenditur
2721 3855 2858 3914 ergo
2887 3857 2958 3896 ex
2989 3839 3120 3896 istis
3147 3839 3333 3896 tribus
3379 3839 3608 3896 Christo
3657 3839 3734 3892 at-

2089 3929 2348 3999 tributis,
2382 3929 2594 3985 scilicet
2626 3929 2898 3987 locutione
2945 3929 3222 4002 singulari
3263 3933 3321 3985 et
3367 3932 3652 4002 potestate
3692 3927 3742 3980 et

2090 4018 2511 4088 misericordia,
2546 4017 2822 4074 similiter
2843 4018 3070 4091 judicio
3103 4035 3238 4076 eum
3271 4035 3456 4074 unum
3491 4034 3618 4074 esse
3651 4031 3740 4071 ve-

2088 4125 2220 4164 rum
2253 4125 2390 4164 cum
2423 4107 2592 4165 Patre
2623 4107 2830 4164 Deum.
3141 4106 3144 4110 ί

2599 4214 2804 4253 ORATIO
2841 4214 2912 4254 EX
2952 4215 3103 4254 PSAL.
3137 4214 3248 4254 LXI.

2156 4285 2350 4343 Subde
2381 4286 2510 4357 tibi,
2543 4286 2807 4357 Domine,
2843 4286 3073 4344 animas
3104 4286 3644 4360 nostras,quoniam
3671 4288 3730 4340 tu

2083 4391 2146 4433 es
2174 4375 2456 4449 patientia
2483 4393 2638 4448 vera,
2668 4379 2731 4432 ut
2757 4379 3070 4432 renuentes
3117 4376 3340 4433 incerta
3378 4375 3730 4440 divitiarum,

2080 4468 2136 4520 te
2162 4464 2719 4538 solum,contempta
2739 4464 2899 4521 omni
2923 4465 3224 4522 mundana
3241 4463 3732 4536 vanitate,sequa-

2081 4570 2235 4610 mur.
2271 4554 2378 4610 Per
2405 4553 2716 4610 Dominum
2749 4557 3014 4611 nostrum
3049 4554 3272 4623 Jesum,
3304 4558 3415 4612 etc.

2637 4660 2969 4718 PSALMUS
3009 4661 3183 4719 LXII.

2523 4749 2928 4790 ARGUMENTUM
2967 4750 3125 4790 PSAL.
3163 4749 3298 4790 LXII.

2152 4821 2194 4878 C
2224 4819 2483 4879 Ecclesia
2525 4820 2870 4879 desiderans
2917 4821 3150 4878 Domini
3197 4821 3392 4880 videre
3433 4819 3730 4886 virtutem,

2080 4911 2201 4986 agit
2227 4910 2468 4985 gratias,
2501 4910 2640 4984 quia
2671 4910 2780 4966 sub
2811 4911 3168 4985 protectione
3195 4909 3426 4968 Domini
3453 4906 3733 4984 procellas

2078 4999 2287 5057 mundi
2317 4999 2526 5056 evasit.

2147 5088 2526 5145 TT.Psalmus
2551 5087 2728 5144 David
2755 5106 2880 5146 cum
2906 5096 3039 5147 esset
3068 5092 3127 5146 in
3157 5087 3361 5146 deserto
3381 5087 3663 5146 Idumam.

2145 5183 2185 5235 C
2214 5178 2470 5234 Idumzea
2498 5179 2658 5236 enim
2685 5177 2852 5236 locus
2880 5183 2971 5236 est
2999 5179 3101 5236 ubi
3132 5175 3308 5236 David
3342 5177 3580 5252 fugiens
3609 5191 3728 5250 per-

2073 5268 2432 5326 secutionem
2464 5267 2767 5336 Saulis,ibi
2795 5267 3041 5326 latuisse
3072 5267 3724 5343 cognosciturJdumm

2071 5359 2494 5430 interpretatur
2522 5365 2760 5426 terrena,
2791 5361 2850 5414 et
2878 5357 3171 5432 signiﬁcat
3215 5363 3484 5416 terrenos
3525 5356 3724 5422 actus,

2071 5447 2172 5522 qui
2197 5445 2368 5502 bonis
2400 5443 2814 5520 spiritualibus
2845 5447 3084 5504 omnino
3114 5447 3319 5504 nudati
3351 5449 3513 5504 sunt.

2070 5539 2097 5594 1
2174 5541 2342 5604 Deus,
2378 5539 2527 5592 Deus
2553 5552 2708 5593 meus
2742 5553 2755 5591 :

2170 5625 2248 5680 Ad
2276 5635 2326 5682 te
2353 5625 2418 5681 de
2444 5626 2562 5682 luce
2591 5627 2788 5696 vigilo.

2135 5716 2177 5774 C
2207 5715 2382 5790 Deus,
2407 5714 2562 5780 Deus
2595 5715 2853 5782 meus.ln
2885 5716 3000 5776 ista
3030 5715 3376 5794 repetitione
3403 5709 3720 5775 venerandi
