3876 6348
142 450 308 519 1021

756 456 1175 527 ΑΒνΕΗδυΒ
1221 456 1694 522 SIMONIACOS
1743 454 1948 522 LIBRI
1991 456 2220 524 TRES.
2250 494 2327 511 -
2356 461 2588 527 LIBER
2630 461 2956 529 PRIMUS.

3396 462 3551 531 1022

138 593 291 648 tano
323 608 502 665 supra
520 592 766 663 dicitur;
783 595 1148 667 justeautem
1175 594 1474 666 depositus
1501 608 1795 665 nusquam
1827 593 1885 661 Α
1910 594 2009 652 isti
2038 598 2168 669 ejus
2196 598 2468 672 discipuli
2518 600 2861 673 probantur.
2894 603 3020 665 Qua
3066 604 3219 658 certe
3266 599 3554 675 parilitate

139 685 201 737 et
225 699 532 754 nunquam
547 683 702 739 licite
724 684 1067 739 restituitur.
1095 686 1365 738 Inventus
1387 688 1580 738 autem
1603 682 1661 737 in
1688 683 1792 736 mi-

139 788 264 827 nus
286 773 560 843 gravibus
582 774 937 837 excessibus,
957 790 1069 827 non
1086 774 1319 843 quidem
1338 772 1666 842 deponitur,
1691 772 1792 825 sed

138 860 339 915 eidem
374 878 481 915 suo
512 862 713 916 ordine
729 866 1011 917 reservato
1043 861 1384 932 aliquandiu
1410 861 1480 915 ab
1509 860 1634 931 ipso
1658 876 1793 914 sus-

132 949 439 1019 penditur.
475 949 614 1013 Quis
640 951 874 1005 tandem
898 952 1083 1004 denuo
1103 949 1453 1004 acatholicis
1489 964 1790 1003 consecra-

134 1040 240 1091 tus
274 1039 579 1108 arguitur?
609 1039 920 1109 siquidem,
955 1038 1207 1109 exceptis
1260 1036 1789 1107 irreprehensibilis

134 1125 273 1179 vitm
308 1126 556 1192 clericis,
593 1128 843 1198 amplius
876 1127 964 1181 bis
998 1127 1186 1181 tribus
1235 1125 1588 1196 supradictis
1621 1140 1792 1195 gene-

139 1214 313 1268 ribus
344 1215 402 1269 in
435 1216 718 1271 catholica
744 1234 857 1271 non
879 1216 1268 1286 reperiuntur.
1304 1217 1420 1267 Aut
1449 1214 1603 1267 enim
1628 1214 1789 1283 juste

144 1303 404 1374 depositi
437 1311 623 1369 erunt,
650 1309 751 1361 aut
782 1305 1015 1375 injuste,
1042 1308 1143 1358 aut
1173 1307 1325 1358 certe
1357 1319 1469 1356 non
1502 1302 1785 1372 depositi;

137 1397 195 1447 et
219 1392 271 1447 si
297 1394 352 1446 in
378 1393 687 1448 levioribus
705 1394 894 1465 culpis
919 1393 1273 1462 inventijam
1295 1394 1633 1463 quicunque
1658 1391 1789 1463 plus

135 1480 235 1538 his
270 1487 428 1549 sunt,
459 1488 617 1538 extra
647 1483 996 1538 catholicam
1027 1482 1345 1537 Ecclesiam
1378 1482 1579 1554 procul
1609 1482 1786 1536 dubio

139 1575 303 1625 sunt.
330 1571 477 1626 Sunt
499 1572 655 1626 enim
688 1571 940 1626 haeretici
966 1577 1066 1626 aut
1094 1571 1374 1642 episcopi,
1406 1577 1509 1626 aut
1548 1572 1785 1643 presby-

135 1660 271 1727 teri,
303 1677 405 1715 seu
427 1660 677 1726 diaconi,
724 1660 816 1715 vel
846 1662 1257 1733 cujuscunque
1290 1661 1533 1717 alterius
1566 1663 1786 1733 gradus

137 1748 335 1803 clerici
370 1750 531 1804 dicti.

210 1837 375 1892 Unde
407 1855 469 1893 se
490 1854 723 1909 quoque
752 1838 1007 1905 nolente,
1027 1839 1378 1911 Spinosulus
1401 1840 1512 1910 (14)
1533 1840 1640 1895 iste
1670 1858 1786 1896 sua;

140 1942 427 1998 perversa:
458 1927 798 1982 intentionis
830 1928 1086 1996 initium,
1134 1928 1602 1999 progressionem
1634 1935 1690 1985 et
1718 1932 1789 1985 fi-
1825 1962 1873 2028 Β

138 2031 301 2081 nem,
336 2016 676 2087 procedente
708 2016 1123 2088 disputatione,
1151 2019 1547 2089 nosciturjam
1580 2018 1793 2075 revela-

140 2120 227 2170 re,
260 2109 317 2159 et
338 2103 495 2160 velut
524 2105 844 2177 implicitus
873 2106 1084 2161 ericius
1106 2111 1281 2178 caput
1311 2125 1506 2175 suum,
1527 2112 1583 2163 et
1614 2111 1789 2181 pedes

141 2194 531 2265 eaudamque,
556 2196 862 2250 accedente
883 2211 1053 2266 aqua,
1071 2196 1299 2266 cogitur
1317 2196 1622 2267 explicare.
1650 2200 1791 2254 Con-

142 2287 262 2338 stat
286 2282 441 2338 enim
474 2300 609 2338 eum
651 2283 1021 2355 pertinaciter
1058 2284 1365 2339 defendere
1396 2286 1468 2340 ab
1500 2286 1788 2344 haereticis

142 2374 202 2425 et
222 2371 550 2443 specialiter
579 2372 973 2427 aSimoniacis
998 2373 1313 2439 ordinatos,
1340 2374 1551 2444 quiain
1587 2376 1783 2431 catho-

140 2459 274 2528 lica,
289 2461 509 2516 sicutin
530 2460 927 2532 superioribus
945 2462 1175 2517 abundo
1202 2467 1577 2531 monstratur,
1598 2466 1781 2521 semel

142 2554 417 2621 acceptus
449 2551 588 2605 ordo
611 2568 724 2605 non
759 2552 1020 2606 iteratur.
1047 2552 1295 2607 Laborat
1322 2570 1552 2624 quoque
1583 2556 1783 2625 variis,

141 2638 243 2692 sed
275 2637 440 2693 vanis
473 2639 836 2707 argumentis
869 2644 1127 2694 astruere
1160 2641 1313 2710 quod
1354 2658 1387 2695 a
1436 2642 1782 2700 Simoniacis

138 2724 390 2781 ordinati
422 2727 547 2781 sine
578 2727 914 2797 poenitentia
956 2732 1013 2781 et
1043 2744 1253 2783 manus
1284 2729 1654 2800 impositione
1684 2733 1780 2787 de-

138 2814 278 2869 bent
308 2814 367 2868 in
396 2814 546 2870 clero
578 2815 864 2870 catholico
896 2815 1116 2881 haberi,
1151 2820 1208 2871 et
1230 2816 1287 2870 in
1320 2834 1385 2871 eo
1419 2835 1779 2888 permanere,

138 2907 205 2958 ut
236 2907 376 2974 puta
404 2904 619 2974 quibus
653 2903 796 2958 nihil
823 2905 974 2958 desit
1003 2904 1062 2958 in
1096 2903 1252 2958 nulla
1281 2906 1484 2975 gratia.
1515 2907 1630 2962 Nos
1651 2925 1781 2964 vero

139 2991 569 3046 sufficientibus
593 2997 934 3048 sanctorum
960 2993 1194 3047 Patrum
1219 2994 1490 3065 superius
1521 3012 1784 3068 compro-

139 3080 406 3135 bavimus
438 3081 794 3136 testimoniis
823 3081 1185 3137 Simoniacos
1224 3081 1525 3139 haereticos
1558 3086 1783 3156 pejores

137 3186 265 3225 esse
295 3169 566 3240 pessimis
599 3170 847 3225 Arianis.
873 3171 942 3225 Et
972 3170 1020 3225 si
1053 3170 1243 3225 adhuc
1275 3171 1577 3226 dubitatur
1598 3190 1669 3227 an
1704 3174 1785 3228 Si-

136 3257 386 3313 moniaci
419 3258 536 3313 sint
567 3258 816 3313 habendi
841 3258 1119 3325 haeretici,
1143 3258 1511 3314 revolvantur
1538 3261 1780 3316 catholi-

138 3363 337 3402 corum
370 3346 604 3402 Patrum
634 3348 705 3402 de
734 3347 981 3402 diversis
1003 3324 1319 3402 haeresibus
1340 3347 1494 3413 libri,
1520 3350 1615 3403 SS.
1648 3350 1778 3419 Epi-
1811 3324 1854 3390 C

135 3435 355 3508 phanii,
388 3436 705 3499 Philastrii,
729 3435 1061 3507 Augustini,
1094 3439 1549 3505 cmterorumque
1568 3438 1667 3507 qui
1690 3438 1776 3491 in-

137 3525 208 3581 de
231 3528 367 3579 sunt
388 3524 639 3579 scribere
652 3526 861 3590 conati,
885 3528 941 3578 et
962 3526 1019 3578 in
1042 3524 1315 3578 omnibus
1328 3525 1776 3596 deprehendun-

134 3617 230 3669 tur
257 3614 595 3678 Simoniaci,
648 3613 746 3685 qui
776 3618 831 3668 et
861 3612 1172 3668 Simoniaci
1205 3613 1263 3666 in
1295 3613 1569 3685 Catalogo
1603 3614 1776 3669 haere-

134 3719 270 3758 seon
301 3703 582 3773 primum,
608 3718 860 3773 quorum
879 3705 1081 3757 auctor
1101 3701 1323 3767 Simon,
1350 3702 1398 3755 si
1422 3702 1687 3757 damnari
1712 3708 1776 3758 ut

134 3791 477 3847 manifestus
527 3791 833 3845 haereticus
873 3789 1106 3854 meruit,
1155 3788 1294 3858 quia
1337 3790 1644 3844 aestimavit
1688 3791 1772 3846 vel

131 3879 402 3952 cogitavit
423 3880 704 3951 Spiritum
728 3882 998 3935 sanctum
1013 3878 1257 3949 pecunia
1280 3894 1340 3932 se
1364 3895 1533 3948 posse
1552 3896 1771 3934 merca-

128 3972 256 4025 tum
286 3968 376 4037 iri,
411 3972 468 4023 et
506 3968 723 4039 quibus
755 3967 926 4023 vellet
955 3966 1151 4038 largiri
1179 3984 1190 4033 ;
1224 3968 1457 4023 videant
1488 3968 1595 4039 ipsi
1631 3969 1770 4040 quid

130 4060 460 4112 mereantur
475 4056 614 4128 quia
630 4055 955 4112 certissime
977 4056 1221 4111 credunt
1243 4073 1303 4110 se
1324 4056 1645 4127 episcopos;
1672 4074 1768 4129 pe-

130 4145 297 4202 cunia
327 4146 737 4211 intercedente,
770 4162 941 4216 posse
970 4145 1058 4200 vel
1082 4146 1340 4217 potuisse
1373 4146 1518 4217 ﬁeri,
1551 4151 1608 4201 et
1629 4164 1770 4202 con-

128 4234 475 4291 secrationes
491 4235 578 4289 vel
604 4233 1003 4290 ordinationes
1032 4235 1460 4291 ecclesiasticas
1491 4237 1766 4308 cuiquam

126 4324 431 4396 impertiri.
465 4324 587 4380 Nisi
615 4324 771 4380 enim
803 4325 913 4379 hoc
945 4341 1006 4379 se
1037 4341 1210 4396 posse
1232 4326 1550 4390 crederent,
1583 4342 1619 4380 a
1648 4330 1772 4381 tan-

124 4416 184 4468 ta
214 4412 662 4485 prmsumptione
693 4430 754 4468 se
784 4414 1228 4485 suspenderent.
1251 4415 1328 4468 Ex
1349 4431 1463 4485 qua
1484 4418 1637 4469 certe
1660 4432 1768 4470 sua

121 4501 525 4569 mstimatione,
558 4502 607 4557 si
639 4502 839 4558 Simon
871 4503 968 4559 ille
1000 4504 1273 4575 pessimis
1320 4504 1550 4559 Arianis
1601 4504 1766 4575 pejor

121 4590 413 4645 evidenter
460 4591 826 4662 praedicatur,
858 4592 1136 4662 quoniam
1168 4592 1281 4647 sibi
1312 4592 1592 4664 Spiritum
1627 4610 1760 4647 san-

1903 704 2208 752 concussa,
2242 706 2477 745 necesse
2509 690 2617 745 erit
2637 689 3001 747 Simoniacos
3021 707 3156 746 cum
3184 691 3293 747 sibi
3314 692 3549 763 paribus

1898 776 2128 833 Arianis
2160 794 2357 849 parem
2380 779 2556 833 etiam
2579 783 2783 834 contra
2809 796 2870 834 se
2891 779 3198 835 catholicis
3217 785 3549 851 exspectare

1902 866 2269 920 sententiam.
2304 867 2503 938 Itaque
2535 869 2649 937 iam
2684 884 2801 922 non
2834 868 3069 935 nostris,
3105 870 3205 923 sed
3257 869 3544 941 antiquis-

1901 953 2208 1019 simorum,
2240 950 2294 1009 et
2312 972 2413 1026 per
2434 956 2630 1011 omnia
2660 955 3082 1011 catholicorum
3114 961 3171 1012 et
3199 957 3547 1013 orthodoxo-

1904 1060 2033 1097 rum
2070 1044 2304 1098 Patrum
2329 1046 2686 1116 impetantur
2715 1044 2957 1115 spiculis
2980 1049 3037 1099 et
3066 1046 3397 1101 obruantur
3419 1065 3556 1103 sen-

1900 1131 2117 1197 tentiis,
2152 1136 2234 1197 ut,
2267 1135 2586 1188 secundum
2618 1134 2943 1189 Salomonis
2972 1133 3183 1204 elogia,
3221 1135 3321 1204 qui
3371 1153 3433 1191 se
3465 1136 3552 1191 di-

1902 1221 2046 1275 vites
2063 1221 2352 1287 alfeclant,
2388 1222 2533 1276 nihil
2556 1240 2641 1288 se,
2664 1223 2777 1277 nisi
2801 1227 3117 1278 extremam
3134 1222 3415 1295 inopiam,
3442 1224 3545 1280 ha-

1902 1310 2036 1364 bere
2068 1311 2248 1381 (Prov.
2290 1328 2369 1377 x1,
2399 1312 2522 1379 2‘3);
2548 1311 2634 1366 vel
2660 1327 2786 1366 sero
2815 1311 3180 1374 erubescant,
3208 1310 3347 1379 sive,
3375 1314 3546 1382 juxta

1903 1399 1999 1453 Dei
2032 1403 2212 1470 atque
2248 1399 2434 1454 Patris
2465 1400 2591 1469 ejus
2623 1398 3073 1466 attestationem,
3107 1398 3206 1454 ubi
3237 1400 3543 1471 evigilave-

1900 1488 2018 1541 rint
2056 1505 2091 1542 a
2133 1505 2340 1543 somno
2372 1505 2479 1543 suo
2520 1504 2726 1543 omnes
2764 1487 2868 1541 viri
2901 1487 3257 1553 divitiarum,
3307 1487 3452 1543 nihil
3484 1488 3544 1543 in

1899 1576 2175 1632 manibus
2235 1577 2377 1643 suis,
2438 1576 2496 1631 id
2556 1581 2646 1632 est
2702 1574 3168 1631 ordinationibus
3220 1575 3549 1631 inveniatur

1898 1665 2068 1736 (Psal.
2103 1683 2264 1731 Lxxv,
2291 1668 2366 1733 6).
2401 1666 2597 1721 Primo
2630 1669 2823 1721 tamen
2870 1664 2965 1719 hic
2996 1662 3301 1720 calumniae
3349 1681 3547 1720 eorum

1899 1770 2135 1808 summa
2164 1754 2496 1825 suffigatur,
2539 1770 2606 1809 ac
2641 1753 2851 1809 deinde
2897 1752 3264 1809 evidentibus
3311 1753 3549 1810 Patrum

1900 1841 2245 1898 fulminibus
2266 1842 2653 1899 confodiatur.

2504 1931 2739 1988 CAPUT
2788 1930 2936 1986 VIII.

1972 2022 2334 2077 CORRUPTOR.
2385 2021 2549 2076 Unde
2580 2038 2761 2092 supra
2788 2020 2849 2074 in
2879 2019 3207 2076 canonibus
3251 2019 3545 2092 apostolo-

1900 2126 2053 2176 rum,
2086 2126 2233 2180 quos
2265 2114 2502 2165 sanctus
2535 2110 2795 2165 Isidorus
2842 2108 3207 2181 recipiendos
3248 2125 3375 2164 esse
3404 2125 3544 2164 con-

1899 2197 2094 2253 ﬁrmat
2126 2216 2138 2252 :
2177 2220 2205 2249 «
2235 2198 2292 2253 Si
2317 2199 2448 2270 quis
2470 2198 2800 2270 episcopus,
2825 2202 2926 2251 aut
2946 2197 3265 2269 presbyter,
3288 2201 3389 2252 aut
3418 2198 3543 2253 dia-

1898 2303 2080 2342 conus
2110 2288 2428 2342 secundam
2461 2303 2672 2341 manus
2696 2284 3127 2356 impositionem
3160 2284 3443 2356 acceperit
3471 2285 3546 2340 ab

1897 2374 2116 2446 aliquo,
2148 2377 2496 2447 deponatur,
2528 2380 2585 2429 et
2614 2375 2740 2445 ipse
2772 2374 2870 2445 qui
2902 2389 3039 2428 eum
3056 2374 3325 2428 ordinare
3357 2379 3547 2428 tenta-

1893 2463 2057 2518 verit.
2075 2464 2220 2519 Nam
2244 2480 2341 2518 eos
2364 2464 2459 2534 qui
2486 2464 2556 2518 ab
2581 2462 2868 2533 ejusmodi
2894 2460 3167 2532 baptizati
3192 2461 3428 2531 fuerint,
3461 2460 3548 2517 vel

1894 2552 2167 2619 ordinati,
2198 2569 2384 2624 neque
2415 2552 2638 2620 ﬁdeles,
2680 2567 2870 2622 neque
2901 2549 3144 2606 clericos
3177 2567 3305 2605 esse
3354 2551 3549 2622 possi-

1893 2641 2009 2696 bile
2040 2645 2147 2696 est.
2184 2664 2212 2690 ››

1963 2730 2326 2785 Coaasp'roa.
2360 2730 2503 2785 Cum
2552 2729 2712 2795 dicit,
2746 2727 2899 2783 unde
2944 2744 3144 2799 supra,
3177 2731 3335 2798 patet
3384 2728 3539 2798 quod

1890 2819 2220 2890 praecedens
2246 2824 2421 2890 caput
2450 2818 2635 2873 sancti
2657 2815 2917 2888 Gregorii
2942 2816 3250 2887 supposito
3280 2815 3537 2887 capitulo

1890 2906 2287 2978 apostolorum
2305 2907 2431 2961 ideo
2453 2907 2773 2978 conjungat
2796 2910 2857 2959 ut
2874 2902 2958 2958 nil
2976 2903 3205 2958 differre
3226 2902 3541 2958 catholico-

1892 3013 2024 3050 rum
2053 3000 2111 3051 et
2149 2996 2555 3051 haereticorum
2605 2994 3035 3050 ordinationem
3080 2995 3325 3059 astruat,
3370 2992 3538 3061 dum,

1892 3085 2045 3156 quod
2061 3086 2119 3139 S.
2139 3084 2452 3155 Gregorius
2474 3100 2652 3155 super
2672 3081 3093 3138 catholicorum
3116 3080 3538 3137 ordinationem

1893 3172 2222 3244 specialiter
2242 3177 2617 3245 protestetur,
2645 3173 2755 3228 iste
2772 3172 2842 3227 ad
2876 3170 3279 3227 haereticorum
3314 3175 3537 3241 partem

1892 3262 2239 3332 generaliter
2268 3263 2580 3317 transferre
2602 3252 2863 3325 sonatur,
2888 3258 3056 3330 quasi
3074 3256 3319 3329 apostoli
3342 3262 3533 3313 vetue-

1890 3351 2008 3405 rint
2036 3352 2109 3405 ab
2142 3351 2445 3415 haereticis,
2502 3355 2567 3404 ut
2596 3349 2827 3414 dicitur,
2873 3347 3168 3401 ordinatos
3213 3345 3531 3400 secundam

1886 3455 2100 3494 manus
2133 3438 2561 3509 impositionem
2587 3454 2621 3491 a
2640 3434 2937 3490 catholicis
2958 3431 3429 3504 accipere.'Hinc,
3463 3450 3535 3488 ex

1882 3525 2277 3598 apostolorum
2326 3525 2649 3581 canonibus
2693 3523 2817 3579 sola
2862 3520 3116 3594 capitula
3162 3538 3180 3575 ι
3228 3520 3362 3591 (l5),
3409 3538 3529 3576 non

1881 3619 2113 3671 tantum
2131 3615 2471 3671 auctoritate
2484 3613 2635 3668 beati
2652 3611 2854 3667 Isidori
2870 3615 3151 3683 quantam
3171 3610 3532 3666 sanctissimi

1882 3722 2044 3776 papre
2075 3703 2390 3760 Clementis
2433 3707 2489 3758 et
2517 3701 2909 3773 plurimorum
2942 3715 3348 3755 successorum
3381 3699 3528 3768 ejus,

1881 3794 2151 3849 novimus
2182 3793 2390 3848 debere
2411 3791 2618 3862 recipi:
2653 3791 2776 3857 sed,
2801 3790 2955 3845 sicut
2986 3806 3056 3844 ex
3086 3786 3443 3843 authenticis
3475 3791 3533 3843 et

1880 3882 2137 3953 antiquis
2167 3879 2599 3951 exemplaribus
2622 3878 2837 3950 poterit
2868 3877 3121 3949 probari,
3147 3891 3399 3947 praesens
3431 3891 3526 3929 ca-

1879 3969 2134 4042 pitulum
2181 3972 2407 4025 constat
2456 3967 2586 4023 istic
2617 3965 2849 4038 proprio
2881 3981 3058 4020 sensu
3090 3968 3147 4019 et
3192 3962 3527 4035 integritate

1878 4058 2031 4114 circa
2070 4058 2161 4113 sui
2192 4058 2367 4112 ﬁnem
2400 4055 2656 4111 fraudari
2688 4061 2745 4110 et
2775 4053 3007 4126 privari,
3043 4057 3103 4109 et
3127 4052 3380 4108 alienum
3416 4052 3528 4124 fig-

1878 4151 2143 4202 mentum
2174 4146 2362 4201 eidem
2393 4143 2729 4216 appositum
2756 4143 2866 4199 sub
2898 4142 3091 4213 specie
3120 4140 3257 4197 veri.
3290 4140 3438 4195 Nam
3467 4141 3528 4195 in

1877 4235 2307 4307 antiquioribus
2339 4238 2396 4289 et
2424 4232 2818 4289 veracioribus
2840 4230 3166 4287 canonibus
3190 4230 3271 4285 ita
3300 4230 3525 4284 inveni-

1878 4327 2011 4379 tur:
2048 4348 2074 4375 «
2099 4325 2158 4379 Si
2180 4323 2311 4395 quis
2333 4323 2654 4379 secundam
2682 4338 2892 4376 manus
2917 4320 3350 4391 impositionem
3375 4335 3529 4373 acce-

1878 4414 2045 4486 perit,
2078 4414 2384 4483 dejiciatur
2406 4413 2551 4483 ipse,
2580 4416 2631 4467 et
2663 4411 2765 4483 qui
2792 4428 2927 4466 eum
2958 4410 3292 4465 reordinare
3338 4412 3524 4463 tenta-

1874 4504 2038 4571 verit,
2072 4504 2184 4558 nisi
2217 4504 2362 4559 forte
2392 4519 2526 4557 eum
2559 4504 2629 4557 ab
2664 4501 2953 4557 haereticis
2992 4499 3324 4555 ordinatum
3358 4513 3525 4552 com-

1875 4592 2223 4663 probaverit.
2259 4614 2286 4639 ››
2322 4591 2495 4646 Porro
2538 4591 2694 4661 quod
2738 4604 2922 4659 caupo
2954 4587 3051 4642 ille
3095 4585 3519 4657 nequissimus,

120 4682 277 4734 ctum
310 4679 597 4750 subjicere
619 4680 904 4751 quaesivit,
937 4680 1250 4735 Simoniaci
1294 4680 1444 4751 ejus,
1479 4681 1761 4752 quoniam
1794 4688 1839 4752 ο
1871 4680 2170 4736 subtracto
2200 4680 2331 4735 vino
2362 4681 2554 4749 Sorec,
2590 4676 2907 4733 admiscuit
2935 4692 3002 4731 ex
3034 4674 3295 4731 cisternae
3345 4673 3522 4729 dissi-

119 4766 356 4823 omuino
387 4771 615 4822 tantum
639 4768 802 4823 nefas
835 4769 1103 4833 credunt,
1135 4768 1352 4839 quibus
1377 4769 1503 4839 jam
1534 4770 1758 4840 pejores

116 4856 334 4911 erunt?
380 4856 576 4927 Neque
626 4857 783 4911 enim
838 4858 1064 4928 pejores
1100 4858 1332 4912 Arianis
1362 4857 1420 4911 in
1464 4858 1755 4913 hzereseon

116 4942 385 5015 Catalogo
407 4944 853 5015 dignoscuntur.
878 4945 1075 5001 Palam
1098 4961 1234 5017 ergo
1260 4945 1642 5014 Simoniacos,
1678 4946 1755 5001 si-

1868 4774 2013 4842 patae
2045 4770 2235 4841 aquis,
2262 4773 2326 4823 ut
2345 4768 2679 4840 propinaret
2710 4784 2744 4822 a
2777 4783 2838 4822 se
2858 4764 3142 4836 deceptis,
3171 4763 3416 4819 dicendo
3447 4764 3520 4818 ab

1867 4858 2155 4928 ejusmodi
2189 4858 2529 4929 baptizatos,
2554 4855 2976 4922 velordinatos,
2996 4871 3110 4909 non
3129 4870 3301 4925 posse
3332 4869 3525 4924 neque

1868 4946 2065 5001 ﬁdeles
2115 4962 2303 5017 neque
2332 4945 2574 5000 clericos
2606 4960 2755 5013 esse,
2800 4959 2907 4998 nec
2940 4942 2998 4997 in
3032 4942 3141 4997 iste
3185 4946 3523 4997 sanctorum

1866 5033 2288 5106 apostolorum,
2304 5050 2409 5089 nec
2430 5034 2487 5088 in
2511 5033 2708 5105 aliquo
2740 5031 3163 5087 catholicorum
3183 5030 3417 5086 Patrum
3433 5031 3522 5085 in-

1864 5123 2095 5179 venitur
2139 5140 2379 5179 canone.
2419 5123 2480 5177 In
2514 5140 2631 5194 qua
2661 5138 2770 5177 sua
2812 5120 3199 5176 fraudulenta
3248 5136 3519 5191 praesum-

1866 5212 2084 5285 ptione,
2122 5212 2211 5267 vel
2242 5213 2497 5282 profanae
2527 5211 2686 5267 vocis
2719 5210 2996 5276 novitate,
3032 5209 3154 5266 sole
3184 5208 3399 5264 clarius
3430 5209 3518 5262 in-

1867 5301 2118 5355 notescit
2148 5316 2324 5372 quam
2357 5300 2435 5355 sit
2484 5300 2876 5371 recipiendus,
2918 5298 3006 5354 vel
3051 5296 3393 5360 audiendus,
3454 5295 3515 5348 in

1864 5387 2211 5459 praecedenti
2238 5392 2340 5443 aut
2360 5387 2744 5459 subsequenti
2767 5405 2877 5443 sua
2898 5384 3306 5458 disputatione.
3332 5382 3511 5436 Mani-

116 5035 216 5087 cut
242 5035 502 5104 tempore
531 5032 615 5088 ita
635 5037 691 5088 et
711 5050 924 5101 errore,
948 5034 1188 5106 reliquis
1218 5034 1509 5090 haereticis
1532 5034 1754 5106 priores

114 5135 261 5176 esse.
292 5120 535 5187 Verum,
567 5137 639 5177 ne
661 5139 840 5194 supra
865 5123 1104 5178 modum
1127 5122 1473 5194 prmgravari
1500 5140 1561 5178 se
1584 5140 1618 5179 a
1649 5141 1753 5179 no-

112 5208 204 5265 bis
233 5213 492 5276 causent,
515 5226 687 5282 pares
706 5227 804 5266 eos
826 5211 1055 5266 Arianis
1081 5212 1315 5266 tandem
1349 5213 1753 5279 concedimus,

113 5297 376 5369 quamvis
406 5302 704 5355 auctorem
726 5315 929 5354 eorum
951 5300 1246 5354 Simonem
1269 5299 1504 5355 Arianis
1527 5316 1755 5372 perver-

109 5384 328 5442 siorem
351 5388 993 5458 prmmonstraverimus
1015 5404 1128 5459 quo
1150 5388 1352 5459 utique
1367 5390 1755 5460 perversiores

1898 5530 2046 5610 .(15)
2080 5527 2247 5584 Solos
2275 5528 2727 5612 quinquaginta
2767 5543 3011 5612 cano‘nes
3053 5523 3310 5612 admittit
3345 5521 3510 5612 Gela-

1862 5598 2430 5727 gius,tse((jiuint1il;us
2463 5598 2626 5657 intér
2654 5598 2980 5673 apocrypha
3021 5598 3343 5660 recensitis,
3378 5611 3507 5650 can.

1902 5689 2003 5727 anc
2030 5690 2081 5738 α,
2160 5690 2207 5728 IS
2241 5714 2252 5725 .
2322 5708 2332 5723 .
2364 5714 2375 5726 .

178 5527 286 5601 (Μ)
319 5527 444 5601 Non
476 5528 722 5601 videtur,
756 5529 947 5601 inquit
974 5529 1273 5584 Fabricius
1296 5530 1577 5599 (Bz‘blioth.
1612 5530 1750 5586 med.

108 5602 157 5653 et
187 5600 285 5674 inf.
318 5600 437 5674 Lat.
473 5600 567 5667 IV,
590 5602 717 5671 306)
740 5600 866 5674 esse
897 5618 1107 5656 nomen
1132 5601 1397 5674 hominis
1426 5602 1749 5674 proprium,

110 5670 206 5726 sed
238 5670 494 5751 ppsitu_m
527 5670 775 5751 conviCti
807 5672 931 5729 loco
964 5674 1021 5727 in
1056 5672 1387 5745 spinosiora
1426 5670 1750 5729 adversarii

106 5742 388 5801 acumina.
416 5742 572 5801 Em'r.
605 5747 849 5801 Pamon.
