  <div class='ocr_page' id='page_1' title='image "/cluster/home/n/w/nwhite01/storage/ocr_20150623/142-143/uc1.31175018423130/1251.png"; bbox 0 0 3876 6360; ppageno 0'>
   <div class='ocr_carea' id='block_1_1' title="bbox 364 452 516 517">
    <p class='ocr_par' dir='ltr' id='par_1_1' title="bbox 364 452 516 517">
     <span class='ocr_line' id='line_1_1' title="bbox 364 452 516 517; baseline 0.007 -1"><span class='ocrx_word' id='word_1_1' title='bbox 364 452 516 517; x_wconf 72' lang='lat'>{023</span> 
     </span>
    </p>
   </div>
   <div class='ocr_carea' id='block_1_2' title="bbox 1367 455 2074 525">
    <p class='ocr_par' dir='ltr' id='par_1_2' title="bbox 1367 455 2074 525">
     <span class='ocr_line' id='line_1_2' title="bbox 1367 455 2074 525; baseline -0.001 -3"><span class='ocrx_word' id='word_1_2' title='bbox 1367 457 1845 525; x_wconf 82' lang='lat' dir='ltr'>HUMBERTUS</span> <span class='ocrx_word' id='word_1_3' title='bbox 1889 455 1957 523; x_wconf 84' lang='lat' dir='ltr'>S.</span> <span class='ocrx_word' id='word_1_4' title='bbox 2001 456 2074 523; x_wconf 74' lang='grc' dir='ltr'>Β.</span> 
     </span>
    </p>
   </div>
   <div class='ocr_carea' id='block_1_3' title="bbox 2121 450 3807 524">
    <p class='ocr_par' dir='ltr' id='par_1_3' title="bbox 2121 450 3807 524">
     <span class='ocr_line' id='line_1_3' title="bbox 2121 450 3807 524; baseline -0.002 -2"><span class='ocrx_word' id='word_1_5' title='bbox 2121 455 2189 522; x_wconf 83' lang='grc' dir='ltr'><strong>Ε.</strong></span> <span class='ocrx_word' id='word_1_6' title='bbox 2237 455 2729 524; x_wconf 78' lang='lat' dir='ltr'>CARDINALIS.</span> <span class='ocrx_word' id='word_1_7' title='bbox 3644 450 3807 519; x_wconf 73' lang='grc' dir='ltr'>Ι.οΆ</span> 
     </span>
    </p>
   </div>
   <div class='ocr_carea' id='block_1_4' title="bbox 356 583 3805 667">
    <p class='ocr_par' dir='ltr' id='par_1_4' title="bbox 356 583 3805 667">
     <span class='ocr_line' id='line_1_4' title="bbox 356 583 3805 667; baseline 0.001 -20"><span class='ocrx_word' id='word_1_8' title='bbox 356 587 505 647; x_wconf 62' lang='lat' dir='ltr'>theta</span> <span class='ocrx_word' id='word_1_9' title='bbox 522 587 681 645; x_wconf 90' lang='lat' dir='ltr'>enim</span> <span class='ocrx_word' id='word_1_10' title='bbox 710 586 1034 665; x_wconf 75' lang='lat' dir='ltr'>impugnat,</span> <span class='ocrx_word' id='word_1_11' title='bbox 1067 595 1142 661; x_wconf 89' lang='lat' dir='ltr'>et,</span> <span class='ocrx_word' id='word_1_12' title='bbox 1176 594 1460 665; x_wconf 89' lang='lat' dir='ltr'>quantum</span> <span class='ocrx_word' id='word_1_13' title='bbox 1480 591 1540 649; x_wconf 90' lang='lat' dir='ltr'>in</span> <span class='ocrx_word' id='word_1_14' title='bbox 1571 608 1631 648; x_wconf 91' lang='lat' dir='ltr'>se</span> <span class='ocrx_word' id='word_1_15' title='bbox 1662 596 1769 659; x_wconf 91' lang='lat' dir='ltr'>est,</span> <span class='ocrx_word' id='word_1_16' title='bbox 1794 592 1988 649; x_wconf 80' lang='lat' dir='ltr'>cassat</span> <span class='ocrx_word' id='word_1_17' title='bbox 2014 592 2070 662; x_wconf 76' lang='grc' dir='ltr'><strong>Α</strong></span> <span class='ocrx_word' id='word_1_18' title='bbox 2097 609 2251 652; x_wconf 90' lang='lat' dir='ltr'>rum.</span> <span class='ocrx_word' id='word_1_19' title='bbox 2284 590 2343 650; x_wconf 88' lang='lat' dir='ltr'>Si</span> <span class='ocrx_word' id='word_1_20' title='bbox 2375 609 2511 667; x_wconf 80' lang='lat' dir='ltr'>ergo</span> <span class='ocrx_word' id='word_1_21' title='bbox 2541 590 2947 651; x_wconf 67' lang='lat' dir='ltr'>hereticorum</span> <span class='ocrx_word' id='word_1_22' title='bbox 2975 606 3193 651; x_wconf 86' lang='lat' dir='ltr'>manus</span> <span class='ocrx_word' id='word_1_23' title='bbox 3224 583 3562 663; x_wconf 64' lang='lat' dir='ltr'>impositis</span> <span class='ocrx_word' id='word_1_24' title='bbox 3619 602 3805 660; x_wconf 66' lang='lat' dir='ltr'>prava</span> 
     </span>
    </p>
   </div>
   <div class='ocr_carea' id='block_1_5' title="bbox 356 682 1986 754">
    <p class='ocr_par' dir='ltr' id='par_1_5' title="bbox 356 682 1986 754">
     <span class='ocr_line' id='line_1_5' title="bbox 356 682 1986 754; baseline 0.001 -19"><span class='ocrx_word' id='word_1_25' title='bbox 356 684 416 735; x_wconf 86' lang='lat' dir='ltr'>et</span> <span class='ocrx_word' id='word_1_26' title='bbox 442 695 719 735; x_wconf 87' lang='lat' dir='ltr'>evacuare</span> <span class='ocrx_word' id='word_1_27' title='bbox 740 682 1035 737; x_wconf 83' lang='lat' dir='ltr'>contendit</span> <span class='ocrx_word' id='word_1_28' title='bbox 1055 687 1314 738; x_wconf 84' lang='lat' dir='ltr'>sanctam</span> <span class='ocrx_word' id='word_1_29' title='bbox 1356 683 1643 739; x_wconf 70' lang='lat' dir='ltr'>Nicmnam</span> <span class='ocrx_word' id='word_1_30' title='bbox 1675 683 1986 754; x_wconf 81' lang='lat' dir='ltr'>synodum,</span> 
     </span>
    </p>
   </div>
   <div class='ocr_carea' id='block_1_6' title="bbox 359 767 1989 842">
    <p class='ocr_par' dir='ltr' id='par_1_6' title="bbox 359 767 1989 842">
     <span class='ocr_line' id='line_1_6' title="bbox 359 767 1989 842; baseline 0.002 -20"><span class='ocrx_word' id='word_1_31' title='bbox 359 784 485 840; x_wconf 70' lang='lat' dir='ltr'>quae</span> <span class='ocrx_word' id='word_1_32' title='bbox 513 767 686 823; x_wconf 86' lang='lat' dir='ltr'>etiam</span> <span class='ocrx_word' id='word_1_33' title='bbox 719 769 1060 840; x_wconf 82' lang='lat' dir='ltr'>capitulum,</span> <span class='ocrx_word' id='word_1_34' title='bbox 1091 772 1243 842; x_wconf 92' lang='lat' dir='ltr'>quod</span> <span class='ocrx_word' id='word_1_35' title='bbox 1281 771 1448 826; x_wconf 91' lang='lat' dir='ltr'>nobis</span> <span class='ocrx_word' id='word_1_36' title='bbox 1493 771 1864 841; x_wconf 82' lang='lat' dir='ltr'>phreneticus</span> <span class='ocrx_word' id='word_1_37' title='bbox 1894 768 1989 825; x_wconf 88' lang='lat' dir='ltr'>ille</span> 
     </span>
    </p>
   </div>
   <div class='ocr_carea' id='block_1_7' title="bbox 358 857 1988 930">
    <p class='ocr_par' dir='ltr' id='par_1_7' title="bbox 358 857 1988 930">
     <span class='ocr_line' id='line_1_7' title="bbox 358 857 1988 930; baseline -0.001 -18"><span class='ocrx_word' id='word_1_38' title='bbox 358 857 583 929; x_wconf 81' lang='lat' dir='ltr'>putavit</span> <span class='ocrx_word' id='word_1_39' title='bbox 612 859 683 912; x_wconf 90' lang='lat' dir='ltr'>ad</span> <span class='ocrx_word' id='word_1_40' title='bbox 706 858 1098 914; x_wconf 81' lang='lat' dir='ltr'>defensionem</span> <span class='ocrx_word' id='word_1_41' title='bbox 1125 861 1214 914; x_wconf 91' lang='lat' dir='ltr'>sui</span> <span class='ocrx_word' id='word_1_42' title='bbox 1238 860 1295 913; x_wconf 88' lang='lat' dir='ltr'>in</span> <span class='ocrx_word' id='word_1_43' title='bbox 1318 860 1811 930; x_wconf 78' lang='lat' dir='ltr'>subsequentibus</span> <span class='ocrx_word' id='word_1_44' title='bbox 1842 858 1988 928; x_wconf 86' lang='lat' dir='ltr'>obji-</span> 
     </span>
    </p>
   </div>
   <div class='ocr_carea' id='block_1_8' title="bbox 356 946 1990 1018">
    <p class='ocr_par' dir='ltr' id='par_1_8' title="bbox 356 946 1990 1018">
     <span class='ocr_line' id='line_1_8' title="bbox 356 946 1990 1018; baseline 0 -17"><span class='ocrx_word' id='word_1_45' title='bbox 356 946 650 1011; x_wconf 90' lang='lat' dir='ltr'>ciendum,</span> <span class='ocrx_word' id='word_1_46' title='bbox 683 948 972 1013; x_wconf 87' lang='lat' dir='ltr'>continet;</span> <span class='ocrx_word' id='word_1_47' title='bbox 1006 946 1063 1001; x_wconf 88' lang='lat' dir='ltr'>in</span> <span class='ocrx_word' id='word_1_48' title='bbox 1090 964 1203 1018; x_wconf 91' lang='lat' dir='ltr'>quo</span> <span class='ocrx_word' id='word_1_49' title='bbox 1223 947 1472 1014; x_wconf 88' lang='lat' dir='ltr'>Cathari,</span> <span class='ocrx_word' id='word_1_50' title='bbox 1507 947 1723 1002; x_wconf 81' lang='lat' dir='ltr'>scilicet</span> <span class='ocrx_word' id='word_1_51' title='bbox 1751 946 1990 1001; x_wconf 88' lang='lat' dir='ltr'>vicinio-</span> 
     </span>
    </p>
   </div>
   <div class='ocr_carea' id='block_1_9' title="bbox 356 1033 1990 1106">
    <p class='ocr_par' dir='ltr' id='par_1_9' title="bbox 356 1033 1990 1106">
     <span class='ocr_line' id='line_1_9' title="bbox 356 1033 1990 1106; baseline -0.002 -16"><span class='ocrx_word' id='word_1_52' title='bbox 356 1050 449 1090; x_wconf 90' lang='lat' dir='ltr'>res</span> <span class='ocrx_word' id='word_1_53' title='bbox 478 1033 772 1089; x_wconf 68' lang='lat' dir='ltr'>catholicae</span> <span class='ocrx_word' id='word_1_54' title='bbox 808 1035 939 1089; x_wconf 84' lang='lat' dir='ltr'>fidei</span> <span class='ocrx_word' id='word_1_55' title='bbox 966 1035 1251 1100; x_wconf 74' lang='lat' dir='ltr'>hmretici,‘</span> <span class='ocrx_word' id='word_1_56' title='bbox 1286 1036 1331 1090; x_wconf 89' lang='lat' dir='ltr'>si</span> <span class='ocrx_word' id='word_1_57' title='bbox 1366 1037 1599 1106; x_wconf 86' lang='lat' dir='ltr'>quando</span> <span class='ocrx_word' id='word_1_58' title='bbox 1640 1038 1710 1091; x_wconf 89' lang='lat' dir='ltr'>ad</span> <span class='ocrx_word' id='word_1_59' title='bbox 1742 1034 1990 1090; x_wconf 88' lang='lat' dir='ltr'>catholi-</span> 
     </span>
    </p>
   </div>
   <div class='ocr_carea' id='block_1_10' title="bbox 355 1123 1988 1195">
    <p class='ocr_par' dir='ltr' id='par_1_10' title="bbox 355 1123 1988 1195">
     <span class='ocr_line' id='line_1_10' title="bbox 355 1123 1988 1195; baseline 0.001 -19"><span class='ocrx_word' id='word_1_60' title='bbox 355 1138 482 1177; x_wconf 88' lang='lat' dir='ltr'>cam</span> <span class='ocrx_word' id='word_1_61' title='bbox 516 1123 775 1190; x_wconf 90' lang='lat' dir='ltr'>veniunt,</span> <span class='ocrx_word' id='word_1_62' title='bbox 802 1140 1009 1177; x_wconf 86' lang='lat' dir='ltr'>manus</span> <span class='ocrx_word' id='word_1_63' title='bbox 1031 1123 1458 1195; x_wconf 85' lang='lat' dir='ltr'>impositionem</span> <span class='ocrx_word' id='word_1_64' title='bbox 1487 1125 1767 1195; x_wconf 90' lang='lat' dir='ltr'>accipere,</span> <span class='ocrx_word' id='word_1_65' title='bbox 1791 1124 1988 1193; x_wconf 87' lang='lat' dir='ltr'>sicque</span> 
     </span>
    </p>
   </div>
   <div class='ocr_carea' id='block_1_11' title="bbox 355 1209 1986 1282">
    <p class='ocr_par' dir='ltr' id='par_1_11' title="bbox 355 1209 1986 1282">
     <span class='ocr_line' id='line_1_11' title="bbox 355 1209 1986 1282; baseline -0.001 -18"><span class='ocrx_word' id='word_1_66' title='bbox 355 1211 412 1265; x_wconf 93' lang='lat' dir='ltr'>in</span> <span class='ocrx_word' id='word_1_67' title='bbox 435 1209 712 1266; x_wconf 84' lang='lat' dir='ltr'>catholico</span> <span class='ocrx_word' id='word_1_68' title='bbox 737 1210 887 1267; x_wconf 91' lang='lat' dir='ltr'>clero</span> <span class='ocrx_word' id='word_1_69' title='bbox 910 1229 1247 1282; x_wconf 81' lang='lat' dir='ltr'>permanere</span> <span class='ocrx_word' id='word_1_70' title='bbox 1260 1216 1589 1266; x_wconf 80' lang='lat' dir='ltr'>censentur.</span> <span class='ocrx_word' id='word_1_71' title='bbox 1611 1212 1807 1281; x_wconf 88' lang='lat' dir='ltr'>Neque</span> <span class='ocrx_word' id='word_1_72' title='bbox 1832 1211 1986 1266; x_wconf 90' lang='lat' dir='ltr'>enim</span> 
     </span>
    </p>
   </div>
   <div class='ocr_carea' id='block_1_12' title="bbox 352 1299 1986 1372">
    <p class='ocr_par' dir='ltr' id='par_1_12' title="bbox 352 1299 1986 1372">
     <span class='ocr_line' id='line_1_12' title="bbox 352 1299 1986 1372; baseline 0 -18"><span class='ocrx_word' id='word_1_73' title='bbox 352 1302 677 1372; x_wconf 89' lang='lat' dir='ltr'>putandum</span> <span class='ocrx_word' id='word_1_74' title='bbox 700 1306 787 1355; x_wconf 87' lang='lat' dir='ltr'>est</span> <span class='ocrx_word' id='word_1_75' title='bbox 809 1306 1041 1355; x_wconf 90' lang='lat' dir='ltr'>sanctos</span> <span class='ocrx_word' id='word_1_76' title='bbox 1066 1302 1258 1355; x_wconf 81' lang='lat' dir='ltr'>Patres</span> <span class='ocrx_word' id='word_1_77' title='bbox 1281 1301 1333 1354; x_wconf 88' lang='lat' dir='ltr'>id</span> <span class='ocrx_word' id='word_1_78' title='bbox 1359 1302 1631 1355; x_wconf 82' lang='lat' dir='ltr'>statuisse</span> <span class='ocrx_word' id='word_1_79' title='bbox 1645 1301 1713 1354; x_wconf 89' lang='lat' dir='ltr'>de</span> <span class='ocrx_word' id='word_1_80' title='bbox 1725 1299 1986 1354; x_wconf 85' lang='lat' dir='ltr'>Novatio-</span> 
     </span>
    </p>
   </div>
   <div class='ocr_carea' id='block_1_13' title="bbox 351 1389 1987 1460">
    <p class='ocr_par' dir='ltr' id='par_1_13' title="bbox 351 1389 1987 1460">
     <span class='ocr_line' id='line_1_13' title="bbox 351 1389 1987 1460; baseline -0.001 -16"><span class='ocrx_word' id='word_1_81' title='bbox 351 1406 559 1444; x_wconf 89' lang='lat' dir='ltr'>norum</span> <span class='ocrx_word' id='word_1_82' title='bbox 582 1389 768 1454; x_wconf 88' lang='lat' dir='ltr'>laicis,</span> <span class='ocrx_word' id='word_1_83' title='bbox 803 1390 900 1460; x_wconf 89' lang='lat' dir='ltr'>qui</span> <span class='ocrx_word' id='word_1_84' title='bbox 925 1389 1145 1443; x_wconf 81' lang='lat' dir='ltr'>nullam</span> <span class='ocrx_word' id='word_1_85' title='bbox 1178 1406 1388 1444; x_wconf 86' lang='lat' dir='ltr'>manus</span> <span class='ocrx_word' id='word_1_86' title='bbox 1420 1389 1852 1460; x_wconf 91' lang='lat' dir='ltr'>impositionem</span> <span class='ocrx_word' id='word_1_87' title='bbox 1886 1404 1987 1459; x_wconf 90' lang='lat' dir='ltr'>pro</span> 
     </span>
    </p>
   </div>
   <div class='ocr_carea' id='block_1_14' title="bbox 349 1477 1987 1550">
    <p class='ocr_par' dir='ltr' id='par_1_14' title="bbox 349 1477 1987 1550">
     <span class='ocr_line' id='line_1_14' title="bbox 349 1477 1987 1550; baseline -0.002 -16"><span class='ocrx_word' id='word_1_88' title='bbox 349 1479 745 1550; x_wconf 85' lang='lat' dir='ltr'>adipiscendis</span> <span class='ocrx_word' id='word_1_89' title='bbox 775 1477 1081 1532; x_wconf 88' lang='lat' dir='ltr'>ordinibus</span> <span class='ocrx_word' id='word_1_90' title='bbox 1112 1482 1484 1548; x_wconf 89' lang='lat' dir='ltr'>acceperunt;</span> <span class='ocrx_word' id='word_1_91' title='bbox 1520 1479 1618 1531; x_wconf 89' lang='lat' dir='ltr'>sed</span> <span class='ocrx_word' id='word_1_92' title='bbox 1653 1479 1721 1531; x_wconf 90' lang='lat' dir='ltr'>de</span> <span class='ocrx_word' id='word_1_93' title='bbox 1753 1477 1987 1531; x_wconf 90' lang='lat' dir='ltr'>illorum</span> 
     </span>
    </p>
   </div>
   <div class='ocr_carea' id='block_1_15' title="bbox 350 1566 1987 1638">
    <p class='ocr_par' dir='ltr' id='par_1_15' title="bbox 350 1566 1987 1638">
     <span class='ocr_line' id='line_1_15' title="bbox 350 1566 1987 1638; baseline -0.002 -14"><span class='ocrx_word' id='word_1_94' title='bbox 350 1568 595 1633; x_wconf 87' lang='lat' dir='ltr'>clericis,</span> <span class='ocrx_word' id='word_1_95' title='bbox 632 1568 846 1638; x_wconf 85' lang='lat' dir='ltr'>quibus</span> <span class='ocrx_word' id='word_1_96' title='bbox 876 1584 910 1621; x_wconf 87' lang='lat' dir='ltr'>a</span> <span class='ocrx_word' id='word_1_97' title='bbox 941 1584 1056 1621; x_wconf 60' lang='lat' dir='ltr'>suae</span> <span class='ocrx_word' id='word_1_98' title='bbox 1088 1570 1257 1621; x_wconf 64' lang='lat' dir='ltr'>sectae</span> <span class='ocrx_word' id='word_1_99' title='bbox 1277 1566 1599 1637; x_wconf 63' lang='lat' dir='ltr'>praepositis</span> <span class='ocrx_word' id='word_1_100' title='bbox 1632 1583 1837 1621; x_wconf 87' lang='lat' dir='ltr'>manus</span> <span class='ocrx_word' id='word_1_101' title='bbox 1876 1567 1987 1621; x_wconf 87' lang='lat' dir='ltr'>im-</span> 
     </span>
    </p>
   </div>
   <div class='ocr_carea' id='block_1_16' title="bbox 350 1654 1989 1727">
    <p class='ocr_par' dir='ltr' id='par_1_16' title="bbox 350 1654 1989 1727">
     <span class='ocr_line' id='line_1_16' title="bbox 350 1654 1989 1727; baseline -0.002 -16"><span class='ocrx_word' id='word_1_102' title='bbox 350 1656 538 1727; x_wconf 87' lang='lat' dir='ltr'>posita</span> <span class='ocrx_word' id='word_1_103' title='bbox 560 1655 687 1718; x_wconf 85' lang='lat' dir='ltr'>fuit,</span> <span class='ocrx_word' id='word_1_104' title='bbox 707 1656 848 1709; x_wconf 88' lang='lat' dir='ltr'>utad</span> <span class='ocrx_word' id='word_1_105' title='bbox 864 1654 1160 1725; x_wconf 89' lang='lat' dir='ltr'>quodlibet</span> <span class='ocrx_word' id='word_1_106' title='bbox 1182 1654 1568 1708; x_wconf 88' lang='lat' dir='ltr'>ministerium</span> <span class='ocrx_word' id='word_1_107' title='bbox 1588 1671 1989 1725; x_wconf 89' lang='lat' dir='ltr'>promoveren-</span> 
     </span>
    </p>
   </div>
   <div class='ocr_carea' id='block_1_17' title="bbox 349 1744 1988 1810">
    <p class='ocr_par' dir='ltr' id='par_1_17' title="bbox 349 1744 1988 1810">
     <span class='ocr_line' id='line_1_17' title="bbox 349 1744 1988 1810; baseline -0.001 -9"><span class='ocrx_word' id='word_1_108' title='bbox 349 1751 446 1801; x_wconf 92' lang='lat' dir='ltr'>tur</span> <span class='ocrx_word' id='word_1_109' title='bbox 467 1745 687 1801; x_wconf 85' lang='lat' dir='ltr'>altaris.</span> <span class='ocrx_word' id='word_1_110' title='bbox 714 1745 934 1810; x_wconf 88' lang='lat' dir='ltr'>Quibus</span> <span class='ocrx_word' id='word_1_111' title='bbox 949 1744 1018 1797; x_wconf 88' lang='lat' dir='ltr'>ad</span> <span class='ocrx_word' id='word_1_112' title='bbox 1044 1744 1386 1798; x_wconf 85' lang='lat' dir='ltr'>catholicam</span> <span class='ocrx_word' id='word_1_113' title='bbox 1412 1744 1777 1799; x_wconf 88' lang='lat' dir='ltr'>venientibus</span> <span class='ocrx_word' id='word_1_114' title='bbox 1800 1761 1929 1799; x_wconf 90' lang='lat' dir='ltr'>cum</span> <span class='ocrx_word' id='word_1_115' title='bbox 1954 1761 1988 1800; x_wconf 87' lang='lat' dir='ltr'>a</span> 
     </span>
    </p>
   </div>
   <div class='ocr_carea' id='block_1_18' title="bbox 350 1832 1984 1902">
    <p class='ocr_par' dir='ltr' id='par_1_18' title="bbox 350 1832 1984 1902">
     <span class='ocr_line' id='line_1_18' title="bbox 350 1832 1984 1902; baseline -0.001 -12"><span class='ocrx_word' id='word_1_116' title='bbox 350 1834 647 1891; x_wconf 88' lang='lat' dir='ltr'>catholicis</span> <span class='ocrx_word' id='word_1_117' title='bbox 671 1833 1068 1888; x_wconf 86' lang='lat' dir='ltr'>sacerdotibus</span> <span class='ocrx_word' id='word_1_118' title='bbox 1093 1849 1300 1886; x_wconf 87' lang='lat' dir='ltr'>manus</span> <span class='ocrx_word' id='word_1_119' title='bbox 1323 1832 1662 1902; x_wconf 89' lang='lat' dir='ltr'>imponitur,</span> <span class='ocrx_word' id='word_1_120' title='bbox 1684 1850 1873 1887; x_wconf 90' lang='lat' dir='ltr'>nonne</span> <span class='ocrx_word' id='word_1_121' title='bbox 1895 1851 1984 1889; x_wconf 87' lang='lat' dir='ltr'>se-</span> 
     </span>
    </p>
   </div>
   <div class='ocr_carea' id='block_1_19' title="bbox 349 1921 2061 2015">
    <p class='ocr_par' dir='ltr' id='par_1_19' title="bbox 349 1921 2061 2015">
     <span class='ocr_line' id='line_1_19' title="bbox 349 1921 2061 2015; baseline -0.002 -37"><span class='ocrx_word' id='word_1_122' title='bbox 349 1924 599 1978; x_wconf 90' lang='lat' dir='ltr'>cundam</span> <span class='ocrx_word' id='word_1_123' title='bbox 632 1938 840 1976; x_wconf 85' lang='lat' dir='ltr'>manus</span> <span class='ocrx_word' id='word_1_124' title='bbox 870 1921 1303 1991; x_wconf 86' lang='lat' dir='ltr'>impositionem</span> <span class='ocrx_word' id='word_1_125' title='bbox 1335 1922 1593 1991; x_wconf 88' lang='lat' dir='ltr'>accipere</span> <span class='ocrx_word' id='word_1_126' title='bbox 1625 1921 1985 1976; x_wconf 86' lang='lat' dir='ltr'>noscuntur?</span> <span class='ocrx_word' id='word_1_127' title='bbox 2012 1949 2061 2015; x_wconf 76' lang='grc' dir='ltr'><strong><em>Β</em></strong></span> 
     </span>
    </p>
   </div>
   <div class='ocr_carea' id='block_1_20' title="bbox 345 2008 1976 2079">
    <p class='ocr_par' dir='ltr' id='par_1_20' title="bbox 345 2008 1976 2079">
     <span class='ocr_line' id='line_1_20' title="bbox 345 2008 1976 2079; baseline -0.002 -12"><span class='ocrx_word' id='word_1_128' title='bbox 345 2014 523 2077; x_wconf 86' lang='lat' dir='ltr'>Quam</span> <span class='ocrx_word' id='word_1_129' title='bbox 560 2010 688 2065; x_wconf 92' lang='lat' dir='ltr'>ideo</span> <span class='ocrx_word' id='word_1_130' title='bbox 722 2026 754 2063; x_wconf 89' lang='lat' dir='ltr'>a</span> <span class='ocrx_word' id='word_1_131' title='bbox 785 2008 1085 2063; x_wconf 89' lang='lat' dir='ltr'>catholicis</span> <span class='ocrx_word' id='word_1_132' title='bbox 1125 2008 1441 2079; x_wconf 89' lang='lat' dir='ltr'>accipiunt,</span> <span class='ocrx_word' id='word_1_133' title='bbox 1475 2009 1612 2079; x_wconf 89' lang='lat' dir='ltr'>quia</span> <span class='ocrx_word' id='word_1_134' title='bbox 1652 2010 1724 2063; x_wconf 90' lang='lat' dir='ltr'>ab</span> <span class='ocrx_word' id='word_1_135' title='bbox 1752 2009 1976 2077; x_wconf 48' lang='lat' dir='ltr'>hmretig</span> 
     </span>
    </p>
   </div>
   <div class='ocr_carea' id='block_1_21' title="bbox 347 2096 1981 2169">
    <p class='ocr_par' dir='ltr' id='par_1_21' title="bbox 347 2096 1981 2169">
     <span class='ocr_line' id='line_1_21' title="bbox 347 2096 1981 2169; baseline -0.002 -14"><span class='ocrx_word' id='word_1_136' title='bbox 347 2098 428 2156; x_wconf 89' lang='lat' dir='ltr'>cis</span> <span class='ocrx_word' id='word_1_137' title='bbox 459 2097 707 2154; x_wconf 88' lang='lat' dir='ltr'>ordinati</span> <span class='ocrx_word' id='word_1_138' title='bbox 738 2098 1208 2169; x_wconf 85' lang='lat' dir='ltr'>comprobantur,</span> <span class='ocrx_word' id='word_1_139' title='bbox 1232 2105 1297 2151; x_wconf 90' lang='lat' dir='ltr'>ut</span> <span class='ocrx_word' id='word_1_140' title='bbox 1314 2096 1371 2150; x_wconf 90' lang='lat' dir='ltr'>in</span> <span class='ocrx_word' id='word_1_141' title='bbox 1391 2114 1568 2168; x_wconf 86' lang='lat' dir='ltr'>supra</span> <span class='ocrx_word' id='word_1_142' title='bbox 1590 2098 1741 2153; x_wconf 89' lang='lat' dir='ltr'>dicto</span> <span class='ocrx_word' id='word_1_143' title='bbox 1763 2113 1981 2152; x_wconf 83' lang='lat' dir='ltr'>canone</span> 
     </span>
    </p>
   </div>
   <div class='ocr_carea' id='block_1_22' title="bbox 346 2185 1978 2260">
    <p class='ocr_par' dir='ltr' id='par_1_22' title="bbox 346 2185 1978 2260">
     <span class='ocr_line' id='line_1_22' title="bbox 346 2185 1978 2260; baseline -0.002 -18"><span class='ocrx_word' id='word_1_144' title='bbox 346 2187 739 2260; x_wconf 88' lang='lat' dir='ltr'>apostolorum</span> <span class='ocrx_word' id='word_1_145' title='bbox 761 2186 1082 2241; x_wconf 90' lang='lat' dir='ltr'>secundum</span> <span class='ocrx_word' id='word_1_146' title='bbox 1106 2185 1408 2256; x_wconf 90' lang='lat' dir='ltr'>antiquam</span> <span class='ocrx_word' id='word_1_147' title='bbox 1430 2186 1729 2240; x_wconf 87' lang='lat' dir='ltr'>veritatem</span> <span class='ocrx_word' id='word_1_148' title='bbox 1745 2186 1978 2255; x_wconf 83' lang='lat' dir='ltr'>legitur,</span> 
     </span>
    </p>
   </div>
   <div class='ocr_carea' id='block_1_23' title="bbox 345 2270 1980 2347">
    <p class='ocr_par' dir='ltr' id='par_1_23' title="bbox 345 2270 1980 2347">
     <span class='ocr_line' id='line_1_23' title="bbox 345 2270 1980 2347; baseline -0.001 -18"><span class='ocrx_word' id='word_1_149' title='bbox 345 2292 522 2347; x_wconf 84' lang='lat' dir='ltr'>quam</span> <span class='ocrx_word' id='word_1_150' title='bbox 556 2274 648 2329; x_wconf 91' lang='lat' dir='ltr'>hic</span> <span class='ocrx_word' id='word_1_151' title='bbox 679 2270 996 2329; x_wconf 86' lang='lat' dir='ltr'>mendosus</span> <span class='ocrx_word' id='word_1_152' title='bbox 1025 2274 1361 2327; x_wconf 87' lang='lat' dir='ltr'>emendator</span> <span class='ocrx_word' id='word_1_153' title='bbox 1382 2274 1721 2328; x_wconf 86' lang='lat' dir='ltr'>subtrahere</span> <span class='ocrx_word' id='word_1_154' title='bbox 1745 2292 1858 2329; x_wconf 92' lang='lat' dir='ltr'>non</span> <span class='ocrx_word' id='word_1_155' title='bbox 1887 2290 1980 2327; x_wconf 90' lang='lat' dir='ltr'>ve-</span> 
     </span>
    </p>
   </div>
   <div class='ocr_carea' id='block_1_24' title="bbox 346 2360 1980 2432">
    <p class='ocr_par' dir='ltr' id='par_1_24' title="bbox 346 2360 1980 2432">
     <span class='ocr_line' id='line_1_24' title="bbox 346 2360 1980 2432; baseline -0.001 -15"><span class='ocrx_word' id='word_1_156' title='bbox 346 2364 517 2426; x_wconf 89' lang='lat' dir='ltr'>ritus,</span> <span class='ocrx_word' id='word_1_157' title='bbox 548 2362 736 2417; x_wconf 72' lang='lat' dir='ltr'>etiam.</span> <span class='ocrx_word' id='word_1_158' title='bbox 759 2366 959 2415; x_wconf 90' lang='lat' dir='ltr'>sancto</span> <span class='ocrx_word' id='word_1_159' title='bbox 988 2360 1214 2415; x_wconf 71' lang='lat' dir='ltr'>Nicmno</span> <span class='ocrx_word' id='word_1_160' title='bbox 1247 2360 1489 2415; x_wconf 88' lang='lat' dir='ltr'>concilio</span> <span class='ocrx_word' id='word_1_161' title='bbox 1523 2361 1786 2432; x_wconf 89' lang='lat' dir='ltr'>publicas</span> <span class='ocrx_word' id='word_1_162' title='bbox 1826 2361 1980 2431; x_wconf 88' lang='lat' dir='ltr'>inju-</span> 
     </span>
    </p>
   </div>
   <div class='ocr_carea' id='block_1_25' title="bbox 348 2448 1982 2520">
    <p class='ocr_par' dir='ltr' id='par_1_25' title="bbox 348 2448 1982 2520">
     <span class='ocr_line' id='line_1_25' title="bbox 348 2448 1982 2520; baseline -0.002 -16"><span class='ocrx_word' id='word_1_163' title='bbox 348 2450 466 2505; x_wconf 90' lang='lat' dir='ltr'>rias</span> <span class='ocrx_word' id='word_1_164' title='bbox 496 2451 785 2520; x_wconf 86' lang='lat' dir='ltr'>irrogasse</span> <span class='ocrx_word' id='word_1_165' title='bbox 814 2448 1283 2516; x_wconf 81' lang='lat' dir='ltr'>deprehenditur.</span> <span class='ocrx_word' id='word_1_166' title='bbox 1317 2448 1465 2513; x_wconf 91' lang='lat' dir='ltr'>Quin</span> <span class='ocrx_word' id='word_1_167' title='bbox 1495 2450 1669 2503; x_wconf 88' lang='lat' dir='ltr'>etiam</span> <span class='ocrx_word' id='word_1_168' title='bbox 1712 2448 1811 2503; x_wconf 91' lang='lat' dir='ltr'>illa</span> <span class='ocrx_word' id='word_1_169' title='bbox 1855 2449 1982 2518; x_wconf 88' lang='lat' dir='ltr'>ejus</span> 
     </span>
    </p>
   </div>
   <div class='ocr_carea' id='block_1_26' title="bbox 348 2536 1982 2608">
    <p class='ocr_par' dir='ltr' id='par_1_26' title="bbox 348 2536 1982 2608">
     <span class='ocr_line' id='line_1_26' title="bbox 348 2536 1982 2608; baseline -0.001 -16"><span class='ocrx_word' id='word_1_170' title='bbox 348 2537 649 2593; x_wconf 90' lang='lat' dir='ltr'>conclusio</span> <span class='ocrx_word' id='word_1_171' title='bbox 672 2536 1164 2603; x_wconf 86' lang='lat' dir='ltr'>consideretur,in</span> <span class='ocrx_word' id='word_1_172' title='bbox 1187 2537 1585 2608; x_wconf 83' lang='lat' dir='ltr'>quadifﬁnivit</span> <span class='ocrx_word' id='word_1_173' title='bbox 1602 2538 1672 2591; x_wconf 91' lang='lat' dir='ltr'>ab</span> <span class='ocrx_word' id='word_1_174' title='bbox 1695 2537 1982 2606; x_wconf 86' lang='lat' dir='ltr'>ejusmodi</span> 
     </span>
    </p>
   </div>
   <div class='ocr_carea' id='block_1_27' title="bbox 350 2624 1984 2697">
    <p class='ocr_par' dir='ltr' id='par_1_27' title="bbox 350 2624 1984 2697">
     <span class='ocr_line' id='line_1_27' title="bbox 350 2624 1984 2697; baseline -0.002 -17"><span class='ocrx_word' id='word_1_175' title='bbox 350 2625 703 2697; x_wconf 85' lang='lat' dir='ltr'>baptizatos,</span> <span class='ocrx_word' id='word_1_176' title='bbox 731 2624 814 2679; x_wconf 89' lang='lat' dir='ltr'>vel</span> <span class='ocrx_word' id='word_1_177' title='bbox 836 2624 1131 2679; x_wconf 88' lang='lat' dir='ltr'>ordinatos</span> <span class='ocrx_word' id='word_1_178' title='bbox 1146 2641 1247 2679; x_wconf 88' lang='lat' dir='ltr'>nec</span> <span class='ocrx_word' id='word_1_179' title='bbox 1273 2624 1468 2679; x_wconf 80' lang='lat' dir='ltr'>ﬁdeles</span> <span class='ocrx_word' id='word_1_180' title='bbox 1487 2642 1589 2679; x_wconf 91' lang='lat' dir='ltr'>nec</span> <span class='ocrx_word' id='word_1_181' title='bbox 1606 2624 1844 2679; x_wconf 91' lang='lat' dir='ltr'>clericos</span> <span class='ocrx_word' id='word_1_182' title='bbox 1857 2640 1984 2678; x_wconf 90' lang='lat' dir='ltr'>esse</span> 
     </span>
    </p>
   </div>
   <div class='ocr_carea' id='block_1_28' title="bbox 348 2713 1980 2786">
    <p class='ocr_par' dir='ltr' id='par_1_28' title="bbox 348 2713 1980 2786">
     <span class='ocr_line' id='line_1_28' title="bbox 348 2713 1980 2786; baseline -0.002 -16"><span class='ocrx_word' id='word_1_183' title='bbox 348 2730 536 2786; x_wconf 90' lang='lat' dir='ltr'>posse.</span> <span class='ocrx_word' id='word_1_184' title='bbox 569 2714 729 2778; x_wconf 88' lang='lat' dir='ltr'>Quod</span> <span class='ocrx_word' id='word_1_185' title='bbox 757 2714 806 2768; x_wconf 90' lang='lat' dir='ltr'>si</span> <span class='ocrx_word' id='word_1_186' title='bbox 838 2714 917 2767; x_wconf 86' lang='lat' dir='ltr'>ita</span> <span class='ocrx_word' id='word_1_187' title='bbox 940 2718 1048 2779; x_wconf 87' lang='lat' dir='ltr'>est,</span> <span class='ocrx_word' id='word_1_188' title='bbox 1081 2717 1144 2767; x_wconf 89' lang='lat' dir='ltr'>ut</span> <span class='ocrx_word' id='word_1_189' title='bbox 1175 2713 1246 2767; x_wconf 92' lang='lat' dir='ltr'>de</span> <span class='ocrx_word' id='word_1_190' title='bbox 1276 2713 1494 2767; x_wconf 62' lang='lat' dir='ltr'>caeteris</span> <span class='ocrx_word' id='word_1_191' title='bbox 1526 2713 1759 2768; x_wconf 91' lang='lat' dir='ltr'>interim</span> <span class='ocrx_word' id='word_1_192' title='bbox 1782 2718 1980 2767; x_wconf 83' lang='lat' dir='ltr'>tacea-</span> 
     </span>
    </p>
   </div>
   <div class='ocr_carea' id='block_1_29' title="bbox 346 2799 1981 2869">
    <p class='ocr_par' dir='ltr' id='par_1_29' title="bbox 346 2799 1981 2869">
     <span class='ocr_line' id='line_1_29' title="bbox 346 2799 1981 2869; baseline -0.001 -12"><span class='ocrx_word' id='word_1_193' title='bbox 346 2805 462 2869; x_wconf 90' lang='lat' dir='ltr'>tur,</span> <span class='ocrx_word' id='word_1_194' title='bbox 518 2805 745 2857; x_wconf 88' lang='lat' dir='ltr'>constat</span> <span class='ocrx_word' id='word_1_195' title='bbox 791 2801 1138 2856; x_wconf 89' lang='lat' dir='ltr'>Novatianos</span> <span class='ocrx_word' id='word_1_196' title='bbox 1188 2800 1489 2856; x_wconf 60' lang='lat' dir='ltr'>haereticos</span> <span class='ocrx_word' id='word_1_197' title='bbox 1521 2801 1589 2855; x_wconf 90' lang='lat' dir='ltr'>ad</span> <span class='ocrx_word' id='word_1_198' title='bbox 1638 2799 1981 2855; x_wconf 86' lang='lat' dir='ltr'>catholicam</span> 
     </span>
    </p>
   </div>
   <div class='ocr_carea' id='block_1_30' title="bbox 345 2888 1982 2961">
    <p class='ocr_par' dir='ltr' id='par_1_30' title="bbox 345 2888 1982 2961">
     <span class='ocr_line' id='line_1_30' title="bbox 345 2888 1982 2961; baseline -0.002 -16"><span class='ocrx_word' id='word_1_199' title='bbox 345 2893 736 2957; x_wconf 86' lang='lat' dir='ltr'>transeuntes,</span> <span class='ocrx_word' id='word_1_200' title='bbox 761 2890 927 2961; x_wconf 89' lang='lat' dir='ltr'>quasi</span> <span class='ocrx_word' id='word_1_201' title='bbox 949 2905 983 2942; x_wconf 90' lang='lat' dir='ltr'>a</span> <span class='ocrx_word' id='word_1_202' title='bbox 1012 2888 1153 2943; x_wconf 88' lang='lat' dir='ltr'>facie</span> <span class='ocrx_word' id='word_1_203' title='bbox 1180 2888 1365 2942; x_wconf 90' lang='lat' dir='ltr'>leonis</span> <span class='ocrx_word' id='word_1_204' title='bbox 1396 2889 1612 2959; x_wconf 82' lang='lat' dir='ltr'>fugere,</span> <span class='ocrx_word' id='word_1_205' title='bbox 1644 2889 1745 2943; x_wconf 90' lang='lat' dir='ltr'>sed</span> <span class='ocrx_word' id='word_1_206' title='bbox 1778 2903 1982 2942; x_wconf 90' lang='lat' dir='ltr'>ursum</span> 
     </span>
    </p>
   </div>
   <div class='ocr_carea' id='block_1_31' title="bbox 351 2975 1983 3047">
    <p class='ocr_par' dir='ltr' id='par_1_31' title="bbox 351 2975 1983 3047">
     <span class='ocr_line' id='line_1_31' title="bbox 351 2975 1983 3047; baseline -0.002 -15"><span class='ocrx_word' id='word_1_207' title='bbox 351 2978 437 3033; x_wconf 90' lang='lat' dir='ltr'>eis</span> <span class='ocrx_word' id='word_1_208' title='bbox 451 2993 774 3041; x_wconf 90' lang='lat' dir='ltr'>occurrere,</span> <span class='ocrx_word' id='word_1_209' title='bbox 791 2978 952 3042; x_wconf 92' lang='lat' dir='ltr'>dum,</span> <span class='ocrx_word' id='word_1_210' title='bbox 980 2992 1082 3047; x_wconf 88' lang='lat' dir='ltr'>per</span> <span class='ocrx_word' id='word_1_211' title='bbox 1099 2975 1532 3047; x_wconf 90' lang='lat' dir='ltr'>impositionem</span> <span class='ocrx_word' id='word_1_212' title='bbox 1555 2993 1765 3031; x_wconf 90' lang='lat' dir='ltr'>manus</span> <span class='ocrx_word' id='word_1_213' title='bbox 1788 2976 1983 3031; x_wconf 83' lang='lat' dir='ltr'>catho-</span> 
     </span>
    </p>
   </div>
   <div class='ocr_carea' id='block_1_32' title="bbox 354 3064 1984 3135">
    <p class='ocr_par' dir='ltr' id='par_1_32' title="bbox 354 3064 1984 3135">
     <span class='ocr_line' id='line_1_32' title="bbox 354 3064 1984 3135; baseline -0.001 -16"><span class='ocrx_word' id='word_1_214' title='bbox 354 3065 450 3120; x_wconf 89' lang='lat' dir='ltr'>lici</span> <span class='ocrx_word' id='word_1_215' title='bbox 480 3064 817 3131; x_wconf 86' lang='lat' dir='ltr'>sacerdotis,</span> <span class='ocrx_word' id='word_1_216' title='bbox 849 3064 957 3119; x_wconf 94' lang='lat' dir='ltr'>hoc</span> <span class='ocrx_word' id='word_1_217' title='bbox 987 3064 1071 3118; x_wconf 90' lang='lat' dir='ltr'>eis</span> <span class='ocrx_word' id='word_1_218' title='bbox 1102 3065 1172 3118; x_wconf 88' lang='lat' dir='ltr'>ad</span> <span class='ocrx_word' id='word_1_219' title='bbox 1204 3064 1517 3135; x_wconf 89' lang='lat' dir='ltr'>perniciem</span> <span class='ocrx_word' id='word_1_220' title='bbox 1566 3065 1880 3130; x_wconf 79' lang='lat' dir='ltr'>confertur,</span> <span class='ocrx_word' id='word_1_221' title='bbox 1914 3080 1984 3118; x_wconf 89' lang='lat' dir='ltr'>ne</span> 
     </span>
    </p>
   </div>
   <div class='ocr_carea' id='block_1_33' title="bbox 353 3148 1982 3224">
    <p class='ocr_par' dir='ltr' id='par_1_33' title="bbox 353 3148 1982 3224">
     <span class='ocr_line' id='line_1_33' title="bbox 353 3148 1982 3224; baseline -0.001 -16"><span class='ocrx_word' id='word_1_222' title='bbox 353 3153 624 3224; x_wconf 89' lang='lat' dir='ltr'>deinceps</span> <span class='ocrx_word' id='word_1_223' title='bbox 656 3152 786 3224; x_wconf 89' lang='lat' dir='ltr'>ipsi,</span> <span class='ocrx_word' id='word_1_224' title='bbox 819 3152 905 3207; x_wconf 89' lang='lat' dir='ltr'>vel</span> <span class='ocrx_word' id='word_1_225' title='bbox 938 3153 1009 3208; x_wconf 90' lang='lat' dir='ltr'>ab</span> <span class='ocrx_word' id='word_1_226' title='bbox 1039 3152 1090 3207; x_wconf 93' lang='lat' dir='ltr'>ei</span> <span class='ocrx_word' id='word_1_227' title='bbox 1123 3152 1395 3224; x_wconf 88' lang='lat' dir='ltr'>baptizuti</span> <span class='ocrx_word' id='word_1_228' title='bbox 1426 3148 1524 3207; x_wconf 85' lang='lat' dir='ltr'>aut</span> <span class='ocrx_word' id='word_1_229' title='bbox 1554 3152 1826 3218; x_wconf 90' lang='lat' dir='ltr'>ordinati,</span> <span class='ocrx_word' id='word_1_230' title='bbox 1852 3168 1982 3223; x_wconf 91' lang='lat' dir='ltr'>pos-</span> 
     </span>
    </p>
   </div>
   <div class='ocr_carea' id='block_1_34' title="bbox 354 3239 1982 3312">
    <p class='ocr_par' dir='ltr' id='par_1_34' title="bbox 354 3239 1982 3312">
     <span class='ocr_line' id='line_1_34' title="bbox 354 3239 1982 3312; baseline -0.001 -16"><span class='ocrx_word' id='word_1_231' title='bbox 354 3242 472 3297; x_wconf 90' lang='lat' dir='ltr'>sint</span> <span class='ocrx_word' id='word_1_232' title='bbox 502 3240 700 3295; x_wconf 82' lang='lat' dir='ltr'>ﬁdelcs</span> <span class='ocrx_word' id='word_1_233' title='bbox 731 3245 830 3297; x_wconf 91' lang='lat' dir='ltr'>aut</span> <span class='ocrx_word' id='word_1_234' title='bbox 859 3240 1047 3295; x_wconf 91' lang='lat' dir='ltr'>clerici</span> <span class='ocrx_word' id='word_1_235' title='bbox 1076 3240 1295 3295; x_wconf 90' lang='lat' dir='ltr'>haberi.</span> <span class='ocrx_word' id='word_1_236' title='bbox 1328 3245 1475 3296; x_wconf 91' lang='lat' dir='ltr'>Sane</span> <span class='ocrx_word' id='word_1_237' title='bbox 1505 3242 1611 3296; x_wconf 91' lang='lat' dir='ltr'>hoc</span> <span class='ocrx_word' id='word_1_238' title='bbox 1642 3248 1808 3312; x_wconf 87' lang='lat' dir='ltr'>pacto</span> <span class='ocrx_word' id='word_1_239' title='bbox 1839 3239 1982 3295; x_wconf 89' lang='lat' dir='ltr'>tole-</span> 
     </span>
    </p>
   </div>
   <div class='ocr_carea' id='block_1_35' title="bbox 352 3306 2055 3401">
    <p class='ocr_par' dir='ltr' id='par_1_35' title="bbox 352 3306 2055 3401">
     <span class='ocr_line' id='line_1_35' title="bbox 352 3306 2055 3401; baseline -0.002 -16"><span class='ocrx_word' id='word_1_240' title='bbox 352 3329 592 3385; x_wconf 89' lang='lat' dir='ltr'>rabilius</span> <span class='ocrx_word' id='word_1_241' title='bbox 623 3329 737 3384; x_wconf 88' lang='lat' dir='ltr'>illis</span> <span class='ocrx_word' id='word_1_242' title='bbox 758 3330 944 3384; x_wconf 84' lang='lat' dir='ltr'>fuerat</span> <span class='ocrx_word' id='word_1_243' title='bbox 971 3330 1056 3384; x_wconf 92' lang='lat' dir='ltr'>sic</span> <span class='ocrx_word' id='word_1_244' title='bbox 1076 3346 1414 3401; x_wconf 88' lang='lat' dir='ltr'>permanere</span> <span class='ocrx_word' id='word_1_245' title='bbox 1443 3346 1618 3400; x_wconf 86' lang='lat' dir='ltr'>quam</span> <span class='ocrx_word' id='word_1_246' title='bbox 1642 3306 1710 3383; x_wconf 77' lang='lat' dir='ltr'>ad</span> <span class='ocrx_word' id='word_1_247' title='bbox 1740 3328 1983 3383; x_wconf 83' lang='lat' dir='ltr'>catholi-</span> <span class='ocrx_word' id='word_1_248' title='bbox 2011 3306 2055 3372; x_wconf 68' lang='grc' dir='ltr'>α</span> 
     </span>
    </p>
   </div>
   <div class='ocr_carea' id='block_1_36' title="bbox 349 3417 1983 3489">
    <p class='ocr_par' dir='ltr' id='par_1_36' title="bbox 349 3417 1983 3489">
     <span class='ocr_line' id='line_1_36' title="bbox 349 3417 1983 3489; baseline 0 -17"><span class='ocrx_word' id='word_1_249' title='bbox 349 3434 476 3473; x_wconf 90' lang='lat' dir='ltr'>cam</span> <span class='ocrx_word' id='word_1_250' title='bbox 509 3418 797 3485; x_wconf 88' lang='lat' dir='ltr'>accedere,</span> <span class='ocrx_word' id='word_1_251' title='bbox 831 3422 887 3473; x_wconf 92' lang='lat' dir='ltr'>et</span> <span class='ocrx_word' id='word_1_252' title='bbox 916 3417 1055 3472; x_wconf 92' lang='lat' dir='ltr'>inibi</span> <span class='ocrx_word' id='word_1_253' title='bbox 1092 3434 1301 3473; x_wconf 89' lang='lat' dir='ltr'>manus</span> <span class='ocrx_word' id='word_1_254' title='bbox 1346 3417 1800 3489; x_wconf 89' lang='lat' dir='ltr'>impositionem,</span> <span class='ocrx_word' id='word_1_255' title='bbox 1851 3421 1983 3488; x_wconf 91' lang='lat' dir='ltr'>post</span> 
     </span>
    </p>
   </div>
   <div class='ocr_carea' id='block_1_37' title="bbox 350 3504 1981 3577">
    <p class='ocr_par' dir='ltr' id='par_1_37' title="bbox 350 3504 1981 3577">
     <span class='ocr_line' id='line_1_37' title="bbox 350 3504 1981 3577; baseline 0 -17"><span class='ocrx_word' id='word_1_256' title='bbox 350 3504 510 3561; x_wconf 86' lang='lat' dir='ltr'>illam</span> <span class='ocrx_word' id='word_1_257' title='bbox 542 3522 719 3577; x_wconf 88' lang='lat' dir='ltr'>quam</span> <span class='ocrx_word' id='word_1_258' title='bbox 752 3522 785 3561; x_wconf 91' lang='lat' dir='ltr'>a</span> <span class='ocrx_word' id='word_1_259' title='bbox 832 3506 957 3561; x_wconf 90' lang='lat' dir='ltr'>suis</span> <span class='ocrx_word' id='word_1_260' title='bbox 1008 3509 1366 3577; x_wconf 89' lang='lat' dir='ltr'>acceperant,</span> <span class='ocrx_word' id='word_1_261' title='bbox 1418 3507 1695 3577; x_wconf 90' lang='lat' dir='ltr'>accipere.</span> <span class='ocrx_word' id='word_1_262' title='bbox 1754 3505 1981 3577; x_wconf 91' lang='lat' dir='ltr'>Duplici</span> 
     </span>
    </p>
   </div>
   <div class='ocr_carea' id='block_1_38' title="bbox 350 3594 1983 3666">
    <p class='ocr_par' dir='ltr' id='par_1_38' title="bbox 350 3594 1983 3666">
     <span class='ocr_line' id='line_1_38' title="bbox 350 3594 1983 3666; baseline -0.001 -16"><span class='ocrx_word' id='word_1_263' title='bbox 350 3610 604 3666; x_wconf 90' lang='lat' dir='ltr'>namque</span> <span class='ocrx_word' id='word_1_264' title='bbox 617 3594 959 3649; x_wconf 88' lang='lat' dir='ltr'>contritione</span> <span class='ocrx_word' id='word_1_265' title='bbox 980 3594 1211 3649; x_wconf 89' lang='lat' dir='ltr'>contriti</span> <span class='ocrx_word' id='word_1_266' title='bbox 1237 3594 1558 3666; x_wconf 88' lang='lat' dir='ltr'>probantur</span> <span class='ocrx_word' id='word_1_267' title='bbox 1578 3610 1829 3665; x_wconf 91' lang='lat' dir='ltr'>quorum</span> <span class='ocrx_word' id='word_1_268' title='bbox 1840 3594 1983 3665; x_wconf 90' lang='lat' dir='ltr'>bap-</span> 
     </span>
    </p>
   </div>
   <div class='ocr_carea' id='block_1_39' title="bbox 350 3681 1980 3754">
    <p class='ocr_par' dir='ltr' id='par_1_39' title="bbox 350 3681 1980 3754">
     <span class='ocr_line' id='line_1_39' title="bbox 350 3681 1980 3754; baseline -0.001 -17"><span class='ocrx_word' id='word_1_269' title='bbox 350 3682 525 3737; x_wconf 88' lang='lat' dir='ltr'>tisma</span> <span class='ocrx_word' id='word_1_270' title='bbox 550 3681 639 3737; x_wconf 93' lang='lat' dir='ltr'>vel</span> <span class='ocrx_word' id='word_1_271' title='bbox 670 3682 976 3738; x_wconf 91' lang='lat' dir='ltr'>clericatus</span> <span class='ocrx_word' id='word_1_272' title='bbox 1007 3682 1086 3736; x_wconf 91' lang='lat' dir='ltr'>nil</span> <span class='ocrx_word' id='word_1_273' title='bbox 1109 3684 1234 3752; x_wconf 86' lang='lat' dir='ltr'>jam</span> <span class='ocrx_word' id='word_1_274' title='bbox 1265 3699 1393 3737; x_wconf 87' lang='lat' dir='ltr'>esse</span> <span class='ocrx_word' id='word_1_275' title='bbox 1415 3700 1585 3754; x_wconf 88' lang='lat' dir='ltr'>posse</span> <span class='ocrx_word' id='word_1_276' title='bbox 1616 3682 1980 3753; x_wconf 75' lang='lat' dir='ltr'>praedicatur.</span> 
     </span>
    </p>
   </div>
   <div class='ocr_carea' id='block_1_40' title="bbox 350 3770 1983 3842">
    <p class='ocr_par' dir='ltr' id='par_1_40' title="bbox 350 3770 1983 3842">
     <span class='ocr_line' id='line_1_40' title="bbox 350 3770 1983 3842; baseline -0.001 -16"><span class='ocrx_word' id='word_1_277' title='bbox 350 3771 461 3826; x_wconf 88' lang='lat' dir='ltr'>Sed</span> <span class='ocrx_word' id='word_1_278' title='bbox 490 3770 641 3826; x_wconf 87' lang='lat' dir='ltr'>absit</span> <span class='ocrx_word' id='word_1_279' title='bbox 659 3788 692 3826; x_wconf 90' lang='lat' dir='ltr'>a</span> <span class='ocrx_word' id='word_1_280' title='bbox 713 3772 878 3827; x_wconf 87' lang='lat' dir='ltr'>nobis</span> <span class='ocrx_word' id='word_1_281' title='bbox 902 3771 1010 3826; x_wconf 93' lang='lat' dir='ltr'>hoc</span> <span class='ocrx_word' id='word_1_282' title='bbox 1029 3771 1117 3826; x_wconf 87' lang='lat' dir='ltr'>vel</span> <span class='ocrx_word' id='word_1_283' title='bbox 1138 3770 1334 3826; x_wconf 88' lang='lat' dir='ltr'>leviter</span> <span class='ocrx_word' id='word_1_284' title='bbox 1351 3770 1641 3826; x_wconf 72' lang='lat' dir='ltr'>aestimare</span> <span class='ocrx_word' id='word_1_285' title='bbox 1666 3771 1678 3826; x_wconf 88' lang='lat'>!</span> <span class='ocrx_word' id='word_1_286' title='bbox 1712 3770 1983 3842; x_wconf 88' lang='lat' dir='ltr'>Alioquin</span> 
     </span>
    </p>
   </div>
   <div class='ocr_carea' id='block_1_41' title="bbox 349 3858 1985 3930">
    <p class='ocr_par' dir='ltr' id='par_1_41' title="bbox 349 3858 1985 3930">
     <span class='ocr_line' id='line_1_41' title="bbox 349 3858 1985 3930; baseline 0 -17"><span class='ocrx_word' id='word_1_287' title='bbox 349 3862 406 3914; x_wconf 90' lang='lat' dir='ltr'>et</span> <span class='ocrx_word' id='word_1_288' title='bbox 432 3858 662 3913; x_wconf 70' lang='lat' dir='ltr'>Nicaana</span> <span class='ocrx_word' id='word_1_289' title='bbox 691 3860 948 3929; x_wconf 85' lang='lat' dir='ltr'>synodus</span> <span class='ocrx_word' id='word_1_290' title='bbox 977 3858 1336 3914; x_wconf 84' lang='lat' dir='ltr'>convincitur</span> <span class='ocrx_word' id='word_1_291' title='bbox 1365 3875 1618 3913; x_wconf 89' lang='lat' dir='ltr'>errorem</span> <span class='ocrx_word' id='word_1_292' title='bbox 1645 3874 1760 3913; x_wconf 91' lang='lat' dir='ltr'>non</span> <span class='ocrx_word' id='word_1_293' title='bbox 1784 3875 1985 3930; x_wconf 87' lang='lat' dir='ltr'>ampu-</span> 
     </span>
    </p>
   </div>
   <div class='ocr_carea' id='block_1_42' title="bbox 346 3946 1985 4019">
    <p class='ocr_par' dir='ltr' id='par_1_42' title="bbox 346 3946 1985 4019">
     <span class='ocr_line' id='line_1_42' title="bbox 346 3946 1985 4019; baseline -0.001 -16"><span class='ocrx_word' id='word_1_294' title='bbox 346 3950 523 4014; x_wconf 86' lang='lat' dir='ltr'>tasse,</span> <span class='ocrx_word' id='word_1_295' title='bbox 558 3948 658 4001; x_wconf 92' lang='lat' dir='ltr'>sed</span> <span class='ocrx_word' id='word_1_296' title='bbox 700 3963 1090 4019; x_wconf 85' lang='lat' dir='ltr'>propagasse;</span> <span class='ocrx_word' id='word_1_297' title='bbox 1125 3946 1425 4018; x_wconf 85' lang='lat' dir='ltr'>sanctique</span> <span class='ocrx_word' id='word_1_298' title='bbox 1474 3946 1689 4013; x_wconf 89' lang='lat' dir='ltr'>Patres,</span> <span class='ocrx_word' id='word_1_299' title='bbox 1732 3946 1985 4001; x_wconf 89' lang='lat' dir='ltr'>auctori-</span> 
     </span>
    </p>
   </div>
   <div class='ocr_carea' id='block_1_43' title="bbox 346 4034 1986 4107">
    <p class='ocr_par' dir='ltr' id='par_1_43' title="bbox 346 4034 1986 4107">
     <span class='ocr_line' id='line_1_43' title="bbox 346 4034 1986 4107; baseline 0 -17"><span class='ocrx_word' id='word_1_300' title='bbox 346 4038 527 4091; x_wconf 86' lang='lat' dir='ltr'>tatem</span> <span class='ocrx_word' id='word_1_301' title='bbox 548 4035 674 4105; x_wconf 88' lang='lat' dir='ltr'>ejus</span> <span class='ocrx_word' id='word_1_302' title='bbox 692 4036 896 4103; x_wconf 88' lang='lat' dir='ltr'>secuti,</span> <span class='ocrx_word' id='word_1_303' title='bbox 921 4034 1368 4107; x_wconf 90' lang='lat' dir='ltr'>quibuscunque</span> <span class='ocrx_word' id='word_1_304' title='bbox 1389 4034 1671 4090; x_wconf 61' lang='lat' dir='ltr'>haereticis</span> <span class='ocrx_word' id='word_1_305' title='bbox 1693 4035 1764 4090; x_wconf 91' lang='lat' dir='ltr'>ad</span> <span class='ocrx_word' id='word_1_306' title='bbox 1791 4034 1986 4090; x_wconf 87' lang='lat' dir='ltr'>catho-</span> 
     </span>
    </p>
   </div>
   <div class='ocr_carea' id='block_1_44' title="bbox 348 4121 1985 4194">
    <p class='ocr_par' dir='ltr' id='par_1_44' title="bbox 348 4121 1985 4194">
     <span class='ocr_line' id='line_1_44' title="bbox 348 4121 1985 4194; baseline 0.001 -16"><span class='ocrx_word' id='word_1_307' title='bbox 348 4121 524 4179; x_wconf 89' lang='lat' dir='ltr'>licam</span> <span class='ocrx_word' id='word_1_308' title='bbox 554 4138 754 4178; x_wconf 90' lang='lat' dir='ltr'>eorum</span> <span class='ocrx_word' id='word_1_309' title='bbox 799 4123 1239 4179; x_wconf 88' lang='lat' dir='ltr'>transeuntibus</span> <span class='ocrx_word' id='word_1_310' title='bbox 1277 4138 1486 4177; x_wconf 91' lang='lat' dir='ltr'>manus</span> <span class='ocrx_word' id='word_1_311' title='bbox 1532 4122 1884 4194; x_wconf 88' lang='lat' dir='ltr'>imposuere,</span> <span class='ocrx_word' id='word_1_312' title='bbox 1917 4138 1985 4179; x_wconf 82' lang='lat' dir='ltr'>ex</span> 
     </span>
    </p>
   </div>
   <div class='ocr_carea' id='block_1_45' title="bbox 349 4210 1593 4284">
    <p class='ocr_par' dir='ltr' id='par_1_45' title="bbox 349 4210 1593 4284">
     <span class='ocr_line' id='line_1_45' title="bbox 349 4210 1593 4284; baseline -0.002 -17"><span class='ocrx_word' id='word_1_313' title='bbox 349 4210 522 4267; x_wconf 90' lang='lat' dir='ltr'>malis</span> <span class='ocrx_word' id='word_1_314' title='bbox 550 4212 775 4284; x_wconf 87' lang='lat' dir='ltr'>pejores</span> <span class='ocrx_word' id='word_1_315' title='bbox 806 4210 899 4267; x_wconf 91' lang='lat' dir='ltr'>hic</span> <span class='ocrx_word' id='word_1_316' title='bbox 928 4215 985 4266; x_wconf 92' lang='lat' dir='ltr'>et</span> <span class='ocrx_word' id='word_1_317' title='bbox 1012 4212 1071 4267; x_wconf 91' lang='lat' dir='ltr'>in</span> <span class='ocrx_word' id='word_1_318' title='bbox 1103 4212 1297 4267; x_wconf 87' lang='lat' dir='ltr'>futuro</span> <span class='ocrx_word' id='word_1_319' title='bbox 1337 4211 1593 4267; x_wconf 73' lang='lat' dir='ltr'>effecere.</span> 
     </span>
    </p>
   </div>
   <div class='ocr_carea' id='block_1_46' title="bbox 420 4299 1985 4372">
    <p class='ocr_par' dir='ltr' id='par_1_46' title="bbox 420 4299 1985 4372">
     <span class='ocr_line' id='line_1_46' title="bbox 420 4299 1985 4372; baseline 0.001 -17"><span class='ocrx_word' id='word_1_320' title='bbox 420 4299 564 4355; x_wconf 87' lang='lat' dir='ltr'>Hinc</span> <span class='ocrx_word' id='word_1_321' title='bbox 593 4317 729 4372; x_wconf 89' lang='lat' dir='ltr'>ergo</span> <span class='ocrx_word' id='word_1_322' title='bbox 768 4299 1149 4356; x_wconf 89' lang='lat' dir='ltr'>calomniator</span> <span class='ocrx_word' id='word_1_323' title='bbox 1197 4300 1315 4366; x_wconf 91' lang='lat' dir='ltr'>ille,</span> <span class='ocrx_word' id='word_1_324' title='bbox 1359 4299 1407 4354; x_wconf 93' lang='lat' dir='ltr'>si</span> <span class='ocrx_word' id='word_1_325' title='bbox 1452 4316 1638 4356; x_wconf 74' lang='lat' dir='ltr'>caecus</span> <span class='ocrx_word' id='word_1_326' title='bbox 1675 4299 1985 4371; x_wconf 90' lang='lat' dir='ltr'>utrobique</span> 
     </span>
    </p>
   </div>
   <div class='ocr_carea' id='block_1_47' title="bbox 349 4387 1985 4461">
    <p class='ocr_par' dir='ltr' id='par_1_47' title="bbox 349 4387 1985 4461">
     <span class='ocr_line' id='line_1_47' title="bbox 349 4387 1985 4461; baseline -0.001 -16"><span class='ocrx_word' id='word_1_327' title='bbox 349 4406 463 4445; x_wconf 90' lang='lat' dir='ltr'>non</span> <span class='ocrx_word' id='word_1_328' title='bbox 493 4393 601 4457; x_wconf 91' lang='lat' dir='ltr'>est,</span> <span class='ocrx_word' id='word_1_329' title='bbox 627 4390 754 4460; x_wconf 90' lang='lat' dir='ltr'>jam</span> <span class='ocrx_word' id='word_1_330' title='bbox 776 4389 1071 4445; x_wconf 87' lang='lat' dir='ltr'>evidenter</span> <span class='ocrx_word' id='word_1_331' title='bbox 1092 4404 1502 4461; x_wconf 88' lang='lat' dir='ltr'>recognoscere</span> <span class='ocrx_word' id='word_1_332' title='bbox 1523 4391 1715 4460; x_wconf 89' lang='lat' dir='ltr'>potest</span> <span class='ocrx_word' id='word_1_333' title='bbox 1744 4402 1850 4443; x_wconf 90' lang='lat' dir='ltr'>nec</span> <span class='ocrx_word' id='word_1_334' title='bbox 1878 4387 1985 4443; x_wconf 89' lang='lat' dir='ltr'>lai-</span> 
     </span>
    </p>
   </div>
   <div class='ocr_carea' id='block_1_48' title="bbox 350 4477 1986 4545">
    <p class='ocr_par' dir='ltr' id='par_1_48' title="bbox 350 4477 1986 4545">
     <span class='ocr_line' id='line_1_48' title="bbox 350 4477 1986 4545; baseline -0.001 -10"><span class='ocrx_word' id='word_1_335' title='bbox 350 4495 447 4535; x_wconf 92' lang='lat' dir='ltr'>cos</span> <span class='ocrx_word' id='word_1_336' title='bbox 477 4477 876 4535; x_wconf 65' lang='lat' dir='ltr'>haereticorum</span> <span class='ocrx_word' id='word_1_337' title='bbox 894 4479 965 4534; x_wconf 91' lang='lat' dir='ltr'>ad</span> <span class='ocrx_word' id='word_1_338' title='bbox 994 4477 1487 4545; x_wconf 89' lang='lat' dir='ltr'>communionem,</span> <span class='ocrx_word' id='word_1_339' title='bbox 1509 4494 1615 4533; x_wconf 90' lang='lat' dir='ltr'>nec</span> <span class='ocrx_word' id='word_1_340' title='bbox 1641 4477 1882 4533; x_wconf 88' lang='lat' dir='ltr'>clericos</span> <span class='ocrx_word' id='word_1_341' title='bbox 1913 4478 1986 4533; x_wconf 89' lang='lat' dir='ltr'>ad</span> 
     </span>
    </p>
   </div>
   <div class='ocr_carea' id='block_1_49' title="bbox 348 4565 1987 4639">
    <p class='ocr_par' dir='ltr' id='par_1_49' title="bbox 348 4565 1987 4639">
     <span class='ocr_line' id='line_1_49' title="bbox 348 4565 1987 4639; baseline -0.001 -14"><span class='ocrx_word' id='word_1_342' title='bbox 348 4568 569 4625; x_wconf 89' lang='lat' dir='ltr'>clerum</span> <span class='ocrx_word' id='word_1_343' title='bbox 600 4569 657 4624; x_wconf 90' lang='lat' dir='ltr'>in</span> <span class='ocrx_word' id='word_1_344' title='bbox 684 4567 966 4625; x_wconf 89' lang='lat' dir='ltr'>catholica</span> <span class='ocrx_word' id='word_1_345' title='bbox 985 4568 1192 4624; x_wconf 90' lang='lat' dir='ltr'>debere</span> <span class='ocrx_word' id='word_1_346' title='bbox 1222 4565 1441 4637; x_wconf 86' lang='lat' dir='ltr'>suscipi</span> <span class='ocrx_word' id='word_1_347' title='bbox 1472 4566 1599 4623; x_wconf 91' lang='lat' dir='ltr'>sine</span> <span class='ocrx_word' id='word_1_348' title='bbox 1620 4567 1987 4639; x_wconf 84' lang='lat' dir='ltr'>impositione</span> 
     </span>
    </p>
   </div>
   <div class='ocr_carea' id='block_1_50' title="bbox 2096 678 3799 754">
    <p class='ocr_par' dir='ltr' id='par_1_50' title="bbox 2096 678 3799 754">
     <span class='ocr_line' id='line_1_50' title="bbox 2096 678 3799 754; baseline -0.003 -15"><span class='ocrx_word' id='word_1_349' title='bbox 2096 687 2205 750; x_wconf 89' lang='lat' dir='ltr'>est,</span> <span class='ocrx_word' id='word_1_350' title='bbox 2238 682 2655 739; x_wconf 90' lang='lat' dir='ltr'>catholicorum</span> <span class='ocrx_word' id='word_1_351' title='bbox 2685 686 2882 739; x_wconf 82' lang='lat' dir='ltr'>autem</span> <span class='ocrx_word' id='word_1_352' title='bbox 2908 686 3087 749; x_wconf 89' lang='lat' dir='ltr'>recta,</span> <span class='ocrx_word' id='word_1_353' title='bbox 3121 684 3289 754; x_wconf 88' lang='lat' dir='ltr'>patet</span> <span class='ocrx_word' id='word_1_354' title='bbox 3320 678 3507 737; x_wconf 84' lang='lat' dir='ltr'>illam</span> <span class='ocrx_word' id='word_1_355' title='bbox 3544 693 3799 752; x_wconf 79' lang='lat' dir='ltr'>pravam</span> 
     </span>
    </p>
   </div>
   <div class='ocr_carea' id='block_1_51' title="bbox 2097 767 3799 844">
    <p class='ocr_par' dir='ltr' id='par_1_51' title="bbox 2097 767 3799 844">
     <span class='ocr_line' id='line_1_51' title="bbox 2097 767 3799 844; baseline -0.001 -17"><span class='ocrx_word' id='word_1_356' title='bbox 2097 788 2163 827; x_wconf 83' lang='lat' dir='ltr'>ex</span> <span class='ocrx_word' id='word_1_357' title='bbox 2191 774 2442 844; x_wconf 90' lang='lat' dir='ltr'>quadam</span> <span class='ocrx_word' id='word_1_358' title='bbox 2473 776 2625 828; x_wconf 89' lang='lat' dir='ltr'>recte</span> <span class='ocrx_word' id='word_1_359' title='bbox 2650 771 2887 828; x_wconf 91' lang='lat' dir='ltr'>omnino</span> <span class='ocrx_word' id='word_1_360' title='bbox 2905 788 3057 827; x_wconf 90' lang='lat' dir='ltr'>vana</span> <span class='ocrx_word' id='word_1_361' title='bbox 3088 768 3516 826; x_wconf 83' lang='lat' dir='ltr'>similitudine</span> <span class='ocrx_word' id='word_1_362' title='bbox 3550 767 3799 825; x_wconf 81' lang='lat' dir='ltr'>abusive</span> 
     </span>
    </p>
   </div>
   <div class='ocr_carea' id='block_1_52' title="bbox 2097 856 3797 927">
    <p class='ocr_par' dir='ltr' id='par_1_52' title="bbox 2097 856 3797 927">
     <span class='ocr_line' id='line_1_52' title="bbox 2097 856 3797 927; baseline -0.004 -10"><span class='ocrx_word' id='word_1_363' title='bbox 2097 862 2209 917; x_wconf 91' lang='lat' dir='ltr'>dici</span> <span class='ocrx_word' id='word_1_364' title='bbox 2241 862 2578 927; x_wconf 82' lang='lat' dir='ltr'>secundam,</span> <span class='ocrx_word' id='word_1_365' title='bbox 2604 877 2738 916; x_wconf 92' lang='lat' dir='ltr'>cum</span> <span class='ocrx_word' id='word_1_366' title='bbox 2772 860 2937 916; x_wconf 92' lang='lat' dir='ltr'>nulla</span> <span class='ocrx_word' id='word_1_367' title='bbox 2965 856 3466 916; x_wconf 77' lang='lat' dir='ltr'>substantialiter</span> <span class='ocrx_word' id='word_1_368' title='bbox 3488 872 3615 912; x_wconf 85' lang='lat' dir='ltr'>seu</span> <span class='ocrx_word' id='word_1_369' title='bbox 3650 858 3797 913; x_wconf 84' lang='lat' dir='ltr'>acci-</span> 
     </span>
    </p>
   </div>
   <div class='ocr_carea' id='block_1_53' title="bbox 2096 945 3793 1006">
    <p class='ocr_par' dir='ltr' id='par_1_53' title="bbox 2096 945 3793 1006">
     <span class='ocr_line' id='line_1_53' title="bbox 2096 945 3793 1006; baseline -0.002 -1"><span class='ocrx_word' id='word_1_370' title='bbox 2096 951 2401 1006; x_wconf 85' lang='lat' dir='ltr'>dentaliter</span> <span class='ocrx_word' id='word_1_371' title='bbox 2437 951 2507 1005; x_wconf 88' lang='lat' dir='ltr'>ad</span> <span class='ocrx_word' id='word_1_372' title='bbox 2548 949 2791 1005; x_wconf 85' lang='lat' dir='ltr'>invicem</span> <span class='ocrx_word' id='word_1_373' title='bbox 2836 950 3092 1006; x_wconf 88' lang='lat' dir='ltr'>habeant</span> <span class='ocrx_word' id='word_1_374' title='bbox 3136 945 3793 1004; x_wconf 83' lang='lat' dir='ltr'>connumerationem.</span> 
     </span>
    </p>
   </div>
   <div class='ocr_carea' id='block_1_54' title="bbox 2096 1033 3795 1109">
    <p class='ocr_par' dir='ltr' id='par_1_54' title="bbox 2096 1033 3795 1109">
     <span class='ocr_line' id='line_1_54' title="bbox 2096 1033 3795 1109; baseline -0.002 -15"><span class='ocrx_word' id='word_1_375' title='bbox 2096 1040 2262 1108; x_wconf 87' lang='lat' dir='ltr'>Nam,</span> <span class='ocrx_word' id='word_1_376' title='bbox 2295 1040 2341 1094; x_wconf 91' lang='lat' dir='ltr'>si</span> <span class='ocrx_word' id='word_1_377' title='bbox 2376 1040 2497 1093; x_wconf 71' lang='lat' dir='ltr'>haec</span> <span class='ocrx_word' id='word_1_378' title='bbox 2530 1055 2655 1109; x_wconf 68' lang='lat' dir='ltr'>quae</span> <span class='ocrx_word' id='word_1_379' title='bbox 2696 1038 2935 1094; x_wconf 80' lang='lat' dir='ltr'>abusive</span> <span class='ocrx_word' id='word_1_380' title='bbox 2962 1038 3180 1094; x_wconf 87' lang='lat' dir='ltr'>dicitur</span> <span class='ocrx_word' id='word_1_381' title='bbox 3207 1034 3523 1098; x_wconf 84' lang='lat' dir='ltr'>secunda,</span> <span class='ocrx_word' id='word_1_382' title='bbox 3575 1033 3795 1091; x_wconf 86' lang='lat' dir='ltr'>nihilo-</span> 
     </span>
    </p>
   </div>
   <div class='ocr_carea' id='block_1_55' title="bbox 2097 1123 3791 1199">
    <p class='ocr_par' dir='ltr' id='par_1_55' title="bbox 2097 1123 3791 1199">
     <span class='ocr_line' id='line_1_55' title="bbox 2097 1123 3791 1199; baseline -0.002 -17"><span class='ocrx_word' id='word_1_383' title='bbox 2097 1128 2292 1182; x_wconf 90' lang='lat' dir='ltr'>minus</span> <span class='ocrx_word' id='word_1_384' title='bbox 2331 1144 2505 1199; x_wconf 88' lang='lat' dir='ltr'>prava</span> <span class='ocrx_word' id='word_1_385' title='bbox 2554 1126 2643 1181; x_wconf 89' lang='lat' dir='ltr'>vel</span> <span class='ocrx_word' id='word_1_386' title='bbox 2694 1128 2925 1197; x_wconf 88' lang='lat' dir='ltr'>pravior</span> <span class='ocrx_word' id='word_1_387' title='bbox 2961 1129 3138 1192; x_wconf 88' lang='lat' dir='ltr'>esset,</span> <span class='ocrx_word' id='word_1_388' title='bbox 3173 1140 3298 1187; x_wconf 85' lang='lat' dir='ltr'>non</span> <span class='ocrx_word' id='word_1_389' title='bbox 3332 1123 3483 1193; x_wconf 82' lang='lat' dir='ltr'>jam</span> <span class='ocrx_word' id='word_1_390' title='bbox 3518 1123 3791 1193; x_wconf 78' lang='lat' dir='ltr'>abusive,</span> 
     </span>
    </p>
   </div>
   <div class='ocr_carea' id='block_1_56' title="bbox 2096 1211 3795 1278">
    <p class='ocr_par' dir='ltr' id='par_1_56' title="bbox 2096 1211 3795 1278">
     <span class='ocr_line' id='line_1_56' title="bbox 2096 1211 3795 1278; baseline -0.001 -7"><span class='ocrx_word' id='word_1_391' title='bbox 2096 1217 2194 1271; x_wconf 90' lang='lat' dir='ltr'>sed</span> <span class='ocrx_word' id='word_1_392' title='bbox 2223 1232 2353 1271; x_wconf 89' lang='lat' dir='ltr'>vere</span> <span class='ocrx_word' id='word_1_393' title='bbox 2383 1216 2673 1271; x_wconf 88' lang='lat' dir='ltr'>diceretur</span> <span class='ocrx_word' id='word_1_394' title='bbox 2694 1216 2973 1271; x_wconf 89' lang='lat' dir='ltr'>secunda.</span> <span class='ocrx_word' id='word_1_395' title='bbox 3015 1215 3185 1270; x_wconf 88' lang='lat' dir='ltr'>Nunc</span> <span class='ocrx_word' id='word_1_396' title='bbox 3203 1227 3376 1278; x_wconf 86' lang='lat' dir='ltr'>vero,</span> <span class='ocrx_word' id='word_1_397' title='bbox 3397 1226 3560 1266; x_wconf 85' lang='lat' dir='ltr'>cum</span> <span class='ocrx_word' id='word_1_398' title='bbox 3588 1211 3676 1268; x_wconf 87' lang='lat' dir='ltr'>sit</span> <span class='ocrx_word' id='word_1_399' title='bbox 3701 1212 3795 1269; x_wconf 80' lang='lat' dir='ltr'>illa</span> 
     </span>
    </p>
   </div>
   <div class='ocr_carea' id='block_1_57' title="bbox 2096 1299 3788 1376">
    <p class='ocr_par' dir='ltr' id='par_1_57' title="bbox 2096 1299 3788 1376">
     <span class='ocr_line' id='line_1_57' title="bbox 2096 1299 3788 1376; baseline 0.001 -18"><span class='ocrx_word' id='word_1_400' title='bbox 2096 1322 2292 1376; x_wconf 85' lang='lat' dir='ltr'>prava,</span> <span class='ocrx_word' id='word_1_401' title='bbox 2325 1305 2439 1359; x_wconf 90' lang='lat' dir='ltr'>ista</span> <span class='ocrx_word' id='word_1_402' title='bbox 2467 1309 2660 1359; x_wconf 89' lang='lat' dir='ltr'>autem</span> <span class='ocrx_word' id='word_1_403' title='bbox 2691 1309 2869 1371; x_wconf 84' lang='lat' dir='ltr'>recta,</span> <span class='ocrx_word' id='word_1_404' title='bbox 2902 1308 3134 1360; x_wconf 85' lang='lat' dir='ltr'>constat</span> <span class='ocrx_word' id='word_1_405' title='bbox 3174 1302 3239 1357; x_wconf 90' lang='lat' dir='ltr'>in</span> <span class='ocrx_word' id='word_1_406' title='bbox 3288 1299 3559 1357; x_wconf 84' lang='lat' dir='ltr'>duabus</span> <span class='ocrx_word' id='word_1_407' title='bbox 3588 1303 3788 1371; x_wconf 89' lang='lat' dir='ltr'>rebus,</span> 
     </span>
    </p>
   </div>
   <div class='ocr_carea' id='block_1_58' title="bbox 2095 1391 3791 1456">
    <p class='ocr_par' dir='ltr' id='par_1_58' title="bbox 2095 1391 3791 1456">
     <span class='ocr_line' id='line_1_58' title="bbox 2095 1391 3791 1456; baseline 0.001 -8"><span class='ocrx_word' id='word_1_408' title='bbox 2095 1393 2209 1448; x_wconf 87' lang='lat' dir='ltr'>sibi</span> <span class='ocrx_word' id='word_1_409' title='bbox 2242 1393 2477 1449; x_wconf 91' lang='lat' dir='ltr'>omnino</span> <span class='ocrx_word' id='word_1_410' title='bbox 2508 1392 2813 1448; x_wconf 86' lang='lat' dir='ltr'>contrariis</span> <span class='ocrx_word' id='word_1_411' title='bbox 2842 1399 2899 1447; x_wconf 89' lang='lat' dir='ltr'>et</span> <span class='ocrx_word' id='word_1_412' title='bbox 2928 1391 3352 1456; x_wconf 86' lang='lat' dir='ltr'>dissimilibus,</span> <span class='ocrx_word' id='word_1_413' title='bbox 3399 1411 3540 1450; x_wconf 88' lang='lat' dir='ltr'>non</span> <span class='ocrx_word' id='word_1_414' title='bbox 3576 1393 3791 1449; x_wconf 85' lang='lat' dir='ltr'>debere</span> 
     </span>
    </p>
   </div>
   <div class='ocr_carea' id='block_1_59' title="bbox 2096 1481 3791 1553">
    <p class='ocr_par' dir='ltr' id='par_1_59' title="bbox 2096 1481 3791 1553">
     <span class='ocr_line' id='line_1_59' title="bbox 2096 1481 3791 1553; baseline 0.002 -17"><span class='ocrx_word' id='word_1_415' title='bbox 2096 1482 2207 1536; x_wconf 88' lang='lat' dir='ltr'>dici</span> <span class='ocrx_word' id='word_1_416' title='bbox 2240 1482 2490 1553; x_wconf 87' lang='lat' dir='ltr'>primam</span> <span class='ocrx_word' id='word_1_417' title='bbox 2512 1484 2567 1535; x_wconf 89' lang='lat' dir='ltr'>et</span> <span class='ocrx_word' id='word_1_418' title='bbox 2585 1481 2928 1550; x_wconf 90' lang='lat' dir='ltr'>secundam,</span> <span class='ocrx_word' id='word_1_419' title='bbox 2951 1482 3053 1537; x_wconf 87' lang='lat' dir='ltr'>sed</span> <span class='ocrx_word' id='word_1_420' title='bbox 3073 1498 3258 1538; x_wconf 89' lang='lat' dir='ltr'>unam</span> <span class='ocrx_word' id='word_1_421' title='bbox 3291 1482 3503 1551; x_wconf 86' lang='lat' dir='ltr'>illam,</span> <span class='ocrx_word' id='word_1_422' title='bbox 3527 1498 3726 1539; x_wconf 87' lang='lat' dir='ltr'>unam</span> <span class='ocrx_word' id='word_1_423' title='bbox 3738 1486 3791 1538; x_wconf 82' lang='lat' dir='ltr'>et</span> 
     </span>
    </p>
   </div>
   <div class='ocr_carea' id='block_1_60' title="bbox 2096 1568 3789 1637">
    <p class='ocr_par' dir='ltr' id='par_1_60' title="bbox 2096 1568 3789 1637">
     <span class='ocr_line' id='line_1_60' title="bbox 2096 1568 3789 1637; baseline 0.002 -14"><span class='ocrx_word' id='word_1_424' title='bbox 2096 1568 2290 1626; x_wconf 84' lang='lat' dir='ltr'>istam.</span> <span class='ocrx_word' id='word_1_425' title='bbox 2314 1568 2634 1624; x_wconf 89' lang='lat' dir='ltr'>Identidem</span> <span class='ocrx_word' id='word_1_426' title='bbox 2666 1568 3037 1624; x_wconf 86' lang='lat' dir='ltr'>sentiendum</span> <span class='ocrx_word' id='word_1_427' title='bbox 3054 1574 3113 1624; x_wconf 89' lang='lat' dir='ltr'>et</span> <span class='ocrx_word' id='word_1_428' title='bbox 3142 1570 3215 1625; x_wconf 87' lang='lat' dir='ltr'>de</span> <span class='ocrx_word' id='word_1_429' title='bbox 3247 1570 3789 1637; x_wconf 84' lang='lat' dir='ltr'>ordinationibus,</span> 
     </span>
    </p>
   </div>
   <div class='ocr_carea' id='block_1_61' title="bbox 2096 1658 3788 1725">
    <p class='ocr_par' dir='ltr' id='par_1_61' title="bbox 2096 1658 3788 1725">
     <span class='ocr_line' id='line_1_61' title="bbox 2096 1658 3788 1725; baseline 0.001 -12"><span class='ocrx_word' id='word_1_430' title='bbox 2096 1658 2235 1723; x_wconf 88' lang='lat' dir='ltr'>sive,</span> <span class='ocrx_word' id='word_1_431' title='bbox 2285 1662 2350 1711; x_wconf 92' lang='lat' dir='ltr'>ut</span> <span class='ocrx_word' id='word_1_432' title='bbox 2378 1658 2792 1712; x_wconf 89' lang='lat' dir='ltr'>obtrectatores</span> <span class='ocrx_word' id='word_1_433' title='bbox 2821 1658 3214 1725; x_wconf 90' lang='lat' dir='ltr'>contendunt,</span> <span class='ocrx_word' id='word_1_434' title='bbox 3255 1659 3333 1715; x_wconf 87' lang='lat' dir='ltr'>de</span> <span class='ocrx_word' id='word_1_435' title='bbox 3371 1660 3788 1716; x_wconf 78' lang='lat' dir='ltr'>reordinatio-</span> 
     </span>
    </p>
   </div>
   <div class='ocr_carea' id='block_1_62' title="bbox 2095 1744 3789 1817">
    <p class='ocr_par' dir='ltr' id='par_1_62' title="bbox 2095 1744 3789 1817">
     <span class='ocr_line' id='line_1_62' title="bbox 2095 1744 3789 1817; baseline 0.001 -17"><span class='ocrx_word' id='word_1_436' title='bbox 2095 1746 2287 1801; x_wconf 88' lang='lat' dir='ltr'>nibus.</span> <span class='ocrx_word' id='word_1_437' title='bbox 2324 1745 2581 1816; x_wconf 92' lang='lat' dir='ltr'>Denique</span> <span class='ocrx_word' id='word_1_438' title='bbox 2612 1745 2661 1800; x_wconf 91' lang='lat' dir='ltr'>si</span> <span class='ocrx_word' id='word_1_439' title='bbox 2692 1744 2999 1800; x_wconf 83' lang='lat' dir='ltr'>haereticus</span> <span class='ocrx_word' id='word_1_440' title='bbox 3031 1749 3168 1817; x_wconf 91' lang='lat' dir='ltr'>post</span> <span class='ocrx_word' id='word_1_441' title='bbox 3195 1745 3569 1805; x_wconf 68' lang='lat' dir='ltr'>haereticum</span> <span class='ocrx_word' id='word_1_442' title='bbox 3604 1745 3789 1805; x_wconf 80' lang='lat' dir='ltr'>alicui</span> 
     </span>
    </p>
   </div>
   <div class='ocr_carea' id='block_1_63' title="bbox 2094 1832 3787 1906">
    <p class='ocr_par' dir='ltr' id='par_1_63' title="bbox 2094 1832 3787 1906">
     <span class='ocr_line' id='line_1_63' title="bbox 2094 1832 3787 1906; baseline 0.001 -18"><span class='ocrx_word' id='word_1_443' title='bbox 2094 1849 2305 1888; x_wconf 88' lang='lat' dir='ltr'>manus</span> <span class='ocrx_word' id='word_1_444' title='bbox 2336 1833 2618 1904; x_wconf 86' lang='lat' dir='ltr'>imponat,</span> <span class='ocrx_word' id='word_1_445' title='bbox 2651 1850 2827 1904; x_wconf 86' lang='lat' dir='ltr'>prava</span> <span class='ocrx_word' id='word_1_446' title='bbox 2854 1832 2943 1890; x_wconf 89' lang='lat' dir='ltr'>vel</span> <span class='ocrx_word' id='word_1_447' title='bbox 2976 1834 3211 1906; x_wconf 88' lang='lat' dir='ltr'>pravior</span> <span class='ocrx_word' id='word_1_448' title='bbox 3245 1840 3343 1893; x_wconf 88' lang='lat' dir='ltr'>est</span> <span class='ocrx_word' id='word_1_449' title='bbox 3375 1835 3787 1901; x_wconf 86' lang='lat' dir='ltr'>reordinatio,</span> 
     </span>
    </p>
   </div>
   <div class='ocr_carea' id='block_1_64' title="bbox 2096 1920 3781 1996">
    <p class='ocr_par' dir='ltr' id='par_1_64' title="bbox 2096 1920 3781 1996">
     <span class='ocr_line' id='line_1_64' title="bbox 2096 1920 3781 1996; baseline 0.002 -20"><span class='ocrx_word' id='word_1_450' title='bbox 2096 1928 2147 1977; x_wconf 87' lang='lat' dir='ltr'>el</span> <span class='ocrx_word' id='word_1_451' title='bbox 2178 1920 2305 1975; x_wconf 89' lang='lat' dir='ltr'>ideo</span> <span class='ocrx_word' id='word_1_452' title='bbox 2337 1938 2442 1975; x_wconf 92' lang='lat' dir='ltr'>nec</span> <span class='ocrx_word' id='word_1_453' title='bbox 2482 1920 2795 1987; x_wconf 89' lang='lat' dir='ltr'>ordinatio,</span> <span class='ocrx_word' id='word_1_454' title='bbox 2825 1921 2927 1977; x_wconf 90' lang='lat' dir='ltr'>sed</span> <span class='ocrx_word' id='word_1_455' title='bbox 2961 1921 3139 1978; x_wconf 85' lang='lat' dir='ltr'>unica</span> <span class='ocrx_word' id='word_1_456' title='bbox 3160 1924 3479 1996; x_wconf 79' lang='lat' dir='ltr'>purgatio;</span> <span class='ocrx_word' id='word_1_457' title='bbox 3506 1941 3707 1996; x_wconf 82' lang='lat' dir='ltr'>quam</span> <span class='ocrx_word' id='word_1_458' title='bbox 3729 1924 3781 1980; x_wconf 89' lang='lat' dir='ltr'>si</span> 
     </span>
    </p>
   </div>
   <div class='ocr_carea' id='block_1_65' title="bbox 2090 2007 3785 2084">
    <p class='ocr_par' dir='ltr' id='par_1_65' title="bbox 2090 2007 3785 2084">
     <span class='ocr_line' id='line_1_65' title="bbox 2090 2007 3785 2084; baseline 0.004 -19"><span class='ocrx_word' id='word_1_459' title='bbox 2090 2008 2412 2065; x_wconf 82' lang='lat' dir='ltr'>catholicus</span> <span class='ocrx_word' id='word_1_460' title='bbox 2433 2013 2564 2079; x_wconf 91' lang='lat' dir='ltr'>post</span> <span class='ocrx_word' id='word_1_461' title='bbox 2584 2007 2934 2064; x_wconf 89' lang='lat' dir='ltr'>catholicum</span> <span class='ocrx_word' id='word_1_462' title='bbox 2951 2008 3168 2066; x_wconf 85' lang='lat' dir='ltr'>iterare</span> <span class='ocrx_word' id='word_1_463' title='bbox 3196 2011 3288 2083; x_wconf 88' lang='lat' dir='ltr'>(ut</span> <span class='ocrx_word' id='word_1_464' title='bbox 3307 2014 3597 2084; x_wconf 81' lang='lat' dir='ltr'>putatur)</span> <span class='ocrx_word' id='word_1_465' title='bbox 3631 2029 3785 2084; x_wconf 69' lang='lat' dir='ltr'>pras-</span> 
     </span>
    </p>
   </div>
   <div class='ocr_carea' id='block_1_66' title="bbox 2089 2096 3788 2171">
    <p class='ocr_par' dir='ltr' id='par_1_66' title="bbox 2089 2096 3788 2171">
     <span class='ocr_line' id='line_1_66' title="bbox 2089 2096 3788 2171; baseline 0.002 -18"><span class='ocrx_word' id='word_1_466' title='bbox 2089 2097 2287 2163; x_wconf 90' lang='lat' dir='ltr'>sumit,</span> <span class='ocrx_word' id='word_1_467' title='bbox 2322 2101 2543 2152; x_wconf 89' lang='lat' dir='ltr'>rectum</span> <span class='ocrx_word' id='word_1_468' title='bbox 2566 2097 2692 2151; x_wconf 91' lang='lat' dir='ltr'>sine</span> <span class='ocrx_word' id='word_1_469' title='bbox 2712 2096 3099 2168; x_wconf 85' lang='lat' dir='ltr'>ambiguitate</span> <span class='ocrx_word' id='word_1_470' title='bbox 3128 2114 3311 2171; x_wconf 89' lang='lat' dir='ltr'>pravo</span> <span class='ocrx_word' id='word_1_471' title='bbox 3342 2100 3704 2168; x_wconf 84' lang='lat' dir='ltr'>confundit;</span> <span class='ocrx_word' id='word_1_472' title='bbox 3727 2105 3788 2156; x_wconf 89' lang='lat' dir='ltr'>et</span> 
     </span>
    </p>
   </div>
   <div class='ocr_carea' id='block_1_67' title="bbox 2090 2185 3789 2253">
    <p class='ocr_par' dir='ltr' id='par_1_67' title="bbox 2090 2185 3789 2253">
     <span class='ocr_line' id='line_1_67' title="bbox 2090 2185 3789 2253; baseline 0.004 -14"><span class='ocrx_word' id='word_1_473' title='bbox 2090 2186 2217 2241; x_wconf 90' lang='lat' dir='ltr'>ideo</span> <span class='ocrx_word' id='word_1_474' title='bbox 2240 2201 2352 2239; x_wconf 91' lang='lat' dir='ltr'>non</span> <span class='ocrx_word' id='word_1_475' title='bbox 2375 2185 2658 2240; x_wconf 91' lang='lat' dir='ltr'>dicendus</span> <span class='ocrx_word' id='word_1_476' title='bbox 2678 2192 2763 2240; x_wconf 85' lang='lat' dir='ltr'>est</span> <span class='ocrx_word' id='word_1_477' title='bbox 2786 2186 3178 2253; x_wconf 82' lang='lat' dir='ltr'>reordinasse,</span> <span class='ocrx_word' id='word_1_478' title='bbox 3202 2188 3304 2245; x_wconf 83' lang='lat' dir='ltr'>sed</span> <span class='ocrx_word' id='word_1_479' title='bbox 3328 2205 3392 2247; x_wconf 79' lang='lat' dir='ltr'>se</span> <span class='ocrx_word' id='word_1_480' title='bbox 3422 2192 3487 2244; x_wconf 84' lang='lat' dir='ltr'>et</span> <span class='ocrx_word' id='word_1_481' title='bbox 3511 2188 3728 2246; x_wconf 80' lang='lat' dir='ltr'>alium</span> <span class='ocrx_word' id='word_1_482' title='bbox 3754 2206 3789 2245; x_wconf 86' lang='lat' dir='ltr'>a</span> 
     </span>
    </p>
   </div>
   <div class='ocr_carea' id='block_1_68' title="bbox 2091 2274 3791 2348">
    <p class='ocr_par' dir='ltr' id='par_1_68' title="bbox 2091 2274 3791 2348">
     <span class='ocr_line' id='line_1_68' title="bbox 2091 2274 3791 2348; baseline 0.002 -18"><span class='ocrx_word' id='word_1_483' title='bbox 2091 2278 2243 2330; x_wconf 92' lang='lat' dir='ltr'>recto</span> <span class='ocrx_word' id='word_1_484' title='bbox 2272 2274 2345 2329; x_wconf 92' lang='lat' dir='ltr'>ad</span> <span class='ocrx_word' id='word_1_485' title='bbox 2375 2288 2617 2344; x_wconf 90' lang='lat' dir='ltr'>pravum</span> <span class='ocrx_word' id='word_1_486' title='bbox 2649 2274 2954 2330; x_wconf 83' lang='lat' dir='ltr'>seduxisse</span> <span class='ocrx_word' id='word_1_487' title='bbox 2981 2274 3072 2332; x_wconf 87' lang='lat' dir='ltr'>vel</span> <span class='ocrx_word' id='word_1_488' title='bbox 3105 2276 3439 2333; x_wconf 83' lang='lat' dir='ltr'>attraxisse.</span> <span class='ocrx_word' id='word_1_489' title='bbox 3504 2277 3791 2348; x_wconf 82' lang='lat' dir='ltr'>Propter</span> 
     </span>
    </p>
   </div>
   <div class='ocr_carea' id='block_1_69' title="bbox 2092 2360 3787 2434">
    <p class='ocr_par' dir='ltr' id='par_1_69' title="bbox 2092 2360 3787 2434">
     <span class='ocr_line' id='line_1_69' title="bbox 2092 2360 3787 2434; baseline 0.003 -18"><span class='ocrx_word' id='word_1_490' title='bbox 2092 2365 2245 2433; x_wconf 91' lang='lat' dir='ltr'>quod</span> <span class='ocrx_word' id='word_1_491' title='bbox 2263 2361 2563 2433; x_wconf 67' lang='lat' dir='ltr'>praemisso</span> <span class='ocrx_word' id='word_1_492' title='bbox 2584 2360 2982 2432; x_wconf 89' lang='lat' dir='ltr'>apostolorum</span> <span class='ocrx_word' id='word_1_493' title='bbox 3004 2363 3265 2434; x_wconf 89' lang='lat' dir='ltr'>capitulo</span> <span class='ocrx_word' id='word_1_494' title='bbox 3277 2364 3611 2434; x_wconf 84' lang='lat' dir='ltr'>judicandi</span> <span class='ocrx_word' id='word_1_495' title='bbox 3635 2371 3787 2421; x_wconf 89' lang='lat' dir='ltr'>sunt</span> 
     </span>
    </p>
   </div>
   <div class='ocr_carea' id='block_1_70' title="bbox 2091 2449 3779 2522">
    <p class='ocr_par' dir='ltr' id='par_1_70' title="bbox 2091 2449 3779 2522">
     <span class='ocr_line' id='line_1_70' title="bbox 2091 2449 3779 2522; baseline 0.002 -16"><span class='ocrx_word' id='word_1_496' title='bbox 2091 2450 2283 2516; x_wconf 89' lang='lat' dir='ltr'>ambo,</span> <span class='ocrx_word' id='word_1_497' title='bbox 2317 2449 2539 2505; x_wconf 90' lang='lat' dir='ltr'>scilicet</span> <span class='ocrx_word' id='word_1_498' title='bbox 2569 2449 2917 2520; x_wconf 87' lang='lat' dir='ltr'>deponendi,</span> <span class='ocrx_word' id='word_1_499' title='bbox 2951 2450 3092 2522; x_wconf 87' lang='lat' dir='ltr'>quia</span> <span class='ocrx_word' id='word_1_500' title='bbox 3118 2452 3486 2511; x_wconf 83' lang='lat' dir='ltr'>catholicam</span> <span class='ocrx_word' id='word_1_501' title='bbox 3528 2454 3779 2510; x_wconf 85' lang='lat' dir='ltr'>ordina-</span> 
     </span>
    </p>
   </div>
   <div class='ocr_carea' id='block_1_71' title="bbox 2090 2536 3783 2611">
    <p class='ocr_par' dir='ltr' id='par_1_71' title="bbox 2090 2536 3783 2611">
     <span class='ocr_line' id='line_1_71' title="bbox 2090 2536 3783 2611; baseline 0.003 -19"><span class='ocrx_word' id='word_1_502' title='bbox 2090 2538 2307 2593; x_wconf 89' lang='lat' dir='ltr'>tionem</span> <span class='ocrx_word' id='word_1_503' title='bbox 2344 2536 2667 2592; x_wconf 88' lang='lat' dir='ltr'>iterandam</span> <span class='ocrx_word' id='word_1_504' title='bbox 2698 2542 2992 2609; x_wconf 86' lang='lat' dir='ltr'>putantes,</span> <span class='ocrx_word' id='word_1_505' title='bbox 3011 2555 3119 2610; x_wconf 87' lang='lat' dir='ltr'>par</span> <span class='ocrx_word' id='word_1_506' title='bbox 3134 2539 3481 2611; x_wconf 87' lang='lat' dir='ltr'>periculum</span> <span class='ocrx_word' id='word_1_507' title='bbox 3503 2541 3783 2598; x_wconf 86' lang='lat' dir='ltr'>incurre-</span> 
     </span>
    </p>
   </div>
   <div class='ocr_carea' id='block_1_72' title="bbox 2090 2625 3783 2701">
    <p class='ocr_par' dir='ltr' id='par_1_72' title="bbox 2090 2625 3783 2701">
     <span class='ocr_line' id='line_1_72' title="bbox 2090 2625 3783 2701; baseline 0.004 -21"><span class='ocrx_word' id='word_1_508' title='bbox 2090 2629 2246 2681; x_wconf 90' lang='lat' dir='ltr'>runt.</span> <span class='ocrx_word' id='word_1_509' title='bbox 2272 2625 2402 2679; x_wconf 67' lang='grc' dir='ltr'>Ηωο</span> <span class='ocrx_word' id='word_1_510' title='bbox 2417 2640 2551 2679; x_wconf 92' lang='lat' dir='ltr'>cum</span> <span class='ocrx_word' id='word_1_511' title='bbox 2578 2625 2661 2680; x_wconf 87' lang='lat' dir='ltr'>ita</span> <span class='ocrx_word' id='word_1_512' title='bbox 2680 2625 2819 2695; x_wconf 90' lang='lat' dir='ltr'>sint,</span> <span class='ocrx_word' id='word_1_513' title='bbox 2850 2625 2992 2682; x_wconf 89' lang='lat' dir='ltr'>solis</span> <span class='ocrx_word' id='word_1_514' title='bbox 3011 2627 3376 2685; x_wconf 88' lang='lat' dir='ltr'>Simoniacis</span> <span class='ocrx_word' id='word_1_515' title='bbox 3399 2630 3661 2701; x_wconf 62' lang='lat' dir='ltr'>praefata</span> <span class='ocrx_word' id='word_1_516' title='bbox 3681 2630 3783 2686; x_wconf 87' lang='lat' dir='ltr'>Pa-</span> 
     </span>
    </p>
   </div>
   <div class='ocr_carea' id='block_1_73' title="bbox 2090 2710 3778 2790">
    <p class='ocr_par' dir='ltr' id='par_1_73' title="bbox 2090 2710 3778 2790">
     <span class='ocr_line' id='line_1_73' title="bbox 2090 2710 3778 2790; baseline 0.004 -22"><span class='ocrx_word' id='word_1_517' title='bbox 2090 2718 2247 2768; x_wconf 88' lang='lat' dir='ltr'>trum</span> <span class='ocrx_word' id='word_1_518' title='bbox 2278 2712 2479 2783; x_wconf 90' lang='lat' dir='ltr'>regula</span> <span class='ocrx_word' id='word_1_519' title='bbox 2502 2712 2559 2767; x_wconf 94' lang='lat' dir='ltr'>in</span> <span class='ocrx_word' id='word_1_520' title='bbox 2586 2710 2749 2769; x_wconf 89' lang='lat' dir='ltr'>nullo</span> <span class='ocrx_word' id='word_1_521' title='bbox 2766 2717 3007 2785; x_wconf 88' lang='lat' dir='ltr'>putatur</span> <span class='ocrx_word' id='word_1_522' title='bbox 3026 2729 3159 2772; x_wconf 87' lang='lat' dir='ltr'>esse</span> <span class='ocrx_word' id='word_1_523' title='bbox 3185 2716 3569 2786; x_wconf 87' lang='lat' dir='ltr'>necessaria,</span> <span class='ocrx_word' id='word_1_524' title='bbox 3603 2718 3778 2790; x_wconf 84' lang='lat' dir='ltr'>quasi</span> 
     </span>
    </p>
   </div>
   <div class='ocr_carea' id='block_1_74' title="bbox 2091 2800 3779 2872">
    <p class='ocr_par' dir='ltr' id='par_1_74' title="bbox 2091 2800 3779 2872">
     <span class='ocr_line' id='line_1_74' title="bbox 2091 2800 3779 2872; baseline 0.004 -15"><span class='ocrx_word' id='word_1_525' title='bbox 2091 2800 2205 2872; x_wconf 89' lang='lat' dir='ltr'>ipsi</span> <span class='ocrx_word' id='word_1_526' title='bbox 2234 2805 2335 2855; x_wconf 89' lang='lat' dir='ltr'>aut</span> <span class='ocrx_word' id='word_1_527' title='bbox 2382 2817 2496 2855; x_wconf 92' lang='lat' dir='ltr'>non</span> <span class='ocrx_word' id='word_1_528' title='bbox 2528 2801 2910 2872; x_wconf 83' lang='lat' dir='ltr'>computandi</span> <span class='ocrx_word' id='word_1_529' title='bbox 2951 2800 3072 2859; x_wconf 88' lang='lat' dir='ltr'>sint</span> <span class='ocrx_word' id='word_1_530' title='bbox 3118 2802 3428 2871; x_wconf 72' lang='lat' dir='ltr'>haeretici;</span> <span class='ocrx_word' id='word_1_531' title='bbox 3475 2810 3593 2863; x_wconf 85' lang='lat' dir='ltr'>aut</span> <span class='ocrx_word' id='word_1_532' title='bbox 3623 2809 3779 2863; x_wconf 78' lang='lat' dir='ltr'>certe</span> 
     </span>
    </p>
   </div>
   <div class='ocr_carea' id='block_1_75' title="bbox 2090 2888 3776 2965">
    <p class='ocr_par' dir='ltr' id='par_1_75' title="bbox 2090 2888 3776 2965">
     <span class='ocr_line' id='line_1_75' title="bbox 2090 2888 3776 2965; baseline 0.002 -19"><span class='ocrx_word' id='word_1_533' title='bbox 2090 2888 2398 2961; x_wconf 88' lang='lat' dir='ltr'>ejusmodi,</span> <span class='ocrx_word' id='word_1_534' title='bbox 2432 2888 2645 2959; x_wconf 80' lang='lat' dir='ltr'>quibus</span> <span class='ocrx_word' id='word_1_535' title='bbox 2684 2906 2720 2944; x_wconf 91' lang='lat' dir='ltr'>a</span> <span class='ocrx_word' id='word_1_536' title='bbox 2747 2888 3039 2947; x_wconf 81' lang='lat' dir='ltr'>catholica</span> <span class='ocrx_word' id='word_1_537' title='bbox 3066 2890 3151 2947; x_wconf 91' lang='lat' dir='ltr'>nil</span> <span class='ocrx_word' id='word_1_538' title='bbox 3181 2892 3394 2963; x_wconf 65' lang='lat' dir='ltr'>gratia:</span> <span class='ocrx_word' id='word_1_539' title='bbox 3427 2893 3776 2965; x_wconf 85' lang='lat' dir='ltr'>spiritualis</span> 
     </span>
    </p>
   </div>
   <div class='ocr_carea' id='block_1_76' title="bbox 2092 2975 3778 3049">
    <p class='ocr_par' dir='ltr' id='par_1_76' title="bbox 2092 2975 3778 3049">
     <span class='ocr_line' id='line_1_76' title="bbox 2092 2975 3778 3049; baseline 0.002 -17"><span class='ocrx_word' id='word_1_540' title='bbox 2092 2977 2277 3049; x_wconf 88' lang='lat' dir='ltr'>possit</span> <span class='ocrx_word' id='word_1_541' title='bbox 2331 2975 2599 3041; x_wconf 87' lang='lat' dir='ltr'>conferri,</span> <span class='ocrx_word' id='word_1_542' title='bbox 2659 2978 2869 3046; x_wconf 87' lang='lat' dir='ltr'>utputa</span> <span class='ocrx_word' id='word_1_543' title='bbox 2926 2976 3144 3047; x_wconf 79' lang='lat' dir='ltr'>quibus</span> <span class='ocrx_word' id='word_1_544' title='bbox 3202 2976 3532 3049; x_wconf 85' lang='lat' dir='ltr'>plenitudo</span> <span class='ocrx_word' id='word_1_545' title='bbox 3586 2981 3778 3035; x_wconf 82' lang='lat' dir='ltr'>sancti</span> 
     </span>
    </p>
   </div>
   <div class='ocr_carea' id='block_1_77' title="bbox 2091 3063 3775 3140">
    <p class='ocr_par' dir='ltr' id='par_1_77' title="bbox 2091 3063 3775 3140">
     <span class='ocr_line' id='line_1_77' title="bbox 2091 3063 3775 3140; baseline 0.003 -21"><span class='ocrx_word' id='word_1_546' title='bbox 2091 3064 2343 3136; x_wconf 89' lang='lat' dir='ltr'>Spiritus</span> <span class='ocrx_word' id='word_1_547' title='bbox 2375 3064 2445 3119; x_wconf 90' lang='lat' dir='ltr'>ad</span> <span class='ocrx_word' id='word_1_548' title='bbox 2476 3067 2695 3129; x_wconf 90' lang='lat' dir='ltr'>votum,</span> <span class='ocrx_word' id='word_1_549' title='bbox 2729 3063 2850 3119; x_wconf 87' lang='lat' dir='ltr'>sive</span> <span class='ocrx_word' id='word_1_550' title='bbox 2876 3065 3087 3137; x_wconf 86' lang='lat' dir='ltr'>gratis,</span> <span class='ocrx_word' id='word_1_551' title='bbox 3109 3065 3235 3122; x_wconf 86' lang='lat' dir='ltr'>sive</span> <span class='ocrx_word' id='word_1_552' title='bbox 3266 3083 3392 3122; x_wconf 91' lang='lat' dir='ltr'>non</span> <span class='ocrx_word' id='word_1_553' title='bbox 3413 3067 3625 3140; x_wconf 79' lang='lat' dir='ltr'>gratis</span> <span class='ocrx_word' id='word_1_554' title='bbox 3648 3084 3775 3124; x_wconf 86' lang='lat' dir='ltr'>eam</span> 
     </span>
    </p>
   </div>
   <div class='ocr_carea' id='block_1_78' title="bbox 2090 3151 3385 3226">
    <p class='ocr_par' dir='ltr' id='par_1_78' title="bbox 2090 3151 3385 3226">
     <span class='ocr_line' id='line_1_78' title="bbox 2090 3151 3385 3226; baseline 0.002 -17"><span class='ocrx_word' id='word_1_555' title='bbox 2090 3152 2291 3225; x_wconf 88' lang='lat' dir='ltr'>largiri</span> <span class='ocrx_word' id='word_1_556' title='bbox 2320 3151 2517 3220; x_wconf 87' lang='lat' dir='ltr'>velint,</span> <span class='ocrx_word' id='word_1_557' title='bbox 2549 3151 2867 3209; x_wconf 86' lang='lat' dir='ltr'>famulatur</span> <span class='ocrx_word' id='word_1_558' title='bbox 2884 3152 2973 3211; x_wconf 91' lang='lat' dir='ltr'>vel</span> <span class='ocrx_word' id='word_1_559' title='bbox 3007 3154 3385 3226; x_wconf 84' lang='lat' dir='ltr'>obsequitur.</span> 
     </span>
    </p>
   </div>
   <div class='ocr_carea' id='block_1_79' title="bbox 2733 3240 3092 3299">
    <p class='ocr_par' dir='ltr' id='par_1_79' title="bbox 2733 3240 3092 3299">
     <span class='ocr_line' id='line_1_79' title="bbox 2733 3240 3092 3299; baseline 0.006 -2"><span class='ocrx_word' id='word_1_560' title='bbox 2733 3240 2963 3297; x_wconf 83' lang='lat' dir='ltr'>CAPUT</span> <span class='ocrx_word' id='word_1_561' title='bbox 3002 3241 3092 3299; x_wconf 88' lang='lat' dir='ltr'>IX.</span> 
     </span>
    </p>
   </div>
   <div class='ocr_carea' id='block_1_80' title="bbox 2163 3326 3777 3398">
    <p class='ocr_par' dir='ltr' id='par_1_80' title="bbox 2163 3326 3777 3398">
     <span class='ocr_line' id='line_1_80' title="bbox 2163 3326 3777 3398; baseline 0.006 -16"><span class='ocrx_word' id='word_1_562' title='bbox 2163 3328 2378 3382; x_wconf 87' lang='lat' dir='ltr'>Verum</span> <span class='ocrx_word' id='word_1_563' title='bbox 2407 3326 2545 3398; x_wconf 90' lang='lat' dir='ltr'>quia</span> <span class='ocrx_word' id='word_1_564' title='bbox 2574 3344 2609 3383; x_wconf 91' lang='lat' dir='ltr'>a</span> <span class='ocrx_word' id='word_1_565' title='bbox 2636 3327 2938 3386; x_wconf 88' lang='lat' dir='ltr'>catholicis</span> <span class='ocrx_word' id='word_1_566' title='bbox 2967 3329 3254 3387; x_wconf 88' lang='lat' dir='ltr'>adversus</span> <span class='ocrx_word' id='word_1_567' title='bbox 3292 3329 3630 3390; x_wconf 58' lang='lat' dir='ltr'>haereticos</span> <span class='ocrx_word' id='word_1_568' title='bbox 3663 3333 3777 3390; x_wconf 78' lang='lat' dir='ltr'>cla-</span> 
     </span>
    </p>
   </div>
   <div class='ocr_carea' id='block_1_81' title="bbox 2091 3415 3779 3489">
    <p class='ocr_par' dir='ltr' id='par_1_81' title="bbox 2091 3415 3779 3489">
     <span class='ocr_line' id='line_1_81' title="bbox 2091 3415 3779 3489; baseline 0.004 -17"><span class='ocrx_word' id='word_1_569' title='bbox 2091 3420 2302 3483; x_wconf 90' lang='lat' dir='ltr'>matur,</span> <span class='ocrx_word' id='word_1_570' title='bbox 2336 3432 2470 3472; x_wconf 90' lang='lat' dir='ltr'>cum</span> <span class='ocrx_word' id='word_1_571' title='bbox 2512 3415 2744 3486; x_wconf 89' lang='lat' dir='ltr'>utrique</span> <span class='ocrx_word' id='word_1_572' title='bbox 2771 3418 2845 3483; x_wconf 57' lang='lat' dir='ltr'>Ise</span> <span class='ocrx_word' id='word_1_573' title='bbox 2884 3418 3277 3489; x_wconf 80' lang='lat' dir='ltr'>profiteantur</span> <span class='ocrx_word' id='word_1_574' title='bbox 3318 3420 3692 3488; x_wconf 83' lang='lat' dir='ltr'>catholicos,</span> <span class='ocrx_word' id='word_1_575' title='bbox 3723 3426 3779 3478; x_wconf 82' lang='lat' dir='ltr'>et</span> 
     </span>
    </p>
   </div>
   <div class='ocr_carea' id='block_1_82' title="bbox 2091 3502 3779 3577">
    <p class='ocr_par' dir='ltr' id='par_1_82' title="bbox 2091 3502 3779 3577">
     <span class='ocr_line' id='line_1_82' title="bbox 2091 3502 3779 3577; baseline 0.004 -18"><span class='ocrx_word' id='word_1_576' title='bbox 2091 3505 2398 3560; x_wconf 90' lang='lat' dir='ltr'>alterutros</span> <span class='ocrx_word' id='word_1_577' title='bbox 2425 3502 2513 3559; x_wconf 91' lang='lat' dir='ltr'>vel</span> <span class='ocrx_word' id='word_1_578' title='bbox 2536 3502 2779 3558; x_wconf 90' lang='lat' dir='ltr'>invicem</span> <span class='ocrx_word' id='word_1_579' title='bbox 2803 3521 2866 3562; x_wconf 89' lang='lat' dir='ltr'>se</span> <span class='ocrx_word' id='word_1_580' title='bbox 2885 3505 3087 3565; x_wconf 82' lang='lat' dir='ltr'>dicant</span> <span class='ocrx_word' id='word_1_581' title='bbox 3113 3505 3454 3577; x_wconf 62' lang='lat' dir='ltr'>haereticos,</span> <span class='ocrx_word' id='word_1_582' title='bbox 3480 3508 3573 3565; x_wconf 89' lang='lat' dir='ltr'>ita</span> <span class='ocrx_word' id='word_1_583' title='bbox 3606 3513 3696 3576; x_wconf 91' lang='lat' dir='ltr'>ut,</span> <span class='ocrx_word' id='word_1_584' title='bbox 3720 3510 3779 3565; x_wconf 88' lang='lat' dir='ltr'>in</span> 
     </span>
    </p>
   </div>
   <div class='ocr_carea' id='block_1_83' title="bbox 2090 3591 3783 3664">
    <p class='ocr_par' dir='ltr' id='par_1_83' title="bbox 2090 3591 3783 3664">
     <span class='ocr_line' id='line_1_83' title="bbox 2090 3591 3783 3664; baseline 0.004 -16"><span class='ocrx_word' id='word_1_585' title='bbox 2090 3592 2270 3662; x_wconf 86' lang='lat' dir='ltr'>hujus</span> <span class='ocrx_word' id='word_1_586' title='bbox 2300 3591 2550 3663; x_wconf 71' lang='lat' dir='ltr'>plagoste</span> <span class='ocrx_word' id='word_1_587' title='bbox 2574 3591 2801 3663; x_wconf 65' lang='lat' dir='ltr'>Egypti</span> <span class='ocrx_word' id='word_1_588' title='bbox 2821 3593 3223 3664; x_wconf 88' lang='lat' dir='ltr'>palpabilibus</span> <span class='ocrx_word' id='word_1_589' title='bbox 3243 3594 3361 3657; x_wconf 88' lang='lat' dir='ltr'>hoc</span> <span class='ocrx_word' id='word_1_590' title='bbox 3383 3600 3607 3654; x_wconf 87' lang='lat' dir='ltr'>nostro</span> <span class='ocrx_word' id='word_1_591' title='bbox 3629 3602 3783 3655; x_wconf 83' lang='lat' dir='ltr'>tem-</span> 
     </span>
    </p>
   </div>
   <div class='ocr_carea' id='block_1_84' title="bbox 2091 3679 3783 3757">
    <p class='ocr_par' dir='ltr' id='par_1_84' title="bbox 2091 3679 3783 3757">
     <span class='ocr_line' id='line_1_84' title="bbox 2091 3679 3783 3757; baseline 0.004 -21"><span class='ocrx_word' id='word_1_592' title='bbox 2091 3696 2228 3753; x_wconf 90' lang='lat' dir='ltr'>pore</span> <span class='ocrx_word' id='word_1_593' title='bbox 2257 3680 2535 3745; x_wconf 86' lang='lat' dir='ltr'>tenebris,</span> <span class='ocrx_word' id='word_1_594' title='bbox 2569 3696 2685 3735; x_wconf 89' lang='lat' dir='ltr'>non</span> <span class='ocrx_word' id='word_1_595' title='bbox 2716 3679 2873 3736; x_wconf 89' lang='lat' dir='ltr'>facili</span> <span class='ocrx_word' id='word_1_596' title='bbox 2904 3682 3157 3753; x_wconf 90' lang='lat' dir='ltr'>perspici</span> <span class='ocrx_word' id='word_1_597' title='bbox 3188 3684 3389 3755; x_wconf 85' lang='lat' dir='ltr'>possit</span> <span class='ocrx_word' id='word_1_598' title='bbox 3417 3686 3570 3757; x_wconf 85' lang='lat' dir='ltr'>quis</span> <span class='ocrx_word' id='word_1_599' title='bbox 3602 3688 3783 3757; x_wconf 81' lang='lat' dir='ltr'>cujus</span> 
     </span>
    </p>
   </div>
   <div class='ocr_carea' id='block_1_85' title="bbox 2091 3767 3784 3845">
    <p class='ocr_par' dir='ltr' id='par_1_85' title="bbox 2091 3767 3784 3845">
     <span class='ocr_line' id='line_1_85' title="bbox 2091 3767 3784 3845; baseline 0.005 -22"><span class='ocrx_word' id='word_1_600' title='bbox 2091 3767 2333 3841; x_wconf 91' lang='lat' dir='ltr'>spiritus</span> <span class='ocrx_word' id='word_1_601' title='bbox 2364 3768 2462 3836; x_wconf 89' lang='lat' dir='ltr'>sit,</span> <span class='ocrx_word' id='word_1_602' title='bbox 2494 3767 2903 3839; x_wconf 79' lang='lat' dir='ltr'>praetermissis</span> <span class='ocrx_word' id='word_1_603' title='bbox 2941 3770 3224 3827; x_wconf 89' lang='lat' dir='ltr'>omnibus</span> <span class='ocrx_word' id='word_1_604' title='bbox 3275 3770 3374 3827; x_wconf 87' lang='lat' dir='ltr'>his</span> <span class='ocrx_word' id='word_1_605' title='bbox 3428 3773 3507 3829; x_wconf 87' lang='lat' dir='ltr'>de</span> <span class='ocrx_word' id='word_1_606' title='bbox 3546 3774 3784 3845; x_wconf 85' lang='lat' dir='ltr'>quibus</span> 
     </span>
    </p>
   </div>
   <div class='ocr_carea' id='block_1_86' title="bbox 2092 3855 3784 3929">
    <p class='ocr_par' dir='ltr' id='par_1_86' title="bbox 2092 3855 3784 3929">
     <span class='ocr_line' id='line_1_86' title="bbox 2092 3855 3784 3929; baseline 0.006 -19"><span class='ocrx_word' id='word_1_607' title='bbox 2092 3855 2617 3928; x_wconf 73' lang='lat' dir='ltr'>impraesentiarum</span> <span class='ocrx_word' id='word_1_608' title='bbox 2639 3855 2894 3913; x_wconf 87' lang='lat' dir='ltr'>dubitari</span> <span class='ocrx_word' id='word_1_609' title='bbox 2915 3861 3128 3929; x_wconf 85' lang='lat' dir='ltr'>potest,</span> <span class='ocrx_word' id='word_1_610' title='bbox 3152 3859 3429 3917; x_wconf 87' lang='lat' dir='ltr'>catholici</span> <span class='ocrx_word' id='word_1_611' title='bbox 3464 3878 3547 3921; x_wconf 87' lang='lat' dir='ltr'>an</span> <span class='ocrx_word' id='word_1_612' title='bbox 3582 3862 3784 3920; x_wconf 63' lang='lat' dir='ltr'>haere-</span> 
     </span>
    </p>
   </div>
   <div class='ocr_carea' id='block_1_87' title="bbox 2090 3943 3788 4020">
    <p class='ocr_par' dir='ltr' id='par_1_87' title="bbox 2090 3943 3788 4020">
     <span class='ocr_line' id='line_1_87' title="bbox 2090 3943 3788 4020; baseline 0.004 -19"><span class='ocrx_word' id='word_1_613' title='bbox 2090 3944 2189 4001; x_wconf 90' lang='lat' dir='ltr'>tici</span> <span class='ocrx_word' id='word_1_614' title='bbox 2218 3944 2472 4000; x_wconf 88' lang='lat' dir='ltr'>habendi</span> <span class='ocrx_word' id='word_1_615' title='bbox 2504 3943 2640 4012; x_wconf 89' lang='lat' dir='ltr'>sint,</span> <span class='ocrx_word' id='word_1_616' title='bbox 2676 3944 2748 4000; x_wconf 88' lang='lat' dir='ltr'>ad</span> <span class='ocrx_word' id='word_1_617' title='bbox 2778 3944 2927 4001; x_wconf 92' lang='lat' dir='ltr'>duos</span> <span class='ocrx_word' id='word_1_618' title='bbox 2948 3950 3188 4005; x_wconf 89' lang='lat' dir='ltr'>tantum</span> <span class='ocrx_word' id='word_1_619' title='bbox 3208 3965 3280 4007; x_wconf 78' lang='lat' dir='ltr'>ex</span> <span class='ocrx_word' id='word_1_620' title='bbox 3309 3949 3788 4020; x_wconf 79' lang='lat' dir='ltr'>antiquissimis</span> 
     </span>
    </p>
   </div>
   <div class='ocr_carea' id='block_1_88' title="bbox 2091 4031 3789 4104">
    <p class='ocr_par' dir='ltr' id='par_1_88' title="bbox 2091 4031 3789 4104">
     <span class='ocr_line' id='line_1_88' title="bbox 2091 4031 3789 4104; baseline 0.004 -15"><span class='ocrx_word' id='word_1_621' title='bbox 2091 4036 2495 4104; x_wconf 88' lang='lat' dir='ltr'>retorqueatur</span> <span class='ocrx_word' id='word_1_622' title='bbox 2514 4031 2719 4104; x_wconf 87' lang='lat' dir='ltr'>stylus,</span> <span class='ocrx_word' id='word_1_623' title='bbox 2744 4048 2891 4104; x_wconf 91' lang='lat' dir='ltr'>quos</span> <span class='ocrx_word' id='word_1_624' title='bbox 2907 4038 3101 4092; x_wconf 88' lang='lat' dir='ltr'>certos</span> <span class='ocrx_word' id='word_1_625' title='bbox 3121 4040 3182 4092; x_wconf 81' lang='lat' dir='ltr'>et</span> <span class='ocrx_word' id='word_1_626' title='bbox 3196 4036 3536 4097; x_wconf 69' lang='lat' dir='ltr'>diffamatus</span> <span class='ocrx_word' id='word_1_627' title='bbox 3567 4037 3789 4096; x_wconf 60' lang='lat' dir='ltr'>hare-</span> 
     </span>
    </p>
   </div>
   <div class='ocr_carea' id='block_1_89' title="bbox 2090 4120 3788 4187">
    <p class='ocr_par' dir='ltr' id='par_1_89' title="bbox 2090 4120 3788 4187">
     <span class='ocr_line' id='line_1_89' title="bbox 2090 4120 3788 4187; baseline 0.004 -10"><span class='ocrx_word' id='word_1_628' title='bbox 2090 4121 2258 4187; x_wconf 87' lang='lat' dir='ltr'>ticos,</span> <span class='ocrx_word' id='word_1_629' title='bbox 2291 4124 2406 4177; x_wconf 88' lang='lat' dir='ltr'>uta</span> <span class='ocrx_word' id='word_1_630' title='bbox 2427 4120 2645 4177; x_wconf 89' lang='lat' dir='ltr'>sanctis</span> <span class='ocrx_word' id='word_1_631' title='bbox 2665 4121 2940 4179; x_wconf 89' lang='lat' dir='ltr'>Patribus</span> <span class='ocrx_word' id='word_1_632' title='bbox 2960 4125 3243 4186; x_wconf 88' lang='lat' dir='ltr'>concordi</span> <span class='ocrx_word' id='word_1_633' title='bbox 3262 4125 3578 4182; x_wconf 81' lang='lat' dir='ltr'>sententia</span> <span class='ocrx_word' id='word_1_634' title='bbox 3603 4127 3788 4185; x_wconf 78' lang='lat' dir='ltr'>dam-</span> 
     </span>
    </p>
   </div>
   <div class='ocr_carea' id='block_1_90' title="bbox 2092 4207 3786 4286">
    <p class='ocr_par' dir='ltr' id='par_1_90' title="bbox 2092 4207 3786 4286">
     <span class='ocr_line' id='line_1_90' title="bbox 2092 4207 3786 4286; baseline 0.005 -20"><span class='ocrx_word' id='word_1_635' title='bbox 2092 4213 2259 4266; x_wconf 90' lang='lat' dir='ltr'>natos</span> <span class='ocrx_word' id='word_1_636' title='bbox 2288 4209 2361 4265; x_wconf 91' lang='lat' dir='ltr'>ab</span> <span class='ocrx_word' id='word_1_637' title='bbox 2399 4207 2566 4264; x_wconf 86' lang='lat' dir='ltr'>initio</span> <span class='ocrx_word' id='word_1_638' title='bbox 2595 4207 2775 4265; x_wconf 88' lang='lat' dir='ltr'>fuisse</span> <span class='ocrx_word' id='word_1_639' title='bbox 2818 4210 3070 4282; x_wconf 82' lang='lat' dir='ltr'>ambigit</span> <span class='ocrx_word' id='word_1_640' title='bbox 3114 4211 3340 4270; x_wconf 88' lang='lat' dir='ltr'>nullus.</span> <span class='ocrx_word' id='word_1_641' title='bbox 3392 4213 3472 4269; x_wconf 87' lang='lat' dir='ltr'>Et</span> <span class='ocrx_word' id='word_1_642' title='bbox 3500 4214 3786 4286; x_wconf 83' lang='lat' dir='ltr'>priorem</span> 
     </span>
    </p>
   </div>
   <div class='ocr_carea' id='block_1_91' title="bbox 2092 4296 3789 4370">
    <p class='ocr_par' dir='ltr' id='par_1_91' title="bbox 2092 4296 3789 4370">
     <span class='ocr_line' id='line_1_91' title="bbox 2092 4296 3789 4370; baseline 0.005 -18"><span class='ocrx_word' id='word_1_643' title='bbox 2092 4297 2331 4370; x_wconf 88' lang='lat' dir='ltr'>quidem</span> <span class='ocrx_word' id='word_1_644' title='bbox 2362 4296 2547 4354; x_wconf 88' lang='lat' dir='ltr'>sancti</span> <span class='ocrx_word' id='word_1_645' title='bbox 2568 4296 2839 4368; x_wconf 86' lang='lat' dir='ltr'>apostoli,</span> <span class='ocrx_word' id='word_1_646' title='bbox 2868 4297 3121 4357; x_wconf 78' lang='lat' dir='ltr'>alterum</span> <span class='ocrx_word' id='word_1_647' title='bbox 3154 4315 3290 4358; x_wconf 89' lang='lat' dir='ltr'>vero</span> <span class='ocrx_word' id='word_1_648' title='bbox 3322 4302 3708 4365; x_wconf 72' lang='lat' dir='ltr'>detexerunt</span> <span class='ocrx_word' id='word_1_649' title='bbox 3735 4310 3789 4363; x_wconf 88' lang='lat' dir='ltr'>et</span> 
     </span>
    </p>
   </div>
   <div class='ocr_carea' id='block_1_92' title="bbox 2093 4384 3787 4450">
    <p class='ocr_par' dir='ltr' id='par_1_92' title="bbox 2093 4384 3787 4450">
     <span class='ocr_line' id='line_1_92' title="bbox 2093 4384 3787 4450; baseline 0.005 -8"><span class='ocrx_word' id='word_1_650' title='bbox 2093 4384 2685 4443; x_wconf 87' lang='lat' dir='ltr'>damnaveruntomni</span> <span class='ocrx_word' id='word_1_651' title='bbox 2703 4387 2929 4443; x_wconf 83' lang='lat' dir='ltr'>mundo</span> <span class='ocrx_word' id='word_1_652' title='bbox 2944 4388 3251 4449; x_wconf 81' lang='lat' dir='ltr'>revereudi</span> <span class='ocrx_word' id='word_1_653' title='bbox 3274 4389 3487 4447; x_wconf 86' lang='lat' dir='ltr'>Patres</span> <span class='ocrx_word' id='word_1_654' title='bbox 3518 4391 3787 4450; x_wconf 67' lang='lat' dir='ltr'>Nicmnae</span> 
     </span>
    </p>
   </div>
   <div class='ocr_carea' id='block_1_93' title="bbox 2094 4474 3791 4547">
    <p class='ocr_par' dir='ltr' id='par_1_93' title="bbox 2094 4474 3791 4547">
     <span class='ocr_line' id='line_1_93' title="bbox 2094 4474 3791 4547; baseline 0.004 -16"><span class='ocrx_word' id='word_1_655' title='bbox 2094 4474 2319 4547; x_wconf 83' lang='lat' dir='ltr'>synodi,</span> <span class='ocrx_word' id='word_1_656' title='bbox 2354 4477 2414 4531; x_wconf 90' lang='lat' dir='ltr'>et</span> <span class='ocrx_word' id='word_1_657' title='bbox 2438 4477 2570 4545; x_wconf 89' lang='lat' dir='ltr'>post</span> <span class='ocrx_word' id='word_1_658' title='bbox 2598 4488 2697 4532; x_wconf 88' lang='lat' dir='ltr'>eos</span> <span class='ocrx_word' id='word_1_659' title='bbox 2718 4478 3008 4546; x_wconf 87' lang='lat' dir='ltr'>quotquot</span> <span class='ocrx_word' id='word_1_660' title='bbox 3037 4475 3203 4535; x_wconf 80' lang='lat' dir='ltr'>fuere</span> <span class='ocrx_word' id='word_1_661' title='bbox 3218 4477 3311 4535; x_wconf 90' lang='lat' dir='ltr'>vel</span> <span class='ocrx_word' id='word_1_662' title='bbox 3339 4482 3495 4535; x_wconf 89' lang='lat' dir='ltr'>sunt</span> <span class='ocrx_word' id='word_1_663' title='bbox 3522 4481 3791 4541; x_wconf 82' lang='lat' dir='ltr'>catholi-</span> 
     </span>
    </p>
   </div>
   <div class='ocr_carea' id='block_1_94' title="bbox 2094 4562 3790 4641">
    <p class='ocr_par' dir='ltr' id='par_1_94' title="bbox 2094 4562 3790 4641">
     <span class='ocr_line' id='line_1_94' title="bbox 2094 4562 3790 4641; baseline 0.005 -23"><span class='ocrx_word' id='word_1_664' title='bbox 2094 4579 2173 4619; x_wconf 71' lang='lat' dir='ltr'>cas</span> <span class='ocrx_word' id='word_1_665' title='bbox 2220 4562 2377 4619; x_wconf 81' lang='lat' dir='ltr'>ﬁdei.</span> <span class='ocrx_word' id='word_1_666' title='bbox 2417 4562 2691 4621; x_wconf 85' lang='lat' dir='ltr'>Decimus</span> <span class='ocrx_word' id='word_1_667' title='bbox 2741 4567 2939 4620; x_wconf 77' lang='lat' dir='ltr'>autem</span> <span class='ocrx_word' id='word_1_668' title='bbox 2987 4564 3295 4629; x_wconf 82' lang='lat' dir='ltr'>Simonem</span> <span class='ocrx_word' id='word_1_669' title='bbox 3348 4567 3619 4641; x_wconf 80' lang='lat' dir='ltr'>Magum</span> <span class='ocrx_word' id='word_1_670' title='bbox 3651 4588 3790 4629; x_wconf 81' lang='lat' dir='ltr'>cum</span> 
     </span>
    </p>
   </div>
   <div class='ocr_carea' id='block_1_95' title="bbox 350 4649 3795 4734">
    <p class='ocr_par' dir='ltr' id='par_1_95' title="bbox 350 4649 3795 4734">
     <span class='ocr_line' id='line_1_95' title="bbox 350 4649 3795 4734; baseline -0 -21"><span class='ocrx_word' id='word_1_671' title='bbox 350 4673 563 4713; x_wconf 88' lang='lat' dir='ltr'>manus</span> <span class='ocrx_word' id='word_1_672' title='bbox 592 4657 865 4714; x_wconf 89' lang='lat' dir='ltr'>catholici</span> <span class='ocrx_word' id='word_1_673' title='bbox 898 4655 1217 4712; x_wconf 89' lang='lat' dir='ltr'>sacerdotis</span> <span class='ocrx_word' id='word_1_674' title='bbox 1247 4658 1381 4727; x_wconf 89' lang='lat' dir='ltr'>post</span> <span class='ocrx_word' id='word_1_675' title='bbox 1405 4653 1568 4709; x_wconf 91' lang='lat' dir='ltr'>illam</span> <span class='ocrx_word' id='word_1_676' title='bbox 1590 4671 1767 4726; x_wconf 89' lang='lat' dir='ltr'>quam</span> <span class='ocrx_word' id='word_1_677' title='bbox 1798 4674 1833 4711; x_wconf 90' lang='lat' dir='ltr'>a</span> <span class='ocrx_word' id='word_1_678' title='bbox 1861 4657 1987 4712; x_wconf 90' lang='lat' dir='ltr'>suis</span> <span class='ocrx_word' id='word_1_679' title='bbox 2019 4667 2064 4734; x_wconf 77' lang='grc' dir='ltr'>ο</span> <span class='ocrx_word' id='word_1_680' title='bbox 2095 4651 2219 4708; x_wconf 90' lang='lat' dir='ltr'>suis</span> <span class='ocrx_word' id='word_1_681' title='bbox 2250 4649 2629 4719; x_wconf 87' lang='lat' dir='ltr'>Simonianis,</span> <span class='ocrx_word' id='word_1_682' title='bbox 2653 4655 2709 4708; x_wconf 85' lang='lat' dir='ltr'>et</span> <span class='ocrx_word' id='word_1_683' title='bbox 2728 4652 2935 4709; x_wconf 86' lang='lat' dir='ltr'>Arium</span> <span class='ocrx_word' id='word_1_684' title='bbox 2962 4653 3439 4713; x_wconf 81' lang='lat' dir='ltr'>Alexandrinum</span> <span class='ocrx_word' id='word_1_685' title='bbox 3474 4660 3795 4733; x_wconf 77' lang='lat' dir='ltr'>presbyte-</span> 
     </span>
    </p>
   </div>
   <div class='ocr_carea' id='block_1_96' title="bbox 351 4742 1988 4817">
    <p class='ocr_par' dir='ltr' id='par_1_96' title="bbox 351 4742 1988 4817">
     <span class='ocr_line' id='line_1_96' title="bbox 351 4742 1988 4817; baseline 0.001 -17"><span class='ocrx_word' id='word_1_686' title='bbox 351 4746 642 4817; x_wconf 88' lang='lat' dir='ltr'>accepisse</span> <span class='ocrx_word' id='word_1_687' title='bbox 670 4747 956 4802; x_wconf 90' lang='lat' dir='ltr'>sciuntur.</span> <span class='ocrx_word' id='word_1_688' title='bbox 989 4745 1238 4812; x_wconf 88' lang='lat' dir='ltr'>Etenim,</span> <span class='ocrx_word' id='word_1_689' title='bbox 1261 4742 1311 4799; x_wconf 89' lang='lat' dir='ltr'>si</span> <span class='ocrx_word' id='word_1_690' title='bbox 1339 4742 1471 4797; x_wconf 91' lang='lat' dir='ltr'>laici</span> <span class='ocrx_word' id='word_1_691' title='bbox 1492 4743 1726 4812; x_wconf 88' lang='lat' dir='ltr'>fuerint,</span> <span class='ocrx_word' id='word_1_692' title='bbox 1746 4761 1850 4817; x_wconf 89' lang='lat' dir='ltr'>per</span> <span class='ocrx_word' id='word_1_693' title='bbox 1864 4762 1988 4801; x_wconf 88' lang='lat' dir='ltr'>ma-</span> 
     </span>
    </p>
   </div>
   <div class='ocr_carea' id='block_1_97' title="bbox 356 4830 1991 4905">
    <p class='ocr_par' dir='ltr' id='par_1_97' title="bbox 356 4830 1991 4905">
     <span class='ocr_line' id='line_1_97' title="bbox 356 4830 1991 4905; baseline 0 -17"><span class='ocrx_word' id='word_1_694' title='bbox 356 4849 467 4888; x_wconf 92' lang='lat' dir='ltr'>nus</span> <span class='ocrx_word' id='word_1_695' title='bbox 498 4833 931 4905; x_wconf 91' lang='lat' dir='ltr'>impositionem</span> <span class='ocrx_word' id='word_1_696' title='bbox 975 4837 1032 4889; x_wconf 91' lang='lat' dir='ltr'>et</span> <span class='ocrx_word' id='word_1_697' title='bbox 1056 4830 1391 4887; x_wconf 89' lang='lat' dir='ltr'>chrismatis</span> <span class='ocrx_word' id='word_1_698' title='bbox 1420 4830 1753 4887; x_wconf 90' lang='lat' dir='ltr'>unctionem</span> <span class='ocrx_word' id='word_1_699' title='bbox 1787 4833 1845 4887; x_wconf 92' lang='lat' dir='ltr'>in</span> <span class='ocrx_word' id='word_1_700' title='bbox 1877 4833 1991 4888; x_wconf 83' lang='lat' dir='ltr'>ﬁde</span> 
     </span>
    </p>
   </div>
   <div class='ocr_carea' id='block_1_98' title="bbox 354 4918 1992 4992">
    <p class='ocr_par' dir='ltr' id='par_1_98' title="bbox 354 4918 1992 4992">
     <span class='ocr_line' id='line_1_98' title="bbox 354 4918 1992 4992; baseline 0.001 -17"><span class='ocrx_word' id='word_1_701' title='bbox 354 4920 813 4989; x_wconf 83' lang='lat' dir='ltr'>conﬁrmantur;</span> <span class='ocrx_word' id='word_1_702' title='bbox 865 4921 915 4975; x_wconf 91' lang='lat' dir='ltr'>si</span> <span class='ocrx_word' id='word_1_703' title='bbox 967 4920 1179 4990; x_wconf 90' lang='lat' dir='ltr'>clerici,</span> <span class='ocrx_word' id='word_1_704' title='bbox 1216 4918 1599 4975; x_wconf 88' lang='lat' dir='ltr'>nihilominus</span> <span class='ocrx_word' id='word_1_705' title='bbox 1649 4937 1750 4992; x_wconf 86' lang='lat' dir='ltr'>per</span> <span class='ocrx_word' id='word_1_706' title='bbox 1781 4937 1992 4976; x_wconf 88' lang='lat' dir='ltr'>manus</span> 
     </span>
    </p>
   </div>
   <div class='ocr_carea' id='block_1_99' title="bbox 352 5006 1992 5079">
    <p class='ocr_par' dir='ltr' id='par_1_99' title="bbox 352 5006 1992 5079">
     <span class='ocr_line' id='line_1_99' title="bbox 352 5006 1992 5079; baseline 0.002 -18"><span class='ocrx_word' id='word_1_707' title='bbox 352 5006 787 5077; x_wconf 88' lang='lat' dir='ltr'>impositionem</span> <span class='ocrx_word' id='word_1_708' title='bbox 812 5013 1155 5079; x_wconf 90' lang='lat' dir='ltr'>permanent</span> <span class='ocrx_word' id='word_1_709' title='bbox 1173 5008 1231 5062; x_wconf 91' lang='lat' dir='ltr'>in</span> <span class='ocrx_word' id='word_1_710' title='bbox 1263 5007 1484 5074; x_wconf 91' lang='lat' dir='ltr'>ordine,</span> <span class='ocrx_word' id='word_1_711' title='bbox 1515 5024 1689 5078; x_wconf 89' lang='lat' dir='ltr'>quem</span> <span class='ocrx_word' id='word_1_712' title='bbox 1709 5008 1992 5065; x_wconf 87' lang='lat' dir='ltr'>hactenus</span> 
     </span>
    </p>
   </div>
   <div class='ocr_carea' id='block_1_100' title="bbox 356 5094 1993 5169">
    <p class='ocr_par' dir='ltr' id='par_1_100' title="bbox 356 5094 1993 5169">
     <span class='ocr_line' id='line_1_100' title="bbox 356 5094 1993 5169; baseline 0.002 -20"><span class='ocrx_word' id='word_1_713' title='bbox 356 5094 633 5150; x_wconf 76' lang='lat' dir='ltr'>habuisse</span> <span class='ocrx_word' id='word_1_714' title='bbox 653 5095 1016 5151; x_wconf 84' lang='lat' dir='ltr'>videbantur.</span> <span class='ocrx_word' id='word_1_715' title='bbox 1036 5097 1199 5152; x_wconf 90' lang='lat' dir='ltr'>Unde</span> <span class='ocrx_word' id='word_1_716' title='bbox 1228 5095 1413 5167; x_wconf 91' lang='lat' dir='ltr'>liquet</span> <span class='ocrx_word' id='word_1_717' title='bbox 1442 5095 1755 5149; x_wconf 89' lang='lat' dir='ltr'>secundam</span> <span class='ocrx_word' id='word_1_718' title='bbox 1783 5114 1993 5169; x_wconf 78' lang='lat' dir='ltr'>manus</span> 
     </span>
    </p>
   </div>
   <div class='ocr_carea' id='block_1_101' title="bbox 355 5182 1990 5255">
    <p class='ocr_par' dir='ltr' id='par_1_101' title="bbox 355 5182 1990 5255">
     <span class='ocr_line' id='line_1_101' title="bbox 355 5182 1990 5255; baseline 0.001 -17"><span class='ocrx_word' id='word_1_719' title='bbox 355 5182 791 5255; x_wconf 89' lang='lat' dir='ltr'>impositionem</span> <span class='ocrx_word' id='word_1_720' title='bbox 815 5185 1208 5241; x_wconf 87' lang='lat' dir='ltr'>authenticam</span> <span class='ocrx_word' id='word_1_721' title='bbox 1238 5200 1367 5237; x_wconf 79' lang='lat' dir='ltr'>esse</span> <span class='ocrx_word' id='word_1_722' title='bbox 1392 5186 1447 5237; x_wconf 89' lang='lat' dir='ltr'>et</span> <span class='ocrx_word' id='word_1_723' title='bbox 1475 5184 1990 5253; x_wconf 84' lang='lat' dir='ltr'>pernecessariam,</span> 
     </span>
    </p>
   </div>
   <div class='ocr_carea' id='block_1_102' title="bbox 356 5269 1991 5344">
    <p class='ocr_par' dir='ltr' id='par_1_102' title="bbox 356 5269 1991 5344">
     <span class='ocr_line' id='line_1_102' title="bbox 356 5269 1991 5344; baseline 0.001 -18"><span class='ocrx_word' id='word_1_724' title='bbox 356 5272 407 5327; x_wconf 90' lang='lat' dir='ltr'>si</span> <span class='ocrx_word' id='word_1_725' title='bbox 447 5276 643 5327; x_wconf 90' lang='lat' dir='ltr'>tamen</span> <span class='ocrx_word' id='word_1_726' title='bbox 694 5289 728 5328; x_wconf 91' lang='lat' dir='ltr'>a</span> <span class='ocrx_word' id='word_1_727' title='bbox 773 5273 1072 5329; x_wconf 87' lang='lat' dir='ltr'>catholicis</span> <span class='ocrx_word' id='word_1_728' title='bbox 1114 5276 1247 5344; x_wconf 90' lang='lat' dir='ltr'>post</span> <span class='ocrx_word' id='word_1_729' title='bbox 1275 5269 1597 5335; x_wconf 76' lang='lat' dir='ltr'>hmreticos,</span> <span class='ocrx_word' id='word_1_730' title='bbox 1637 5285 1751 5325; x_wconf 90' lang='lat' dir='ltr'>non</span> <span class='ocrx_word' id='word_1_731' title='bbox 1800 5280 1991 5328; x_wconf 80' lang='lat' dir='ltr'>autem</span> 
     </span>
    </p>
   </div>
   <div class='ocr_carea' id='block_1_103' title="bbox 355 5356 1989 5433">
    <p class='ocr_par' dir='ltr' id='par_1_103' title="bbox 355 5356 1989 5433">
     <span class='ocr_line' id='line_1_103' title="bbox 355 5356 1989 5433; baseline -0.001 -17"><span class='ocrx_word' id='word_1_732' title='bbox 355 5365 489 5433; x_wconf 89' lang='lat' dir='ltr'>post</span> <span class='ocrx_word' id='word_1_733' title='bbox 516 5361 834 5417; x_wconf 88' lang='lat' dir='ltr'>catholicos</span> <span class='ocrx_word' id='word_1_734' title='bbox 865 5363 984 5417; x_wconf 85' lang='lat' dir='ltr'>ﬁat.</span> <span class='ocrx_word' id='word_1_735' title='bbox 1020 5364 1153 5426; x_wconf 69' lang='lat' dir='ltr'>Quae</span> <span class='ocrx_word' id='word_1_736' title='bbox 1192 5365 1389 5413; x_wconf 89' lang='lat' dir='ltr'>tamen</span> <span class='ocrx_word' id='word_1_737' title='bbox 1434 5373 1645 5412; x_wconf 89' lang='lat' dir='ltr'>manus</span> <span class='ocrx_word' id='word_1_738' title='bbox 1673 5356 1989 5431; x_wconf 89' lang='lat' dir='ltr'>impositio,</span> 
     </span>
    </p>
   </div>
   <div class='ocr_carea' id='block_1_104' title="bbox 359 5446 1993 5519">
    <p class='ocr_par' dir='ltr' id='par_1_104' title="bbox 359 5446 1993 5519">
     <span class='ocr_line' id='line_1_104' title="bbox 359 5446 1993 5519; baseline 0 -15"><span class='ocrx_word' id='word_1_739' title='bbox 359 5448 407 5504; x_wconf 92' lang='lat' dir='ltr'>si</span> <span class='ocrx_word' id='word_1_740' title='bbox 430 5449 746 5519; x_wconf 87' lang='lat' dir='ltr'>prudenter</span> <span class='ocrx_word' id='word_1_741' title='bbox 766 5448 1103 5515; x_wconf 86' lang='lat' dir='ltr'>advertitur,</span> <span class='ocrx_word' id='word_1_742' title='bbox 1118 5460 1489 5517; x_wconf 87' lang='lat' dir='ltr'>nequaquam</span> <span class='ocrx_word' id='word_1_743' title='bbox 1511 5446 1767 5502; x_wconf 91' lang='lat' dir='ltr'>secunda</span> <span class='ocrx_word' id='word_1_744' title='bbox 1787 5452 1888 5504; x_wconf 90' lang='lat' dir='ltr'>aut</span> <span class='ocrx_word' id='word_1_745' title='bbox 1912 5448 1993 5503; x_wconf 92' lang='lat' dir='ltr'>al-</span> 
     </span>
    </p>
   </div>
   <div class='ocr_carea' id='block_1_105' title="bbox 358 5533 1994 5606">
    <p class='ocr_par' dir='ltr' id='par_1_105' title="bbox 358 5533 1994 5606">
     <span class='ocr_line' id='line_1_105' title="bbox 358 5533 1994 5606; baseline 0.002 -18"><span class='ocrx_word' id='word_1_746' title='bbox 358 5539 485 5588; x_wconf 87' lang='lat' dir='ltr'>tera</span> <span class='ocrx_word' id='word_1_747' title='bbox 512 5538 663 5588; x_wconf 87' lang='lat' dir='ltr'>recte</span> <span class='ocrx_word' id='word_1_748' title='bbox 693 5539 795 5592; x_wconf 88' lang='lat' dir='ltr'>sed</span> <span class='ocrx_word' id='word_1_749' title='bbox 828 5538 935 5591; x_wconf 86' lang='lat' dir='ltr'>rite</span> <span class='ocrx_word' id='word_1_750' title='bbox 966 5536 1199 5591; x_wconf 90' lang='lat' dir='ltr'>dicitur.</span> <span class='ocrx_word' id='word_1_751' title='bbox 1234 5533 1381 5588; x_wconf 85' lang='lat' dir='ltr'>Nam</span> <span class='ocrx_word' id='word_1_752' title='bbox 1412 5533 1616 5588; x_wconf 89' lang='lat' dir='ltr'>beatus</span> <span class='ocrx_word' id='word_1_753' title='bbox 1647 5551 1797 5606; x_wconf 89' lang='lat' dir='ltr'>papa</span> <span class='ocrx_word' id='word_1_754' title='bbox 1826 5537 1994 5593; x_wconf 91' lang='lat' dir='ltr'>Inno-</span> 
     </span>
    </p>
   </div>
   <div class='ocr_carea' id='block_1_106' title="bbox 366 5618 1994 5691">
    <p class='ocr_par' dir='ltr' id='par_1_106' title="bbox 366 5618 1994 5691">
     <span class='ocr_line' id='line_1_106' title="bbox 366 5618 1994 5691; baseline 0.006 -19"><span class='ocrx_word' id='word_1_755' title='bbox 366 5618 592 5672; x_wconf 89' lang='lat' dir='ltr'>centius</span> <span class='ocrx_word' id='word_1_756' title='bbox 620 5623 881 5678; x_wconf 89' lang='lat' dir='ltr'>omnium</span> <span class='ocrx_word' id='word_1_757' title='bbox 910 5623 1312 5678; x_wconf 69' lang='lat' dir='ltr'>haereticorum</span> <span class='ocrx_word' id='word_1_758' title='bbox 1334 5636 1546 5676; x_wconf 90' lang='lat' dir='ltr'>manus</span> <span class='ocrx_word' id='word_1_759' title='bbox 1564 5623 1994 5691; x_wconf 86' lang='lat' dir='ltr'>impositioncm</span> 
     </span>
    </p>
   </div>
   <div class='ocr_carea' id='block_1_107' title="bbox 367 5710 1993 5780">
    <p class='ocr_par' dir='ltr' id='par_1_107' title="bbox 367 5710 1993 5780">
     <span class='ocr_line' id='line_1_107' title="bbox 367 5710 1993 5780; baseline 0.005 -21"><span class='ocrx_word' id='word_1_760' title='bbox 367 5718 496 5760; x_wconf 87' lang='lat' dir='ltr'>esse</span> <span class='ocrx_word' id='word_1_761' title='bbox 525 5719 759 5774; x_wconf 83' lang='lat' dir='ltr'>pravam</span> <span class='ocrx_word' id='word_1_762' title='bbox 796 5713 1169 5780; x_wconf 77' lang='lat' dir='ltr'>protestetur,</span> <span class='ocrx_word' id='word_1_763' title='bbox 1202 5712 1417 5765; x_wconf 89' lang='lat' dir='ltr'>rectam</span> <span class='ocrx_word' id='word_1_764' title='bbox 1461 5711 1655 5764; x_wconf 86' lang='lat' dir='ltr'>autem</span> <span class='ocrx_word' id='word_1_765' title='bbox 1687 5710 1993 5767; x_wconf 82' lang='lat' dir='ltr'>catholico-</span> 
     </span>
    </p>
   </div>
   <div class='ocr_carea' id='block_1_108' title="bbox 2098 4737 3795 4817">
    <p class='ocr_par' dir='ltr' id='par_1_108' title="bbox 2098 4737 3795 4817">
     <span class='ocr_line' id='line_1_108' title="bbox 2098 4737 3795 4817; baseline 0.006 -22"><span class='ocrx_word' id='word_1_766' title='bbox 2098 4756 2229 4796; x_wconf 90' lang='lat' dir='ltr'>rum</span> <span class='ocrx_word' id='word_1_767' title='bbox 2261 4755 2397 4797; x_wconf 87' lang='lat' dir='ltr'>cum</span> <span class='ocrx_word' id='word_1_768' title='bbox 2438 4737 2565 4795; x_wconf 89' lang='lat' dir='ltr'>suis</span> <span class='ocrx_word' id='word_1_769' title='bbox 2602 4738 2835 4799; x_wconf 86' lang='lat' dir='ltr'>Arianis</span> <span class='ocrx_word' id='word_1_770' title='bbox 2867 4759 2881 4797; x_wconf 88' lang='lat'><strong>:</strong></span> <span class='ocrx_word' id='word_1_771' title='bbox 2918 4757 3175 4813; x_wconf 83' lang='lat' dir='ltr'>quorum</span> <span class='ocrx_word' id='word_1_772' title='bbox 3218 4742 3386 4815; x_wconf 84' lang='lat' dir='ltr'>prior</span> <span class='ocrx_word' id='word_1_773' title='bbox 3430 4749 3735 4817; x_wconf 81' lang='lat' dir='ltr'>quamvis</span> <span class='ocrx_word' id='word_1_774' title='bbox 3762 4766 3795 4807; x_wconf 70' lang='grc' dir='ltr'><strong>ε</strong></span> 
     </span>
    </p>
   </div>
   <div class='ocr_carea' id='block_1_109' title="bbox 2099 4826 3794 4910">
    <p class='ocr_par' dir='ltr' id='par_1_109' title="bbox 2099 4826 3794 4910">
     <span class='ocr_line' id='line_1_109' title="bbox 2099 4826 3794 4910; baseline 0.004 -24"><span class='ocrx_word' id='word_1_775' title='bbox 2099 4828 2317 4886; x_wconf 86' lang='lat' dir='ltr'>sanctis</span> <span class='ocrx_word' id='word_1_776' title='bbox 2348 4826 2614 4885; x_wconf 73' lang='lat' dir='ltr'>Patribus</span> <span class='ocrx_word' id='word_1_777' title='bbox 2642 4832 2947 4900; x_wconf 79' lang='lat' dir='ltr'>reputatur</span> <span class='ocrx_word' id='word_1_778' title='bbox 2968 4832 3154 4903; x_wconf 83' lang='lat' dir='ltr'>pejor,</span> <span class='ocrx_word' id='word_1_779' title='bbox 3181 4836 3386 4889; x_wconf 89' lang='lat' dir='ltr'>tamen</span> <span class='ocrx_word' id='word_1_780' title='bbox 3422 4835 3588 4906; x_wconf 73' lang='lat' dir='ltr'>quia</span> <span class='ocrx_word' id='word_1_781' title='bbox 3618 4853 3794 4910; x_wconf 78' lang='lat' dir='ltr'>pares</span> 
     </span>
    </p>
   </div>
   <div class='ocr_carea' id='block_1_110' title="bbox 2100 4916 3795 4993">
    <p class='ocr_par' dir='ltr' id='par_1_110' title="bbox 2100 4916 3795 4993">
     <span class='ocr_line' id='line_1_110' title="bbox 2100 4916 3795 4993; baseline 0.006 -20"><span class='ocrx_word' id='word_1_782' title='bbox 2100 4917 2160 4973; x_wconf 92' lang='lat' dir='ltr'>in</span> <span class='ocrx_word' id='word_1_783' title='bbox 2190 4916 2396 4972; x_wconf 58' lang='lat' dir='ltr'>haeresi</span> <span class='ocrx_word' id='word_1_784' title='bbox 2425 4919 2705 4988; x_wconf 89' lang='lat' dir='ltr'>utrosque</span> <span class='ocrx_word' id='word_1_785' title='bbox 2726 4933 2855 4975; x_wconf 87' lang='lat' dir='ltr'>esse</span> <span class='ocrx_word' id='word_1_786' title='bbox 2886 4935 3067 4991; x_wconf 82' lang='lat' dir='ltr'>supra</span> <span class='ocrx_word' id='word_1_787' title='bbox 3095 4920 3548 4993; x_wconf 84' lang='lat' dir='ltr'>concessimus,</span> <span class='ocrx_word' id='word_1_788' title='bbox 3585 4931 3795 4983; x_wconf 79' lang='lat' dir='ltr'>contra</span> 
     </span>
    </p>
   </div>
   <div class='ocr_carea' id='block_1_111' title="bbox 2102 5005 3793 5080">
    <p class='ocr_par' dir='ltr' id='par_1_111' title="bbox 2102 5005 3793 5080">
     <span class='ocr_line' id='line_1_111' title="bbox 2102 5005 3793 5080; baseline 0.007 -18"><span class='ocrx_word' id='word_1_789' title='bbox 2102 5005 2276 5062; x_wconf 82' lang='lat' dir='ltr'>fusile</span> <span class='ocrx_word' id='word_1_790' title='bbox 2292 5008 2527 5061; x_wconf 89' lang='lat' dir='ltr'>scutum</span> <span class='ocrx_word' id='word_1_791' title='bbox 2549 5009 2607 5061; x_wconf 87' lang='lat' dir='ltr'>et</span> <span class='ocrx_word' id='word_1_792' title='bbox 2618 5011 2976 5065; x_wconf 85' lang='lat' dir='ltr'>armaturam</span> <span class='ocrx_word' id='word_1_793' title='bbox 2994 5008 3206 5080; x_wconf 75' lang='lat' dir='ltr'>perfidi</span> <span class='ocrx_word' id='word_1_794' title='bbox 3234 5013 3293 5066; x_wconf 85' lang='lat' dir='ltr'>et</span> <span class='ocrx_word' id='word_1_795' title='bbox 3304 5010 3573 5071; x_wconf 80' lang='lat' dir='ltr'>redivivi</span> <span class='ocrx_word' id='word_1_796' title='bbox 3597 5015 3662 5072; x_wconf 86' lang='lat' dir='ltr'>Si</span> <span class='ocrx_word' id='word_1_797' title='bbox 3674 5032 3793 5072; x_wconf 82' lang='lat' dir='ltr'>mo-</span> 
     </span>
    </p>
   </div>
   <div class='ocr_carea' id='block_1_112' title="bbox 2102 5095 3793 5169">
    <p class='ocr_par' dir='ltr' id='par_1_112' title="bbox 2102 5095 3793 5169">
     <span class='ocr_line' id='line_1_112' title="bbox 2102 5095 3793 5169; baseline 0.008 -18"><span class='ocrx_word' id='word_1_798' title='bbox 2102 5095 2195 5152; x_wconf 92' lang='lat' dir='ltr'>nis</span> <span class='ocrx_word' id='word_1_799' title='bbox 2231 5095 2528 5151; x_wconf 91' lang='lat' dir='ltr'>vibremus</span> <span class='ocrx_word' id='word_1_800' title='bbox 2554 5099 2614 5152; x_wconf 91' lang='lat' dir='ltr'>et</span> <span class='ocrx_word' id='word_1_801' title='bbox 2642 5100 3139 5169; x_wconf 84' lang='lat' dir='ltr'>contorqueamus</span> <span class='ocrx_word' id='word_1_802' title='bbox 3165 5098 3367 5169; x_wconf 71' lang='lat' dir='ltr'>iacula</span> <span class='ocrx_word' id='word_1_803' title='bbox 3419 5108 3793 5167; x_wconf 80' lang='lat' dir='ltr'>sanctorum</span> 
     </span>
    </p>
   </div>
   <div class='ocr_carea' id='block_1_113' title="bbox 2100 5184 3793 5261">
    <p class='ocr_par' dir='ltr' id='par_1_113' title="bbox 2100 5184 3793 5261">
     <span class='ocr_line' id='line_1_113' title="bbox 2100 5184 3793 5261; baseline 0.005 -21"><span class='ocrx_word' id='word_1_804' title='bbox 2100 5184 2358 5251; x_wconf 90' lang='lat' dir='ltr'>Patrum,</span> <span class='ocrx_word' id='word_1_805' title='bbox 2381 5184 2599 5255; x_wconf 88' lang='lat' dir='ltr'>quibus</span> <span class='ocrx_word' id='word_1_806' title='bbox 2619 5184 2970 5258; x_wconf 83' lang='lat' dir='ltr'>impugnata</span> <span class='ocrx_word' id='word_1_807' title='bbox 2992 5190 3054 5244; x_wconf 89' lang='lat' dir='ltr'>et</span> <span class='ocrx_word' id='word_1_808' title='bbox 3076 5191 3419 5261; x_wconf 67' lang='lat' dir='ltr'>expugnata</span> <span class='ocrx_word' id='word_1_809' title='bbox 3441 5188 3577 5249; x_wconf 75' lang='lat' dir='ltr'>fuit</span> <span class='ocrx_word' id='word_1_810' title='bbox 3607 5194 3793 5252; x_wconf 73' lang='lat' dir='ltr'>artiﬁ-</span> 
     </span>
    </p>
   </div>
   <div class='ocr_carea' id='block_1_114' title="bbox 2099 5272 3797 5355">
    <p class='ocr_par' dir='ltr' id='par_1_114' title="bbox 2099 5272 3797 5355">
     <span class='ocr_line' id='line_1_114' title="bbox 2099 5272 3797 5355; baseline 0.006 -28"><span class='ocrx_word' id='word_1_811' title='bbox 2099 5272 2258 5328; x_wconf 91' lang='lat' dir='ltr'>ciosa</span> <span class='ocrx_word' id='word_1_812' title='bbox 2276 5275 2575 5328; x_wconf 85' lang='lat' dir='ltr'>armatura</span> <span class='ocrx_word' id='word_1_813' title='bbox 2590 5273 2787 5329; x_wconf 88' lang='lat' dir='ltr'>vesani</span> <span class='ocrx_word' id='word_1_814' title='bbox 2807 5273 2951 5342; x_wconf 90' lang='lat' dir='ltr'>Arii,</span> <span class='ocrx_word' id='word_1_815' title='bbox 2972 5276 3218 5346; x_wconf 80' lang='lat' dir='ltr'>necjam</span> <span class='ocrx_word' id='word_1_816' title='bbox 3240 5291 3519 5347; x_wconf 81' lang='lat' dir='ltr'>usquam</span> <span class='ocrx_word' id='word_1_817' title='bbox 3540 5296 3797 5355; x_wconf 75' lang='lat' dir='ltr'>compa-</span> 
     </span>
    </p>
   </div>
   <div class='ocr_carea' id='block_1_115' title="bbox 2100 5360 3795 5435">
    <p class='ocr_par' dir='ltr' id='par_1_115' title="bbox 2100 5360 3795 5435">
     <span class='ocr_line' id='line_1_115' title="bbox 2100 5360 3795 5435; baseline 0.007 -19"><span class='ocrx_word' id='word_1_818' title='bbox 2100 5360 2301 5417; x_wconf 90' lang='lat' dir='ltr'>rentis.</span> <span class='ocrx_word' id='word_1_819' title='bbox 2333 5361 2403 5415; x_wconf 91' lang='lat' dir='ltr'>Et</span> <span class='ocrx_word' id='word_1_820' title='bbox 2432 5360 2623 5433; x_wconf 90' lang='lat' dir='ltr'>primo</span> <span class='ocrx_word' id='word_1_821' title='bbox 2656 5361 2896 5432; x_wconf 89' lang='lat' dir='ltr'>quidem</span> <span class='ocrx_word' id='word_1_822' title='bbox 2920 5363 3173 5435; x_wconf 38' lang='lat' dir='ltr'>prolatis.</span> <span class='ocrx_word' id='word_1_823' title='bbox 3196 5362 3671 5427; x_wconf 84' lang='lat' dir='ltr'>catholicorum</span> <span class='ocrx_word' id='word_1_824' title='bbox 3705 5372 3795 5428; x_wconf 69' lang='lat' dir='ltr'>Pa</span> 
     </span>
    </p>
   </div>
   <div class='ocr_carea' id='block_1_116' title="bbox 2099 5448 3795 5524">
    <p class='ocr_par' dir='ltr' id='par_1_116' title="bbox 2099 5448 3795 5524">
     <span class='ocr_line' id='line_1_116' title="bbox 2099 5448 3795 5524; baseline 0.008 -21"><span class='ocrx_word' id='word_1_825' title='bbox 2099 5452 2257 5509; x_wconf 85' lang='lat' dir='ltr'>trum</span> <span class='ocrx_word' id='word_1_826' title='bbox 2290 5448 2646 5507; x_wconf 86' lang='lat' dir='ltr'>testimoniis</span> <span class='ocrx_word' id='word_1_827' title='bbox 2667 5455 2843 5521; x_wconf 86' lang='lat' dir='ltr'>atque</span> <span class='ocrx_word' id='word_1_828' title='bbox 2873 5450 3095 5524; x_wconf 87' lang='lat' dir='ltr'>regulis</span> <span class='ocrx_word' id='word_1_829' title='bbox 3115 5452 3506 5521; x_wconf 86' lang='lat' dir='ltr'>ostendatur,</span> <span class='ocrx_word' id='word_1_830' title='bbox 3536 5460 3795 5523; x_wconf 78' lang='lat' dir='ltr'>Ariano-</span> 
     </span>
    </p>
   </div>
   <div class='ocr_carea' id='block_1_117' title="bbox 2102 5537 3795 5616">
    <p class='ocr_par' dir='ltr' id='par_1_117' title="bbox 2102 5537 3795 5616">
     <span class='ocr_line' id='line_1_117' title="bbox 2102 5537 3795 5616; baseline 0.008 -23"><span class='ocrx_word' id='word_1_831' title='bbox 2102 5554 2232 5594; x_wconf 90' lang='lat' dir='ltr'>rum</span> <span class='ocrx_word' id='word_1_832' title='bbox 2263 5541 2319 5593; x_wconf 89' lang='lat' dir='ltr'>et</span> <span class='ocrx_word' id='word_1_833' title='bbox 2348 5537 2596 5599; x_wconf 85' lang='lat' dir='ltr'>aliorum</span> <span class='ocrx_word' id='word_1_834' title='bbox 2638 5538 3044 5597; x_wconf 72' lang='lat' dir='ltr'>haereticorum</span> <span class='ocrx_word' id='word_1_835' title='bbox 3085 5541 3390 5613; x_wconf 87' lang='lat' dir='ltr'>baptisma</span> <span class='ocrx_word' id='word_1_836' title='bbox 3424 5548 3671 5616; x_wconf 84' lang='lat' dir='ltr'>quanti</span> <span class='ocrx_word' id='word_1_837' title='bbox 3702 5549 3795 5606; x_wconf 81' lang='lat' dir='ltr'>ha-</span> 
     </span>
    </p>
   </div>
   <div class='ocr_carea' id='block_1_118' title="bbox 2100 5625 3796 5704">
    <p class='ocr_par' dir='ltr' id='par_1_118' title="bbox 2100 5625 3796 5704">
     <span class='ocr_line' id='line_1_118' title="bbox 2100 5625 3796 5704; baseline 0.008 -21"><span class='ocrx_word' id='word_1_838' title='bbox 2100 5626 2355 5694; x_wconf 87' lang='lat' dir='ltr'>buerint,</span> <span class='ocrx_word' id='word_1_839' title='bbox 2402 5625 2491 5682; x_wconf 86' lang='lat' dir='ltr'>vel</span> <span class='ocrx_word' id='word_1_840' title='bbox 2537 5626 2679 5698; x_wconf 88' lang='lat' dir='ltr'>quid</span> <span class='ocrx_word' id='word_1_841' title='bbox 2719 5644 2851 5685; x_wconf 89' lang='lat' dir='ltr'>esse</span> <span class='ocrx_word' id='word_1_842' title='bbox 2900 5630 3215 5693; x_wconf 77' lang='lat' dir='ltr'>senserint.</span> <span class='ocrx_word' id='word_1_843' title='bbox 3264 5631 3517 5704; x_wconf 79' lang='lat' dir='ltr'>Itaque,</span> <span class='ocrx_word' id='word_1_844' title='bbox 3556 5635 3634 5695; x_wconf 86' lang='lat' dir='ltr'>in</span> <span class='ocrx_word' id='word_1_845' title='bbox 3667 5655 3796 5696; x_wconf 85' lang='lat' dir='ltr'>san-</span> 
     </span>
    </p>
   </div>
   <div class='ocr_carea' id='block_1_119' title="bbox 2103 5716 3793 5798">
    <p class='ocr_par' dir='ltr' id='par_1_119' title="bbox 2103 5716 3793 5798">
     <span class='ocr_line' id='line_1_119' title="bbox 2103 5716 3793 5798; baseline 0.009 -30"><span class='ocrx_word' id='word_1_846' title='bbox 2103 5719 2327 5770; x_wconf 86' lang='lat' dir='ltr'>ctorum</span> <span class='ocrx_word' id='word_1_847' title='bbox 2361 5718 2592 5787; x_wconf 88' lang='lat' dir='ltr'>patrum</span> <span class='ocrx_word' id='word_1_848' title='bbox 2634 5716 3037 5787; x_wconf 86' lang='lat' dir='ltr'>apostolorum</span> <span class='ocrx_word' id='word_1_849' title='bbox 3072 5718 3445 5791; x_wconf 70' lang='lat' dir='ltr'>munibus,</span> <span class='ocrx_word' id='word_1_850' title='bbox 3504 5740 3685 5798; x_wconf 68' lang='lat' dir='ltr'>quos</span> <span class='ocrx_word' id='word_1_851' title='bbox 3713 5728 3793 5787; x_wconf 86' lang='lat' dir='ltr'>hic</span> 
     </span>
    </p>
   </div>
  </div>
