3876 6348
133 451 306 516 1025

749 452 1160 514 ADVERSUS
1209 451 1679 514 SlMONIACOS
1709 449 1930 514 LIBRI
1976 455 2205 517 TRES.
2239 486 2317 502 —
2353 417 2584 517 LIBER
2628 455 2948 518 PRIMUS.

3390 455 3545 518 1026

138 592 348 642 noster
377 584 770 640 contradictor
795 585 1135 639 auctoritate
1169 586 1351 639 sancti
1392 585 1600 640 Isidori
1634 585 1784 640 rcci-
1811 588 1859 654 Α
1899 586 2972 644 terincontinentiamhominum.Nam
2987 587 3544 659 secundamquidem

136 675 393 747 piendos
411 690 539 729 esse
560 673 834 744 superius
864 673 1024 743 dixit,
1049 676 1104 728 et
1134 690 1260 741 nos,
1317 674 1510 745 potius
1541 674 1791 728 auctori-

137 768 266 820 tate
297 763 452 820 beati
487 779 647 836 papm
681 761 993 817 Clementis
1026 761 1533 834 plurimorumque
1559 777 1790 818 succes-

143 868 377 920 sorum,
411 849 572 909 illius
615 850 891 923 capitula,
925 850 1047 906 haec
1078 851 1193 906 duo
1243 851 1369 907 sine
1407 851 1584 906 dubio
1631 867 1794 923 repe-

144 940 406 996 riuntur.

222 1029 536 1100 (Can.47.)«
566 1027 915 1100 Episcopum
940 1032 1041 1084 aut
1073 1028 1476 1101 presbyterum
1502 1028 1796 1083 haeretico-

144 1136 286 1174 rum
310 1118 726 1190 suscipientem
753 1118 1051 1189 baptisma
1081 1118 1348 1173 damnari
1399 1117 1789 1189 praecipimus.

145 1208 287 1273 Quae
321 1207 476 1263 enim
537 1207 837 1262 conventio
890 1205 1105 1262 Christi
1137 1207 1207 1260 ad
1255 1206 1455 1270 Belial,
1515 1211 1618 1261 aut
1667 1223 1794 1277 qua:

146 1313 289 1367 pars
324 1294 476 1350 fideli
508 1311 640 1349 cum
673 1293 894 1348 infideli
923 1295 951 1348 ‘?
982 1317 1003 1345 ι
1042 1294 1117 1364 (II
1147 1294 1268 1350 Cor.
1302 1311 1384 1362 vr,
1413 1294 1525 1360 45.)

223 1384 502 1455 Sequitur
526 1383 769 1437 alterum
797 1383 1087 1452 ejusmodi
1125 1400 1138 1436 :

223 1475 383 1541 (Can.
409 1474 517 1535 48.)
542 1495 569 1521 ‹‹
599 1472 913 1543 Episcopus
937 1475 1038 1525 aut
1070 1472 1389 1543 presbyter,
1411 1471 1459 1526 si
1501 1487 1658 1537 eum,
1692 1472 1792 1543 qui

147 1562 473 1616 secundum
499 1560 807 1614 veritatem
848 1560 1210 1631 baptismum
1261 1559 1556 1627 habuerit,
1587 1561 1794 1630 rebap-

145 1651 327 1705 tizare
359 1649 815 1722 prmsumpserit,
850 1653 951 1703 aut
982 1649 1030 1703 si
1092 1648 1384 1719 pollutum
1445 1649 1516 1702 ab
1569 1648 1792 1719 impiis,

146 1738 434 1792 haereticis
466 1754 581 1791 non
611 1737 1008 1807 baptizaverit,
1043 1737 1368 1808 deponatur
1395 1739 1679 1807 tanquam
1697 1737 1796 1791 de-

150 1827 350 1879 ridens
383 1841 615 1879 crucem
657 1825 911 1890 Domini,
945 1841 1051 1880 nec
1079 1841 1245 1880 veros
1275 1825 1604 1880 sacerdotes
1636 1842 1667 1879 a
1691 1824 1794 1879 fal-

147 1913 233 1967 sis
266 1913 665 1966 sacerdotibus
689 1913 929 1967 omnino
964 1913 1325 1968 discernens.
1360 1934 1386 1960 ››

223 2001 357 2063 Qua:
395 2001 596 2071 utique
626 2000 849 2072 regula,
883 2001 1022 2072 quia
1075 2000 1260 2056 multa
1318 2002 1406 2056 sui
1470 2001 1796 2057 subtilitate

150 2089 484 2144 offendebat
516 2090 798 2161 plurimos
824 2093 879 2145 et
910 2089 1363 2157 scandalizabat,
1390 2091 1463 2145 ab
1506 2090 1797 2162 apostolo-

155 2193 288 2232 rum
313 2179 752 2233 successoribus
781 2183 869 2233 est
899 2183 1140 2244 remota,
1169 2182 1224 2233 et
1281 2179 1535 2249 quodam
1577 2184 1798 2250 tempe-

157 2273 423 2322 ramento
451 2266 803 2334 circumlita,
825 2272 889 2321 ut
908 2267 1221 2338 baptisma,
1251 2267 1306 2321 id
1333 2272 1421 2322 est
1443 2284 1602 2338 aqua:
1626 2268 1800 2322 intin-

157 2356 433 2423 ctionem,
469 2357 577 2410 sub
620 2356 977 2411 invocatione
1034 2356 1338 2411 Trinitatis
1397 2356 1801 2427 permitterent

157 2462 286 2500 esse
319 2449 523 2510 ratam,
553 2446 1044 2516 decernerentque
1077 2445 1414 2500 nullomodo
1445 2445 1798 2513 iterandam,

159 2533 210 2587 si
245 2533 569 2587 constiterit
599 2533 658 2586 in
691 2533 926 2588 nomine
956 2534 1219 2602 ejusdem
1254 2539 1464 2588 sanctae
1498 2534 1800 2599 Trinitatis

161 2627 484 2694 peractam.
529 2624 650 2686 Quo
680 2627 830 2677 certe
862 2621 1238 2693 permittendi
1279 2623 1452 2678 verbo
1511 2640 1656 2678 usus
1715 2628 1807 2679 est

170 2715 227 2765 et
263 2711 636 2765 beatissimus
670 2711 797 2776 Leo,
837 2732 857 2760 α
916 2710 1317 2766 hmreticorum
1350 2711 1660 2782 baptisma,
1721 2713 1806 2766 in-

174 2799 403 2870 quiens,
435 2803 628 2854 ratum
660 2815 786 2853 esse
809 2799 1226 2870 permittimus.
1251 2819 1278 2848 »
1304 2800 1414 2854 Sed
1439 2805 1492 2854 et
1513 2800 1804 2871 gloriosus

167 2891 388 2958 martyr
417 2892 471 2942 et
502 2887 756 2959 pontifex
777 2887 1099 2958 Cyprianus
1121 2888 1259 2958 quid
1285 2887 1355 2940 de
1399 2887 1801 2943 hmreticorum

170 2977 523 3047 baptismate
573 2976 840 3042 senserit,
870 2992 937 3030 ex
984 2975 1230 3030 concilio
1281 2975 1468 3046 ipsius
1514 2977 1808 3033 evidenter

173 3065 438 3136 cognosci
470 3064 920 3136 poterit.Eadem
944 3065 1098 3118 enim
1128 3067 1327 3118 contra
1347 3063 1491 3118 illud
1517 3081 1650 3120 cum
1686 3068 1810 3123 suis

172 3155 528 3225 coepiscopis
548 3153 906 3224 sanxitquod
942 3157 998 3208 et
1029 3153 1252 3224 praefati
1284 3169 1534 3208 canones
1576 3160 1809 3225 aposto-

169 3244 287 3298 lici.
311 3244 420 3297 Sed
455 3242 753 3314 prawaluit
778 3243 1062 3313 posterior
1095 3241 1315 3314 regula,
1347 3243 1484 3314 quia
1510 3248 1567 3298 et
1607 3244 1804 3314 plures

1902 674 2160 746 accipere
2181 678 2507 731 secundum
2531 682 2888 749 praeceptum
2912 676 3172 748 Apostoli
3195 676 3422 732 licitum
3438 681 3546 747 est;

1902 765 2222 819 secundum
2244 769 2438 820 autem
2456 765 2718 821 veritatis
2748 766 3060 830 rationem,
3077 782 3208 821 vere
3238 765 3541 822 fornicatio

1901 856 2008 907 est.
2032 853 2164 918 Sed,
2204 870 2335 908 cum
2385 855 2758 925 permittente
2803 859 2917 909 Deo
2951 854 3184 925 publice
3217 859 3274 910 et
3307 853 3553 910 licenter

1902 941 2306 1010 committitUr,
2333 943 2398 997 fit
2421 943 2664 998 honesta
2692 942 3021 1009 fornicatio,
3065 947 3373 1014 propterea
3403 943 3549 998 bene

1903 1028 2049 1084 dixit
2074 1030 2383 1096 Dominus,
2409 1031 2545 1103 quia
2567 1033 2794 1103 Moyses
2816 1031 2926 1086 hoc
2953 1031 3244 1102 permisit,
3269 1048 3387 1087 non
3411 1049 3552 1104 prae-

1905 1117 2260 1188 cepit.Aliud
2281 1123 2368 1174 est
2397 1120 2549 1174 enim
2609 1121 2938 1192 praecipere,
2991 1119 3148 1174 aliud
3181 1119 3543 1191 permittere.

1904 1206 2066 1269 Quod
2089 1207 2626 1280 enimprmcipimus
2645 1208 2952 1263 volumus:
2976 1208 3132 1279 quod
3163 1212 3363 1264 autem
3411 1225 3542 1280 per-

1907 1295 2198 1350 mittimus
2220 1295 2481 1351 nolentes
2532 1297 2923 1368 praecipimus,
2957 1296 3097 1368 quia
3116 1296 3303 1353 malas
3345 1296 3543 1352 homi-

1906 1399 2048 1437 num
2070 1383 2401 1440 voluntates
2422 1387 2493 1440 ad
2532 1384 2766 1456 plenum
2817 1385 3127 1456 prohibere
3177 1403 3292 1442 non
3339 1403 3547 1457 possu-

1905 1488 2110 1526 mus.»
2137 1474 2260 1528 lluc
2283 1489 2470 1545 usque
2493 1474 2962 1545 Chrysostomus.
2982 1474 3160 1544 Cujus
3191 1475 3404 1546 egregii
3428 1475 3548 1529 effi-

1905 1577 2008 1614 cax
2025 1561 2320 1632 allegatio,
2342 1580 2474 1616 cum
2502 1562 2780 1633 plurimis
2802 1567 2860 1615 et
2907 1562 3177 1617 maximis
3215 1563 3549 1618 auctoribus

1905 1650 2232 1705 etdoctorib
2247 1669 2337 1715 us,
2363 1655 2483 1705 tam
2508 1652 2683 1706 etiam
2710 1652 2950 1721 hocjam
2967 1651 3101 1706 trito
3125 1652 3424 1722 proverbio
3450 1667 3552 1707 su-

1910 1737 2167 1794 fl'ulcitur
2198 1739 2689 1795 :Permittitl)eus
2715 1740 2835 1794 fieri
2857 1740 3010 1810 quod
3040 1757 3154 1795 non
3177 1740 3320 1796 vult.

2553 1882 2781 1936 CAPUT
2837 1881 2900 1935 Χ.

1979 2005 2189 2060 Verum
2214 2006 2268 2059 in
2315 2006 2811 2077 subsequentibus
2862 2006 3192 2061 evidentius
3239 2009 3547 2079 apparebit

1909 2099 2138 2165 quantae
2162 2094 2616 2166 imperfectionis
2640 2095 3039 2150 haireticorum
3068 2096 3403 2166 baptismus
3445 2098 3546 2162 sit.

1911 2184 2118 2237 Beatus
2142 2201 2290 2254 papa
2308 2183 2564 2254 Syricius
2583 2185 3257 2254 (cpist.l)Tarraconensi
3279 2187 3551 2258 episcopo

1912 2272 2229 2341 inquirenti
2253 2273 2337 2326 sic
2369 2288 2544 2342 super
2574 2272 2866 2343 baptismo
2914 2273 3230 2343 respondit.
3281 2296 3307 2322 ‹‹
3359 2274 3555 2329 Prima

1911 2361 2136 2430 paginas
2175 2365 2287 2414 tua:
2337 2361 2521 2414 fronte
2555 2361 2801 2430 signasti
2860 2361 3184 2432 baptizatos
3230 2363 3300 2415 ab
3356 2363 3557 2433 impiis

1912 2449 2140 2502 Arianis
2165 2447 2450 2518 plurimos
2468 2449 2536 2502 ad
2565 2450 2736 2503 fidem
2761 2449 3108 2504 catholicam
3155 2450 3452 2516 festinare,
3502 2456 3560 2506 et

1914 2537 2201 2606 quosdam
2233 2537 2304 2591 de
2336 2537 2618 2591 fratribus
2652 2536 2869 2591 nostris
2900 2538 3136 2592 eosdem
3171 2539 3360 2594 denuo
3415 2540 3555 2612 bap-

1913 2625 2090 2679 tizare
2105 2624 2273 2691 velle,
2305 2626 2459 2696 quod
2494 2641 2606 2679 non
2641 2625 2774 2680 licet
2803 2641 2937 2680 cum
2973 2625 3082 2683 hoc
3115 2627 3238 2682 fieri
3270 2631 3342 2682 et‘
3370 2629 3555 2700 Apos-

1913 2712 2069 2768 tolus
2099 2717 2249 2767 vetet
2295 2717 2351 2768 et
2384 2729 2635 2769 canones
2667 2715 3170 2782 contradicant,et,
3203 2719 3336 2786 post
3358 2733 3552 2772 cassa-

1912 2806 2039 2856 tum
2069 2801 2456 2857 Ariminiense
2478 2801 2808 2870 concilium,
2836 2803 3019 2858 missa
3049 2803 3121 2857 ad
3166 2804 3492 2875 provincias
3521 2823 3556 2860 a

1913 2891 2253 2946 venerandze
2277 2892 2568 2945 memoria:
2591 2892 2944 2962 praedessore
2967 2908 3096 2948 meo
3115 2893 3342 2948 Liberio
3380 2909 3557 2965 gene-

1917 2980 2064 3034 ralia
2082 2981 2311 3034 decreta
2333 2980 2700 3051 prohibeant.
2737 2983 2891 3045 Quos
2917 2997 3024 3035 nos
3058 2997 3195 3035 cum
3221 2982 3560 3039 Novatianis

1921 3067 2166 3139 aliisque
2188 3067 2781 3134 hacreticis,sicutest
2829 3069 2888 3123 in
2931 3071 3224 3141 synodum
3276 3073 3559 3127 constitu-

1918 3160 2068 3221 tum,
2093 3173 2196 3228 per
2221 3157 2638 3211 invocationem
2667 3157 2849 3212 solam
2876 3159 3239 3230 septiformis
3279 3161 3555 3232 Spiritus,

1923 3245 2268 3318 episcopalis
2292 3263 2503 3302 manus
2534 3247 2906 3318 im‘positione
2952 3247 3368 3304 catholicorum
3415 3267 3559 3306 con-

170 3332 490 3399 revocabat,
515 3336 572 3386 et
592 3332 1427 3403 disceptationessequentium
1454 3335 1799 3401 removebat,
1836 3314 1878 3379 Ο
1916 3314 2813 3398 νέῐιῐυίἐοαὶειιηυε.ουοε1“θῐὶθ.ω
2837 3340 2993 3390 totus
3015 3335 3217 3391 Oriens
3242 3337 3551 3394 Oceidens-

168 3426 222 3477 et
253 3422 466 3475 indocti
499 3421 654 3492 vulgi
696 3420 1126 3475 animositatem
1191 3421 1564 3490 reprimebat.
1629 3422 1802 3477 Porro

164 3511 315 3581 quod
336 3508 985 3581 permittitur,quamvis
1008 3509 1084 3563 sit
1104 3507 1472 3577 licitum,non
1493 3512 1684 3564 tamen
1711 3529 1803 3567 us-

162 3615 510 3670 quequaque
543 3604 812 3653 censetur
859 3598 1098 3664 bonum,
1121 3598 1272 3652 sicut
1301 3599 1510 3653 beatus
1540 3598 1796 3655 Joannes

160 3688 630 3760 Chrysostomus,
649 3688 718 3742 de
742 3687 916 3757 hujus
938 3687 1094 3740 verbi
1137 3687 1488 3757 proprietate
1537 3687 1593 3740 in
1623 3705 1797 3759 expo-

160 3777 369 3834 sitione
393 3793 570 3848 super
589 3776 923 3830 Matthaeum
947 3775 1123 3830 latius
1145 3776 1460 3842 disserens,
1487 3776 1596 3830 ait:
1625 3799 1652 3825 ‹‹
1697 3777 1797 3831 Vi-

160 3866 245 3922 dit
267 3866 457 3938 itaque
477 3865 710 3921 Judzeos
729 3866 953 3936 Moyses
975 3863 1662 3935 propterdelectationem
1677 3883 1797 3921 car-

157 3953 351 4011 nalem
379 3954 530 4009 circa
551 3953 746 4008 studia
768 3952 1187 4008 sacrificiorum
1222 3968 1346 4007 esse
1391 3953 1642 4019 deditos,
1666 3955 1793 4010 etsi

158 4043 498 4098 mandasset
519 4043 601 4096 eis
620 4043 884 4096 recedere
911 4058 944 4095 a
967 4040 1295 4110 sacrificiis,
1331 4058 1446 4096 non
1469 4042 1657 4096 fuerat
1698 4059 1796 4097 au-

159 4131 427 4196 diendus,
453 4131 589 4203 quia
609 4147 831 4186 annosa
852 4130 1049 4202 passio
1082 4131 1509 4185 medicamento
1533 4147 1793 4187 momen-

155 4225 325 4277 taneo
356 4237 471 4277 non
491 4224 760 4286 curatur;
804 4221 986 4290 jussit
1039 4219 1123 4275 eis
1175 4219 1502 4276 sacrificare
1534 4221 1792 4292 quidem,

157 4311 258 4367 sed
279 4311 526 4381 nonjam
572 4309 956 4377 damonibus,
980 4309 1210 4365 sicutin
1254 4309 1514 4381 zEgypto,
1545 4310 1644 4365 sed
1677 4311 1792 4365 Deo

155 4398 304 4455 vivo.
325 4398 645 4453 Dimidium
676 4397 815 4452 mali
877 4397 1166 4469 permisit,
1212 4415 1281 4453 ne
1312 4402 1497 4453 totum
1529 4399 1794 4470 perderet

154 4490 398 4544 bonum.
432 4487 547 4541 Hac
571 4486 790 4541 ratione
806 4487 1071 4556 permisit
1094 4485 1210 4541 illis
1244 4485 1418 4541 etiam
1445 4488 1583 4542 dare
1632 4487 1792 4542 libel-

151 4577 275 4632 lum
299 4575 546 4648 repudii,
571 4576 711 4646 quia
730 4575 1235 4644 meliusjudicavit
1273 4575 1644 4646 permittente
1667 4576 1792 4648 lcge

1913 3440 2024 3494 que
2047 3423 2320 3478 custodit.
2344 3426 2387 3477 A
2410 3440 2524 3494 quo
2548 3424 2780 3478 tramite
2797 3441 2894 3478 vos
2917 3441 3147 3494 quoque
3170 3425 3409 3495 posthac
3429 3428 3547 3481 mi—

1912 3511 2068 3565 nimc
2090 3511 2355 3565 convenit
2380 3511 2626 3575 deviare,
2652 3511 2701 3565 si
2725 3527 2838 3564 non
2859 3511 3036 3566 vultis
3057 3529 3090 3565 a
3111 3517 3308 3568 nostro
3367 3515 3546 3571 colle-

1909 3601 2001 3670 gio
2025 3600 2284 3667 synodali
2308 3599 2596 3654 sententia
2618 3601 2896 3670 separari.
2935 3623 2960 3649 η
3009 3601 3072 3656 In
3125 3619 3239 3673 quo
3291 3603 3544 3676 denique

1907 3687 2179 3743 decretali
2203 3687 2455 3758 capitulo
2479 3692 2676 3758 aperte
2696 3688 2963 3742 innuitur
2997 3705 3114 3743 non
3170 3690 3545 3760 uniformem,

1909 3778 2008 3832 sed
2032 3777 2338 3833 biformem
2363 3775 2628 3847 regulam
2654 3794 2831 3849 super
2848 3780 3278 3850 susceptionem
3315 3781 3551 3837 venien-

1905 3867 2054 3921 tium
2086 3867 2156 3921 ab
2190 3866 2478 3921 haereticis
2523 3866 2892 3922 catholicosa
2938 3873 3198 3939 tempore
3247 3870 3541 3940 apostolo-

1907 3973 2038 4010 rum
2059 3972 2243 4026 usque
2268 3955 2555 4011 Liberium
2579 3972 2790 4028 papam
2810 3957 3546 4030 retinuisse,eumdemque

1905 4049 2038 4116 post
2060 4049 2353 4100 cessatum
2371 4045 2736 4101 Ariminense
2757 4045 3065 4101 concilium
3087 4046 3553 4118 generalifdecre-

1903 4138 1962 4189 to
1986 4134 2259 4205 primitus
2284 4133 2658 4205 prohibuisse
2682 4149 2754 4189 ne
2779 4135 2850 4188 ab
2872 4134 3107 4190 Arianis
3157 4136 3434 4207 baptizati
3463 4153 3552 4192 re-

1905 4222 2343 4294 baptizarentur
2365 4239 2397 4276 a
2419 4222 2744 4289 catholicis,
2766 4223 2866 4278 sed
2887 4239 2989 4294 per
3037 4222 3384 4295 episcopalis
3425 4241 3554 4279 ma-

1905 4327 2017 4365 nus
2039 4309 2472 4381 impositionem
2487 4309 2908 4364 catholicorum
2928 4310 3234 4364 conventui
3260 4310 3552 4365 sociaren-

1903 4404 2017 4464 tur,
2043 4399 2141 4454 sed
2159 4402 2389 4469 quantae
2410 4398 2869 4469 imperfectionis
2891 4398 2946 4452 in
2972 4398 3257 4453 catholica
3284 4399 3542 4454 habean-

1901 4491 1999 4542 tur
2015 4487 2086 4541 ab
2109 4486 2394 4541 haereticis
2413 4485 2710 4557 baptizati,
2738 4485 3111 4540 beatissimus
3160 4503 3309 4557 papa
3357 4487 3528 4542 Inno-

1903 4575 2129 4631 centius
2151 4573 2373 4646 prolata
2391 4581 2603 4628 sanctae
2633 4574 2902 4628 Romanae
2924 4573 3187 4628 Ecclesiae
3209 4574 3536 4645 antiqua,et

148 4664 509 4721 matrimonii
537 4663 682 4719 solvi
706 4681 883 4735 quam
937 4664 1069 4718 odio
1115 4662 1498 4734 compellente
1544 4664 1788 4720 homici-
1819 4684 1867 4747 Ι)
1899 4664 2236 4719 authentica
2259 4661 2701 4734 regulaliquido
2721 4661 2978 4717 ostendit
3010 4662 3209 4718 dicens
3242 4679 3256 4717 :

150 4754 315 4810 dium
337 4753 856 4809 fieri.Permisiteis
871 4752 1091 4807 malum
1109 4752 1393 4819 facere,ne
1413 4752 1664 4828 facere-nt
1693 4771 1790 4825 pe-

148 4841 570 4915 jora.Ergohoc
585 4841 1118 4914 permittendo,non
1139 4841 1222 4896 eis
1237 4841 1330 4895 Dei
1369 4841 1663 4910 justitiam
1695 4842 1790 4897 de-

147 4931 622 4998 monstravit,sed
641 4947 775 4985 cum
793 4934 1029 5001 peccato
1050 4929 1288 4984 abstulit
1305 4930 1537 5001 culpam
1554 4947 1790 5001 peccan-

149 5020 496 5092 di,ut,quasi
513 5021 835 5074 secundum
851 5019 1034 5091 legem
1049 5019 1468 5091 agentibus,eis
1485 5023 1786 5090 peccatum

148 5125 324 5166 suum
346 5127 459 5164 non
476 5108 741 5163 videatur
778 5125 905 5164 esse
955 5111 1281 5179 peceatum,
1307 5111 1372 5161 ut
1402 5112 1542 5179 puta
1571 5107 1618 5162 si
1655 5109 1786 5179 quis

148 5198 323 5254 habet
345 5214 575 5252 servum
609 5197 708 5268 qui
753 5196 1051 5251 furaturet
1083 5194 1330 5251 inebriat
1380 5213 1462 5267 se,
1522 5197 1786 5252 conside-

149 5303 288 5343 rans
302 5286 577 5341 dominus
593 5285 729 5357 quia
751 5284 798 5339 si
822 5289 1136 5355 utrumque
1159 5283 1402 5338 insimul
1427 5285 1787 5340 mandaverit

146 5374 624 5446 observare,nihil
647 5374 892 5446 proficit,
918 5374 1156 5428 mandat
1179 5371 1259 5426 illi
1286 5376 1349 5427 ut
1370 5373 1530 5427 bibat
1547 5373 1786 5444 quidem

146 5468 434 5538 quantum
464 5461 608 5533 vult,
628 5463 727 5518 sed
753 5461 983 5534 publice
1007 5462 1192 5527 bibat,
1224 5465 1289 5515 ut
1330 5460 1613 5532 paulatim
1663 5461 1784 5517 dis-

147 5557 239 5610 cat
257 5552 534 5609 obaudirc
557 5552 996 5624 praeceptisxsm
1021 5551 1378 5623 permissum
1399 5556 1489 5606 est
1530 5555 1585 5606 et
1606 5568 1784 5624 repu-

147 5640 562 5708 dium,malum
583 5640 1044 5714 quidem,tamen
1061 5637 1309 5697 licitum.
1343 5639 1458 5696 Hac
1478 5640 1700 5698 ratione
1727 5645 1784 5699 et

145 5728 391 5814 apostoli
411 5733 812 5812 praeceperunt
833 5729 1124 5792 secundas
1147 5728 1308 5791 adire
1344 5729 1581 5811 nuptias
1609 5746 1783 5810 prop-

1973 4753 2193 4820 (lxxoc.
2219 4753 2370 4822 epist.
2396 4753 2486 4819 22,
2521 4768 2581 4805 n.
2614 4751 2690 4821 ἁ.)
2718 4772 2744 4800 ‹‹
2767 4754 2992 4805 Nostrae
3022 4750 3114 4806 lex
3158 4756 3247 4806 est
3274 4749 3546 4808 Ecclesiae

1900 4840 2266 4895 venientibus
2293 4840 2362 4894 ab
2403 4839 2688 4893 haereticis
2713 4839 2813 4910 qui
2862 4843 3058 4895 tamen
3103 4839 3219 4894 illic
3268 4840 3548 4912 baptizati

1901 4934 2059 4994 sunt,
2084 4945 2185 5000 per
2221 4945 2431 4983 manus
2456 4927 2886 4999 impositionem
2928 4927 3137 4984 laicam
3167 4933 3399 4984 tantum
3455 4929 3556 4984 tri-

1899 5020 2076 5073 buere
2098 5017 2592 5084 commonionem,
2623 5034 2725 5072 nec
2751 5035 2818 5072 ex
2839 5017 2933 5072 his
2959 5017 3221 5090 aliquam
3269 5019 3328 5073 in
3389 5018 3552 5074 cleri-

1899 5111 2060 5163 catus
2086 5107 2364 5162 honorem
2395 5107 2482 5162 vel
2507 5107 2784 5179 exiguum
2807 5109 3154 5178 subrogare.
3188 5109 3306 5163 »Ex
3328 5125 3444 5179 qua
3469 5125 3550 5163 re-

1899 5196 2035 5268 gula
2059 5200 2217 5268 patet
2241 5195 2379 5265 quid
2403 5195 2590 5251 sancti
2619 5200 2820 5251 Patres
2843 5198 2914 5251 de
2956 5197 3267 5269 baptizatis
3313 5198 3385 5250 ab
3417 5197 3541 5250 hae-

1898 5286 2093 5340 reticis
2116 5284 2386 5352 sentiant,
2413 5298 2560 5356 quos
2582 5302 2700 5340 non
2723 5286 2852 5341 dico
2871 5287 2942 5340 ad
2982 5286 3236 5358 aliquem
3275 5284 3422 5339 sacri
3457 5283 3541 5338 al-

1895 5375 2037 5429 taris
2054 5374 2320 5445 gradum,
2348 5375 2450 5428 sed
2475 5391 2579 5430 nec
2600 5376 2669 5428 ad
2701 5375 2893 5431 solum
2919 5375 3223 5431 clericatus
3252 5373 3532 5427 honorem

1896 5463 2218 5535 promoveri
2239 5463 2632 5530 consentiunt,
2669 5465 2944 5537 exceptis,
2979 5469 3040 5518 ut
3071 5478 3248 5532 supra
3303 5459 3530 5515 dictum

1893 5555 2001 5619 est,
2036 5551 2320 5606 Catharis.
2359 5554 2546 5617 Quam
2577 5553 2756 5609 etiam
2787 5552 3149 5608 clarissimus
3205 5549 3411 5604 doctor
3467 5549 3534 5606 ﬁ-

1893 5639 1985 5696 dei
2016 5641 2127 5696 Leo
2159 5640 2229 5696 de
2259 5640 2554 5713 baptismo
2585 5641 2985 5698 haereticorum
3006 5636 3276 5708 senserit,
3329 5653 3538 5712 quam-

1889 5728 1976 5791 vis
2002 5729 2272 5808 superius
2291 5730 2524 5808 copiose
2540 5730 2865 5807 expositum
2883 5728 3110 5804 sit,ejus
3133 5729 3328 5786 tamen
3364 5727 3532 5807 capi-
