  <div class='ocr_page' id='page_1' title='image "/cluster/home/n/w/nwhite01/storage/ocr_20150623/142-143/uc1.31175018423130/1254.png"; bbox 0 0 3876 6362; ppageno 0'>
   <div class='ocr_carea' id='block_1_1' title="bbox 93 435 242 498">
    <p class='ocr_par' dir='ltr' id='par_1_1' title="bbox 93 435 242 498">
     <span class='ocr_line' id='line_1_1' title="bbox 93 435 242 498; baseline -0.013 0"><span class='ocrx_word' id='word_1_1' title='bbox 93 435 242 498; x_wconf 74' lang='lat'>1029</span> 
     </span>
    </p>
   </div>
   <div class='ocr_carea' id='block_1_2' title="bbox 685 430 2886 500">
    <p class='ocr_par' dir='ltr' id='par_1_2' title="bbox 685 430 2886 500">
     <span class='ocr_line' id='line_1_2' title="bbox 685 430 2886 500; baseline -0 -4"><span class='ocrx_word' id='word_1_2' title='bbox 685 433 1102 499; x_wconf 79' lang='lat' dir='ltr'>ADVERSUS</span> <span class='ocrx_word' id='word_1_3' title='bbox 1150 430 1622 497; x_wconf 84' lang='lat' dir='ltr'>SIMONIACOS</span> <span class='ocrx_word' id='word_1_4' title='bbox 1667 434 1875 498; x_wconf 77' lang='lat' dir='ltr'>LIBRI</span> <span class='ocrx_word' id='word_1_5' title='bbox 1921 433 2148 498; x_wconf 81' lang='lat' dir='ltr'>TRES.</span> <span class='ocrx_word' id='word_1_6' title='bbox 2183 469 2260 480; x_wconf 91' lang='lat'><strong>—</strong></span> <span class='ocrx_word' id='word_1_7' title='bbox 2292 433 2528 498; x_wconf 72' lang='lat' dir='ltr'>LIBER</span> <span class='ocrx_word' id='word_1_8' title='bbox 2569 435 2886 500; x_wconf 75' lang='lat' dir='ltr'>PRIMUS.</span> 
     </span>
    </p>
   </div>
   <div class='ocr_carea' id='block_1_3' title="bbox 3330 416 3486 499">
    <p class='ocr_par' dir='ltr' id='par_1_3' title="bbox 3330 416 3486 499">
     <span class='ocr_line' id='line_1_3' title="bbox 3330 416 3486 499; baseline 0.006 -3"><span class='ocrx_word' id='word_1_9' title='bbox 3330 416 3486 499; x_wconf 73' lang='lat' dir='ltr'>l103b</span> 
     </span>
    </p>
   </div>
   <div class='ocr_carea' id='block_1_4' title="bbox 162 559 3486 641">
    <p class='ocr_par' dir='ltr' id='par_1_4' title="bbox 162 559 3486 641">
     <span class='ocr_line' id='line_1_4' title="bbox 162 559 3486 641; baseline 0 -17"><span class='ocrx_word' id='word_1_10' title='bbox 162 570 308 634; x_wconf 83' lang='lat' dir='ltr'>Item,</span> <span class='ocrx_word' id='word_1_11' title='bbox 356 585 424 623; x_wconf 74' lang='lat' dir='ltr'>ex</span> <span class='ocrx_word' id='word_1_12' title='bbox 463 570 648 623; x_wconf 78' lang='lat' dir='ltr'>eodem</span> <span class='ocrx_word' id='word_1_13' title='bbox 694 571 947 635; x_wconf 79' lang='lat' dir='ltr'>eoncilio,</span> <span class='ocrx_word' id='word_1_14' title='bbox 991 587 1107 639; x_wconf 75' lang='lat' dir='ltr'>cup.</span> <span class='ocrx_word' id='word_1_15' title='bbox 1150 570 1226 622; x_wconf 73' lang='lat' dir='ltr'>i2.</span> <span class='ocrx_word' id='word_1_16' title='bbox 1279 593 1304 616; x_wconf 79' lang='grc' dir='ltr'>α</span> <span class='ocrx_word' id='word_1_17' title='bbox 1341 569 1462 623; x_wconf 75' lang='lat' dir='ltr'>Non</span> <span class='ocrx_word' id='word_1_18' title='bbox 1505 572 1731 638; x_wconf 84' lang='lat' dir='ltr'>Oportet</span> <span class='ocrx_word' id='word_1_19' title='bbox 1758 567 1813 634; x_wconf 80' lang='grc' dir='ltr'><strong>Α</strong></span> <span class='ocrx_word' id='word_1_20' title='bbox 1843 569 2132 624; x_wconf 85' lang='lat' dir='ltr'>senserint</span> <span class='ocrx_word' id='word_1_21' title='bbox 2165 571 2235 625; x_wconf 89' lang='lat' dir='ltr'>de</span> <span class='ocrx_word' id='word_1_22' title='bbox 2267 559 3022 633; x_wconf 71' lang='lat' dir='ltr'>hzcreticorumordinibus,</span> <span class='ocrx_word' id='word_1_23' title='bbox 3055 571 3155 624; x_wconf 89' lang='lat' dir='ltr'>aut</span> <span class='ocrx_word' id='word_1_24' title='bbox 3175 567 3365 641; x_wconf 84' lang='lat' dir='ltr'>potius</span> <span class='ocrx_word' id='word_1_25' title='bbox 3393 586 3486 624; x_wconf 89' lang='lat' dir='ltr'>or-</span> 
     </span>
    </p>
   </div>
   <div class='ocr_carea' id='block_1_5' title="bbox 87 655 1727 728">
    <p class='ocr_par' dir='ltr' id='par_1_5' title="bbox 87 655 1727 728">
     <span class='ocr_line' id='line_1_5' title="bbox 87 655 1727 728; baseline 0 -17"><span class='ocrx_word' id='word_1_26' title='bbox 87 657 488 712; x_wconf 67' lang='lat' dir='ltr'>hazreticorum</span> <span class='ocrx_word' id='word_1_27' title='bbox 520 657 958 712; x_wconf 83' lang='lat' dir='ltr'>benedictiones</span> <span class='ocrx_word' id='word_1_28' title='bbox 1007 655 1090 712; x_wconf 85' lang='lat' dir='ltr'>vel</span> <span class='ocrx_word' id='word_1_29' title='bbox 1135 656 1391 728; x_wconf 89' lang='lat' dir='ltr'>culogias</span> <span class='ocrx_word' id='word_1_30' title='bbox 1446 655 1727 728; x_wconf 87' lang='lat' dir='ltr'>accipere,</span> 
     </span>
    </p>
   </div>
   <div class='ocr_carea' id='block_1_6' title="bbox 84 745 1731 818">
    <p class='ocr_par' dir='ltr' id='par_1_6' title="bbox 84 745 1731 818">
     <span class='ocr_line' id='line_1_6' title="bbox 84 745 1731 818; baseline -0.001 -17"><span class='ocrx_word' id='word_1_31' title='bbox 84 747 366 818; x_wconf 87' lang='lat' dir='ltr'>quoniam</span> <span class='ocrx_word' id='word_1_32' title='bbox 394 746 516 801; x_wconf 70' lang='lat' dir='ltr'>ista:</span> <span class='ocrx_word' id='word_1_33' title='bbox 559 745 996 801; x_wconf 87' lang='lat' dir='ltr'>maledictiones</span> <span class='ocrx_word' id='word_1_34' title='bbox 1029 745 1218 817; x_wconf 88' lang='lat' dir='ltr'>magis</span> <span class='ocrx_word' id='word_1_35' title='bbox 1257 749 1396 801; x_wconf 89' lang='lat' dir='ltr'>sunt</span> <span class='ocrx_word' id='word_1_36' title='bbox 1425 762 1601 818; x_wconf 91' lang='lat' dir='ltr'>quam</span> <span class='ocrx_word' id='word_1_37' title='bbox 1631 746 1731 800; x_wconf 89' lang='lat' dir='ltr'>be-</span> 
     </span>
    </p>
   </div>
   <div class='ocr_carea' id='block_1_7' title="bbox 88 835 532 891">
    <p class='ocr_par' dir='ltr' id='par_1_7' title="bbox 88 835 532 891">
     <span class='ocr_line' id='line_1_7' title="bbox 88 835 532 891; baseline -0.011 -2"><span class='ocrx_word' id='word_1_38' title='bbox 88 835 466 891; x_wconf 87' lang='lat' dir='ltr'>nedictiones.</span> <span class='ocrx_word' id='word_1_39' title='bbox 506 854 532 884; x_wconf 71' lang='grc' dir='ltr'><strong>ι</strong></span> 
     </span>
    </p>
   </div>
   <div class='ocr_carea' id='block_1_8' title="bbox 163 923 1730 994">
    <p class='ocr_par' dir='ltr' id='par_1_8' title="bbox 163 923 1730 994">
     <span class='ocr_line' id='line_1_8' title="bbox 163 923 1730 994; baseline -0.002 -14"><span class='ocrx_word' id='word_1_40' title='bbox 163 927 316 992; x_wconf 81' lang='lat' dir='ltr'>Item,</span> <span class='ocrx_word' id='word_1_41' title='bbox 336 925 598 979; x_wconf 72' lang='lat' dir='ltr'>excedam</span> <span class='ocrx_word' id='word_1_42' title='bbox 611 925 860 990; x_wconf 80' lang='lat' dir='ltr'>concilio,</span> <span class='ocrx_word' id='word_1_43' title='bbox 882 940 1000 994; x_wconf 83' lang='lat' dir='ltr'>cap.</span> <span class='ocrx_word' id='word_1_44' title='bbox 1027 924 1114 976; x_wconf 83' lang='grc'>46.</span> <span class='ocrx_word' id='word_1_45' title='bbox 1143 944 1170 972; x_wconf 86' lang='grc'><em>‹‹</em></span> <span class='ocrx_word' id='word_1_46' title='bbox 1193 923 1316 978; x_wconf 91' lang='lat' dir='ltr'>Non</span> <span class='ocrx_word' id='word_1_47' title='bbox 1337 926 1566 994; x_wconf 82' lang='lat' dir='ltr'>Oportet</span> <span class='ocrx_word' id='word_1_48' title='bbox 1595 939 1730 977; x_wconf 89' lang='lat' dir='ltr'>cum</span> 
     </span>
    </p>
   </div>
   <div class='ocr_carea' id='block_1_9' title="bbox 87 1011 1197 1068">
    <p class='ocr_par' dir='ltr' id='par_1_9' title="bbox 87 1011 1197 1068">
     <span class='ocr_line' id='line_1_9' title="bbox 87 1011 1197 1068; baseline -0.004 0"><span class='ocrx_word' id='word_1_49' title='bbox 87 1013 377 1068; x_wconf 65' lang='lat' dir='ltr'>haereticis</span> <span class='ocrx_word' id='word_1_50' title='bbox 407 1012 490 1067; x_wconf 91' lang='lat' dir='ltr'>vel</span> <span class='ocrx_word' id='word_1_51' title='bbox 525 1011 916 1068; x_wconf 81' lang='lat' dir='ltr'>schismaticis</span> <span class='ocrx_word' id='word_1_52' title='bbox 947 1027 1132 1068; x_wconf 90' lang='lat' dir='ltr'>orare.</span> <span class='ocrx_word' id='word_1_53' title='bbox 1169 1033 1197 1059; x_wconf 86' lang='lat'>»</span> 
     </span>
    </p>
   </div>
   <div class='ocr_carea' id='block_1_10' title="bbox 155 1096 1732 1171">
    <p class='ocr_par' dir='ltr' id='par_1_10' title="bbox 155 1096 1732 1171">
     <span class='ocr_line' id='line_1_10' title="bbox 155 1096 1732 1171; baseline -0.003 -15"><span class='ocrx_word' id='word_1_54' title='bbox 155 1104 310 1168; x_wconf 87' lang='lat' dir='ltr'>Item,</span> <span class='ocrx_word' id='word_1_55' title='bbox 359 1119 428 1156; x_wconf 65' lang='lat' dir='ltr'>ea:</span> <span class='ocrx_word' id='word_1_56' title='bbox 455 1101 657 1165; x_wconf 76' lang='lat' dir='ltr'>eodem,</span> <span class='ocrx_word' id='word_1_57' title='bbox 689 1118 806 1171; x_wconf 80' lang='lat' dir='ltr'>mp.</span> <span class='ocrx_word' id='word_1_58' title='bbox 843 1101 928 1154; x_wconf 76' lang='grc'>47.</span> <span class='ocrx_word' id='word_1_59' title='bbox 964 1124 989 1148; x_wconf 86' lang='grc'><strong><em>‹‹</em></strong></span> <span class='ocrx_word' id='word_1_60' title='bbox 1028 1099 1150 1155; x_wconf 89' lang='lat' dir='ltr'>Non</span> <span class='ocrx_word' id='word_1_61' title='bbox 1184 1101 1409 1170; x_wconf 88' lang='lat' dir='ltr'>oportet</span> <span class='ocrx_word' id='word_1_62' title='bbox 1440 1115 1474 1153; x_wconf 89' lang='lat' dir='ltr'>a</span> <span class='ocrx_word' id='word_1_63' title='bbox 1513 1096 1732 1152; x_wconf 70' lang='lat' dir='ltr'>Judaeis</span> 
     </span>
    </p>
   </div>
   <div class='ocr_carea' id='block_1_11' title="bbox 85 1187 1660 1260">
    <p class='ocr_par' dir='ltr' id='par_1_11' title="bbox 85 1187 1660 1260">
     <span class='ocr_line' id='line_1_11' title="bbox 85 1187 1660 1260; baseline -0.003 -16"><span class='ocrx_word' id='word_1_64' title='bbox 85 1191 169 1246; x_wconf 91' lang='lat' dir='ltr'>vel</span> <span class='ocrx_word' id='word_1_65' title='bbox 206 1191 494 1246; x_wconf 78' lang='lat' dir='ltr'>haereticis</span> <span class='ocrx_word' id='word_1_66' title='bbox 527 1189 782 1244; x_wconf 83' lang='lat' dir='ltr'>teriatiea</span> <span class='ocrx_word' id='word_1_67' title='bbox 814 1206 937 1260; x_wconf 71' lang='lat' dir='ltr'>quze</span> <span class='ocrx_word' id='word_1_68' title='bbox 970 1189 1288 1242; x_wconf 91' lang='lat' dir='ltr'>mittuntur</span> <span class='ocrx_word' id='word_1_69' title='bbox 1317 1187 1596 1258; x_wconf 86' lang='lat' dir='ltr'>accipere.</span> <span class='ocrx_word' id='word_1_70' title='bbox 1635 1209 1660 1234; x_wconf 90' lang='grc'><strong>››</strong></span> 
     </span>
    </p>
   </div>
   <div class='ocr_carea' id='block_1_12' title="bbox 161 1275 1727 1351">
    <p class='ocr_par' dir='ltr' id='par_1_12' title="bbox 161 1275 1727 1351">
     <span class='ocr_line' id='line_1_12' title="bbox 161 1275 1727 1351; baseline -0.004 -15"><span class='ocrx_word' id='word_1_71' title='bbox 161 1281 309 1336; x_wconf 53' lang='lat' dir='ltr'>(tmte</span> <span class='ocrx_word' id='word_1_72' title='bbox 347 1297 535 1351; x_wconf 76' lang='lat' dir='ltr'>supra,</span> <span class='ocrx_word' id='word_1_73' title='bbox 569 1282 625 1333; x_wconf 85' lang='lat' dir='ltr'>in</span> <span class='ocrx_word' id='word_1_74' title='bbox 657 1295 861 1332; x_wconf 83' lang='lat' dir='ltr'>canone</span> <span class='ocrx_word' id='word_1_75' title='bbox 889 1279 1276 1348; x_wconf 84' lang='lat' dir='ltr'>apostolorum.</span> <span class='ocrx_word' id='word_1_76' title='bbox 1317 1299 1337 1323; x_wconf 78' lang='grc' dir='ltr'>ι</span> <span class='ocrx_word' id='word_1_77' title='bbox 1387 1275 1727 1346; x_wconf 85' lang='lat' dir='ltr'>Episcopus,</span> 
     </span>
    </p>
   </div>
   <div class='ocr_carea' id='block_1_13' title="bbox 85 1363 1726 1441">
    <p class='ocr_par' dir='ltr' id='par_1_13' title="bbox 85 1363 1726 1441">
     <span class='ocr_line' id='line_1_13' title="bbox 85 1363 1726 1441; baseline -0.004 -18"><span class='ocrx_word' id='word_1_78' title='bbox 85 1371 410 1441; x_wconf 78' lang='lat' dir='ltr'>presbyter,</span> <span class='ocrx_word' id='word_1_79' title='bbox 445 1373 546 1423; x_wconf 90' lang='lat' dir='ltr'>aut</span> <span class='ocrx_word' id='word_1_80' title='bbox 577 1367 881 1432; x_wconf 82' lang='lat' dir='ltr'>diaconus,</span> <span class='ocrx_word' id='word_1_81' title='bbox 915 1367 1012 1437; x_wconf 86' lang='lat' dir='ltr'>qui</span> <span class='ocrx_word' id='word_1_82' title='bbox 1045 1381 1180 1420; x_wconf 91' lang='lat' dir='ltr'>cum</span> <span class='ocrx_word' id='word_1_83' title='bbox 1211 1363 1498 1421; x_wconf 69' lang='lat' dir='ltr'>haereticis</span> <span class='ocrx_word' id='word_1_84' title='bbox 1531 1378 1726 1418; x_wconf 87' lang='lat' dir='ltr'>orave-</span> 
     </span>
    </p>
   </div>
   <div class='ocr_carea' id='block_1_14' title="bbox 86 1453 1731 1526">
    <p class='ocr_par' dir='ltr' id='par_1_14' title="bbox 86 1453 1731 1526">
     <span class='ocr_line' id='line_1_14' title="bbox 86 1453 1731 1526; baseline -0.005 -13"><span class='ocrx_word' id='word_1_85' title='bbox 86 1460 181 1526; x_wconf 92' lang='lat' dir='ltr'>rit,</span> <span class='ocrx_word' id='word_1_86' title='bbox 208 1457 616 1514; x_wconf 83' lang='lat' dir='ltr'>tantummodo</span> <span class='ocrx_word' id='word_1_87' title='bbox 638 1455 1046 1512; x_wconf 88' lang='lat' dir='ltr'>communione</span> <span class='ocrx_word' id='word_1_88' title='bbox 1069 1454 1344 1526; x_wconf 76' lang='lat' dir='ltr'><strong>privetur.</strong></span> <span class='ocrx_word' id='word_1_89' title='bbox 1371 1453 1429 1509; x_wconf 88' lang='lat' dir='ltr'><strong>Si</strong></span> <span class='ocrx_word' id='word_1_90' title='bbox 1450 1469 1582 1508; x_wconf 92' lang='lat' dir='ltr'>vero</span> <span class='ocrx_word' id='word_1_91' title='bbox 1603 1457 1731 1507; x_wconf 90' lang='lat' dir='ltr'>tan-</span> 
     </span>
    </p>
   </div>
   <div class='ocr_carea' id='block_1_15' title="bbox 85 1541 1728 1620">
    <p class='ocr_par' dir='ltr' id='par_1_15' title="bbox 85 1541 1728 1620">
     <span class='ocr_line' id='line_1_15' title="bbox 85 1541 1728 1620; baseline -0.003 -19"><span class='ocrx_word' id='word_1_92' title='bbox 85 1566 261 1620; x_wconf 83' lang='lat' dir='ltr'>quam</span> <span class='ocrx_word' id='word_1_93' title='bbox 293 1547 533 1604; x_wconf 86' lang='lat' dir='ltr'>clerieos</span> <span class='ocrx_word' id='word_1_94' title='bbox 567 1545 835 1601; x_wconf 79' lang='lat' dir='ltr'>hortatus</span> <span class='ocrx_word' id='word_1_95' title='bbox 870 1545 1040 1600; x_wconf 86' lang='lat' dir='ltr'>fuerit</span> <span class='ocrx_word' id='word_1_96' title='bbox 1071 1561 1169 1598; x_wconf 90' lang='lat' dir='ltr'>eos</span> <span class='ocrx_word' id='word_1_97' title='bbox 1203 1559 1390 1614; x_wconf 87' lang='lat' dir='ltr'>agere,</span> <span class='ocrx_word' id='word_1_98' title='bbox 1423 1541 1511 1596; x_wconf 88' lang='lat' dir='ltr'>vel</span> <span class='ocrx_word' id='word_1_99' title='bbox 1543 1558 1728 1609; x_wconf 88' lang='lat' dir='ltr'>orare,</span> 
     </span>
    </p>
   </div>
   <div class='ocr_carea' id='block_1_16' title="bbox 83 1638 483 1692">
    <p class='ocr_par' dir='ltr' id='par_1_16' title="bbox 83 1638 483 1692">
     <span class='ocr_line' id='line_1_16' title="bbox 83 1638 483 1692; baseline 0 -2"><span class='ocrx_word' id='word_1_100' title='bbox 83 1638 418 1692; x_wconf 87' lang='lat' dir='ltr'>damnetur.</span> <span class='ocrx_word' id='word_1_101' title='bbox 457 1657 483 1684; x_wconf 74' lang='grc' dir='ltr'>η</span> 
     </span>
    </p>
   </div>
   <div class='ocr_carea' id='block_1_17' title="bbox 157 1720 1736 1797">
    <p class='ocr_par' dir='ltr' id='par_1_17' title="bbox 157 1720 1736 1797">
     <span class='ocr_line' id='line_1_17' title="bbox 157 1720 1736 1797; baseline -0.006 -16"><span class='ocrx_word' id='word_1_102' title='bbox 157 1727 302 1782; x_wconf 65' lang='lat' dir='ltr'>(‘mle</span> <span class='ocrx_word' id='word_1_103' title='bbox 322 1743 510 1797; x_wconf 80' lang='lat' dir='ltr'>supra,</span> <span class='ocrx_word' id='word_1_104' title='bbox 537 1741 606 1780; x_wconf 69' lang='lat' dir='ltr'>ex</span> <span class='ocrx_word' id='word_1_105' title='bbox 625 1725 848 1778; x_wconf 79' lang='lat' dir='ltr'>decretis</span> <span class='ocrx_word' id='word_1_106' title='bbox 869 1724 1102 1777; x_wconf 74' lang='lat' dir='ltr'>Fabiani</span> <span class='ocrx_word' id='word_1_107' title='bbox 1119 1722 1230 1792; x_wconf 76' lang='lat'>(16)</span> <span class='ocrx_word' id='word_1_108' title='bbox 1261 1738 1436 1792; x_wconf 61' lang='lat' dir='ltr'>pupa’.</span> <span class='ocrx_word' id='word_1_109' title='bbox 1464 1743 1490 1769; x_wconf 91' lang='grc'>‹‹</span> <span class='ocrx_word' id='word_1_110' title='bbox 1519 1720 1736 1774; x_wconf 89' lang='lat' dir='ltr'>Omnes</span> 
     </span>
    </p>
   </div>
   <div class='ocr_carea' id='block_1_18' title="bbox 83 1809 1736 1886">
    <p class='ocr_par' dir='ltr' id='par_1_18' title="bbox 83 1809 1736 1886">
     <span class='ocr_line' id='line_1_18' title="bbox 83 1809 1736 1886; baseline -0.004 -19"><span class='ocrx_word' id='word_1_111' title='bbox 83 1816 184 1886; x_wconf 90' lang='lat' dir='ltr'>qui</span> <span class='ocrx_word' id='word_1_112' title='bbox 215 1818 432 1868; x_wconf 84' lang='lat' dir='ltr'>rectam</span> <span class='ocrx_word' id='word_1_113' title='bbox 468 1829 578 1866; x_wconf 91' lang='lat' dir='ltr'>non</span> <span class='ocrx_word' id='word_1_114' title='bbox 613 1812 822 1866; x_wconf 84' lang='lat' dir='ltr'>docent</span> <span class='ocrx_word' id='word_1_115' title='bbox 853 1811 1201 1876; x_wconf 89' lang='lat' dir='ltr'>doctrinam,</span> <span class='ocrx_word' id='word_1_116' title='bbox 1231 1809 1323 1862; x_wconf 82' lang='lat' dir='ltr'>vel</span> <span class='ocrx_word' id='word_1_117' title='bbox 1359 1813 1578 1862; x_wconf 89' lang='lat' dir='ltr'>rectam</span> <span class='ocrx_word' id='word_1_118' title='bbox 1621 1823 1736 1861; x_wconf 90' lang='lat' dir='ltr'>non</span> 
     </span>
    </p>
   </div>
   <div class='ocr_carea' id='block_1_19' title="bbox 85 1897 1737 1966">
    <p class='ocr_par' dir='ltr' id='par_1_19' title="bbox 85 1897 1737 1966">
     <span class='ocr_line' id='line_1_19' title="bbox 85 1897 1737 1966; baseline -0.005 -8"><span class='ocrx_word' id='word_1_119' title='bbox 85 1907 284 1958; x_wconf 78' lang='lat' dir='ltr'>tonent</span> <span class='ocrx_word' id='word_1_120' title='bbox 301 1902 470 1955; x_wconf 80' lang='lat' dir='ltr'>[idem</span> <span class='ocrx_word' id='word_1_121' title='bbox 496 1904 885 1966; x_wconf 85' lang='lat' dir='ltr'>accusatores,</span> <span class='ocrx_word' id='word_1_122' title='bbox 903 1898 1194 1953; x_wconf 88' lang='lat' dir='ltr'>neminem</span> <span class='ocrx_word' id='word_1_123' title='bbox 1214 1901 1364 1952; x_wconf 90' lang='lat' dir='ltr'>recte</span> <span class='ocrx_word' id='word_1_124' title='bbox 1377 1897 1737 1951; x_wconf 90' lang='lat' dir='ltr'>credentium</span> 
     </span>
    </p>
   </div>
   <div class='ocr_carea' id='block_1_20' title="bbox 88 1983 1740 2060">
    <p class='ocr_par' dir='ltr' id='par_1_20' title="bbox 88 1983 1740 2060">
     <span class='ocr_line' id='line_1_20' title="bbox 88 1983 1740 2060; baseline -0.005 -14"><span class='ocrx_word' id='word_1_125' title='bbox 88 2006 362 2046; x_wconf 78' lang='lat' dir='ltr'>accusare</span> <span class='ocrx_word' id='word_1_126' title='bbox 385 1992 650 2060; x_wconf 85' lang='lat' dir='ltr'>possunt,</span> <span class='ocrx_word' id='word_1_127' title='bbox 671 1987 811 2059; x_wconf 87' lang='lat' dir='ltr'>quia</span> <span class='ocrx_word' id='word_1_128' title='bbox 832 1987 1070 2040; x_wconf 76' lang='lat' dir='ltr'>infamia</span> <span class='ocrx_word' id='word_1_129' title='bbox 1093 1990 1230 2039; x_wconf 86' lang='lat' dir='ltr'>sunt</span> <span class='ocrx_word' id='word_1_130' title='bbox 1253 1985 1456 2050; x_wconf 85' lang='lat' dir='ltr'>notati,</span> <span class='ocrx_word' id='word_1_131' title='bbox 1477 1988 1530 2038; x_wconf 82' lang='lat' dir='ltr'>et</span> <span class='ocrx_word' id='word_1_132' title='bbox 1555 2002 1586 2038; x_wconf 88' lang='lat' dir='ltr'>a</span> <span class='ocrx_word' id='word_1_133' title='bbox 1608 1983 1740 2038; x_wconf 88' lang='lat' dir='ltr'>sinu</span> 
     </span>
    </p>
   </div>
   <div class='ocr_carea' id='block_1_21' title="bbox 89 2075 1740 2148">
    <p class='ocr_par' dir='ltr' id='par_1_21' title="bbox 89 2075 1740 2148">
     <span class='ocr_line' id='line_1_21' title="bbox 89 2075 1740 2148; baseline -0.005 -14"><span class='ocrx_word' id='word_1_134' title='bbox 89 2080 297 2134; x_wconf 89' lang='lat' dir='ltr'>matris</span> <span class='ocrx_word' id='word_1_135' title='bbox 331 2077 594 2132; x_wconf 68' lang='lat' dir='ltr'>Ecclesia:</span> <span class='ocrx_word' id='word_1_136' title='bbox 615 2095 646 2130; x_wconf 92' lang='lat' dir='ltr'>a</span> <span class='ocrx_word' id='word_1_137' title='bbox 670 2075 900 2148; x_wconf 89' lang='lat' dir='ltr'>publico</span> <span class='ocrx_word' id='word_1_138' title='bbox 925 2091 1202 2129; x_wconf 88' lang='lat' dir='ltr'>mucrone</span> <span class='ocrx_word' id='word_1_139' title='bbox 1228 2091 1411 2145; x_wconf 89' lang='lat' dir='ltr'>usque</span> <span class='ocrx_word' id='word_1_140' title='bbox 1431 2075 1499 2127; x_wconf 88' lang='lat' dir='ltr'>ad</span> <span class='ocrx_word' id='word_1_141' title='bbox 1527 2077 1740 2127; x_wconf 89' lang='lat' dir='ltr'>rectam</span> 
     </span>
    </p>
   </div>
   <div class='ocr_carea' id='block_1_22' title="bbox 89 2161 1742 2224">
    <p class='ocr_par' dir='ltr' id='par_1_22' title="bbox 89 2161 1742 2224">
     <span class='ocr_line' id='line_1_22' title="bbox 89 2161 1742 2224; baseline -0.005 0"><span class='ocrx_word' id='word_1_142' title='bbox 89 2167 532 2224; x_wconf 77' lang='lat' dir='ltr'>conversionem</span> <span class='ocrx_word' id='word_1_143' title='bbox 566 2171 620 2220; x_wconf 87' lang='lat' dir='ltr'>et</span> <span class='ocrx_word' id='word_1_144' title='bbox 650 2165 1037 2220; x_wconf 89' lang='lat' dir='ltr'>reversionem</span> <span class='ocrx_word' id='word_1_145' title='bbox 1057 2180 1255 2219; x_wconf 91' lang='lat' dir='ltr'>eorum</span> <span class='ocrx_word' id='word_1_146' title='bbox 1289 2163 1554 2218; x_wconf 82' lang='lat' dir='ltr'>abscissi.</span> <span class='ocrx_word' id='word_1_147' title='bbox 1583 2161 1742 2216; x_wconf 88' lang='lat' dir='ltr'>Unde</span> 
     </span>
    </p>
   </div>
   <div class='ocr_carea' id='block_1_23' title="bbox 90 2253 1739 2329">
    <p class='ocr_par' dir='ltr' id='par_1_23' title="bbox 90 2253 1739 2329">
     <span class='ocr_line' id='line_1_23' title="bbox 90 2253 1739 2329; baseline -0.004 -16"><span class='ocrx_word' id='word_1_148' title='bbox 90 2256 414 2329; x_wconf 78' lang='lat' dir='ltr'>apostolica</span> <span class='ocrx_word' id='word_1_149' title='bbox 435 2255 919 2310; x_wconf 85' lang='lat' dir='ltr'>auctoritatccum</span> <span class='ocrx_word' id='word_1_150' title='bbox 937 2253 1485 2322; x_wconf 80' lang='lat' dir='ltr'>omnibusejusdem</span> <span class='ocrx_word' id='word_1_151' title='bbox 1511 2256 1739 2322; x_wconf 85' lang='lat' dir='ltr'>aposto-</span> 
     </span>
    </p>
   </div>
   <div class='ocr_carea' id='block_1_24' title="bbox 89 2340 1741 2417">
    <p class='ocr_par' dir='ltr' id='par_1_24' title="bbox 89 2340 1741 2417">
     <span class='ocr_line' id='line_1_24' title="bbox 89 2340 1741 2417; baseline -0.007 -15"><span class='ocrx_word' id='word_1_152' title='bbox 89 2347 210 2402; x_wconf 71' lang='lat' dir='ltr'>lica:</span> <span class='ocrx_word' id='word_1_153' title='bbox 237 2352 412 2417; x_wconf 84' lang='lat' dir='ltr'>atque</span> <span class='ocrx_word' id='word_1_154' title='bbox 437 2343 780 2399; x_wconf 77' lang='lat' dir='ltr'>universalis</span> <span class='ocrx_word' id='word_1_155' title='bbox 807 2341 1071 2397; x_wconf 74' lang='lat' dir='ltr'>Ecclesia:</span> <span class='ocrx_word' id='word_1_156' title='bbox 1096 2340 1230 2396; x_wconf 84' lang='lat' dir='ltr'>ﬁliis</span> <span class='ocrx_word' id='word_1_157' title='bbox 1252 2345 1577 2396; x_wconf 87' lang='lat' dir='ltr'>statuentes</span> <span class='ocrx_word' id='word_1_158' title='bbox 1601 2356 1741 2392; x_wconf 86' lang='lat' dir='ltr'>san-</span> 
     </span>
    </p>
   </div>
   <div class='ocr_carea' id='block_1_25' title="bbox 91 2428 1740 2504">
    <p class='ocr_par' dir='ltr' id='par_1_25' title="bbox 91 2428 1740 2504">
     <span class='ocr_line' id='line_1_25' title="bbox 91 2428 1740 2504; baseline -0.005 -13"><span class='ocrx_word' id='word_1_159' title='bbox 91 2437 284 2491; x_wconf 88' lang='lat' dir='ltr'>cimus</span> <span class='ocrx_word' id='word_1_160' title='bbox 318 2439 383 2488; x_wconf 90' lang='lat' dir='ltr'>ut</span> <span class='ocrx_word' id='word_1_161' title='bbox 413 2450 614 2488; x_wconf 88' lang='lat' dir='ltr'>omnes</span> <span class='ocrx_word' id='word_1_162' title='bbox 646 2431 744 2504; x_wconf 90' lang='lat' dir='ltr'>qui</span> <span class='ocrx_word' id='word_1_163' title='bbox 771 2431 828 2485; x_wconf 91' lang='lat' dir='ltr'>in</span> <span class='ocrx_word' id='word_1_164' title='bbox 853 2431 1135 2486; x_wconf 83' lang='lat' dir='ltr'>catholica</span> <span class='ocrx_word' id='word_1_165' title='bbox 1160 2431 1270 2485; x_wconf 86' lang='lat' dir='ltr'>ﬁde</span> <span class='ocrx_word' id='word_1_166' title='bbox 1302 2428 1556 2500; x_wconf 83' lang='lat' dir='ltr'>suspecti</span> <span class='ocrx_word' id='word_1_167' title='bbox 1580 2433 1740 2496; x_wconf 88' lang='lat' dir='ltr'>sunt,</span> 
     </span>
    </p>
   </div>
   <div class='ocr_carea' id='block_1_26' title="bbox 89 2518 1738 2588">
    <p class='ocr_par' dir='ltr' id='par_1_26' title="bbox 89 2518 1738 2588">
     <span class='ocr_line' id='line_1_26' title="bbox 89 2518 1738 2588; baseline -0.007 -8"><span class='ocrx_word' id='word_1_168' title='bbox 89 2527 146 2580; x_wconf 92' lang='lat' dir='ltr'>in</span> <span class='ocrx_word' id='word_1_169' title='bbox 183 2523 553 2579; x_wconf 80' lang='lat' dir='ltr'>accusatione</span> <span class='ocrx_word' id='word_1_170' title='bbox 586 2527 736 2575; x_wconf 81' lang='lat' dir='ltr'>reclc</span> <span class='ocrx_word' id='word_1_171' title='bbox 767 2521 1128 2576; x_wconf 87' lang='lat' dir='ltr'>credentium</span> <span class='ocrx_word' id='word_1_172' title='bbox 1173 2537 1285 2573; x_wconf 92' lang='lat' dir='ltr'>non</span> <span class='ocrx_word' id='word_1_173' title='bbox 1321 2518 1738 2588; x_wconf 86' lang='lat' dir='ltr'>suscipiantur,</span> 
     </span>
    </p>
   </div>
   <div class='ocr_carea' id='block_1_27' title="bbox 91 2606 1744 2686">
    <p class='ocr_par' dir='ltr' id='par_1_27' title="bbox 91 2606 1744 2686">
     <span class='ocr_line' id='line_1_27' title="bbox 91 2606 1744 2686; baseline -0.005 -18"><span class='ocrx_word' id='word_1_174' title='bbox 91 2615 233 2686; x_wconf 90' lang='lat' dir='ltr'>quia</span> <span class='ocrx_word' id='word_1_175' title='bbox 264 2612 519 2683; x_wconf 77' lang='lat' dir='ltr'>suspecti</span> <span class='ocrx_word' id='word_1_176' title='bbox 543 2627 746 2665; x_wconf 88' lang='lat' dir='ltr'>omnes</span> <span class='ocrx_word' id='word_1_177' title='bbox 777 2626 1006 2680; x_wconf 84' lang='lat' dir='ltr'>semper</span> <span class='ocrx_word' id='word_1_178' title='bbox 1024 2613 1163 2662; x_wconf 88' lang='lat' dir='ltr'>sunt</span> <span class='ocrx_word' id='word_1_179' title='bbox 1184 2606 1511 2672; x_wconf 87' lang='lat' dir='ltr'>amovendi,</span> <span class='ocrx_word' id='word_1_180' title='bbox 1541 2610 1598 2660; x_wconf 89' lang='lat' dir='ltr'>et</span> <span class='ocrx_word' id='word_1_181' title='bbox 1631 2623 1744 2660; x_wconf 87' lang='lat' dir='ltr'>non</span> 
     </span>
    </p>
   </div>
   <div class='ocr_carea' id='block_1_28' title="bbox 94 2699 1742 2774">
    <p class='ocr_par' dir='ltr' id='par_1_28' title="bbox 94 2699 1742 2774">
     <span class='ocr_line' id='line_1_28' title="bbox 94 2699 1742 2774; baseline -0.006 -16"><span class='ocrx_word' id='word_1_182' title='bbox 94 2701 435 2774; x_wconf 78' lang='lat' dir='ltr'>recipiendi.</span> <span class='ocrx_word' id='word_1_183' title='bbox 472 2700 674 2754; x_wconf 86' lang='lat' dir='ltr'>Merito</span> <span class='ocrx_word' id='word_1_184' title='bbox 704 2715 840 2770; x_wconf 90' lang='lat' dir='ltr'>ergo</span> <span class='ocrx_word' id='word_1_185' title='bbox 872 2699 1220 2768; x_wconf 84' lang='lat' dir='ltr'>reprobatur</span> <span class='ocrx_word' id='word_1_186' title='bbox 1255 2713 1456 2751; x_wconf 91' lang='lat' dir='ltr'>eorum</span> <span class='ocrx_word' id='word_1_187' title='bbox 1505 2711 1742 2748; x_wconf 86' lang='lat' dir='ltr'>accusa-</span> 
     </span>
    </p>
   </div>
   <div class='ocr_carea' id='block_1_29' title="bbox 91 2783 1739 2862">
    <p class='ocr_par' dir='ltr' id='par_1_29' title="bbox 91 2783 1739 2862">
     <span class='ocr_line' id='line_1_29' title="bbox 91 2783 1739 2862; baseline -0.006 -15"><span class='ocrx_word' id='word_1_188' title='bbox 91 2793 192 2858; x_wconf 80' lang='lat' dir='ltr'>tio,</span> <span class='ocrx_word' id='word_1_189' title='bbox 227 2791 327 2862; x_wconf 88' lang='lat' dir='ltr'>qui</span> <span class='ocrx_word' id='word_1_190' title='bbox 361 2789 418 2843; x_wconf 93' lang='lat' dir='ltr'>in</span> <span class='ocrx_word' id='word_1_191' title='bbox 455 2793 608 2842; x_wconf 81' lang='lat' dir='ltr'>recta</span> <span class='ocrx_word' id='word_1_192' title='bbox 639 2787 750 2840; x_wconf 88' lang='lat' dir='ltr'>ﬁde</span> <span class='ocrx_word' id='word_1_193' title='bbox 777 2785 1031 2858; x_wconf 87' lang='lat' dir='ltr'>suspecti</span> <span class='ocrx_word' id='word_1_194' title='bbox 1064 2790 1223 2852; x_wconf 91' lang='lat' dir='ltr'>sunt,</span> <span class='ocrx_word' id='word_1_195' title='bbox 1253 2801 1357 2838; x_wconf 90' lang='lat' dir='ltr'>nec</span> <span class='ocrx_word' id='word_1_196' title='bbox 1383 2785 1466 2838; x_wconf 88' lang='lat' dir='ltr'>eis</span> <span class='ocrx_word' id='word_1_197' title='bbox 1500 2783 1739 2838; x_wconf 90' lang='lat' dir='ltr'>omnino</span> 
     </span>
    </p>
   </div>
   <div class='ocr_carea' id='block_1_30' title="bbox 93 2877 704 2936">
    <p class='ocr_par' dir='ltr' id='par_1_30' title="bbox 93 2877 704 2936">
     <span class='ocr_line' id='line_1_30' title="bbox 93 2877 704 2936; baseline -0.02 0"><span class='ocrx_word' id='word_1_198' title='bbox 93 2899 222 2936; x_wconf 85' lang='lat' dir='ltr'>esse</span> <span class='ocrx_word' id='word_1_199' title='bbox 257 2877 639 2934; x_wconf 88' lang='lat' dir='ltr'>credendum.</span> <span class='ocrx_word' id='word_1_200' title='bbox 678 2899 704 2923; x_wconf 87' lang='grc'><strong>››</strong></span> 
     </span>
    </p>
   </div>
   <div class='ocr_carea' id='block_1_31' title="bbox 164 2961 1742 3038">
    <p class='ocr_par' dir='ltr' id='par_1_31' title="bbox 164 2961 1742 3038">
     <span class='ocr_line' id='line_1_31' title="bbox 164 2961 1742 3038; baseline -0.006 -14"><span class='ocrx_word' id='word_1_201' title='bbox 164 2971 320 3034; x_wconf 88' lang='lat' dir='ltr'>Item,</span> <span class='ocrx_word' id='word_1_202' title='bbox 356 2984 426 3022; x_wconf 75' lang='lat' dir='ltr'>ex</span> <span class='ocrx_word' id='word_1_203' title='bbox 471 2965 699 3020; x_wconf 79' lang='lat' dir='ltr'>decretis</span> <span class='ocrx_word' id='word_1_204' title='bbox 749 2965 808 3018; x_wconf 83' lang='grc' dir='ltr'>Β.</span> <span class='ocrx_word' id='word_1_205' title='bbox 860 2964 1115 3033; x_wconf 76' lang='lat' dir='ltr'>Dionysii</span> <span class='ocrx_word' id='word_1_206' title='bbox 1155 2977 1315 3033; x_wconf 71' lang='lat' dir='ltr'>papa:</span> <span class='ocrx_word' id='word_1_207' title='bbox 1355 2969 1412 3038; x_wconf 74' lang='lat' dir='ltr'>et</span> <span class='ocrx_word' id='word_1_208' title='bbox 1460 2961 1742 3031; x_wconf 77' lang='lat' dir='ltr'>martyris.</span> 
     </span>
    </p>
   </div>
   <div class='ocr_carea' id='block_1_32' title="bbox 91 3049 1748 3128">
    <p class='ocr_par' dir='ltr' id='par_1_32' title="bbox 91 3049 1748 3128">
     <span class='ocr_line' id='line_1_32' title="bbox 91 3049 1748 3128; baseline -0.007 -15"><span class='ocrx_word' id='word_1_209' title='bbox 91 3059 356 3128; x_wconf 71' lang='lat' dir='ltr'>(DYONIS,</span> <span class='ocrx_word' id='word_1_210' title='bbox 402 3056 562 3123; x_wconf 81' lang='lat' dir='ltr'>epist.</span> <span class='ocrx_word' id='word_1_211' title='bbox 613 3057 666 3119; x_wconf 89' lang='lat'>2,</span> <span class='ocrx_word' id='word_1_212' title='bbox 715 3052 785 3106; x_wconf 81' lang='lat' dir='ltr'>ad</span> <span class='ocrx_word' id='word_1_213' title='bbox 823 3054 1084 3107; x_wconf 75' lang='lat' dir='ltr'>Severum</span> <span class='ocrx_word' id='word_1_214' title='bbox 1129 3052 1384 3122; x_wconf 74' lang='lat' dir='ltr'>epismp.)</span> <span class='ocrx_word' id='word_1_215' title='bbox 1428 3073 1454 3098; x_wconf 90' lang='grc'><strong><em>‹‹</em></strong></span> <span class='ocrx_word' id='word_1_216' title='bbox 1492 3049 1748 3104; x_wconf 85' lang='lat' dir='ltr'>Crimina</span> 
     </span>
    </p>
   </div>
   <div class='ocr_carea' id='block_1_33' title="bbox 93 3137 1746 3218">
    <p class='ocr_par' dir='ltr' id='par_1_33' title="bbox 93 3137 1746 3218">
     <span class='ocr_line' id='line_1_33' title="bbox 93 3137 1746 3218; baseline -0.006 -17"><span class='ocrx_word' id='word_1_217' title='bbox 93 3165 222 3218; x_wconf 69' lang='lat' dir='ltr'>qua:</span> <span class='ocrx_word' id='word_1_218' title='bbox 255 3143 550 3217; x_wconf 90' lang='lat' dir='ltr'>episc0pis</span> <span class='ocrx_word' id='word_1_219' title='bbox 573 3141 817 3212; x_wconf 79' lang='lat' dir='ltr'>impingi</span> <span class='ocrx_word' id='word_1_220' title='bbox 843 3141 989 3195; x_wconf 89' lang='lat' dir='ltr'>dicis</span> <span class='ocrx_word' id='word_1_221' title='bbox 1013 3157 1114 3212; x_wconf 90' lang='lat' dir='ltr'>per</span> <span class='ocrx_word' id='word_1_222' title='bbox 1135 3139 1298 3206; x_wconf 88' lang='lat' dir='ltr'>alios,</span> <span class='ocrx_word' id='word_1_223' title='bbox 1326 3156 1438 3194; x_wconf 90' lang='lat' dir='ltr'>non</span> <span class='ocrx_word' id='word_1_224' title='bbox 1453 3139 1614 3194; x_wconf 86' lang='lat' dir='ltr'>sinas</span> <span class='ocrx_word' id='word_1_225' title='bbox 1631 3137 1746 3192; x_wconf 90' lang='lat' dir='ltr'>ullo</span> 
     </span>
    </p>
   </div>
   <div class='ocr_carea' id='block_1_34' title="bbox 94 3225 1747 3302">
    <p class='ocr_par' dir='ltr' id='par_1_34' title="bbox 94 3225 1747 3302">
     <span class='ocr_line' id='line_1_34' title="bbox 94 3225 1747 3302; baseline -0.007 -11"><span class='ocrx_word' id='word_1_226' title='bbox 94 3237 269 3291; x_wconf 88' lang='lat' dir='ltr'>modo</span> <span class='ocrx_word' id='word_1_227' title='bbox 305 3233 450 3291; x_wconf 83' lang='lat' dir='ltr'>ﬁeri,</span> <span class='ocrx_word' id='word_1_228' title='bbox 485 3232 594 3285; x_wconf 85' lang='lat' dir='ltr'>nisi</span> <span class='ocrx_word' id='word_1_229' title='bbox 627 3247 726 3302; x_wconf 90' lang='lat' dir='ltr'>per</span> <span class='ocrx_word' id='word_1_230' title='bbox 749 3231 904 3301; x_wconf 89' lang='lat' dir='ltr'>ipsos</span> <span class='ocrx_word' id='word_1_231' title='bbox 929 3230 1026 3300; x_wconf 86' lang='lat' dir='ltr'>qui</span> <span class='ocrx_word' id='word_1_232' title='bbox 1057 3227 1304 3282; x_wconf 90' lang='lat' dir='ltr'>crimina</span> <span class='ocrx_word' id='word_1_233' title='bbox 1333 3227 1665 3292; x_wconf 88' lang='lat' dir='ltr'>intendunt,</span> <span class='ocrx_word' id='word_1_234' title='bbox 1698 3225 1747 3280; x_wconf 92' lang='lat' dir='ltr'>si</span> 
     </span>
    </p>
   </div>
   <div class='ocr_carea' id='block_1_35' title="bbox 1841 657 2260 716">
    <p class='ocr_par' dir='ltr' id='par_1_35' title="bbox 1841 657 2260 716">
     <span class='ocr_line' id='line_1_35' title="bbox 1841 657 2260 716; baseline 0.005 -4"><span class='ocrx_word' id='word_1_235' title='bbox 1841 657 2260 716; x_wconf 86' lang='lat' dir='ltr'>dinationibus.</span> 
     </span>
    </p>
   </div>
   <div class='ocr_carea' id='block_1_36' title="bbox 1911 748 3490 822">
    <p class='ocr_par' dir='ltr' id='par_1_36' title="bbox 1911 748 3490 822">
     <span class='ocr_line' id='line_1_36' title="bbox 1911 748 3490 822; baseline 0.003 -20"><span class='ocrx_word' id='word_1_236' title='bbox 1911 749 1992 802; x_wconf 70' lang='lat' dir='ltr'>Ea:</span> <span class='ocrx_word' id='word_1_237' title='bbox 2019 749 2246 819; x_wconf 77' lang='lat' dir='ltr'>epistola</span> <span class='ocrx_word' id='word_1_238' title='bbox 2274 751 2332 803; x_wconf 83' lang='grc' dir='ltr'>Β.</span> <span class='ocrx_word' id='word_1_239' title='bbox 2357 750 2670 804; x_wconf 82' lang='lat' dir='ltr'>Innocentii</span> <span class='ocrx_word' id='word_1_240' title='bbox 2686 764 2850 820; x_wconf 61' lang='lat' dir='ltr'>papx</span> <span class='ocrx_word' id='word_1_241' title='bbox 2868 751 3132 822; x_wconf 75' lang='lat' dir='ltr'>episeOpis</span> <span class='ocrx_word' id='word_1_242' title='bbox 3146 748 3490 806; x_wconf 57' lang='lat' dir='ltr'>Macedonia).</span> 
     </span>
    </p>
   </div>
   <div class='ocr_carea' id='block_1_37' title="bbox 1842 837 3494 908">
    <p class='ocr_par' dir='ltr' id='par_1_37' title="bbox 1842 837 3494 908">
     <span class='ocr_line' id='line_1_37' title="bbox 1842 837 3494 908; baseline 0.001 -17"><span class='ocrx_word' id='word_1_243' title='bbox 1842 837 2054 908; x_wconf 63' lang='lat' dir='ltr'>(lusce.</span> <span class='ocrx_word' id='word_1_244' title='bbox 2105 840 2262 908; x_wconf 82' lang='lat' dir='ltr'>epist.</span> <span class='ocrx_word' id='word_1_245' title='bbox 2303 841 2394 902; x_wconf 86' lang='lat'>22,</span> <span class='ocrx_word' id='word_1_246' title='bbox 2447 855 2507 892; x_wconf 91' lang='lat' dir='ltr'>n.</span> <span class='ocrx_word' id='word_1_247' title='bbox 2549 839 2628 907; x_wconf 90' lang='lat'>3.)</span> <span class='ocrx_word' id='word_1_248' title='bbox 2677 839 2932 893; x_wconf 87' lang='lat' dir='ltr'>Ventum</span> <span class='ocrx_word' id='word_1_249' title='bbox 2983 842 3072 892; x_wconf 86' lang='lat' dir='ltr'>est</span> <span class='ocrx_word' id='word_1_250' title='bbox 3129 838 3202 894; x_wconf 88' lang='lat' dir='ltr'>ad</span> <span class='ocrx_word' id='word_1_251' title='bbox 3263 837 3494 895; x_wconf 86' lang='lat' dir='ltr'>tertiam</span> 
     </span>
    </p>
   </div>
   <div class='ocr_carea' id='block_1_38' title="bbox 1843 925 3492 1000">
    <p class='ocr_par' dir='ltr' id='par_1_38' title="bbox 1843 925 3492 1000">
     <span class='ocr_line' id='line_1_38' title="bbox 1843 925 3492 1000; baseline 0.001 -20"><span class='ocrx_word' id='word_1_252' title='bbox 1843 927 2246 997; x_wconf 65' lang='lat' dir='ltr'>quaestionem,</span> <span class='ocrx_word' id='word_1_253' title='bbox 2295 943 2421 998; x_wconf 77' lang='lat' dir='ltr'>quae</span> <span class='ocrx_word' id='word_1_254' title='bbox 2473 943 2576 998; x_wconf 90' lang='lat' dir='ltr'>pro</span> <span class='ocrx_word' id='word_1_255' title='bbox 2606 925 2718 981; x_wconf 69' lang='lat' dir='ltr'>&#39;sui</span> <span class='ocrx_word' id='word_1_256' title='bbox 2770 926 3118 982; x_wconf 88' lang='lat' dir='ltr'>difﬁcultate</span> <span class='ocrx_word' id='word_1_257' title='bbox 3168 925 3492 1000; x_wconf 88' lang='lat' dir='ltr'>longiorem</span> 
     </span>
    </p>
   </div>
   <div class='ocr_carea' id='block_1_39' title="bbox 1843 1013 3496 1086">
    <p class='ocr_par' dir='ltr' id='par_1_39' title="bbox 1843 1013 3496 1086">
     <span class='ocr_line' id='line_1_39' title="bbox 1843 1013 3496 1086; baseline 0.002 -17"><span class='ocrx_word' id='word_1_258' title='bbox 1843 1013 2015 1086; x_wconf 60' lang='lat' dir='ltr'>exigit</span> <span class='ocrx_word' id='word_1_259' title='bbox 2036 1014 2514 1086; x_wconf 81' lang='lat' dir='ltr'>disputationem,</span> <span class='ocrx_word' id='word_1_260' title='bbox 2541 1031 2670 1070; x_wconf 88' lang='lat' dir='ltr'>cum</span> <span class='ocrx_word' id='word_1_261' title='bbox 2704 1031 2809 1069; x_wconf 89' lang='lat' dir='ltr'>nos</span> <span class='ocrx_word' id='word_1_262' title='bbox 2823 1013 3088 1070; x_wconf 88' lang='lat' dir='ltr'>dicamus</span> <span class='ocrx_word' id='word_1_263' title='bbox 3107 1015 3179 1070; x_wconf 84' lang='lat' dir='ltr'>ab</span> <span class='ocrx_word' id='word_1_264' title='bbox 3204 1015 3496 1072; x_wconf 76' lang='lat' dir='ltr'>hazreticis</span> 
     </span>
    </p>
   </div>
   <div class='ocr_carea' id='block_1_40' title="bbox 1845 1101 3494 1176">
    <p class='ocr_par' dir='ltr' id='par_1_40' title="bbox 1845 1101 3494 1176">
     <span class='ocr_line' id='line_1_40' title="bbox 1845 1101 3494 1176; baseline 0.001 -18"><span class='ocrx_word' id='word_1_265' title='bbox 1845 1103 2165 1168; x_wconf 87' lang='lat' dir='ltr'>ordinatos,</span> <span class='ocrx_word' id='word_1_266' title='bbox 2197 1103 2563 1158; x_wconf 83' lang='lat' dir='ltr'>vulneratum</span> <span class='ocrx_word' id='word_1_267' title='bbox 2597 1119 2698 1174; x_wconf 90' lang='lat' dir='ltr'>per</span> <span class='ocrx_word' id='word_1_268' title='bbox 2725 1101 2885 1157; x_wconf 85' lang='lat' dir='ltr'>illam</span> <span class='ocrx_word' id='word_1_269' title='bbox 2919 1120 3130 1159; x_wconf 90' lang='lat' dir='ltr'>manus</span> <span class='ocrx_word' id='word_1_270' title='bbox 3162 1103 3494 1176; x_wconf 89' lang='lat' dir='ltr'>impositio-</span> 
     </span>
    </p>
   </div>
   <div class='ocr_carea' id='block_1_41' title="bbox 1849 1190 3491 1263">
    <p class='ocr_par' dir='ltr' id='par_1_41' title="bbox 1849 1190 3491 1263">
     <span class='ocr_line' id='line_1_41' title="bbox 1849 1190 3491 1263; baseline 0 -17"><span class='ocrx_word' id='word_1_271' title='bbox 1849 1208 1979 1247; x_wconf 90' lang='lat' dir='ltr'>nem</span> <span class='ocrx_word' id='word_1_272' title='bbox 1991 1192 2204 1246; x_wconf 88' lang='lat' dir='ltr'>habere</span> <span class='ocrx_word' id='word_1_273' title='bbox 2223 1195 2414 1263; x_wconf 84' lang='lat' dir='ltr'>caput,</span> <span class='ocrx_word' id='word_1_274' title='bbox 2431 1196 2485 1247; x_wconf 91' lang='lat' dir='ltr'>et</span> <span class='ocrx_word' id='word_1_275' title='bbox 2499 1192 2596 1247; x_wconf 90' lang='lat' dir='ltr'>ubi</span> <span class='ocrx_word' id='word_1_276' title='bbox 2619 1190 2829 1247; x_wconf 86' lang='lat' dir='ltr'>vulnus</span> <span class='ocrx_word' id='word_1_277' title='bbox 2851 1191 3092 1245; x_wconf 84' lang='lat' dir='ltr'>inﬁxum</span> <span class='ocrx_word' id='word_1_278' title='bbox 3115 1195 3224 1262; x_wconf 88' lang='lat' dir='ltr'>est,</span> <span class='ocrx_word' id='word_1_279' title='bbox 3241 1192 3491 1248; x_wconf 89' lang='lat' dir='ltr'>medici-</span> 
     </span>
    </p>
   </div>
   <div class='ocr_carea' id='block_1_42' title="bbox 1847 1279 3491 1352">
    <p class='ocr_par' dir='ltr' id='par_1_42' title="bbox 1847 1279 3491 1352">
     <span class='ocr_line' id='line_1_42' title="bbox 1847 1279 3491 1352; baseline 0.001 -18"><span class='ocrx_word' id='word_1_280' title='bbox 1847 1297 1923 1335; x_wconf 87' lang='lat' dir='ltr'>na</span> <span class='ocrx_word' id='word_1_281' title='bbox 1952 1279 2286 1334; x_wconf 86' lang='lat' dir='ltr'>adhibenda</span> <span class='ocrx_word' id='word_1_282' title='bbox 2309 1284 2418 1344; x_wconf 89' lang='lat' dir='ltr'>est,</span> <span class='ocrx_word' id='word_1_283' title='bbox 2445 1285 2508 1334; x_wconf 90' lang='lat' dir='ltr'>ut</span> <span class='ocrx_word' id='word_1_284' title='bbox 2525 1279 2830 1334; x_wconf 86' lang='lat' dir='ltr'>sanitatem</span> <span class='ocrx_word' id='word_1_285' title='bbox 2854 1280 3038 1350; x_wconf 88' lang='lat' dir='ltr'>possit</span> <span class='ocrx_word' id='word_1_286' title='bbox 3055 1281 3328 1352; x_wconf 87' lang='lat' dir='ltr'>recipere.</span> <span class='ocrx_word' id='word_1_287' title='bbox 3353 1281 3491 1344; x_wconf 78' lang='lat' dir='ltr'>Quae</span> 
     </span>
    </p>
   </div>
   <div class='ocr_carea' id='block_1_43' title="bbox 1845 1367 3490 1440">
    <p class='ocr_par' dir='ltr' id='par_1_43' title="bbox 1845 1367 3490 1440">
     <span class='ocr_line' id='line_1_43' title="bbox 1845 1367 3490 1440; baseline 0.002 -16"><span class='ocrx_word' id='word_1_288' title='bbox 1845 1369 2067 1424; x_wconf 88' lang='lat' dir='ltr'>sanitas</span> <span class='ocrx_word' id='word_1_289' title='bbox 2120 1372 2252 1440; x_wconf 88' lang='lat' dir='ltr'>post</span> <span class='ocrx_word' id='word_1_290' title='bbox 2279 1368 2491 1422; x_wconf 84' lang='lat' dir='ltr'>vulnus</span> <span class='ocrx_word' id='word_1_291' title='bbox 2521 1375 2716 1422; x_wconf 82' lang='lat' dir='ltr'>secula</span> <span class='ocrx_word' id='word_1_292' title='bbox 2757 1367 2881 1422; x_wconf 90' lang='lat' dir='ltr'>sine</span> <span class='ocrx_word' id='word_1_293' title='bbox 2913 1368 3175 1424; x_wconf 87' lang='lat' dir='ltr'>cicatrice</span> <span class='ocrx_word' id='word_1_294' title='bbox 3213 1385 3340 1425; x_wconf 89' lang='lat' dir='ltr'>esse</span> <span class='ocrx_word' id='word_1_295' title='bbox 3372 1388 3490 1427; x_wconf 89' lang='lat' dir='ltr'>non</span> 
     </span>
    </p>
   </div>
   <div class='ocr_carea' id='block_1_44' title="bbox 1845 1455 3490 1528">
    <p class='ocr_par' dir='ltr' id='par_1_44' title="bbox 1845 1455 3490 1528">
     <span class='ocr_line' id='line_1_44' title="bbox 1845 1455 3490 1528; baseline 0.003 -18"><span class='ocrx_word' id='word_1_296' title='bbox 1845 1456 2074 1528; x_wconf 83' lang='lat' dir='ltr'>poterit,</span> <span class='ocrx_word' id='word_1_297' title='bbox 2091 1462 2264 1528; x_wconf 87' lang='lat' dir='ltr'>atque</span> <span class='ocrx_word' id='word_1_298' title='bbox 2281 1457 2374 1510; x_wconf 89' lang='lat' dir='ltr'>ubi</span> <span class='ocrx_word' id='word_1_299' title='bbox 2393 1455 2738 1527; x_wconf 75' lang='lat' dir='ltr'>pcenitentiae</span> <span class='ocrx_word' id='word_1_300' title='bbox 2764 1456 3081 1512; x_wconf 85' lang='lat' dir='ltr'>remedium</span> <span class='ocrx_word' id='word_1_301' title='bbox 3096 1459 3490 1516; x_wconf 88' lang='lat' dir='ltr'>necessarium</span> 
     </span>
    </p>
   </div>
   <div class='ocr_carea' id='block_1_45' title="bbox 1845 1543 3492 1604">
    <p class='ocr_par' dir='ltr' id='par_1_45' title="bbox 1845 1543 3492 1604">
     <span class='ocr_line' id='line_1_45' title="bbox 1845 1543 3492 1604; baseline 0.003 -4"><span class='ocrx_word' id='word_1_302' title='bbox 1845 1550 1932 1600; x_wconf 91' lang='lat' dir='ltr'>est</span> <span class='ocrx_word' id='word_1_303' title='bbox 1961 1545 2080 1598; x_wconf 92' lang='lat' dir='ltr'>illic</span> <span class='ocrx_word' id='word_1_304' title='bbox 2117 1545 2504 1600; x_wconf 89' lang='lat' dir='ltr'>ordinationis</span> <span class='ocrx_word' id='word_1_305' title='bbox 2557 1545 2834 1599; x_wconf 88' lang='lat' dir='ltr'>honorem</span> <span class='ocrx_word' id='word_1_306' title='bbox 2871 1543 3063 1599; x_wconf 89' lang='lat' dir='ltr'>locum</span> <span class='ocrx_word' id='word_1_307' title='bbox 3107 1545 3320 1603; x_wconf 87' lang='lat' dir='ltr'>habere</span> <span class='ocrx_word' id='word_1_308' title='bbox 3377 1567 3492 1604; x_wconf 89' lang='lat' dir='ltr'>non</span> 
     </span>
    </p>
   </div>
   <div class='ocr_carea' id='block_1_46' title="bbox 1846 1632 3496 1708">
    <p class='ocr_par' dir='ltr' id='par_1_46' title="bbox 1846 1632 3496 1708">
     <span class='ocr_line' id='line_1_46' title="bbox 1846 1632 3496 1708; baseline 0.004 -21"><span class='ocrx_word' id='word_1_309' title='bbox 1846 1651 2036 1705; x_wconf 90' lang='lat' dir='ltr'>posse.</span> <span class='ocrx_word' id='word_1_310' title='bbox 2071 1633 2213 1688; x_wconf 90' lang='lat' dir='ltr'>Nam</span> <span class='ocrx_word' id='word_1_311' title='bbox 2242 1633 2396 1687; x_wconf 89' lang='lat' dir='ltr'>sicut</span> <span class='ocrx_word' id='word_1_312' title='bbox 2427 1633 2644 1704; x_wconf 83' lang='lat' dir='ltr'>legitur</span> <span class='ocrx_word' id='word_1_313' title='bbox 2671 1650 2684 1688; x_wconf 88' lang='lat'><strong>:</strong></span> <span class='ocrx_word' id='word_1_314' title='bbox 2717 1655 2745 1684; x_wconf 88' lang='grc'>‹‹</span> <span class='ocrx_word' id='word_1_315' title='bbox 2778 1632 3072 1705; x_wconf 88' lang='lat' dir='ltr'>Quidquid</span> <span class='ocrx_word' id='word_1_316' title='bbox 3103 1635 3358 1708; x_wconf 78' lang='lat' dir='ltr'>tetigerit</span> <span class='ocrx_word' id='word_1_317' title='bbox 3384 1639 3496 1694; x_wconf 89' lang='lat' dir='ltr'>im-</span> 
     </span>
    </p>
   </div>
   <div class='ocr_carea' id='block_1_47' title="bbox 1847 1721 3498 1799">
    <p class='ocr_par' dir='ltr' id='par_1_47' title="bbox 1847 1721 3498 1799">
     <span class='ocr_line' id='line_1_47' title="bbox 1847 1721 3498 1799; baseline -0.001 -24"><span class='ocrx_word' id='word_1_318' title='bbox 1847 1745 1873 1770; x_wconf 88' lang='grc'><em>‹‹</em></span> <span class='ocrx_word' id='word_1_319' title='bbox 1910 1722 2188 1787; x_wconf 87' lang='lat' dir='ltr'>mundus,</span> <span class='ocrx_word' id='word_1_320' title='bbox 2222 1721 2598 1776; x_wconf 88' lang='lat' dir='ltr'>immundum</span> <span class='ocrx_word' id='word_1_321' title='bbox 2628 1722 2738 1776; x_wconf 89' lang='lat' dir='ltr'>erit</span> <span class='ocrx_word' id='word_1_322' title='bbox 2769 1722 2953 1792; x_wconf 80' lang='lat' dir='ltr'>(Num.</span> <span class='ocrx_word' id='word_1_323' title='bbox 2989 1739 3103 1790; x_wconf 69' lang='lat' dir='ltr'>xxv,</span> <span class='ocrx_word' id='word_1_324' title='bbox 3135 1725 3254 1794; x_wconf 83' lang='lat'>22),</span> <span class='ocrx_word' id='word_1_325' title='bbox 3290 1748 3316 1774; x_wconf 82' lang='grc'><strong>››</strong></span> <span class='ocrx_word' id='word_1_326' title='bbox 3349 1743 3498 1799; x_wconf 81' lang='lat' dir='ltr'>quo-</span> 
     </span>
    </p>
   </div>
   <div class='ocr_carea' id='block_1_48' title="bbox 1847 1811 3496 1884">
    <p class='ocr_par' dir='ltr' id='par_1_48' title="bbox 1847 1811 3496 1884">
     <span class='ocr_line' id='line_1_48' title="bbox 1847 1811 3496 1884; baseline 0.005 -20"><span class='ocrx_word' id='word_1_327' title='bbox 1847 1812 2018 1865; x_wconf 88' lang='lat' dir='ltr'>modo</span> <span class='ocrx_word' id='word_1_328' title='bbox 2051 1811 2107 1864; x_wconf 91' lang='lat' dir='ltr'>id</span> <span class='ocrx_word' id='word_1_329' title='bbox 2131 1811 2180 1865; x_wconf 89' lang='lat' dir='ltr'>ei</span> <span class='ocrx_word' id='word_1_330' title='bbox 2201 1811 2508 1875; x_wconf 87' lang='lat' dir='ltr'>tribuetur,</span> <span class='ocrx_word' id='word_1_331' title='bbox 2533 1811 2688 1882; x_wconf 89' lang='lat' dir='ltr'>quod</span> <span class='ocrx_word' id='word_1_332' title='bbox 2714 1811 3008 1865; x_wconf 83' lang='lat' dir='ltr'>munditia</span> <span class='ocrx_word' id='word_1_333' title='bbox 3028 1828 3096 1866; x_wconf 89' lang='lat' dir='ltr'>ac</span> <span class='ocrx_word' id='word_1_334' title='bbox 3117 1813 3343 1884; x_wconf 82' lang='lat' dir='ltr'>paritas</span> <span class='ocrx_word' id='word_1_335' title='bbox 3361 1833 3496 1872; x_wconf 91' lang='lat' dir='ltr'>con-</span> 
     </span>
    </p>
   </div>
   <div class='ocr_carea' id='block_1_49' title="bbox 1847 1899 3496 1973">
    <p class='ocr_par' dir='ltr' id='par_1_49' title="bbox 1847 1899 3496 1973">
     <span class='ocr_line' id='line_1_49' title="bbox 1847 1899 3496 1973; baseline 0.005 -19"><span class='ocrx_word' id='word_1_336' title='bbox 1847 1899 2299 1970; x_wconf 86' lang='lat' dir='ltr'>suevitaecipere</span> <span class='ocrx_word' id='word_1_337' title='bbox 2319 1901 2346 1954; x_wconf 85' lang='lat'><strong><em>?</em></strong></span> <span class='ocrx_word' id='word_1_338' title='bbox 2368 1900 2466 1954; x_wconf 90' lang='lat' dir='ltr'>sed</span> <span class='ocrx_word' id='word_1_339' title='bbox 2487 1903 2722 1954; x_wconf 87' lang='lat' dir='ltr'>econtra</span> <span class='ocrx_word' id='word_1_340' title='bbox 2741 1899 3028 1954; x_wconf 87' lang='lat' dir='ltr'>asseritur</span> <span class='ocrx_word' id='word_1_341' title='bbox 3045 1915 3179 1955; x_wconf 88' lang='lat' dir='ltr'>eum</span> <span class='ocrx_word' id='word_1_342' title='bbox 3199 1903 3299 1973; x_wconf 91' lang='lat' dir='ltr'>qui</span> <span class='ocrx_word' id='word_1_343' title='bbox 3314 1903 3496 1962; x_wconf 90' lang='lat' dir='ltr'>hono-</span> 
     </span>
    </p>
   </div>
   <div class='ocr_carea' id='block_1_50' title="bbox 1851 1987 3495 2060">
    <p class='ocr_par' dir='ltr' id='par_1_50' title="bbox 1851 1987 3495 2060">
     <span class='ocr_line' id='line_1_50' title="bbox 1851 1987 3495 2060; baseline 0.005 -18"><span class='ocrx_word' id='word_1_344' title='bbox 1851 2005 1971 2042; x_wconf 90' lang='lat' dir='ltr'>rem</span> <span class='ocrx_word' id='word_1_345' title='bbox 1993 1987 2212 2056; x_wconf 83' lang='lat' dir='ltr'>amisit,</span> <span class='ocrx_word' id='word_1_346' title='bbox 2236 1987 2512 2043; x_wconf 89' lang='lat' dir='ltr'>honorem</span> <span class='ocrx_word' id='word_1_347' title='bbox 2538 1989 2674 2043; x_wconf 86' lang='lat' dir='ltr'>dare</span> <span class='ocrx_word' id='word_1_348' title='bbox 2698 2005 2811 2042; x_wconf 91' lang='lat' dir='ltr'>non</span> <span class='ocrx_word' id='word_1_349' title='bbox 2845 2005 3034 2060; x_wconf 88' lang='lat' dir='ltr'>posse,</span> <span class='ocrx_word' id='word_1_350' title='bbox 3062 2005 3165 2044; x_wconf 91' lang='lat' dir='ltr'>nec</span> <span class='ocrx_word' id='word_1_351' title='bbox 3188 1990 3356 2048; x_wconf 89' lang='lat' dir='ltr'>illum</span> <span class='ocrx_word' id='word_1_352' title='bbox 3389 1995 3495 2050; x_wconf 91' lang='lat' dir='ltr'>ali-</span> 
     </span>
    </p>
   </div>
   <div class='ocr_carea' id='block_1_51' title="bbox 1851 2075 3498 2155">
    <p class='ocr_par' dir='ltr' id='par_1_51' title="bbox 1851 2075 3498 2155">
     <span class='ocr_line' id='line_1_51' title="bbox 1851 2075 3498 2155; baseline 0.007 -27"><span class='ocrx_word' id='word_1_353' title='bbox 1851 2076 1988 2148; x_wconf 85' lang='lat' dir='ltr'>quid</span> <span class='ocrx_word' id='word_1_354' title='bbox 2009 2077 2465 2148; x_wconf 80' lang='lat' dir='ltr'>accepisse,quia</span> <span class='ocrx_word' id='word_1_355' title='bbox 2487 2075 2628 2130; x_wconf 81' lang='lat' dir='ltr'>nihil</span> <span class='ocrx_word' id='word_1_356' title='bbox 2649 2077 2704 2131; x_wconf 89' lang='lat' dir='ltr'>in</span> <span class='ocrx_word' id='word_1_357' title='bbox 2727 2077 2902 2132; x_wconf 87' lang='lat' dir='ltr'>dante</span> <span class='ocrx_word' id='word_1_358' title='bbox 2925 2084 3048 2133; x_wconf 88' lang='lat' dir='ltr'>erat</span> <span class='ocrx_word' id='word_1_359' title='bbox 3070 2081 3224 2151; x_wconf 87' lang='lat' dir='ltr'>quod</span> <span class='ocrx_word' id='word_1_360' title='bbox 3249 2081 3345 2138; x_wconf 92' lang='lat' dir='ltr'>ille</span> <span class='ocrx_word' id='word_1_361' title='bbox 3369 2101 3498 2155; x_wconf 88' lang='lat' dir='ltr'>pos-</span> 
     </span>
    </p>
   </div>
   <div class='ocr_carea' id='block_1_52' title="bbox 1851 2165 3494 2240">
    <p class='ocr_par' dir='ltr' id='par_1_52' title="bbox 1851 2165 3494 2240">
     <span class='ocr_line' id='line_1_52' title="bbox 1851 2165 3494 2240; baseline 0.007 -22"><span class='ocrx_word' id='word_1_362' title='bbox 1851 2170 1939 2219; x_wconf 88' lang='lat' dir='ltr'>set</span> <span class='ocrx_word' id='word_1_363' title='bbox 1969 2165 2246 2235; x_wconf 79' lang='lat' dir='ltr'>accipore.</span> <span class='ocrx_word' id='word_1_364' title='bbox 2278 2169 2343 2218; x_wconf 80' lang='lat' dir='ltr'>Et</span> <span class='ocrx_word' id='word_1_365' title='bbox 2381 2183 2578 2220; x_wconf 86' lang='lat' dir='ltr'>verum</span> <span class='ocrx_word' id='word_1_366' title='bbox 2611 2171 2698 2220; x_wconf 87' lang='lat' dir='ltr'>est</span> <span class='ocrx_word' id='word_1_367' title='bbox 2729 2171 2878 2221; x_wconf 89' lang='lat' dir='ltr'>certe</span> <span class='ocrx_word' id='word_1_368' title='bbox 2903 2167 3042 2238; x_wconf 86' lang='lat' dir='ltr'>quia</span> <span class='ocrx_word' id='word_1_369' title='bbox 3073 2171 3226 2240; x_wconf 92' lang='lat' dir='ltr'>quod</span> <span class='ocrx_word' id='word_1_370' title='bbox 3258 2189 3372 2226; x_wconf 89' lang='lat' dir='ltr'>non</span> <span class='ocrx_word' id='word_1_371' title='bbox 3391 2173 3494 2229; x_wconf 89' lang='lat' dir='ltr'>ha-</span> 
     </span>
    </p>
   </div>
   <div class='ocr_carea' id='block_1_53' title="bbox 1851 2253 3495 2332">
    <p class='ocr_par' dir='ltr' id='par_1_53' title="bbox 1851 2253 3495 2332">
     <span class='ocr_line' id='line_1_53' title="bbox 1851 2253 3495 2332; baseline 0.007 -26"><span class='ocrx_word' id='word_1_372' title='bbox 1851 2253 1997 2319; x_wconf 90' lang='lat' dir='ltr'>buit,</span> <span class='ocrx_word' id='word_1_373' title='bbox 2029 2254 2165 2308; x_wconf 88' lang='lat' dir='ltr'>dare</span> <span class='ocrx_word' id='word_1_374' title='bbox 2198 2272 2310 2307; x_wconf 89' lang='lat' dir='ltr'>non</span> <span class='ocrx_word' id='word_1_375' title='bbox 2347 2255 2552 2324; x_wconf 83' lang='lat' dir='ltr'>potuit.</span> <span class='ocrx_word' id='word_1_376' title='bbox 2589 2253 3033 2310; x_wconf 86' lang='lat' dir='ltr'>Damnationem</span> <span class='ocrx_word' id='word_1_377' title='bbox 3069 2259 3268 2330; x_wconf 86' lang='lat' dir='ltr'>utique</span> <span class='ocrx_word' id='word_1_378' title='bbox 3317 2278 3495 2332; x_wconf 87' lang='lat' dir='ltr'>quam</span> 
     </span>
    </p>
   </div>
   <div class='ocr_carea' id='block_1_54' title="bbox 1853 2341 3504 2414">
    <p class='ocr_par' dir='ltr' id='par_1_54' title="bbox 1853 2341 3504 2414">
     <span class='ocr_line' id='line_1_54' title="bbox 1853 2341 3504 2414; baseline 0.007 -19"><span class='ocrx_word' id='word_1_379' title='bbox 1853 2341 2059 2396; x_wconf 85' lang='lat' dir='ltr'>habuit</span> <span class='ocrx_word' id='word_1_380' title='bbox 2091 2360 2192 2414; x_wconf 87' lang='lat' dir='ltr'>per</span> <span class='ocrx_word' id='word_1_381' title='bbox 2221 2360 2457 2414; x_wconf 77' lang='lat' dir='ltr'>pravaxn</span> <span class='ocrx_word' id='word_1_382' title='bbox 2500 2359 2711 2397; x_wconf 86' lang='lat' dir='ltr'>manus</span> <span class='ocrx_word' id='word_1_383' title='bbox 2741 2343 3174 2414; x_wconf 88' lang='lat' dir='ltr'>impositionem</span> <span class='ocrx_word' id='word_1_384' title='bbox 3220 2349 3398 2404; x_wconf 88' lang='lat' dir='ltr'>dedit.</span> <span class='ocrx_word' id='word_1_385' title='bbox 3432 2352 3504 2406; x_wconf 88' lang='lat' dir='ltr'>Et</span> 
     </span>
    </p>
   </div>
   <div class='ocr_carea' id='block_1_55' title="bbox 1853 2430 3507 2504">
    <p class='ocr_par' dir='ltr' id='par_1_55' title="bbox 1853 2430 3507 2504">
     <span class='ocr_line' id='line_1_55' title="bbox 1853 2430 3507 2504; baseline 0.007 -20"><span class='ocrx_word' id='word_1_386' title='bbox 1853 2431 1953 2502; x_wconf 87' lang='lat' dir='ltr'>qui</span> <span class='ocrx_word' id='word_1_387' title='bbox 1987 2430 2275 2502; x_wconf 84' lang='lat' dir='ltr'>particeps</span> <span class='ocrx_word' id='word_1_388' title='bbox 2307 2431 2494 2485; x_wconf 86' lang='lat' dir='ltr'>factus</span> <span class='ocrx_word' id='word_1_389' title='bbox 2525 2436 2615 2486; x_wconf 87' lang='lat' dir='ltr'>est</span> <span class='ocrx_word' id='word_1_390' title='bbox 2645 2433 2943 2496; x_wconf 86' lang='lat' dir='ltr'>damnato,</span> <span class='ocrx_word' id='word_1_391' title='bbox 2991 2437 3282 2504; x_wconf 90' lang='lat' dir='ltr'>quomodo</span> <span class='ocrx_word' id='word_1_392' title='bbox 3329 2438 3507 2496; x_wconf 93' lang='lat' dir='ltr'>habet</span> 
     </span>
    </p>
   </div>
   <div class='ocr_carea' id='block_1_56' title="bbox 1854 2519 3226 2592">
    <p class='ocr_par' dir='ltr' id='par_1_56' title="bbox 1854 2519 3226 2592">
     <span class='ocr_line' id='line_1_56' title="bbox 1854 2519 3226 2592; baseline 0.001 -19"><span class='ocrx_word' id='word_1_393' title='bbox 1854 2519 2132 2573; x_wconf 84' lang='lat' dir='ltr'>honorem</span> <span class='ocrx_word' id='word_1_394' title='bbox 2169 2520 2432 2590; x_wconf 88' lang='lat' dir='ltr'>accipere</span> <span class='ocrx_word' id='word_1_395' title='bbox 2462 2519 2718 2574; x_wconf 89' lang='lat' dir='ltr'>invenire</span> <span class='ocrx_word' id='word_1_396' title='bbox 2752 2538 2862 2575; x_wconf 90' lang='lat' dir='ltr'>non</span> <span class='ocrx_word' id='word_1_397' title='bbox 2898 2538 3162 2592; x_wconf 90' lang='lat' dir='ltr'>possum.</span> <span class='ocrx_word' id='word_1_398' title='bbox 3201 2551 3226 2574; x_wconf 76' lang='grc' dir='ltr'><strong>υ</strong></span> 
     </span>
    </p>
   </div>
   <div class='ocr_carea' id='block_1_57' title="bbox 1925 2607 3502 2685">
    <p class='ocr_par' dir='ltr' id='par_1_57' title="bbox 1925 2607 3502 2685">
     <span class='ocr_line' id='line_1_57' title="bbox 1925 2607 3502 2685; baseline 0.007 -23"><span class='ocrx_word' id='word_1_399' title='bbox 1925 2608 2069 2662; x_wconf 89' lang='lat' dir='ltr'>Hinc</span> <span class='ocrx_word' id='word_1_400' title='bbox 2095 2609 2214 2678; x_wconf 85' lang='lat' dir='ltr'>jam</span> <span class='ocrx_word' id='word_1_401' title='bbox 2240 2625 2272 2662; x_wconf 93' lang='lat' dir='ltr'>a</span> <span class='ocrx_word' id='word_1_402' title='bbox 2295 2607 2645 2664; x_wconf 88' lang='lat' dir='ltr'>Simoniacis</span> <span class='ocrx_word' id='word_1_403' title='bbox 2672 2609 2922 2664; x_wconf 83' lang='lat' dir='ltr'>ordinati</span> <span class='ocrx_word' id='word_1_404' title='bbox 2943 2611 3218 2683; x_wconf 91' lang='lat' dir='ltr'>evigilent</span> <span class='ocrx_word' id='word_1_405' title='bbox 3245 2617 3502 2685; x_wconf 89' lang='lat' dir='ltr'>tandem,</span> 
     </span>
    </p>
   </div>
   <div class='ocr_carea' id='block_1_58' title="bbox 1852 2696 3505 2776">
    <p class='ocr_par' dir='ltr' id='par_1_58' title="bbox 1852 2696 3505 2776">
     <span class='ocr_line' id='line_1_58' title="bbox 1852 2696 3505 2776; baseline 0.005 -24"><span class='ocrx_word' id='word_1_406' title='bbox 1852 2701 1907 2752; x_wconf 87' lang='lat' dir='ltr'>et</span> <span class='ocrx_word' id='word_1_407' title='bbox 1941 2703 2096 2752; x_wconf 81' lang='lat' dir='ltr'>tanto</span> <span class='ocrx_word' id='word_1_408' title='bbox 2120 2697 2337 2751; x_wconf 89' lang='lat' dir='ltr'>tonitru</span> <span class='ocrx_word' id='word_1_409' title='bbox 2373 2702 2649 2768; x_wconf 88' lang='lat' dir='ltr'>tantoque</span> <span class='ocrx_word' id='word_1_410' title='bbox 2681 2696 2927 2753; x_wconf 82' lang='lat' dir='ltr'>fulmine</span> <span class='ocrx_word' id='word_1_411' title='bbox 2955 2704 3072 2756; x_wconf 89' lang='lat' dir='ltr'>tam</span> <span class='ocrx_word' id='word_1_412' title='bbox 3106 2703 3321 2776; x_wconf 87' lang='lat' dir='ltr'>egregii</span> <span class='ocrx_word' id='word_1_413' title='bbox 3353 2705 3505 2762; x_wconf 88' lang='lat' dir='ltr'>inter</span> 
     </span>
    </p>
   </div>
   <div class='ocr_carea' id='block_1_59' title="bbox 1852 2785 3501 2865">
    <p class='ocr_par' dir='ltr' id='par_1_59' title="bbox 1852 2785 3501 2865">
     <span class='ocr_line' id='line_1_59' title="bbox 1852 2785 3501 2865; baseline 0.005 -25"><span class='ocrx_word' id='word_1_414' title='bbox 1852 2785 2114 2856; x_wconf 87' lang='lat' dir='ltr'>egregios</span> <span class='ocrx_word' id='word_1_415' title='bbox 2146 2785 2452 2857; x_wconf 80' lang='lat' dir='ltr'>pontifices</span> <span class='ocrx_word' id='word_1_416' title='bbox 2484 2785 2677 2840; x_wconf 90' lang='lat' dir='ltr'>subito</span> <span class='ocrx_word' id='word_1_417' title='bbox 2709 2787 2928 2841; x_wconf 87' lang='lat' dir='ltr'>turbati</span> <span class='ocrx_word' id='word_1_418' title='bbox 2973 2793 3032 2843; x_wconf 88' lang='lat' dir='ltr'>et</span> <span class='ocrx_word' id='word_1_419' title='bbox 3078 2791 3324 2859; x_wconf 85' lang='lat' dir='ltr'>confusi,</span> <span class='ocrx_word' id='word_1_420' title='bbox 3359 2794 3501 2865; x_wconf 89' lang='lat' dir='ltr'>quid</span> 
     </span>
    </p>
   </div>
   <div class='ocr_carea' id='block_1_60' title="bbox 1853 2873 3501 2946">
    <p class='ocr_par' dir='ltr' id='par_1_60' title="bbox 1853 2873 3501 2946">
     <span class='ocr_line' id='line_1_60' title="bbox 1853 2873 3501 2946; baseline 0.006 -18"><span class='ocrx_word' id='word_1_421' title='bbox 1853 2875 1924 2928; x_wconf 89' lang='lat' dir='ltr'>ab</span> <span class='ocrx_word' id='word_1_422' title='bbox 1956 2873 2390 2928; x_wconf 87' lang='lat' dir='ltr'>ordinatoribus</span> <span class='ocrx_word' id='word_1_423' title='bbox 2423 2873 2548 2929; x_wconf 89' lang='lat' dir='ltr'>suis</span> <span class='ocrx_word' id='word_1_424' title='bbox 2576 2874 2903 2946; x_wconf 87' lang='lat' dir='ltr'>acceperint</span> <span class='ocrx_word' id='word_1_425' title='bbox 2939 2877 3145 2933; x_wconf 85' lang='lat' dir='ltr'>saltem</span> <span class='ocrx_word' id='word_1_426' title='bbox 3177 2896 3306 2936; x_wconf 90' lang='lat' dir='ltr'>sero</span> <span class='ocrx_word' id='word_1_427' title='bbox 3337 2898 3501 2938; x_wconf 89' lang='lat' dir='ltr'>reco-</span> 
     </span>
    </p>
   </div>
   <div class='ocr_carea' id='block_1_61' title="bbox 1855 2963 3505 3034">
    <p class='ocr_par' dir='ltr' id='par_1_61' title="bbox 1855 2963 3505 3034">
     <span class='ocr_line' id='line_1_61' title="bbox 1855 2963 3505 3034; baseline 0.006 -18"><span class='ocrx_word' id='word_1_428' title='bbox 1855 2967 2156 3034; x_wconf 86' lang='lat' dir='ltr'>gnoscant,</span> <span class='ocrx_word' id='word_1_429' title='bbox 2185 2966 2287 3016; x_wconf 90' lang='lat' dir='ltr'>aut</span> <span class='ocrx_word' id='word_1_430' title='bbox 2314 2963 2678 3018; x_wconf 84' lang='lat' dir='ltr'>Simoniacos</span> <span class='ocrx_word' id='word_1_431' title='bbox 2709 2980 2814 3018; x_wconf 89' lang='lat' dir='ltr'>nec</span> <span class='ocrx_word' id='word_1_432' title='bbox 2846 2980 2975 3020; x_wconf 86' lang='lat' dir='ltr'>esse</span> <span class='ocrx_word' id='word_1_433' title='bbox 3005 2983 3109 3022; x_wconf 89' lang='lat' dir='ltr'>nec</span> <span class='ocrx_word' id='word_1_434' title='bbox 3150 2969 3262 3024; x_wconf 91' lang='lat' dir='ltr'>dici</span> <span class='ocrx_word' id='word_1_435' title='bbox 3293 2970 3505 3026; x_wconf 89' lang='lat' dir='ltr'>debere</span> 
     </span>
    </p>
   </div>
   <div class='ocr_carea' id='block_1_62' title="bbox 1857 3050 3507 3122">
    <p class='ocr_par' dir='ltr' id='par_1_62' title="bbox 1857 3050 3507 3122">
     <span class='ocr_line' id='line_1_62' title="bbox 1857 3050 3507 3122; baseline 0.007 -17"><span class='ocrx_word' id='word_1_436' title='bbox 1857 3051 2178 3120; x_wconf 71' lang='lat' dir='ltr'>hzereticos,</span> <span class='ocrx_word' id='word_1_437' title='bbox 2213 3051 2260 3106; x_wconf 90' lang='lat' dir='ltr'>si</span> <span class='ocrx_word' id='word_1_438' title='bbox 2294 3055 2532 3122; x_wconf 89' lang='lat' dir='ltr'>possent</span> <span class='ocrx_word' id='word_1_439' title='bbox 2556 3050 2643 3106; x_wconf 86' lang='lat' dir='ltr'>vel</span> <span class='ocrx_word' id='word_1_440' title='bbox 2675 3053 2914 3120; x_wconf 86' lang='lat' dir='ltr'>audent,</span> <span class='ocrx_word' id='word_1_441' title='bbox 2947 3057 3372 3114; x_wconf 84' lang='lat' dir='ltr'>rationabiliter</span> <span class='ocrx_word' id='word_1_442' title='bbox 3401 3077 3507 3116; x_wconf 91' lang='lat' dir='ltr'>nos</span> 
     </span>
    </p>
   </div>
   <div class='ocr_carea' id='block_1_63' title="bbox 1858 3141 2161 3196">
    <p class='ocr_par' dir='ltr' id='par_1_63' title="bbox 1858 3141 2161 3196">
     <span class='ocr_line' id='line_1_63' title="bbox 1858 3141 2161 3196; baseline -0.007 0"><span class='ocrx_word' id='word_1_443' title='bbox 1858 3141 2161 3196; x_wconf 85' lang='lat' dir='ltr'>edoceant.</span> 
     </span>
    </p>
   </div>
   <div class='ocr_carea' id='block_1_64' title="bbox 1931 3228 3506 3304">
    <p class='ocr_par' dir='ltr' id='par_1_64' title="bbox 1931 3228 3506 3304">
     <span class='ocr_line' id='line_1_64' title="bbox 1931 3228 3506 3304; baseline 0.006 -21"><span class='ocrx_word' id='word_1_444' title='bbox 1931 3229 2149 3300; x_wconf 74' lang='lat' dir='ltr'>Nempe</span> <span class='ocrx_word' id='word_1_445' title='bbox 2197 3229 2268 3283; x_wconf 89' lang='lat' dir='ltr'>ab</span> <span class='ocrx_word' id='word_1_446' title='bbox 2313 3228 2598 3285; x_wconf 79' lang='lat' dir='ltr'>hzereticis</span> <span class='ocrx_word' id='word_1_447' title='bbox 2639 3230 2891 3286; x_wconf 75' lang='lat' dir='ltr'>ordinati</span> <span class='ocrx_word' id='word_1_448' title='bbox 2950 3235 3055 3304; x_wconf 84' lang='lat' dir='ltr'>per</span> <span class='ocrx_word' id='word_1_449' title='bbox 3099 3233 3258 3290; x_wconf 88' lang='lat' dir='ltr'>illam</span> <span class='ocrx_word' id='word_1_450' title='bbox 3294 3253 3506 3292; x_wconf 89' lang='lat' dir='ltr'>manus</span> 
     </span>
    </p>
   </div>
   <div class='ocr_carea' id='block_1_65' title="bbox 89 3306 3498 3396">
    <p class='ocr_par' dir='ltr' id='par_1_65' title="bbox 89 3306 3498 3396">
     <span class='ocr_line' id='line_1_65' title="bbox 89 3306 3498 3396; baseline 0 -16"><span class='ocrx_word' id='word_1_451' title='bbox 89 3330 287 3380; x_wconf 88' lang='lat' dir='ltr'>tamen</span> <span class='ocrx_word' id='word_1_452' title='bbox 313 3322 424 3394; x_wconf 89' lang='lat' dir='ltr'>ipsi</span> <span class='ocrx_word' id='word_1_453' title='bbox 451 3320 609 3390; x_wconf 86' lang='lat' dir='ltr'>digni</span> <span class='ocrx_word' id='word_1_454' title='bbox 635 3317 1253 3390; x_wconf 86' lang='lat' dir='ltr'>etirreprebensibiles</span> <span class='ocrx_word' id='word_1_455' title='bbox 1277 3315 1747 3388; x_wconf 88' lang='lat' dir='ltr'>apparuerint,et</span> <span class='ocrx_word' id='word_1_456' title='bbox 1779 3306 1822 3372; x_wconf 88' lang='lat' dir='ltr'>C</span> <span class='ocrx_word' id='word_1_457' title='bbox 1862 3316 2296 3388; x_wconf 88' lang='lat' dir='ltr'>impositionem</span> <span class='ocrx_word' id='word_1_458' title='bbox 2354 3317 2714 3373; x_wconf 80' lang='lat' dir='ltr'>vulneratam</span> <span class='ocrx_word' id='word_1_459' title='bbox 2767 3319 2980 3376; x_wconf 87' lang='lat' dir='ltr'>habere</span> <span class='ocrx_word' id='word_1_460' title='bbox 3038 3323 3246 3378; x_wconf 84' lang='lat' dir='ltr'>docent</span> <span class='ocrx_word' id='word_1_461' title='bbox 3300 3331 3498 3396; x_wconf 88' lang='lat' dir='ltr'>caput,</span> 
     </span>
    </p>
   </div>
   <div class='ocr_carea' id='block_1_66' title="bbox 90 3403 1753 3479">
    <p class='ocr_par' dir='ltr' id='par_1_66' title="bbox 90 3403 1753 3479">
     <span class='ocr_line' id='line_1_66' title="bbox 90 3403 1753 3479; baseline -0.007 -11"><span class='ocrx_word' id='word_1_462' title='bbox 90 3415 320 3468; x_wconf 89' lang='lat' dir='ltr'>actibus</span> <span class='ocrx_word' id='word_1_463' title='bbox 347 3409 655 3466; x_wconf 83' lang='lat' dir='ltr'>docuerint</span> <span class='ocrx_word' id='word_1_464' title='bbox 683 3406 950 3479; x_wconf 87' lang='lat' dir='ltr'>publicis,</span> <span class='ocrx_word' id='word_1_465' title='bbox 969 3405 1124 3460; x_wconf 90' lang='lat' dir='ltr'>omni</span> <span class='ocrx_word' id='word_1_466' title='bbox 1161 3421 1222 3460; x_wconf 88' lang='lat' dir='ltr'>se</span> <span class='ocrx_word' id='word_1_467' title='bbox 1244 3422 1439 3460; x_wconf 87' lang='lat' dir='ltr'>carere</span> <span class='ocrx_word' id='word_1_468' title='bbox 1459 3403 1753 3475; x_wconf 86' lang='lat' dir='ltr'>suspicio-</span> 
     </span>
    </p>
   </div>
   <div class='ocr_carea' id='block_1_67' title="bbox 97 3493 1752 3568">
    <p class='ocr_par' dir='ltr' id='par_1_67' title="bbox 97 3493 1752 3568">
     <span class='ocr_line' id='line_1_67' title="bbox 97 3493 1752 3568; baseline -0.007 -9"><span class='ocrx_word' id='word_1_469' title='bbox 97 3520 168 3558; x_wconf 92' lang='lat' dir='ltr'>ne</span> <span class='ocrx_word' id='word_1_470' title='bbox 183 3507 239 3558; x_wconf 91' lang='lat' dir='ltr'>et</span> <span class='ocrx_word' id='word_1_471' title='bbox 259 3498 651 3562; x_wconf 88' lang='lat' dir='ltr'>inimicitia,ct</span> <span class='ocrx_word' id='word_1_472' title='bbox 669 3493 1235 3568; x_wconf 87' lang='lat' dir='ltr'>irreprehensibilem</span> <span class='ocrx_word' id='word_1_473' title='bbox 1251 3495 1422 3549; x_wconf 87' lang='lat' dir='ltr'>ﬁdem</span> <span class='ocrx_word' id='word_1_474' title='bbox 1448 3509 1752 3548; x_wconf 85' lang='lat' dir='ltr'>conversa-</span> 
     </span>
    </p>
   </div>
   <div class='ocr_carea' id='block_1_68' title="bbox 95 3581 1750 3662">
    <p class='ocr_par' dir='ltr' id='par_1_68' title="bbox 95 3581 1750 3662">
     <span class='ocr_line' id='line_1_68' title="bbox 95 3581 1750 3662; baseline -0.007 -17"><span class='ocrx_word' id='word_1_475' title='bbox 95 3593 441 3662; x_wconf 88' lang='lat' dir='ltr'>tionemque</span> <span class='ocrx_word' id='word_1_476' title='bbox 459 3588 690 3642; x_wconf 80' lang='lat' dir='ltr'>ducere.</span> <span class='ocrx_word' id='word_1_477' title='bbox 716 3585 942 3640; x_wconf 82' lang='lat' dir='ltr'>Nemini</span> <span class='ocrx_word' id='word_1_478' title='bbox 961 3583 1115 3638; x_wconf 89' lang='lat' dir='ltr'>enim</span> <span class='ocrx_word' id='word_1_479' title='bbox 1133 3584 1202 3638; x_wconf 92' lang='lat' dir='ltr'>de</span> <span class='ocrx_word' id='word_1_480' title='bbox 1224 3601 1285 3638; x_wconf 90' lang='lat' dir='ltr'><strong>se</strong></span> <span class='ocrx_word' id='word_1_481' title='bbox 1303 3583 1566 3638; x_wconf 84' lang='lat' dir='ltr'>confesso</span> <span class='ocrx_word' id='word_1_482' title='bbox 1594 3581 1750 3636; x_wconf 91' lang='lat' dir='ltr'>credi</span> 
     </span>
    </p>
   </div>
   <div class='ocr_carea' id='block_1_69' title="bbox 94 3670 1750 3752">
    <p class='ocr_par' dir='ltr' id='par_1_69' title="bbox 94 3670 1750 3752">
     <span class='ocr_line' id='line_1_69' title="bbox 94 3670 1750 3752; baseline -0.006 -16"><span class='ocrx_word' id='word_1_483' title='bbox 94 3684 291 3752; x_wconf 87' lang='lat' dir='ltr'>potest</span> <span class='ocrx_word' id='word_1_484' title='bbox 313 3693 497 3749; x_wconf 91' lang='lat' dir='ltr'>super</span> <span class='ocrx_word' id='word_1_485' title='bbox 517 3675 736 3731; x_wconf 89' lang='lat' dir='ltr'>crimen</span> <span class='ocrx_word' id='word_1_486' title='bbox 760 3673 1036 3738; x_wconf 89' lang='lat' dir='ltr'>alienum,</span> <span class='ocrx_word' id='word_1_487' title='bbox 1069 3689 1244 3743; x_wconf 87' lang='lat' dir='ltr'>quam</span> <span class='ocrx_word' id='word_1_488' title='bbox 1269 3672 1417 3742; x_wconf 80' lang='lat' dir='ltr'>ejus,</span> <span class='ocrx_word' id='word_1_489' title='bbox 1441 3670 1750 3742; x_wconf 89' lang='lat' dir='ltr'>omnisque</span> 
     </span>
    </p>
   </div>
   <div class='ocr_carea' id='block_1_70' title="bbox 95 3759 1746 3842">
    <p class='ocr_par' dir='ltr' id='par_1_70' title="bbox 95 3759 1746 3842">
     <span class='ocr_line' id='line_1_70' title="bbox 95 3759 1746 3842; baseline -0.007 -18"><span class='ocrx_word' id='word_1_490' title='bbox 95 3771 175 3824; x_wconf 90' lang='lat' dir='ltr'>rei</span> <span class='ocrx_word' id='word_1_491' title='bbox 211 3765 500 3842; x_wconf 76' lang='lat' dir='ltr'>professio</span> <span class='ocrx_word' id='word_1_492' title='bbox 535 3762 857 3836; x_wconf 87' lang='lat' dir='ltr'>periculosa</span> <span class='ocrx_word' id='word_1_493' title='bbox 887 3766 992 3827; x_wconf 90' lang='lat' dir='ltr'>est,</span> <span class='ocrx_word' id='word_1_494' title='bbox 1017 3766 1074 3816; x_wconf 90' lang='lat' dir='ltr'>et</span> <span class='ocrx_word' id='word_1_495' title='bbox 1095 3759 1323 3816; x_wconf 89' lang='lat' dir='ltr'>admitti</span> <span class='ocrx_word' id='word_1_496' title='bbox 1345 3777 1460 3814; x_wconf 86' lang='lat' dir='ltr'>non</span> <span class='ocrx_word' id='word_1_497' title='bbox 1491 3760 1684 3815; x_wconf 89' lang='lat' dir='ltr'>debet.</span> <span class='ocrx_word' id='word_1_498' title='bbox 1720 3781 1746 3808; x_wconf 74' lang='grc' dir='ltr'><strong>ιι</strong></span> 
     </span>
    </p>
   </div>
   <div class='ocr_carea' id='block_1_71' title="bbox 165 3849 1745 3922">
    <p class='ocr_par' dir='ltr' id='par_1_71' title="bbox 165 3849 1745 3922">
     <span class='ocr_line' id='line_1_71' title="bbox 165 3849 1745 3922; baseline -0.006 -9"><span class='ocrx_word' id='word_1_499' title='bbox 165 3862 252 3914; x_wconf 69' lang='grc' dir='ltr'>ΕΙ)</span> <span class='ocrx_word' id='word_1_500' title='bbox 309 3855 543 3910; x_wconf 82' lang='lat' dir='ltr'>decretis</span> <span class='ocrx_word' id='word_1_501' title='bbox 591 3867 796 3922; x_wconf 85' lang='lat' dir='ltr'>quoque</span> <span class='ocrx_word' id='word_1_502' title='bbox 849 3850 972 3904; x_wconf 85' lang='lat' dir='ltr'>Gaii</span> <span class='ocrx_word' id='word_1_503' title='bbox 1020 3865 1184 3921; x_wconf 62' lang='lat' dir='ltr'>papzc</span> <span class='ocrx_word' id='word_1_504' title='bbox 1243 3849 1410 3904; x_wconf 81' lang='lat' dir='ltr'>Felici</span> <span class='ocrx_word' id='word_1_505' title='bbox 1477 3851 1745 3920; x_wconf 82' lang='lat' dir='ltr'>episcopo.</span> 
     </span>
    </p>
   </div>
   <div class='ocr_carea' id='block_1_72' title="bbox 94 3937 1747 4014">
    <p class='ocr_par' dir='ltr' id='par_1_72' title="bbox 94 3937 1747 4014">
     <span class='ocr_line' id='line_1_72' title="bbox 94 3937 1747 4014; baseline -0.003 -18"><span class='ocrx_word' id='word_1_506' title='bbox 94 3970 120 3997; x_wconf 79' lang='grc' dir='ltr'>α</span> <span class='ocrx_word' id='word_1_507' title='bbox 157 3946 425 4002; x_wconf 90' lang='lat' dir='ltr'>Primum</span> <span class='ocrx_word' id='word_1_508' title='bbox 459 3941 697 4014; x_wconf 87' lang='lat' dir='ltr'>quidem</span> <span class='ocrx_word' id='word_1_509' title='bbox 730 3940 883 3994; x_wconf 89' lang='lat' dir='ltr'>scias</span> <span class='ocrx_word' id='word_1_510' title='bbox 914 3955 1173 4011; x_wconf 87' lang='lat' dir='ltr'>paganos</span> <span class='ocrx_word' id='word_1_511' title='bbox 1204 3941 1260 3993; x_wconf 87' lang='lat' dir='ltr'>et</span> <span class='ocrx_word' id='word_1_512' title='bbox 1299 3937 1600 3992; x_wconf 69' lang='lat' dir='ltr'>hmretices</span> <span class='ocrx_word' id='word_1_513' title='bbox 1632 3953 1747 3992; x_wconf 91' lang='lat' dir='ltr'>non</span> 
     </span>
    </p>
   </div>
   <div class='ocr_carea' id='block_1_73' title="bbox 89 4025 1746 4107">
    <p class='ocr_par' dir='ltr' id='par_1_73' title="bbox 89 4025 1746 4107">
     <span class='ocr_line' id='line_1_73' title="bbox 89 4025 1746 4107; baseline -0.006 -15"><span class='ocrx_word' id='word_1_514' title='bbox 89 4051 266 4107; x_wconf 89' lang='lat' dir='ltr'>posse</span> <span class='ocrx_word' id='word_1_515' title='bbox 291 4030 658 4089; x_wconf 87' lang='lat' dir='ltr'>Christianos</span> <span class='ocrx_word' id='word_1_516' title='bbox 683 4043 978 4093; x_wconf 87' lang='lat' dir='ltr'>accusare,</span> <span class='ocrx_word' id='word_1_517' title='bbox 1001 4031 1312 4084; x_wconf 88' lang='lat' dir='ltr'>autvocem</span> <span class='ocrx_word' id='word_1_518' title='bbox 1343 4025 1746 4082; x_wconf 85' lang='lat' dir='ltr'>infamationis</span> 
     </span>
    </p>
   </div>
   <div class='ocr_carea' id='block_1_74' title="bbox 90 4125 397 4181">
    <p class='ocr_par' dir='ltr' id='par_1_74' title="bbox 90 4125 397 4181">
     <span class='ocr_line' id='line_1_74' title="bbox 90 4125 397 4181; baseline -0.003 -1"><span class='ocrx_word' id='word_1_519' title='bbox 90 4125 328 4181; x_wconf 89' lang='lat' dir='ltr'>inferre.</span> <span class='ocrx_word' id='word_1_520' title='bbox 367 4143 397 4171; x_wconf 83' lang='lat'><strong><em>»</em></strong></span> 
     </span>
    </p>
   </div>
   <div class='ocr_carea' id='block_1_75' title="bbox 159 4203 1747 4280">
    <p class='ocr_par' dir='ltr' id='par_1_75' title="bbox 159 4203 1747 4280">
     <span class='ocr_line' id='line_1_75' title="bbox 159 4203 1747 4280; baseline -0.007 -9"><span class='ocrx_word' id='word_1_521' title='bbox 159 4213 264 4270; x_wconf 88' lang='lat' dir='ltr'>His</span> <span class='ocrx_word' id='word_1_522' title='bbox 296 4216 356 4268; x_wconf 90' lang='lat' dir='ltr'>et</span> <span class='ocrx_word' id='word_1_523' title='bbox 387 4207 740 4280; x_wconf 88' lang='lat' dir='ltr'>Hujusmodi</span> <span class='ocrx_word' id='word_1_524' title='bbox 769 4205 1186 4262; x_wconf 86' lang='lat' dir='ltr'>catholicorum</span> <span class='ocrx_word' id='word_1_525' title='bbox 1219 4205 1457 4261; x_wconf 85' lang='lat' dir='ltr'>Patrum</span> <span class='ocrx_word' id='word_1_526' title='bbox 1499 4203 1747 4260; x_wconf 84' lang='lat' dir='ltr'>decretis</span> 
     </span>
    </p>
   </div>
   <div class='ocr_carea' id='block_1_76' title="bbox 89 4293 1748 4368">
    <p class='ocr_par' dir='ltr' id='par_1_76' title="bbox 89 4293 1748 4368">
     <span class='ocr_line' id='line_1_76' title="bbox 89 4293 1748 4368; baseline -0.007 -7"><span class='ocrx_word' id='word_1_527' title='bbox 89 4308 146 4360; x_wconf 87' lang='lat' dir='ltr'>et</span> <span class='ocrx_word' id='word_1_528' title='bbox 175 4298 492 4360; x_wconf 90' lang='lat' dir='ltr'>sententiis</span> <span class='ocrx_word' id='word_1_529' title='bbox 523 4297 822 4353; x_wconf 89' lang='lat' dir='ltr'>evidenter</span> <span class='ocrx_word' id='word_1_530' title='bbox 850 4295 1189 4368; x_wconf 83' lang='lat' dir='ltr'>agnoscitur</span> <span class='ocrx_word' id='word_1_531' title='bbox 1217 4293 1504 4350; x_wconf 64' lang='lat' dir='ltr'>haereticis</span> <span class='ocrx_word' id='word_1_532' title='bbox 1536 4294 1748 4350; x_wconf 88' lang='lat' dir='ltr'>domus</span> 
     </span>
    </p>
   </div>
   <div class='ocr_carea' id='block_1_77' title="bbox 90 4383 1747 4464">
    <p class='ocr_par' dir='ltr' id='par_1_77' title="bbox 90 4383 1747 4464">
     <span class='ocr_line' id='line_1_77' title="bbox 90 4383 1747 4464; baseline -0.006 -16"><span class='ocrx_word' id='word_1_533' title='bbox 90 4392 188 4448; x_wconf 89' lang='lat' dir='ltr'>Dei</span> <span class='ocrx_word' id='word_1_534' title='bbox 220 4391 537 4464; x_wconf 89' lang='lat' dir='ltr'>ingressus</span> <span class='ocrx_word' id='word_1_535' title='bbox 574 4385 866 4456; x_wconf 88' lang='lat' dir='ltr'>interdici,</span> <span class='ocrx_word' id='word_1_536' title='bbox 914 4387 972 4440; x_wconf 90' lang='lat' dir='ltr'>et</span> <span class='ocrx_word' id='word_1_537' title='bbox 1001 4384 1072 4440; x_wconf 89' lang='lat' dir='ltr'>ab</span> <span class='ocrx_word' id='word_1_538' title='bbox 1116 4383 1277 4440; x_wconf 90' lang='lat' dir='ltr'>omni</span> <span class='ocrx_word' id='word_1_539' title='bbox 1325 4383 1747 4439; x_wconf 88' lang='lat' dir='ltr'>catholicorum</span> 
     </span>
    </p>
   </div>
   <div class='ocr_carea' id='block_1_78' title="bbox 87 4471 1747 4541">
    <p class='ocr_par' dir='ltr' id='par_1_78' title="bbox 87 4471 1747 4541">
     <span class='ocr_line' id='line_1_78' title="bbox 87 4471 1747 4541; baseline -0.008 -2"><span class='ocrx_word' id='word_1_540' title='bbox 87 4479 516 4538; x_wconf 86' lang='lat' dir='ltr'>communione</span> <span class='ocrx_word' id='word_1_541' title='bbox 537 4492 636 4532; x_wconf 89' lang='lat' dir='ltr'>eos</span> <span class='ocrx_word' id='word_1_542' title='bbox 658 4473 960 4541; x_wconf 88' lang='lat' dir='ltr'>removeri,</span> <span class='ocrx_word' id='word_1_543' title='bbox 984 4472 1205 4528; x_wconf 89' lang='lat' dir='ltr'>scilicet</span> <span class='ocrx_word' id='word_1_544' title='bbox 1233 4471 1577 4540; x_wconf 84' lang='lat' dir='ltr'>orationem,</span> <span class='ocrx_word' id='word_1_545' title='bbox 1611 4487 1747 4526; x_wconf 89' lang='lat' dir='ltr'>con-</span> 
     </span>
    </p>
   </div>
   <div class='ocr_carea' id='block_1_79' title="bbox 83 4559 1747 4638">
    <p class='ocr_par' dir='ltr' id='par_1_79' title="bbox 83 4559 1747 4638">
     <span class='ocr_line' id='line_1_79' title="bbox 83 4559 1747 4638; baseline -0.007 -12"><span class='ocrx_word' id='word_1_546' title='bbox 83 4570 403 4636; x_wconf 89' lang='lat' dir='ltr'>viviorum,</span> <span class='ocrx_word' id='word_1_547' title='bbox 440 4565 782 4638; x_wconf 87' lang='lat' dir='ltr'>nuptiarum</span> <span class='ocrx_word' id='word_1_548' title='bbox 804 4561 890 4618; x_wconf 90' lang='lat' dir='ltr'>vel</span> <span class='ocrx_word' id='word_1_549' title='bbox 913 4560 1443 4630; x_wconf 88' lang='lat' dir='ltr'>matrimoniorum,</span> <span class='ocrx_word' id='word_1_550' title='bbox 1462 4559 1549 4616; x_wconf 88' lang='lat' dir='ltr'>vel</span> <span class='ocrx_word' id='word_1_551' title='bbox 1564 4561 1747 4615; x_wconf 89' lang='lat' dir='ltr'>dona-</span> 
     </span>
    </p>
   </div>
   <div class='ocr_carea' id='block_1_80' title="bbox 1863 3405 3499 3476">
    <p class='ocr_par' dir='ltr' id='par_1_80' title="bbox 1863 3405 3499 3476">
     <span class='ocr_line' id='line_1_80' title="bbox 1863 3405 3499 3476; baseline 0.006 -17"><span class='ocrx_word' id='word_1_552' title='bbox 1863 3405 2041 3476; x_wconf 91' lang='lat' dir='ltr'>quia:</span> <span class='ocrx_word' id='word_1_553' title='bbox 2079 3428 2106 3453; x_wconf 85' lang='grc'>‹‹</span> <span class='ocrx_word' id='word_1_554' title='bbox 2139 3405 2431 3475; x_wconf 86' lang='lat' dir='ltr'>Quidquid</span> <span class='ocrx_word' id='word_1_555' title='bbox 2465 3406 2694 3476; x_wconf 87' lang='lat' dir='ltr'>etigerit</span> <span class='ocrx_word' id='word_1_556' title='bbox 2723 3407 3086 3476; x_wconf 86' lang='lat' dir='ltr'>immundus,</span> <span class='ocrx_word' id='word_1_557' title='bbox 3124 3410 3499 3468; x_wconf 90' lang='lat' dir='ltr'>immundum</span> 
     </span>
    </p>
   </div>
   <div class='ocr_carea' id='block_1_81' title="bbox 1861 3493 3500 3564">
    <p class='ocr_par' dir='ltr' id='par_1_81' title="bbox 1861 3493 3500 3564">
     <span class='ocr_line' id='line_1_81' title="bbox 1861 3493 3500 3564; baseline 0.005 -16"><span class='ocrx_word' id='word_1_558' title='bbox 1861 3493 1988 3548; x_wconf 88' lang='lat' dir='ltr'>erit.</span> <span class='ocrx_word' id='word_1_559' title='bbox 2013 3516 2040 3542; x_wconf 84' lang='grc'>››</span> <span class='ocrx_word' id='word_1_560' title='bbox 2075 3494 2309 3548; x_wconf 87' lang='lat' dir='ltr'>Constat</span> <span class='ocrx_word' id='word_1_561' title='bbox 2337 3509 2474 3564; x_wconf 88' lang='lat' dir='ltr'>ergo</span> <span class='ocrx_word' id='word_1_562' title='bbox 2503 3511 2734 3549; x_wconf 89' lang='lat' dir='ltr'>omnem</span> <span class='ocrx_word' id='word_1_563' title='bbox 2758 3493 3092 3552; x_wconf 66' lang='lat' dir='ltr'>haereticum</span> <span class='ocrx_word' id='word_1_564' title='bbox 3125 3497 3500 3557; x_wconf 89' lang='lat' dir='ltr'>immundum</span> 
     </span>
    </p>
   </div>
   <div class='ocr_carea' id='block_1_82' title="bbox 1859 3581 3502 3661">
    <p class='ocr_par' dir='ltr' id='par_1_82' title="bbox 1859 3581 3502 3661">
     <span class='ocr_line' id='line_1_82' title="bbox 1859 3581 3502 3661; baseline 0.005 -24"><span class='ocrx_word' id='word_1_565' title='bbox 1859 3599 2006 3638; x_wconf 87' lang='lat' dir='ltr'>esse.</span> <span class='ocrx_word' id='word_1_566' title='bbox 2040 3581 2332 3653; x_wconf 85' lang='lat' dir='ltr'>Quidquid</span> <span class='ocrx_word' id='word_1_567' title='bbox 2367 3583 2552 3655; x_wconf 86' lang='lat' dir='ltr'>tangit</span> <span class='ocrx_word' id='word_1_568' title='bbox 2575 3582 2773 3654; x_wconf 90' lang='lat' dir='ltr'>procul</span> <span class='ocrx_word' id='word_1_569' title='bbox 2798 3584 2975 3639; x_wconf 88' lang='lat' dir='ltr'>dubio</span> <span class='ocrx_word' id='word_1_570' title='bbox 3007 3585 3380 3644; x_wconf 88' lang='lat' dir='ltr'>immundum</span> <span class='ocrx_word' id='word_1_571' title='bbox 3415 3591 3502 3661; x_wconf 90' lang='lat' dir='ltr'>ﬁt,</span> 
     </span>
    </p>
   </div>
   <div class='ocr_carea' id='block_1_83' title="bbox 1859 3671 3179 3747">
    <p class='ocr_par' dir='ltr' id='par_1_83' title="bbox 1859 3671 3179 3747">
     <span class='ocr_line' id='line_1_83' title="bbox 1859 3671 3179 3747; baseline 0.003 -21"><span class='ocrx_word' id='word_1_572' title='bbox 1859 3672 2184 3726; x_wconf 90' lang='lat' dir='ltr'>secundum</span> <span class='ocrx_word' id='word_1_573' title='bbox 2216 3671 2433 3726; x_wconf 89' lang='lat' dir='ltr'>dictum</span> <span class='ocrx_word' id='word_1_574' title='bbox 2468 3671 2695 3727; x_wconf 91' lang='lat' dir='ltr'>Domini</span> <span class='ocrx_word' id='word_1_575' title='bbox 2727 3673 2785 3728; x_wconf 90' lang='lat' dir='ltr'>in</span> <span class='ocrx_word' id='word_1_576' title='bbox 2819 3672 2944 3746; x_wconf 86' lang='lat' dir='ltr'>lege</span> <span class='ocrx_word' id='word_1_577' title='bbox 2975 3675 3179 3747; x_wconf 80' lang='lat' dir='ltr'>Moysi.</span> 
     </span>
    </p>
   </div>
   <div class='ocr_carea' id='block_1_84' title="bbox 1929 3760 3500 3842">
    <p class='ocr_par' dir='ltr' id='par_1_84' title="bbox 1929 3760 3500 3842">
     <span class='ocr_line' id='line_1_84' title="bbox 1929 3760 3500 3842; baseline 0.007 -28"><span class='ocrx_word' id='word_1_578' title='bbox 1929 3761 2125 3832; x_wconf 84' lang='lat' dir='ltr'>Neque</span> <span class='ocrx_word' id='word_1_579' title='bbox 2141 3760 2295 3816; x_wconf 88' lang='lat' dir='ltr'>enim</span> <span class='ocrx_word' id='word_1_580' title='bbox 2319 3761 2390 3816; x_wconf 87' lang='lat' dir='ltr'>ab</span> <span class='ocrx_word' id='word_1_581' title='bbox 2415 3761 2719 3816; x_wconf 90' lang='lat' dir='ltr'>immundo</span> <span class='ocrx_word' id='word_1_582' title='bbox 2741 3761 3011 3818; x_wconf 82' lang='lat' dir='ltr'>haeretico</span> <span class='ocrx_word' id='word_1_583' title='bbox 3033 3765 3242 3836; x_wconf 89' lang='lat' dir='ltr'>potuit,</span> <span class='ocrx_word' id='word_1_584' title='bbox 3275 3772 3378 3824; x_wconf 87' lang='lat' dir='ltr'>aut</span> <span class='ocrx_word' id='word_1_585' title='bbox 3400 3786 3500 3842; x_wconf 90' lang='lat' dir='ltr'>po-</span> 
     </span>
    </p>
   </div>
   <div class='ocr_carea' id='block_1_85' title="bbox 1858 3849 3501 3927">
    <p class='ocr_par' dir='ltr' id='par_1_85' title="bbox 1858 3849 3501 3927">
     <span class='ocr_line' id='line_1_85' title="bbox 1858 3849 3501 3927; baseline 0.006 -23"><span class='ocrx_word' id='word_1_586' title='bbox 1858 3849 1994 3905; x_wconf 89' lang='lat' dir='ltr'>terit</span> <span class='ocrx_word' id='word_1_587' title='bbox 2026 3849 2202 3904; x_wconf 88' lang='lat' dir='ltr'>tribui</span> <span class='ocrx_word' id='word_1_588' title='bbox 2234 3850 2385 3921; x_wconf 90' lang='lat' dir='ltr'>quod</span> <span class='ocrx_word' id='word_1_589' title='bbox 2422 3851 2712 3905; x_wconf 86' lang='lat' dir='ltr'>munditia</span> <span class='ocrx_word' id='word_1_590' title='bbox 2741 3867 2806 3906; x_wconf 86' lang='lat' dir='ltr'>ac</span> <span class='ocrx_word' id='word_1_591' title='bbox 2829 3851 3053 3922; x_wconf 87' lang='lat' dir='ltr'>puritas</span> <span class='ocrx_word' id='word_1_592' title='bbox 3074 3855 3334 3927; x_wconf 87' lang='lat' dir='ltr'>accipere</span> <span class='ocrx_word' id='word_1_593' title='bbox 3361 3873 3501 3914; x_wconf 88' lang='lat' dir='ltr'>con-</span> 
     </span>
    </p>
   </div>
   <div class='ocr_carea' id='block_1_86' title="bbox 1858 3938 3502 4009">
    <p class='ocr_par' dir='ltr' id='par_1_86' title="bbox 1858 3938 3502 4009">
     <span class='ocr_line' id='line_1_86' title="bbox 1858 3938 3502 4009; baseline 0.004 -15"><span class='ocrx_word' id='word_1_594' title='bbox 1858 3938 2064 4004; x_wconf 90' lang='lat' dir='ltr'>suevit,</span> <span class='ocrx_word' id='word_1_595' title='bbox 2099 3939 2381 4009; x_wconf 90' lang='lat' dir='ltr'>cujuscor</span> <span class='ocrx_word' id='word_1_596' title='bbox 2399 3938 2625 3994; x_wconf 88' lang='lat' dir='ltr'>sincera</span> <span class='ocrx_word' id='word_1_597' title='bbox 2645 3939 2758 3994; x_wconf 87' lang='lat' dir='ltr'>ﬁde</span> <span class='ocrx_word' id='word_1_598' title='bbox 2789 3945 3018 3996; x_wconf 83' lang='lat' dir='ltr'>constat</span> <span class='ocrx_word' id='word_1_599' title='bbox 3045 3959 3158 3996; x_wconf 91' lang='lat' dir='ltr'>non</span> <span class='ocrx_word' id='word_1_600' title='bbox 3183 3960 3312 3999; x_wconf 89' lang='lat' dir='ltr'>esse</span> <span class='ocrx_word' id='word_1_601' title='bbox 3334 3961 3502 4001; x_wconf 88' lang='lat' dir='ltr'>mun-</span> 
     </span>
    </p>
   </div>
   <div class='ocr_carea' id='block_1_87' title="bbox 1857 4026 3502 4106">
    <p class='ocr_par' dir='ltr' id='par_1_87' title="bbox 1857 4026 3502 4106">
     <span class='ocr_line' id='line_1_87' title="bbox 1857 4026 3502 4106; baseline 0.004 -23"><span class='ocrx_word' id='word_1_602' title='bbox 1857 4027 2202 4084; x_wconf 87' lang='lat' dir='ltr'>datum.Cui</span> <span class='ocrx_word' id='word_1_603' title='bbox 2233 4044 2366 4100; x_wconf 86' lang='lat' dir='ltr'>ergo</span> <span class='ocrx_word' id='word_1_604' title='bbox 2398 4026 2543 4082; x_wconf 89' lang='lat' dir='ltr'>nihil</span> <span class='ocrx_word' id='word_1_605' title='bbox 2576 4028 2875 4084; x_wconf 67' lang='lat' dir='ltr'>munditiae</span> <span class='ocrx_word' id='word_1_606' title='bbox 2907 4046 2975 4086; x_wconf 90' lang='lat' dir='ltr'>ac</span> <span class='ocrx_word' id='word_1_607' title='bbox 3006 4031 3280 4103; x_wconf 84' lang='lat' dir='ltr'>puritatis</span> <span class='ocrx_word' id='word_1_608' title='bbox 3309 4034 3502 4106; x_wconf 89' lang='lat' dir='ltr'>potuit</span> 
     </span>
    </p>
   </div>
   <div class='ocr_carea' id='block_1_88' title="bbox 1855 4115 3497 4196">
    <p class='ocr_par' dir='ltr' id='par_1_88' title="bbox 1855 4115 3497 4196">
     <span class='ocr_line' id='line_1_88' title="bbox 1855 4115 3497 4196; baseline 0.005 -24"><span class='ocrx_word' id='word_1_609' title='bbox 1855 4115 2054 4182; x_wconf 86' lang='lat' dir='ltr'>tribui,</span> <span class='ocrx_word' id='word_1_610' title='bbox 2106 4115 2244 4189; x_wconf 91' lang='lat' dir='ltr'>quid</span> <span class='ocrx_word' id='word_1_611' title='bbox 2275 4117 2437 4172; x_wconf 88' lang='lat' dir='ltr'>aliud</span> <span class='ocrx_word' id='word_1_612' title='bbox 2471 4117 2681 4188; x_wconf 88' lang='lat' dir='ltr'>poterit</span> <span class='ocrx_word' id='word_1_613' title='bbox 2724 4117 2812 4173; x_wconf 91' lang='lat' dir='ltr'>illi</span> <span class='ocrx_word' id='word_1_614' title='bbox 2843 4119 3102 4178; x_wconf 87' lang='lat' dir='ltr'>tribuere</span> <span class='ocrx_word' id='word_1_615' title='bbox 3131 4139 3497 4196; x_wconf 67' lang='lat' dir='ltr'>quaecunque</span> 
     </span>
    </p>
   </div>
   <div class='ocr_carea' id='block_1_89' title="bbox 1855 4205 3503 4282">
    <p class='ocr_par' dir='ltr' id='par_1_89' title="bbox 1855 4205 3503 4282">
     <span class='ocr_line' id='line_1_89' title="bbox 1855 4205 3503 4282; baseline 0.005 -21"><span class='ocrx_word' id='word_1_616' title='bbox 1855 4206 2130 4278; x_wconf 86' lang='lat' dir='ltr'>tetigerit,</span> <span class='ocrx_word' id='word_1_617' title='bbox 2191 4206 2305 4262; x_wconf 90' lang='lat' dir='ltr'>nisi</span> <span class='ocrx_word' id='word_1_618' title='bbox 2378 4205 2818 4263; x_wconf 88' lang='lat' dir='ltr'>immunditiam</span> <span class='ocrx_word' id='word_1_619' title='bbox 2891 4225 3070 4282; x_wconf 84' lang='lat' dir='ltr'>quam</span> <span class='ocrx_word' id='word_1_620' title='bbox 3135 4211 3324 4268; x_wconf 87' lang='lat' dir='ltr'>solam</span> <span class='ocrx_word' id='word_1_621' title='bbox 3399 4213 3503 4270; x_wconf 87' lang='lat' dir='ltr'>ha-</span> 
     </span>
    </p>
   </div>
   <div class='ocr_carea' id='block_1_90' title="bbox 1855 4295 3501 4370">
    <p class='ocr_par' dir='ltr' id='par_1_90' title="bbox 1855 4295 3501 4370">
     <span class='ocr_line' id='line_1_90' title="bbox 1855 4295 3501 4370; baseline 0.005 -20"><span class='ocrx_word' id='word_1_622' title='bbox 1855 4295 1996 4350; x_wconf 85' lang='lat' dir='ltr'>bet?</span> <span class='ocrx_word' id='word_1_623' title='bbox 2023 4296 2172 4368; x_wconf 89' lang='lat' dir='ltr'>Ergo</span> <span class='ocrx_word' id='word_1_624' title='bbox 2201 4299 2383 4351; x_wconf 89' lang='lat' dir='ltr'>restat</span> <span class='ocrx_word' id='word_1_625' title='bbox 2407 4299 2462 4350; x_wconf 88' lang='lat' dir='ltr'>et</span> <span class='ocrx_word' id='word_1_626' title='bbox 2479 4295 2625 4350; x_wconf 89' lang='lat' dir='ltr'>nihil</span> <span class='ocrx_word' id='word_1_627' title='bbox 2642 4295 2802 4352; x_wconf 91' lang='lat' dir='ltr'>aliud</span> <span class='ocrx_word' id='word_1_628' title='bbox 2825 4315 3004 4370; x_wconf 89' lang='lat' dir='ltr'>quam</span> <span class='ocrx_word' id='word_1_629' title='bbox 3037 4299 3384 4358; x_wconf 88' lang='lat' dir='ltr'>immundus</span> <span class='ocrx_word' id='word_1_630' title='bbox 3405 4301 3501 4369; x_wconf 89' lang='lat' dir='ltr'>sit,</span> 
     </span>
    </p>
   </div>
   <div class='ocr_carea' id='block_1_91' title="bbox 1856 4384 3502 4462">
    <p class='ocr_par' dir='ltr' id='par_1_91' title="bbox 1856 4384 3502 4462">
     <span class='ocr_line' id='line_1_91' title="bbox 1856 4384 3502 4462; baseline 0.004 -22"><span class='ocrx_word' id='word_1_631' title='bbox 1856 4401 2030 4456; x_wconf 89' lang='lat' dir='ltr'>quem</span> <span class='ocrx_word' id='word_1_632' title='bbox 2069 4384 2372 4440; x_wconf 85' lang='lat' dir='ltr'>immndus</span> <span class='ocrx_word' id='word_1_633' title='bbox 2401 4384 2610 4457; x_wconf 84' lang='lat' dir='ltr'>tangit,</span> <span class='ocrx_word' id='word_1_634' title='bbox 2662 4385 2802 4456; x_wconf 89' lang='lat' dir='ltr'>quia</span> <span class='ocrx_word' id='word_1_635' title='bbox 2830 4386 3290 4458; x_wconf 87' lang='lat' dir='ltr'>damnationem,</span> <span class='ocrx_word' id='word_1_636' title='bbox 3325 4407 3502 4462; x_wconf 87' lang='lat' dir='ltr'>quam</span> 
     </span>
    </p>
   </div>
   <div class='ocr_carea' id='block_1_92' title="bbox 1855 4473 3500 4550">
    <p class='ocr_par' dir='ltr' id='par_1_92' title="bbox 1855 4473 3500 4550">
     <span class='ocr_line' id='line_1_92' title="bbox 1855 4473 3500 4550; baseline 0.004 -22"><span class='ocrx_word' id='word_1_637' title='bbox 1855 4473 2053 4543; x_wconf 86' lang='lat' dir='ltr'>habet,</span> <span class='ocrx_word' id='word_1_638' title='bbox 2085 4475 2183 4529; x_wconf 88' lang='lat' dir='ltr'>dat</span> <span class='ocrx_word' id='word_1_639' title='bbox 2211 4490 2314 4544; x_wconf 88' lang='lat' dir='ltr'>per</span> <span class='ocrx_word' id='word_1_640' title='bbox 2342 4490 2582 4545; x_wconf 83' lang='lat' dir='ltr'>pravam</span> <span class='ocrx_word' id='word_1_641' title='bbox 2630 4490 2750 4530; x_wconf 65' lang='lat' dir='ltr'>suae</span> <span class='ocrx_word' id='word_1_642' title='bbox 2782 4491 2994 4532; x_wconf 87' lang='lat' dir='ltr'>manus</span> <span class='ocrx_word' id='word_1_643' title='bbox 3043 4477 3500 4550; x_wconf 88' lang='lat' dir='ltr'>impositionem.</span> 
     </span>
    </p>
   </div>
   <div class='ocr_carea' id='block_1_93' title="bbox 1855 4563 3502 4635">
    <p class='ocr_par' dir='ltr' id='par_1_93' title="bbox 1855 4563 3502 4635">
     <span class='ocr_line' id='line_1_93' title="bbox 1855 4563 3502 4635; baseline 0.003 -17"><span class='ocrx_word' id='word_1_644' title='bbox 1855 4563 1970 4619; x_wconf 86' lang='lat' dir='ltr'>Nec</span> <span class='ocrx_word' id='word_1_645' title='bbox 2000 4563 2156 4618; x_wconf 89' lang='lat' dir='ltr'>enim</span> <span class='ocrx_word' id='word_1_646' title='bbox 2187 4563 2288 4635; x_wconf 91' lang='lat' dir='ltr'>qui</span> <span class='ocrx_word' id='word_1_647' title='bbox 2317 4563 2594 4619; x_wconf 90' lang='lat' dir='ltr'>honorem</span> <span class='ocrx_word' id='word_1_648' title='bbox 2644 4580 2759 4619; x_wconf 90' lang='lat' dir='ltr'>non</span> <span class='ocrx_word' id='word_1_649' title='bbox 2805 4563 2998 4632; x_wconf 89' lang='lat' dir='ltr'>habet,</span> <span class='ocrx_word' id='word_1_650' title='bbox 3040 4564 3320 4623; x_wconf 89' lang='lat' dir='ltr'>honorem</span> <span class='ocrx_word' id='word_1_651' title='bbox 3363 4567 3502 4624; x_wconf 86' lang='lat' dir='ltr'>dare</span> 
     </span>
    </p>
   </div>
   <div class='ocr_carea' id='block_1_94' title="bbox 83 4649 3500 4738">
    <p class='ocr_par' dir='ltr' id='par_1_94' title="bbox 83 4649 3500 4738">
     <span class='ocr_line' id='line_1_94' title="bbox 83 4649 3500 4738; baseline -0.001 -22"><span class='ocrx_word' id='word_1_652' title='bbox 83 4660 266 4717; x_wconf 87' lang='lat' dir='ltr'>tionis</span> <span class='ocrx_word' id='word_1_653' title='bbox 298 4671 503 4715; x_wconf 90' lang='lat' dir='ltr'>rerum</span> <span class='ocrx_word' id='word_1_654' title='bbox 522 4657 625 4710; x_wconf 87' lang='lat' dir='ltr'>aut</span> <span class='ocrx_word' id='word_1_655' title='bbox 654 4651 1162 4726; x_wconf 87' lang='lat' dir='ltr'>patrimoniorum,</span> <span class='ocrx_word' id='word_1_656' title='bbox 1183 4667 1286 4707; x_wconf 90' lang='lat' dir='ltr'>nec</span> <span class='ocrx_word' id='word_1_657' title='bbox 1313 4649 1625 4706; x_wconf 86' lang='lat' dir='ltr'>accusandi</span> <span class='ocrx_word' id='word_1_658' title='bbox 1655 4665 1747 4704; x_wconf 85' lang='lat' dir='ltr'>ca-</span> <span class='ocrx_word' id='word_1_659' title='bbox 1774 4672 1824 4738; x_wconf 83' lang='lat' dir='ltr'>D</span> <span class='ocrx_word' id='word_1_660' title='bbox 1857 4657 2067 4724; x_wconf 88' lang='lat' dir='ltr'>potest.</span> <span class='ocrx_word' id='word_1_661' title='bbox 2119 4652 2189 4706; x_wconf 89' lang='lat' dir='ltr'>Et</span> <span class='ocrx_word' id='word_1_662' title='bbox 2235 4651 2332 4706; x_wconf 93' lang='lat' dir='ltr'>ubi</span> <span class='ocrx_word' id='word_1_663' title='bbox 2377 4649 2522 4706; x_wconf 90' lang='lat' dir='ltr'>nihil</span> <span class='ocrx_word' id='word_1_664' title='bbox 2563 4654 2653 4707; x_wconf 88' lang='lat' dir='ltr'>est</span> <span class='ocrx_word' id='word_1_665' title='bbox 2689 4651 2749 4706; x_wconf 92' lang='lat' dir='ltr'>in</span> <span class='ocrx_word' id='word_1_666' title='bbox 2807 4652 3000 4720; x_wconf 88' lang='lat' dir='ltr'>dante,</span> <span class='ocrx_word' id='word_1_667' title='bbox 3053 4653 3198 4710; x_wconf 92' lang='lat' dir='ltr'>nihil</span> <span class='ocrx_word' id='word_1_668' title='bbox 3228 4659 3316 4711; x_wconf 89' lang='lat' dir='ltr'>est</span> <span class='ocrx_word' id='word_1_669' title='bbox 3343 4656 3500 4728; x_wconf 90' lang='lat' dir='ltr'>quod</span> 
     </span>
    </p>
   </div>
   <div class='ocr_carea' id='block_1_95' title="bbox 85 4739 1745 4816">
    <p class='ocr_par' dir='ltr' id='par_1_95' title="bbox 85 4739 1745 4816">
     <span class='ocr_line' id='line_1_95' title="bbox 85 4739 1745 4816; baseline -0.007 -12"><span class='ocrx_word' id='word_1_670' title='bbox 85 4749 361 4816; x_wconf 89' lang='lat' dir='ltr'>tholieos,</span> <span class='ocrx_word' id='word_1_671' title='bbox 395 4742 488 4801; x_wconf 90' lang='lat' dir='ltr'>vel</span> <span class='ocrx_word' id='word_1_672' title='bbox 520 4740 871 4797; x_wconf 86' lang='lat' dir='ltr'>testiﬁcandi</span> <span class='ocrx_word' id='word_1_673' title='bbox 914 4744 1117 4796; x_wconf 90' lang='lat' dir='ltr'>contra</span> <span class='ocrx_word' id='word_1_674' title='bbox 1147 4757 1245 4796; x_wconf 91' lang='lat' dir='ltr'>eos</span> <span class='ocrx_word' id='word_1_675' title='bbox 1277 4739 1574 4794; x_wconf 88' lang='lat' dir='ltr'>licentiam</span> <span class='ocrx_word' id='word_1_676' title='bbox 1605 4755 1745 4794; x_wconf 89' lang='lat' dir='ltr'>con-</span> 
     </span>
    </p>
   </div>
   <div class='ocr_carea' id='block_1_96' title="bbox 83 4826 1744 4911">
    <p class='ocr_par' dir='ltr' id='par_1_96' title="bbox 83 4826 1744 4911">
     <span class='ocr_line' id='line_1_96' title="bbox 83 4826 1744 4911; baseline -0.008 -17"><span class='ocrx_word' id='word_1_677' title='bbox 83 4839 234 4908; x_wconf 88' lang='lat' dir='ltr'>cedi,</span> <span class='ocrx_word' id='word_1_678' title='bbox 251 4849 515 4911; x_wconf 89' lang='lat' dir='ltr'>quorum</span> <span class='ocrx_word' id='word_1_679' title='bbox 538 4830 715 4887; x_wconf 88' lang='lat' dir='ltr'>etiam</span> <span class='ocrx_word' id='word_1_680' title='bbox 737 4828 1067 4886; x_wconf 72' lang='lat' dir='ltr'>cmmeteria</span> <span class='ocrx_word' id='word_1_681' title='bbox 1087 4828 1291 4884; x_wconf 86' lang='lat' dir='ltr'>orandi</span> <span class='ocrx_word' id='word_1_682' title='bbox 1313 4844 1492 4883; x_wconf 83' lang='lat' dir='ltr'>causa</span> <span class='ocrx_word' id='word_1_683' title='bbox 1507 4826 1744 4895; x_wconf 90' lang='lat' dir='ltr'>intrare,</span> 
     </span>
    </p>
   </div>
   <div class='ocr_carea' id='block_1_97' title="bbox 81 4916 1748 4998">
    <p class='ocr_par' dir='ltr' id='par_1_97' title="bbox 81 4916 1748 4998">
     <span class='ocr_line' id='line_1_97' title="bbox 81 4916 1748 4998; baseline -0.009 -13"><span class='ocrx_word' id='word_1_684' title='bbox 81 4927 171 4984; x_wconf 84' lang='lat' dir='ltr'>vel</span> <span class='ocrx_word' id='word_1_685' title='bbox 203 4923 498 4998; x_wconf 80' lang='lat' dir='ltr'>eulogias,</span> <span class='ocrx_word' id='word_1_686' title='bbox 545 4919 633 4975; x_wconf 90' lang='lat' dir='ltr'>vel</span> <span class='ocrx_word' id='word_1_687' title='bbox 665 4918 923 4975; x_wconf 87' lang='lat' dir='ltr'>feriatica</span> <span class='ocrx_word' id='word_1_688' title='bbox 953 4917 1234 4990; x_wconf 88' lang='lat' dir='ltr'>accipere,</span> <span class='ocrx_word' id='word_1_689' title='bbox 1275 4916 1512 4973; x_wconf 89' lang='lat' dir='ltr'>omnino</span> <span class='ocrx_word' id='word_1_690' title='bbox 1542 4920 1748 4971; x_wconf 86' lang='lat' dir='ltr'>vetan-</span> 
     </span>
    </p>
   </div>
   <div class='ocr_carea' id='block_1_98' title="bbox 81 5005 1748 5079">
    <p class='ocr_par' dir='ltr' id='par_1_98' title="bbox 81 5005 1748 5079">
     <span class='ocr_line' id='line_1_98' title="bbox 81 5005 1748 5079; baseline -0.008 -7"><span class='ocrx_word' id='word_1_691' title='bbox 81 5021 178 5072; x_wconf 91' lang='lat' dir='ltr'>tur</span> <span class='ocrx_word' id='word_1_692' title='bbox 231 5009 537 5074; x_wconf 85' lang='lat' dir='ltr'>catholici.</span> <span class='ocrx_word' id='word_1_693' title='bbox 576 5008 740 5064; x_wconf 88' lang='lat' dir='ltr'>Unde</span> <span class='ocrx_word' id='word_1_694' title='bbox 786 5023 958 5064; x_wconf 88' lang='lat' dir='ltr'>nemo</span> <span class='ocrx_word' id='word_1_695' title='bbox 1006 5007 1254 5079; x_wconf 88' lang='lat' dir='ltr'>ambigit</span> <span class='ocrx_word' id='word_1_696' title='bbox 1301 5005 1603 5061; x_wconf 65' lang='lat' dir='ltr'>haereticos</span> <span class='ocrx_word' id='word_1_697' title='bbox 1645 5021 1748 5076; x_wconf 90' lang='lat' dir='ltr'>per</span> 
     </span>
    </p>
   </div>
   <div class='ocr_carea' id='block_1_99' title="bbox 84 5095 1748 5168">
    <p class='ocr_par' dir='ltr' id='par_1_99' title="bbox 84 5095 1748 5168">
     <span class='ocr_line' id='line_1_99' title="bbox 84 5095 1748 5168; baseline -0.008 -6"><span class='ocrx_word' id='word_1_698' title='bbox 84 5105 287 5162; x_wconf 86' lang='lat' dir='ltr'>omnia</span> <span class='ocrx_word' id='word_1_699' title='bbox 337 5120 376 5159; x_wconf 88' lang='lat' dir='ltr'>a</span> <span class='ocrx_word' id='word_1_700' title='bbox 419 5096 726 5156; x_wconf 89' lang='lat' dir='ltr'>catholicis</span> <span class='ocrx_word' id='word_1_701' title='bbox 786 5095 1202 5168; x_wconf 88' lang='lat' dir='ltr'>repudiandos,</span> <span class='ocrx_word' id='word_1_702' title='bbox 1253 5095 1407 5150; x_wconf 89' lang='lat' dir='ltr'>sicut</span> <span class='ocrx_word' id='word_1_703' title='bbox 1445 5097 1547 5149; x_wconf 87' lang='lat' dir='ltr'>aut</span> <span class='ocrx_word' id='word_1_704' title='bbox 1594 5097 1748 5149; x_wconf 87' lang='lat' dir='ltr'>certe</span> 
     </span>
    </p>
   </div>
   <div class='ocr_carea' id='block_1_100' title="bbox 85 5183 1749 5268">
    <p class='ocr_par' dir='ltr' id='par_1_100' title="bbox 85 5183 1749 5268">
     <span class='ocr_line' id='line_1_100' title="bbox 85 5183 1749 5268; baseline -0.008 -18"><span class='ocrx_word' id='word_1_705' title='bbox 85 5194 411 5268; x_wconf 89' lang='lat' dir='ltr'>plusquam</span> <span class='ocrx_word' id='word_1_706' title='bbox 442 5187 680 5244; x_wconf 65' lang='lat' dir='ltr'>Judaaos</span> <span class='ocrx_word' id='word_1_707' title='bbox 710 5185 797 5242; x_wconf 88' lang='lat' dir='ltr'>vel</span> <span class='ocrx_word' id='word_1_708' title='bbox 829 5201 1110 5259; x_wconf 84' lang='lat' dir='ltr'>paganos,</span> <span class='ocrx_word' id='word_1_709' title='bbox 1135 5185 1273 5256; x_wconf 86' lang='lat' dir='ltr'>quia</span> <span class='ocrx_word' id='word_1_710' title='bbox 1303 5183 1363 5238; x_wconf 89' lang='lat' dir='ltr'>in</span> <span class='ocrx_word' id='word_1_711' title='bbox 1395 5183 1526 5240; x_wconf 88' lang='lat' dir='ltr'>istis</span> <span class='ocrx_word' id='word_1_712' title='bbox 1556 5183 1749 5240; x_wconf 89' lang='lat' dir='ltr'>adhuc</span> 
     </span>
    </p>
   </div>
   <div class='ocr_carea' id='block_1_101' title="bbox 87 5271 1747 5357">
    <p class='ocr_par' dir='ltr' id='par_1_101' title="bbox 87 5271 1747 5357">
     <span class='ocr_line' id='line_1_101' title="bbox 87 5271 1747 5357; baseline -0.007 -17"><span class='ocrx_word' id='word_1_713' title='bbox 87 5289 176 5340; x_wconf 90' lang='lat' dir='ltr'>est</span> <span class='ocrx_word' id='word_1_714' title='bbox 215 5299 357 5357; x_wconf 88' lang='lat' dir='ltr'>spes</span> <span class='ocrx_word' id='word_1_715' title='bbox 407 5275 571 5345; x_wconf 86' lang='lat' dir='ltr'>ﬁdei,</span> <span class='ocrx_word' id='word_1_716' title='bbox 603 5280 668 5332; x_wconf 90' lang='lat' dir='ltr'>ut</span> <span class='ocrx_word' id='word_1_717' title='bbox 715 5293 894 5349; x_wconf 88' lang='lat' dir='ltr'>supra</span> <span class='ocrx_word' id='word_1_718' title='bbox 923 5275 1144 5332; x_wconf 88' lang='lat' dir='ltr'>dictum</span> <span class='ocrx_word' id='word_1_719' title='bbox 1192 5277 1317 5342; x_wconf 90' lang='lat' dir='ltr'>est;</span> <span class='ocrx_word' id='word_1_720' title='bbox 1361 5273 1422 5329; x_wconf 89' lang='lat' dir='ltr'>in</span> <span class='ocrx_word' id='word_1_721' title='bbox 1464 5271 1580 5330; x_wconf 88' lang='lat' dir='ltr'>illis</span> <span class='ocrx_word' id='word_1_722' title='bbox 1619 5273 1747 5345; x_wconf 87' lang='lat' dir='ltr'>jam</span> 
     </span>
    </p>
   </div>
   <div class='ocr_carea' id='block_1_102' title="bbox 83 5365 762 5448">
    <p class='ocr_par' dir='ltr' id='par_1_102' title="bbox 83 5365 762 5448">
     <span class='ocr_line' id='line_1_102' title="bbox 83 5365 762 5448; baseline -0.013 -18"><span class='ocrx_word' id='word_1_723' title='bbox 83 5389 302 5448; x_wconf 78' lang='lat' dir='ltr'>pugnae</span> <span class='ocrx_word' id='word_1_724' title='bbox 336 5371 410 5428; x_wconf 87' lang='lat' dir='ltr'>de</span> <span class='ocrx_word' id='word_1_725' title='bbox 442 5365 762 5423; x_wconf 88' lang='lat' dir='ltr'>discordia.</span> 
     </span>
    </p>
   </div>
   <div class='ocr_carea' id='block_1_103' title="bbox 715 5453 1124 5510">
    <p class='ocr_par' dir='ltr' id='par_1_103' title="bbox 715 5453 1124 5510">
     <span class='ocr_line' id='line_1_103' title="bbox 715 5453 1124 5510; baseline -0.002 -1"><span class='ocrx_word' id='word_1_726' title='bbox 715 5453 950 5510; x_wconf 79' lang='lat' dir='ltr'>CAPUT</span> <span class='ocrx_word' id='word_1_727' title='bbox 1006 5453 1124 5509; x_wconf 85' lang='lat' dir='ltr'>XII.</span> 
     </span>
    </p>
   </div>
   <div class='ocr_carea' id='block_1_104' title="bbox 153 5539 1750 5615">
    <p class='ocr_par' dir='ltr' id='par_1_104' title="bbox 153 5539 1750 5615">
     <span class='ocr_line' id='line_1_104' title="bbox 153 5539 1750 5615; baseline -0.007 -6"><span class='ocrx_word' id='word_1_728' title='bbox 153 5553 270 5609; x_wconf 90' lang='lat' dir='ltr'>Sed</span> <span class='ocrx_word' id='word_1_729' title='bbox 301 5548 486 5607; x_wconf 87' lang='lat' dir='ltr'>etiam</span> <span class='ocrx_word' id='word_1_730' title='bbox 539 5559 698 5600; x_wconf 90' lang='lat' dir='ltr'>nunc</span> <span class='ocrx_word' id='word_1_731' title='bbox 729 5544 1103 5600; x_wconf 85' lang='lat' dir='ltr'>attendamus</span> <span class='ocrx_word' id='word_1_732' title='bbox 1141 5541 1280 5615; x_wconf 91' lang='lat' dir='ltr'>quid</span> <span class='ocrx_word' id='word_1_733' title='bbox 1315 5539 1503 5598; x_wconf 89' lang='lat' dir='ltr'>sancti</span> <span class='ocrx_word' id='word_1_734' title='bbox 1550 5540 1750 5598; x_wconf 85' lang='lat' dir='ltr'>Patres</span> 
     </span>
    </p>
   </div>
   <div class='ocr_carea' id='block_1_105' title="bbox 1855 4739 3492 4817">
    <p class='ocr_par' dir='ltr' id='par_1_105' title="bbox 1855 4739 3492 4817">
     <span class='ocr_line' id='line_1_105' title="bbox 1855 4739 3492 4817; baseline 0.003 -22"><span class='ocrx_word' id='word_1_735' title='bbox 1855 4745 2036 4812; x_wconf 83' lang='lat' dir='ltr'>possit</span> <span class='ocrx_word' id='word_1_736' title='bbox 2087 4739 2243 4812; x_wconf 90' lang='lat' dir='ltr'>quis,</span> <span class='ocrx_word' id='word_1_737' title='bbox 2291 4739 2523 4795; x_wconf 90' lang='lat' dir='ltr'>etiamsi</span> <span class='ocrx_word' id='word_1_738' title='bbox 2570 4740 2924 4796; x_wconf 85' lang='lat' dir='ltr'>omnimodis</span> <span class='ocrx_word' id='word_1_739' title='bbox 2955 4742 3176 4814; x_wconf 88' lang='lat' dir='ltr'>cupiat,</span> <span class='ocrx_word' id='word_1_740' title='bbox 3208 4744 3492 4817; x_wconf 85' lang='lat' dir='ltr'>accipere.</span> 
     </span>
    </p>
   </div>
   <div class='ocr_carea' id='block_1_106' title="bbox 1855 4827 3505 4906">
    <p class='ocr_par' dir='ltr' id='par_1_106' title="bbox 1855 4827 3505 4906">
     <span class='ocr_line' id='line_1_106' title="bbox 1855 4827 3505 4906; baseline 0.002 -22"><span class='ocrx_word' id='word_1_741' title='bbox 1855 4831 2054 4901; x_wconf 88' lang='lat' dir='ltr'>Itaque</span> <span class='ocrx_word' id='word_1_742' title='bbox 2083 4827 2294 4900; x_wconf 86' lang='lat' dir='ltr'>accipit</span> <span class='ocrx_word' id='word_1_743' title='bbox 2325 4829 2784 4896; x_wconf 87' lang='lat' dir='ltr'>damnationem,</span> <span class='ocrx_word' id='word_1_744' title='bbox 2817 4847 2996 4902; x_wconf 86' lang='lat' dir='ltr'>quam</span> <span class='ocrx_word' id='word_1_745' title='bbox 3035 4831 3210 4888; x_wconf 89' lang='lat' dir='ltr'>habet</span> <span class='ocrx_word' id='word_1_746' title='bbox 3247 4832 3346 4890; x_wconf 89' lang='lat' dir='ltr'>ille</span> <span class='ocrx_word' id='word_1_747' title='bbox 3403 4833 3505 4906; x_wconf 90' lang='lat' dir='ltr'>qui</span> 
     </span>
    </p>
   </div>
   <div class='ocr_carea' id='block_1_107' title="bbox 1856 4917 3505 4994">
    <p class='ocr_par' dir='ltr' id='par_1_107' title="bbox 1856 4917 3505 4994">
     <span class='ocr_line' id='line_1_107' title="bbox 1856 4917 3505 4994; baseline 0.004 -22"><span class='ocrx_word' id='word_1_748' title='bbox 1856 4917 1968 4972; x_wconf 92' lang='lat' dir='ltr'>sibi</span> <span class='ocrx_word' id='word_1_749' title='bbox 2000 4917 2136 4972; x_wconf 88' lang='lat' dir='ltr'>facit</span> <span class='ocrx_word' id='word_1_750' title='bbox 2165 4934 2422 4990; x_wconf 85' lang='lat' dir='ltr'>pravam,</span> <span class='ocrx_word' id='word_1_751' title='bbox 2457 4921 2512 4973; x_wconf 91' lang='lat' dir='ltr'>et</span> <span class='ocrx_word' id='word_1_752' title='bbox 2543 4933 2656 4974; x_wconf 91' lang='lat' dir='ltr'>non</span> <span class='ocrx_word' id='word_1_753' title='bbox 2688 4923 2906 4974; x_wconf 89' lang='lat' dir='ltr'>rectam</span> <span class='ocrx_word' id='word_1_754' title='bbox 2929 4935 3142 4976; x_wconf 88' lang='lat' dir='ltr'>manus</span> <span class='ocrx_word' id='word_1_755' title='bbox 3175 4921 3505 4994; x_wconf 90' lang='lat' dir='ltr'>impositio-</span> 
     </span>
    </p>
   </div>
   <div class='ocr_carea' id='block_1_108' title="bbox 1858 5005 3510 5082">
    <p class='ocr_par' dir='ltr' id='par_1_108' title="bbox 1858 5005 3510 5082">
     <span class='ocr_line' id='line_1_108' title="bbox 1858 5005 3510 5082; baseline 0.003 -20"><span class='ocrx_word' id='word_1_756' title='bbox 1858 5023 2013 5062; x_wconf 92' lang='lat' dir='ltr'>nem.</span> <span class='ocrx_word' id='word_1_757' title='bbox 2044 5005 2392 5078; x_wconf 83' lang='lat' dir='ltr'>Hujusmodi</span> <span class='ocrx_word' id='word_1_758' title='bbox 2424 5022 2560 5078; x_wconf 89' lang='lat' dir='ltr'>ergo</span> <span class='ocrx_word' id='word_1_759' title='bbox 2591 5006 2920 5076; x_wconf 87' lang='lat' dir='ltr'>ordinatus,</span> <span class='ocrx_word' id='word_1_760' title='bbox 2949 5013 3015 5064; x_wconf 91' lang='lat' dir='ltr'>ut</span> <span class='ocrx_word' id='word_1_761' title='bbox 3046 5014 3310 5082; x_wconf 86' lang='lat' dir='ltr'>putatur,</span> <span class='ocrx_word' id='word_1_762' title='bbox 3343 5011 3510 5067; x_wconf 86' lang='lat' dir='ltr'>dam-</span> 
     </span>
    </p>
   </div>
   <div class='ocr_carea' id='block_1_109' title="bbox 1857 5095 3512 5168">
    <p class='ocr_par' dir='ltr' id='par_1_109' title="bbox 1857 5095 3512 5168">
     <span class='ocr_line' id='line_1_109' title="bbox 1857 5095 3512 5168; baseline 0.005 -18"><span class='ocrx_word' id='word_1_763' title='bbox 1857 5100 2016 5163; x_wconf 89' lang='lat' dir='ltr'>nato,</span> <span class='ocrx_word' id='word_1_764' title='bbox 2045 5095 2103 5150; x_wconf 91' lang='lat' dir='ltr'>id</span> <span class='ocrx_word' id='word_1_765' title='bbox 2144 5099 2250 5162; x_wconf 90' lang='lat' dir='ltr'>est,</span> <span class='ocrx_word' id='word_1_766' title='bbox 2284 5095 2554 5150; x_wconf 65' lang='lat' dir='ltr'>haeretico</span> <span class='ocrx_word' id='word_1_767' title='bbox 2603 5097 2896 5168; x_wconf 87' lang='lat' dir='ltr'>particeps</span> <span class='ocrx_word' id='word_1_768' title='bbox 2931 5097 3124 5156; x_wconf 88' lang='lat' dir='ltr'>factus</span> <span class='ocrx_word' id='word_1_769' title='bbox 3157 5117 3226 5156; x_wconf 82' lang='lat' dir='ltr'>ex</span> <span class='ocrx_word' id='word_1_770' title='bbox 3275 5099 3376 5157; x_wconf 83' lang='lat' dir='ltr'>illa</span> <span class='ocrx_word' id='word_1_771' title='bbox 3403 5117 3512 5158; x_wconf 90' lang='lat' dir='ltr'>sua</span> 
     </span>
    </p>
   </div>
   <div class='ocr_carea' id='block_1_110' title="bbox 1858 5183 3512 5256">
    <p class='ocr_par' dir='ltr' id='par_1_110' title="bbox 1858 5183 3512 5256">
     <span class='ocr_line' id='line_1_110' title="bbox 1858 5183 3512 5256; baseline 0.002 -16"><span class='ocrx_word' id='word_1_772' title='bbox 1858 5185 2242 5250; x_wconf 87' lang='lat' dir='ltr'>ordinatione,</span> <span class='ocrx_word' id='word_1_773' title='bbox 2275 5183 2748 5256; x_wconf 88' lang='lat' dir='ltr'>irrecuperabilis</span> <span class='ocrx_word' id='word_1_774' title='bbox 2780 5190 2893 5254; x_wconf 87' lang='lat' dir='ltr'>est,</span> <span class='ocrx_word' id='word_1_775' title='bbox 2921 5186 2981 5242; x_wconf 92' lang='lat' dir='ltr'>in</span> <span class='ocrx_word' id='word_1_776' title='bbox 3011 5187 3235 5245; x_wconf 88' lang='lat' dir='ltr'>honore</span> <span class='ocrx_word' id='word_1_777' title='bbox 3259 5187 3512 5244; x_wconf 86' lang='lat' dir='ltr'>decerni-</span> 
     </span>
    </p>
   </div>
   <div class='ocr_carea' id='block_1_111' title="bbox 1859 5273 3505 5348">
    <p class='ocr_par' dir='ltr' id='par_1_111' title="bbox 1859 5273 3505 5348">
     <span class='ocr_line' id='line_1_111' title="bbox 1859 5273 3505 5348; baseline 0 -18"><span class='ocrx_word' id='word_1_778' title='bbox 1859 5278 1958 5330; x_wconf 88' lang='lat' dir='ltr'>tur</span> <span class='ocrx_word' id='word_1_779' title='bbox 1979 5291 2013 5330; x_wconf 88' lang='lat' dir='ltr'>a</span> <span class='ocrx_word' id='word_1_780' title='bbox 2030 5277 2190 5330; x_wconf 87' lang='lat' dir='ltr'>tanto</span> <span class='ocrx_word' id='word_1_781' title='bbox 2214 5273 2505 5345; x_wconf 88' lang='lat' dir='ltr'>pontiﬁce.</span> <span class='ocrx_word' id='word_1_782' title='bbox 2531 5275 2740 5330; x_wconf 87' lang='lat' dir='ltr'>Censet</span> <span class='ocrx_word' id='word_1_783' title='bbox 2760 5274 2916 5330; x_wconf 87' lang='lat' dir='ltr'>enim</span> <span class='ocrx_word' id='word_1_784' title='bbox 2941 5275 3070 5347; x_wconf 87' lang='lat' dir='ltr'>ejus</span> <span class='ocrx_word' id='word_1_785' title='bbox 3085 5276 3323 5342; x_wconf 89' lang='lat' dir='ltr'>vulneri,</span> <span class='ocrx_word' id='word_1_786' title='bbox 3353 5275 3505 5348; x_wconf 86' lang='lat' dir='ltr'>quod</span> 
     </span>
    </p>
   </div>
   <div class='ocr_carea' id='block_1_112' title="bbox 1859 5359 3506 5436">
    <p class='ocr_par' dir='ltr' id='par_1_112' title="bbox 1859 5359 3506 5436">
     <span class='ocr_line' id='line_1_112' title="bbox 1859 5359 3506 5436; baseline 0.001 -18"><span class='ocrx_word' id='word_1_787' title='bbox 1859 5363 2063 5436; x_wconf 90' lang='lat' dir='ltr'>utique</span> <span class='ocrx_word' id='word_1_788' title='bbox 2095 5361 2266 5434; x_wconf 86' lang='lat' dir='ltr'>capiti</span> <span class='ocrx_word' id='word_1_789' title='bbox 2297 5359 2458 5417; x_wconf 92' lang='lat' dir='ltr'>illius</span> <span class='ocrx_word' id='word_1_790' title='bbox 2505 5361 2756 5418; x_wconf 85' lang='lat' dir='ltr'>inﬁxum</span> <span class='ocrx_word' id='word_1_791' title='bbox 2796 5367 2906 5432; x_wconf 89' lang='lat' dir='ltr'>est,</span> <span class='ocrx_word' id='word_1_792' title='bbox 2954 5364 3338 5421; x_wconf 84' lang='lat' dir='ltr'>necessariam</span> <span class='ocrx_word' id='word_1_793' title='bbox 3378 5377 3506 5419; x_wconf 83' lang='lat' dir='ltr'>esse</span> 
     </span>
    </p>
   </div>
   <div class='ocr_carea' id='block_1_113' title="bbox 1859 5450 2620 5525">
    <p class='ocr_par' dir='ltr' id='par_1_113' title="bbox 1859 5450 2620 5525">
     <span class='ocr_line' id='line_1_113' title="bbox 1859 5450 2620 5525; baseline -0.001 -18"><span class='ocrx_word' id='word_1_794' title='bbox 1859 5451 2212 5525; x_wconf 72' lang='lat' dir='ltr'>pcenitentiae</span> <span class='ocrx_word' id='word_1_795' title='bbox 2244 5450 2620 5506; x_wconf 88' lang='lat' dir='ltr'>medicinam.</span> 
     </span>
    </p>
   </div>
   <div class='ocr_carea' id='block_1_114' title="bbox 1931 5539 3504 5614">
    <p class='ocr_par' dir='ltr' id='par_1_114' title="bbox 1931 5539 3504 5614">
     <span class='ocr_line' id='line_1_114' title="bbox 1931 5539 3504 5614; baseline 0.001 -19"><span class='ocrx_word' id='word_1_796' title='bbox 1931 5542 2115 5606; x_wconf 87' lang='lat' dir='ltr'>Quam</span> <span class='ocrx_word' id='word_1_797' title='bbox 2137 5539 2366 5596; x_wconf 88' lang='lat' dir='ltr'>etiamsi</span> <span class='ocrx_word' id='word_1_798' title='bbox 2390 5539 2612 5596; x_wconf 82' lang='lat' dir='ltr'>sanitas</span> <span class='ocrx_word' id='word_1_799' title='bbox 2633 5546 2928 5614; x_wconf 88' lang='lat' dir='ltr'>sequatur,</span> <span class='ocrx_word' id='word_1_800' title='bbox 2954 5539 3188 5596; x_wconf 84' lang='lat' dir='ltr'>cicatrix</span> <span class='ocrx_word' id='word_1_801' title='bbox 3209 5542 3404 5596; x_wconf 84' lang='lat' dir='ltr'>tamen</span> <span class='ocrx_word' id='word_1_802' title='bbox 3433 5556 3504 5598; x_wconf 84' lang='lat' dir='ltr'>ex</span> 
     </span>
    </p>
   </div>
   <div class='ocr_carea' id='block_1_115' title="bbox 151 5645 3506 5744">
    <p class='ocr_par' dir='ltr' id='par_1_115' title="bbox 151 5645 3506 5744">
     <span class='ocr_line' id='line_1_115' title="bbox 151 5645 3506 5744; baseline -0.002 -29"><span class='ocrx_word' id='word_1_803' title='bbox 151 5657 437 5744; x_wconf 42' lang='lat' dir='ltr'>(1.6).ch</span> <span class='ocrx_word' id='word_1_804' title='bbox 457 5649 1362 5744; x_wconf 33' lang='lat' dir='ltr'>‘Ifahiapi,Autinetpraecedenles</span> <span class='ocrx_word' id='word_1_805' title='bbox 1396 5648 1626 5707; x_wconf 82' lang='lat' dir='ltr'>Eusebii</span> <span class='ocrx_word' id='word_1_806' title='bbox 1666 5666 1734 5708; x_wconf 86' lang='lat' dir='ltr'>ac</span> <span class='ocrx_word' id='word_1_807' title='bbox 1759 5651 2074 5726; x_wconf 84' lang='lat' dir='ltr'>sequentes</span> <span class='ocrx_word' id='word_1_808' title='bbox 2105 5646 2365 5726; x_wconf 80' lang='lat' dir='ltr'>Dionysii</span> <span class='ocrx_word' id='word_1_809' title='bbox 2395 5650 2452 5705; x_wconf 89' lang='lat' dir='ltr'>et</span> <span class='ocrx_word' id='word_1_810' title='bbox 2475 5646 2602 5707; x_wconf 85' lang='lat' dir='ltr'>Gaii</span> <span class='ocrx_word' id='word_1_811' title='bbox 2626 5665 2790 5724; x_wconf 83' lang='lat' dir='ltr'>papae</span> <span class='ocrx_word' id='word_1_812' title='bbox 2823 5645 3074 5724; x_wconf 69' lang='lat' dir='ltr'>epistolas</span> <span class='ocrx_word' id='word_1_813' title='bbox 3097 5649 3239 5708; x_wconf 89' lang='lat' dir='ltr'>sunt</span> <span class='ocrx_word' id='word_1_814' title='bbox 3267 5646 3506 5724; x_wconf 62' lang='lat' dir='ltr'>spuria,</span> 
     </span>
    </p>
   </div>
   <div class='ocr_carea' id='block_1_116' title="bbox 81 5722 1163 5800">
    <p class='ocr_par' dir='ltr' id='par_1_116' title="bbox 81 5722 1163 5800">
     <span class='ocr_line' id='line_1_116' title="bbox 81 5722 1163 5800; baseline -0.01 -6"><span class='ocrx_word' id='word_1_815' title='bbox 81 5722 167 5794; x_wconf 66' lang='lat' dir='ltr'>ab&#39;</span> <span class='ocrx_word' id='word_1_816' title='bbox 187 5722 422 5792; x_wconf 79' lang='lat' dir='ltr'>Isidem</span> <span class='ocrx_word' id='word_1_817' title='bbox 455 5723 781 5786; x_wconf 81' lang='lat' dir='ltr'>Mercatore</span> <span class='ocrx_word' id='word_1_818' title='bbox 827 5722 1163 5800; x_wconf 75' lang='lat' dir='ltr'>suppositae.</span> 
     </span>
    </p>
   </div>
  </div>
