  <div class='ocr_page' id='page_1' title='image "/cluster/home/n/w/nwhite01/storage/ocr_20150623/142-143/uc1.31175018423130/1255.png"; bbox 0 0 3876 6362; ppageno 0'>
   <div class='ocr_carea' id='block_1_1' title="bbox 372 408 529 477">
    <p class='ocr_par' dir='ltr' id='par_1_1' title="bbox 372 408 529 477">
     <span class='ocr_line' id='line_1_1' title="bbox 372 408 529 477; baseline -0.038 0"><span class='ocrx_word' id='word_1_1' title='bbox 372 408 529 477; x_wconf 63' lang='grc'>1031</span> 
     </span>
    </p>
   </div>
   <div class='ocr_carea' id='block_1_2' title="bbox 1386 394 2759 472">
    <p class='ocr_par' dir='ltr' id='par_1_2' title="bbox 1386 394 2759 472">
     <span class='ocr_line' id='line_1_2' title="bbox 1386 394 2759 472; baseline -0.007 -3"><span class='ocrx_word' id='word_1_2' title='bbox 1386 400 1867 472; x_wconf 80' lang='lat' dir='ltr'>HUMBEBTUS</span> <span class='ocrx_word' id='word_1_3' title='bbox 1915 409 1983 468; x_wconf 89' lang='lat' dir='ltr'>S.</span> <span class='ocrx_word' id='word_1_4' title='bbox 2029 404 2104 469; x_wconf 72' lang='grc' dir='ltr'><strong>Η.</strong></span> <span class='ocrx_word' id='word_1_5' title='bbox 2149 402 2220 468; x_wconf 83' lang='grc' dir='ltr'>Ε.</span> <span class='ocrx_word' id='word_1_6' title='bbox 2268 394 2759 468; x_wconf 80' lang='lat' dir='ltr'>CARDINALIS.</span> 
     </span>
    </p>
   </div>
   <div class='ocr_carea' id='block_1_3' title="bbox 3692 388 3828 454">
    <p class='ocr_par' dir='ltr' id='par_1_3' title="bbox 3692 388 3828 454">
     <span class='ocr_line' id='line_1_3' title="bbox 3692 388 3828 454; baseline 0.029 -4"><span class='ocrx_word' id='word_1_7' title='bbox 3692 388 3828 454; x_wconf 66' lang='lat' dir='ltr'>1W</span> 
     </span>
    </p>
   </div>
   <div class='ocr_carea' id='block_1_4' title="bbox 369 519 3825 614">
    <p class='ocr_par' dir='ltr' id='par_1_4' title="bbox 369 519 3825 614">
     <span class='ocr_line' id='line_1_4' title="bbox 369 519 3825 614; baseline -0.007 -12"><span class='ocrx_word' id='word_1_8' title='bbox 369 548 489 602; x_wconf 92' lang='lat' dir='ltr'>toto</span> <span class='ocrx_word' id='word_1_9' title='bbox 511 543 636 614; x_wconf 87' lang='lat' dir='ltr'>jam</span> <span class='ocrx_word' id='word_1_10' title='bbox 668 557 784 598; x_wconf 91' lang='lat' dir='ltr'>non</span> <span class='ocrx_word' id='word_1_11' title='bbox 820 540 1254 607; x_wconf 82' lang='lat' dir='ltr'>exterminatur,</span> <span class='ocrx_word' id='word_1_12' title='bbox 1286 540 1425 611; x_wconf 83' lang='lat' dir='ltr'>quia</span> <span class='ocrx_word' id='word_1_13' title='bbox 1454 545 1586 611; x_wconf 90' lang='lat' dir='ltr'>post</span> <span class='ocrx_word' id='word_1_14' title='bbox 1609 538 2009 611; x_wconf 80' lang='lat' dir='ltr'>paenitentiam</span> <span class='ocrx_word' id='word_1_15' title='bbox 2036 538 2093 606; x_wconf 81' lang='grc' dir='ltr'>Α</span> <span class='ocrx_word' id='word_1_16' title='bbox 2122 542 2322 593; x_wconf 89' lang='lat' dir='ltr'>contra</span> <span class='ocrx_word' id='word_1_17' title='bbox 2343 537 2443 591; x_wconf 87' lang='lat' dir='ltr'>Dei</span> <span class='ocrx_word' id='word_1_18' title='bbox 2474 533 2790 590; x_wconf 79' lang='lat' dir='ltr'>Ecclesium</span> <span class='ocrx_word' id='word_1_19' title='bbox 2812 528 3106 586; x_wconf 81' lang='lat' dir='ltr'>diabolica</span> <span class='ocrx_word' id='word_1_20' title='bbox 3128 519 3543 614; x_wconf 84' lang='lat' dir='ltr'>plantatione</span> <span class='ocrx_word' id='word_1_21' title='bbox 3562 523 3825 594; x_wconf 78' lang='lat' dir='ltr'>suscepit</span> 
     </span>
    </p>
   </div>
   <div class='ocr_carea' id='block_1_5' title="bbox 370 628 2006 688">
    <p class='ocr_par' dir='ltr' id='par_1_5' title="bbox 370 628 2006 688">
     <span class='ocr_line' id='line_1_5' title="bbox 370 628 2006 688; baseline -0.003 0"><span class='ocrx_word' id='word_1_22' title='bbox 370 648 542 688; x_wconf 90' lang='lat' dir='ltr'>nemo</span> <span class='ocrx_word' id='word_1_23' title='bbox 575 631 642 687; x_wconf 87' lang='lat' dir='ltr'>ad</span> <span class='ocrx_word' id='word_1_24' title='bbox 680 629 1138 686; x_wconf 89' lang='lat' dir='ltr'>ecclesiasticum</span> <span class='ocrx_word' id='word_1_25' title='bbox 1170 633 1257 684; x_wconf 91' lang='lat' dir='ltr'>est</span> <span class='ocrx_word' id='word_1_26' title='bbox 1277 628 1676 684; x_wconf 85' lang='lat' dir='ltr'>admittendus</span> <span class='ocrx_word' id='word_1_27' title='bbox 1706 628 2006 683; x_wconf 87' lang='lat' dir='ltr'>honorem.</span> 
     </span>
    </p>
   </div>
   <div class='ocr_carea' id='block_1_6' title="bbox 369 714 2009 791">
    <p class='ocr_par' dir='ltr' id='par_1_6' title="bbox 369 714 2009 791">
     <span class='ocr_line' id='line_1_6' title="bbox 369 714 2009 791; baseline -0.005 -15"><span class='ocrx_word' id='word_1_28' title='bbox 369 719 561 776; x_wconf 86' lang='lat' dir='ltr'>Claret</span> <span class='ocrx_word' id='word_1_29' title='bbox 588 734 724 791; x_wconf 90' lang='lat' dir='ltr'>ergo</span> <span class='ocrx_word' id='word_1_30' title='bbox 771 717 1077 791; x_wconf 83' lang='lat' dir='ltr'>dupliciter</span> <span class='ocrx_word' id='word_1_31' title='bbox 1124 733 1221 773; x_wconf 90' lang='lat' dir='ltr'>eos</span> <span class='ocrx_word' id='word_1_32' title='bbox 1249 714 1448 787; x_wconf 86' lang='lat' dir='ltr'>repelli</span> <span class='ocrx_word' id='word_1_33' title='bbox 1479 715 1580 786; x_wconf 88' lang='lat' dir='ltr'>qui</span> <span class='ocrx_word' id='word_1_34' title='bbox 1621 716 1692 770; x_wconf 92' lang='lat' dir='ltr'>ab</span> <span class='ocrx_word' id='word_1_35' title='bbox 1723 714 2009 770; x_wconf 68' lang='lat' dir='ltr'>haereticis</span> 
     </span>
    </p>
   </div>
   <div class='ocr_carea' id='block_1_7' title="bbox 369 804 2008 880">
    <p class='ocr_par' dir='ltr' id='par_1_7' title="bbox 369 804 2008 880">
     <span class='ocr_line' id='line_1_7' title="bbox 369 804 2008 880; baseline -0.004 -15"><span class='ocrx_word' id='word_1_36' title='bbox 369 807 824 880; x_wconf 88' lang='lat' dir='ltr'>comprobantur</span> <span class='ocrx_word' id='word_1_37' title='bbox 836 805 1082 860; x_wconf 85' lang='lat' dir='ltr'>ordinati</span> <span class='ocrx_word' id='word_1_38' title='bbox 1104 805 1322 860; x_wconf 89' lang='lat' dir='ltr'>scilicet</span> <span class='ocrx_word' id='word_1_39' title='bbox 1344 804 1481 876; x_wconf 90' lang='lat' dir='ltr'>quia</span> <span class='ocrx_word' id='word_1_40' title='bbox 1502 804 1636 859; x_wconf 88' lang='lat' dir='ltr'>facti</span> <span class='ocrx_word' id='word_1_41' title='bbox 1655 807 1792 859; x_wconf 88' lang='lat' dir='ltr'>sunt</span> <span class='ocrx_word' id='word_1_42' title='bbox 1807 819 2008 858; x_wconf 90' lang='lat' dir='ltr'>eorum</span> 
     </span>
    </p>
   </div>
   <div class='ocr_carea' id='block_1_8' title="bbox 373 891 2011 969">
    <p class='ocr_par' dir='ltr' id='par_1_8' title="bbox 373 891 2011 969">
     <span class='ocr_line' id='line_1_8' title="bbox 373 891 2011 969; baseline -0.004 -18"><span class='ocrx_word' id='word_1_43' title='bbox 373 895 706 969; x_wconf 87' lang='lat' dir='ltr'>participes,</span> <span class='ocrx_word' id='word_1_44' title='bbox 767 897 823 948; x_wconf 91' lang='lat' dir='ltr'>et</span> <span class='ocrx_word' id='word_1_45' title='bbox 879 892 1019 964; x_wconf 87' lang='lat' dir='ltr'>quia</span> <span class='ocrx_word' id='word_1_46' title='bbox 1048 892 1414 964; x_wconf 87' lang='lat' dir='ltr'>poenitentes.</span> <span class='ocrx_word' id='word_1_47' title='bbox 1457 891 1619 947; x_wconf 88' lang='lat' dir='ltr'>Unde</span> <span class='ocrx_word' id='word_1_48' title='bbox 1649 891 2011 963; x_wconf 90' lang='lat' dir='ltr'>perpendant</span> 
     </span>
    </p>
   </div>
   <div class='ocr_carea' id='block_1_9' title="bbox 368 978 2011 1055">
    <p class='ocr_par' dir='ltr' id='par_1_9' title="bbox 368 978 2011 1055">
     <span class='ocr_line' id='line_1_9' title="bbox 368 978 2011 1055; baseline -0.004 -16"><span class='ocrx_word' id='word_1_49' title='bbox 368 987 650 1055; x_wconf 89' lang='lat' dir='ltr'>quantam</span> <span class='ocrx_word' id='word_1_50' title='bbox 695 981 924 1036; x_wconf 91' lang='lat' dir='ltr'>ruinam</span> <span class='ocrx_word' id='word_1_51' title='bbox 972 979 1344 1049; x_wconf 90' lang='lat' dir='ltr'>incurrerint,</span> <span class='ocrx_word' id='word_1_52' title='bbox 1403 978 1617 1051; x_wconf 83' lang='lat' dir='ltr'>quibus</span> <span class='ocrx_word' id='word_1_53' title='bbox 1657 979 1832 1034; x_wconf 90' lang='lat' dir='ltr'>etiam</span> <span class='ocrx_word' id='word_1_54' title='bbox 1881 978 2011 1050; x_wconf 88' lang='lat' dir='ltr'>ipsa</span> 
     </span>
    </p>
   </div>
   <div class='ocr_carea' id='block_1_10' title="bbox 365 1066 2010 1141">
    <p class='ocr_par' dir='ltr' id='par_1_10' title="bbox 365 1066 2010 1141">
     <span class='ocr_line' id='line_1_10' title="bbox 365 1066 2010 1141; baseline -0.004 -14"><span class='ocrx_word' id='word_1_55' title='bbox 365 1071 677 1136; x_wconf 85' lang='lat' dir='ltr'>medicina,</span> <span class='ocrx_word' id='word_1_56' title='bbox 710 1070 768 1124; x_wconf 90' lang='lat' dir='ltr'>id</span> <span class='ocrx_word' id='word_1_57' title='bbox 800 1072 889 1123; x_wconf 90' lang='lat' dir='ltr'>est</span> <span class='ocrx_word' id='word_1_58' title='bbox 920 1068 1280 1141; x_wconf 64' lang='lat' dir='ltr'>paenitentia,</span> <span class='ocrx_word' id='word_1_59' title='bbox 1316 1084 1388 1123; x_wconf 91' lang='lat' dir='ltr'>ne</span> <span class='ocrx_word' id='word_1_60' title='bbox 1420 1068 1491 1123; x_wconf 84' lang='lat' dir='ltr'>ad</span> <span class='ocrx_word' id='word_1_61' title='bbox 1515 1067 1797 1123; x_wconf 87' lang='lat' dir='ltr'>honorem</span> <span class='ocrx_word' id='word_1_62' title='bbox 1830 1066 2010 1122; x_wconf 83' lang='lat' dir='ltr'>eccle-</span> 
     </span>
    </p>
   </div>
   <div class='ocr_carea' id='block_1_11' title="bbox 366 1155 2007 1228">
    <p class='ocr_par' dir='ltr' id='par_1_11' title="bbox 366 1155 2007 1228">
     <span class='ocr_line' id='line_1_11' title="bbox 366 1155 2007 1228; baseline -0.003 -13"><span class='ocrx_word' id='word_1_63' title='bbox 366 1158 667 1215; x_wconf 88' lang='lat' dir='ltr'>siastieum</span> <span class='ocrx_word' id='word_1_64' title='bbox 691 1156 949 1228; x_wconf 85' lang='lat' dir='ltr'>aspirare</span> <span class='ocrx_word' id='word_1_65' title='bbox 977 1155 1228 1212; x_wconf 83' lang='lat' dir='ltr'>debeant</span> <span class='ocrx_word' id='word_1_66' title='bbox 1257 1156 1510 1211; x_wconf 89' lang='lat' dir='ltr'>obsistit.</span> <span class='ocrx_word' id='word_1_67' title='bbox 1555 1156 1666 1211; x_wconf 88' lang='lat' dir='ltr'>Sed</span> <span class='ocrx_word' id='word_1_68' title='bbox 1697 1172 1790 1221; x_wconf 90' lang='lat' dir='ltr'>ne,</span> <span class='ocrx_word' id='word_1_69' title='bbox 1824 1172 2007 1210; x_wconf 89' lang='lat' dir='ltr'>aucu-</span> 
     </span>
    </p>
   </div>
   <div class='ocr_carea' id='block_1_12' title="bbox 366 1243 2011 1320">
    <p class='ocr_par' dir='ltr' id='par_1_12' title="bbox 366 1243 2011 1320">
     <span class='ocr_line' id='line_1_12' title="bbox 366 1243 2011 1320; baseline -0.004 -17"><span class='ocrx_word' id='word_1_70' title='bbox 366 1251 577 1320; x_wconf 90' lang='lat' dir='ltr'>pantes</span> <span class='ocrx_word' id='word_1_71' title='bbox 605 1246 779 1301; x_wconf 91' lang='lat' dir='ltr'>verba</span> <span class='ocrx_word' id='word_1_72' title='bbox 794 1248 1024 1300; x_wconf 89' lang='lat' dir='ltr'>tantum</span> <span class='ocrx_word' id='word_1_73' title='bbox 1046 1249 1101 1299; x_wconf 92' lang='lat' dir='ltr'>et</span> <span class='ocrx_word' id='word_1_74' title='bbox 1117 1243 1476 1316; x_wconf 83' lang='lat' dir='ltr'>negligentes</span> <span class='ocrx_word' id='word_1_75' title='bbox 1499 1258 1691 1309; x_wconf 88' lang='lat' dir='ltr'>sensa,</span> <span class='ocrx_word' id='word_1_76' title='bbox 1713 1246 1919 1315; x_wconf 89' lang='lat' dir='ltr'>putent</span> <span class='ocrx_word' id='word_1_77' title='bbox 1949 1258 2011 1297; x_wconf 92' lang='lat' dir='ltr'>se</span> 
     </span>
    </p>
   </div>
   <div class='ocr_carea' id='block_1_13' title="bbox 367 1331 2011 1407">
    <p class='ocr_par' dir='ltr' id='par_1_13' title="bbox 367 1331 2011 1407">
     <span class='ocr_line' id='line_1_13' title="bbox 367 1331 2011 1407; baseline -0.004 -16"><span class='ocrx_word' id='word_1_78' title='bbox 367 1335 591 1407; x_wconf 86' lang='lat' dir='ltr'>aliquid</span> <span class='ocrx_word' id='word_1_79' title='bbox 623 1338 839 1400; x_wconf 90' lang='lat' dir='ltr'>tenere,</span> <span class='ocrx_word' id='word_1_80' title='bbox 865 1333 923 1387; x_wconf 92' lang='lat' dir='ltr'>in</span> <span class='ocrx_word' id='word_1_81' title='bbox 946 1350 1010 1388; x_wconf 93' lang='lat' dir='ltr'>eo</span> <span class='ocrx_word' id='word_1_82' title='bbox 1025 1333 1251 1404; x_wconf 89' lang='lat' dir='ltr'>quodin</span> <span class='ocrx_word' id='word_1_83' title='bbox 1267 1332 1504 1404; x_wconf 64' lang='lat' dir='ltr'>przefato</span> <span class='ocrx_word' id='word_1_84' title='bbox 1531 1331 2011 1403; x_wconf 89' lang='lat' dir='ltr'>capitulolegitur</span> 
     </span>
    </p>
   </div>
   <div class='ocr_carea' id='block_1_14' title="bbox 366 1420 2008 1495">
    <p class='ocr_par' dir='ltr' id='par_1_14' title="bbox 366 1420 2008 1495">
     <span class='ocr_line' id='line_1_14' title="bbox 366 1420 2008 1495; baseline -0.004 -15"><span class='ocrx_word' id='word_1_85' title='bbox 366 1441 500 1480; x_wconf 90' lang='lat' dir='ltr'>eum</span> <span class='ocrx_word' id='word_1_86' title='bbox 533 1424 631 1495; x_wconf 90' lang='lat' dir='ltr'>qui</span> <span class='ocrx_word' id='word_1_87' title='bbox 662 1423 943 1478; x_wconf 90' lang='lat' dir='ltr'>honorem</span> <span class='ocrx_word' id='word_1_88' title='bbox 969 1421 1169 1476; x_wconf 89' lang='lat' dir='ltr'>amisit</span> <span class='ocrx_word' id='word_1_89' title='bbox 1198 1420 1478 1476; x_wconf 88' lang='lat' dir='ltr'>honorem</span> <span class='ocrx_word' id='word_1_90' title='bbox 1504 1420 1643 1475; x_wconf 89' lang='lat' dir='ltr'>dare</span> <span class='ocrx_word' id='word_1_91' title='bbox 1674 1437 1789 1477; x_wconf 89' lang='lat' dir='ltr'>non</span> <span class='ocrx_word' id='word_1_92' title='bbox 1815 1436 2008 1491; x_wconf 88' lang='lat' dir='ltr'>posse,</span> 
     </span>
    </p>
   </div>
   <div class='ocr_carea' id='block_1_15' title="bbox 364 1508 2011 1583">
    <p class='ocr_par' dir='ltr' id='par_1_15' title="bbox 364 1508 2011 1583">
     <span class='ocr_line' id='line_1_15' title="bbox 364 1508 2011 1583; baseline -0.004 -16"><span class='ocrx_word' id='word_1_93' title='bbox 364 1515 421 1568; x_wconf 91' lang='lat' dir='ltr'>et</span> <span class='ocrx_word' id='word_1_94' title='bbox 451 1512 551 1582; x_wconf 91' lang='lat' dir='ltr'>qui</span> <span class='ocrx_word' id='word_1_95' title='bbox 586 1511 875 1583; x_wconf 87' lang='lat' dir='ltr'>particeps</span> <span class='ocrx_word' id='word_1_96' title='bbox 906 1510 1091 1564; x_wconf 86' lang='lat' dir='ltr'>factus</span> <span class='ocrx_word' id='word_1_97' title='bbox 1120 1512 1208 1564; x_wconf 91' lang='lat' dir='ltr'>est</span> <span class='ocrx_word' id='word_1_98' title='bbox 1237 1509 1534 1577; x_wconf 90' lang='lat' dir='ltr'>damnato,</span> <span class='ocrx_word' id='word_1_99' title='bbox 1589 1509 1755 1579; x_wconf 87' lang='lat' dir='ltr'>quasi</span> <span class='ocrx_word' id='word_1_100' title='bbox 1788 1508 2011 1562; x_wconf 88' lang='lat' dir='ltr'>dictum</span> 
     </span>
    </p>
   </div>
   <div class='ocr_carea' id='block_1_16' title="bbox 370 1595 2011 1669">
    <p class='ocr_par' dir='ltr' id='par_1_16' title="bbox 370 1595 2011 1669">
     <span class='ocr_line' id='line_1_16' title="bbox 370 1595 2011 1669; baseline -0.003 -15"><span class='ocrx_word' id='word_1_101' title='bbox 370 1600 446 1654; x_wconf 89' lang='lat' dir='ltr'>sit</span> <span class='ocrx_word' id='word_1_102' title='bbox 472 1600 546 1653; x_wconf 85' lang='lat' dir='ltr'>de</span> <span class='ocrx_word' id='word_1_103' title='bbox 580 1597 679 1653; x_wconf 88' lang='lat' dir='ltr'>illo</span> <span class='ocrx_word' id='word_1_104' title='bbox 727 1596 827 1669; x_wconf 86' lang='lat' dir='ltr'>qui</span> <span class='ocrx_word' id='word_1_105' title='bbox 853 1597 1145 1668; x_wconf 86' lang='lat' dir='ltr'>quondam</span> <span class='ocrx_word' id='word_1_106' title='bbox 1178 1596 1456 1651; x_wconf 90' lang='lat' dir='ltr'>honorem</span> <span class='ocrx_word' id='word_1_107' title='bbox 1490 1595 1695 1650; x_wconf 87' lang='lat' dir='ltr'>habuit</span> <span class='ocrx_word' id='word_1_108' title='bbox 1722 1600 1780 1650; x_wconf 87' lang='lat' dir='ltr'>et</span> <span class='ocrx_word' id='word_1_109' title='bbox 1810 1599 2011 1667; x_wconf 90' lang='lat' dir='ltr'>postea</span> 
     </span>
    </p>
   </div>
   <div class='ocr_carea' id='block_1_17' title="bbox 371 1682 2012 1757">
    <p class='ocr_par' dir='ltr' id='par_1_17' title="bbox 371 1682 2012 1757">
     <span class='ocr_line' id='line_1_17' title="bbox 371 1682 2012 1757; baseline -0.004 -15"><span class='ocrx_word' id='word_1_110' title='bbox 371 1687 655 1753; x_wconf 88' lang='lat' dir='ltr'>amiserit,</span> <span class='ocrx_word' id='word_1_111' title='bbox 681 1685 770 1740; x_wconf 86' lang='lat' dir='ltr'>vel</span> <span class='ocrx_word' id='word_1_112' title='bbox 803 1686 902 1756; x_wconf 91' lang='lat' dir='ltr'>qui</span> <span class='ocrx_word' id='word_1_113' title='bbox 930 1685 1225 1757; x_wconf 89' lang='lat' dir='ltr'>quondam</span> <span class='ocrx_word' id='word_1_114' title='bbox 1251 1684 1595 1757; x_wconf 83' lang='lat' dir='ltr'>regulariter</span> <span class='ocrx_word' id='word_1_115' title='bbox 1619 1682 1922 1738; x_wconf 89' lang='lat' dir='ltr'>ordinatus</span> <span class='ocrx_word' id='word_1_116' title='bbox 1953 1686 2012 1737; x_wconf 92' lang='lat' dir='ltr'>ot</span> 
     </span>
    </p>
   </div>
   <div class='ocr_carea' id='block_1_18' title="bbox 370 1771 2011 1848">
    <p class='ocr_par' dir='ltr' id='par_1_18' title="bbox 370 1771 2011 1848">
     <span class='ocr_line' id='line_1_18' title="bbox 370 1771 2011 1848; baseline -0.004 -17"><span class='ocrx_word' id='word_1_117' title='bbox 370 1779 572 1848; x_wconf 88' lang='lat' dir='ltr'>postea</span> <span class='ocrx_word' id='word_1_118' title='bbox 603 1774 914 1829; x_wconf 88' lang='lat' dir='ltr'>damnatus</span> <span class='ocrx_word' id='word_1_119' title='bbox 932 1772 1132 1842; x_wconf 91' lang='lat' dir='ltr'>ruerit,</span> <span class='ocrx_word' id='word_1_120' title='bbox 1155 1776 1474 1844; x_wconf 87' lang='lat' dir='ltr'>agnoscant</span> <span class='ocrx_word' id='word_1_121' title='bbox 1496 1789 1609 1826; x_wconf 90' lang='lat' dir='ltr'>non</span> <span class='ocrx_word' id='word_1_122' title='bbox 1633 1771 1714 1826; x_wconf 90' lang='lat' dir='ltr'>sic</span> <span class='ocrx_word' id='word_1_123' title='bbox 1730 1771 2011 1842; x_wconf 89' lang='lat' dir='ltr'>accipien-</span> 
     </span>
    </p>
   </div>
   <div class='ocr_carea' id='block_1_19' title="bbox 370 1859 2006 1931">
    <p class='ocr_par' dir='ltr' id='par_1_19' title="bbox 370 1859 2006 1931">
     <span class='ocr_line' id='line_1_19' title="bbox 370 1859 2006 1931; baseline -0.003 -12"><span class='ocrx_word' id='word_1_124' title='bbox 370 1865 510 1919; x_wconf 86' lang='lat' dir='ltr'>dum</span> <span class='ocrx_word' id='word_1_125' title='bbox 541 1879 609 1917; x_wconf 81' lang='lat' dir='ltr'>ex</span> <span class='ocrx_word' id='word_1_126' title='bbox 638 1861 767 1917; x_wconf 91' lang='lat' dir='ltr'>aliis</span> <span class='ocrx_word' id='word_1_127' title='bbox 798 1861 1007 1916; x_wconf 87' lang='lat' dir='ltr'>divinis</span> <span class='ocrx_word' id='word_1_128' title='bbox 1033 1860 1380 1931; x_wconf 89' lang='lat' dir='ltr'>Scripturis;</span> <span class='ocrx_word' id='word_1_129' title='bbox 1417 1861 1516 1914; x_wconf 93' lang='lat' dir='ltr'>sed</span> <span class='ocrx_word' id='word_1_130' title='bbox 1536 1859 1677 1930; x_wconf 88' lang='lat' dir='ltr'>quia</span> <span class='ocrx_word' id='word_1_131' title='bbox 1695 1859 1892 1916; x_wconf 86' lang='lat' dir='ltr'>amisit</span> <span class='ocrx_word' id='word_1_132' title='bbox 1907 1859 2006 1914; x_wconf 90' lang='lat' dir='ltr'>ubi</span> 
     </span>
    </p>
   </div>
   <div class='ocr_carea' id='block_1_20' title="bbox 370 1946 2009 2019">
    <p class='ocr_par' dir='ltr' id='par_1_20' title="bbox 370 1946 2009 2019">
     <span class='ocr_line' id='line_1_20' title="bbox 370 1946 2009 2019; baseline -0.003 -14"><span class='ocrx_word' id='word_1_133' title='bbox 370 1950 696 2005; x_wconf 88' lang='lat' dir='ltr'>inordinate</span> <span class='ocrx_word' id='word_1_134' title='bbox 727 1949 1006 2003; x_wconf 86' lang='lat' dir='ltr'>honorem</span> <span class='ocrx_word' id='word_1_135' title='bbox 1030 1948 1292 2019; x_wconf 81' lang='lat' dir='ltr'>accipere</span> <span class='ocrx_word' id='word_1_136' title='bbox 1321 1946 1605 2018; x_wconf 74' lang='lat' dir='ltr'>qumsivit,</span> <span class='ocrx_word' id='word_1_137' title='bbox 1628 1947 2009 2017; x_wconf 88' lang='lat' dir='ltr'>ibiquedam-</span> 
     </span>
    </p>
   </div>
   <div class='ocr_carea' id='block_1_21' title="bbox 371 2032 2013 2101">
    <p class='ocr_par' dir='ltr' id='par_1_21' title="bbox 371 2032 2013 2101">
     <span class='ocr_line' id='line_1_21' title="bbox 371 2032 2013 2101; baseline -0.004 -8"><span class='ocrx_word' id='word_1_138' title='bbox 371 2043 541 2093; x_wconf 85' lang='lat' dir='ltr'>natus</span> <span class='ocrx_word' id='word_1_139' title='bbox 579 2037 820 2101; x_wconf 83' lang='lat' dir='ltr'>exstitit,</span> <span class='ocrx_word' id='word_1_140' title='bbox 840 2036 938 2089; x_wconf 90' lang='lat' dir='ltr'>ubi</span> <span class='ocrx_word' id='word_1_141' title='bbox 969 2035 1280 2090; x_wconf 61' lang='lat' dir='ltr'>hmreticus</span> <span class='ocrx_word' id='word_1_142' title='bbox 1298 2034 1421 2090; x_wconf 77' lang='lat' dir='ltr'>fieri</span> <span class='ocrx_word' id='word_1_143' title='bbox 1447 2052 1560 2088; x_wconf 91' lang='lat' dir='ltr'>non</span> <span class='ocrx_word' id='word_1_144' title='bbox 1590 2033 1805 2089; x_wconf 83' lang='lat' dir='ltr'>timuit.</span> <span class='ocrx_word' id='word_1_145' title='bbox 1840 2032 2013 2089; x_wconf 86' lang='lat' dir='ltr'>Velut</span> 
     </span>
    </p>
   </div>
   <div class='ocr_carea' id='block_1_22' title="bbox 369 2121 2007 2197">
    <p class='ocr_par' dir='ltr' id='par_1_22' title="bbox 369 2121 2007 2197">
     <span class='ocr_line' id='line_1_22' title="bbox 369 2121 2007 2197; baseline -0.004 -16"><span class='ocrx_word' id='word_1_146' title='bbox 369 2125 700 2197; x_wconf 90' lang='lat' dir='ltr'>accipiendo</span> <span class='ocrx_word' id='word_1_147' title='bbox 752 2123 907 2178; x_wconf 92' lang='lat' dir='ltr'>enim</span> <span class='ocrx_word' id='word_1_148' title='bbox 958 2123 1173 2190; x_wconf 89' lang='lat' dir='ltr'>amisit,</span> <span class='ocrx_word' id='word_1_149' title='bbox 1204 2128 1305 2178; x_wconf 87' lang='lat' dir='ltr'>aut</span> <span class='ocrx_word' id='word_1_150' title='bbox 1347 2129 1499 2178; x_wconf 89' lang='lat' dir='ltr'>certe</span> <span class='ocrx_word' id='word_1_151' title='bbox 1524 2123 1838 2177; x_wconf 90' lang='lat' dir='ltr'>damnatus</span> <span class='ocrx_word' id='word_1_152' title='bbox 1871 2121 2007 2190; x_wconf 84' lang='lat' dir='ltr'>fuit,</span> 
     </span>
    </p>
   </div>
   <div class='ocr_carea' id='block_1_23' title="bbox 370 2208 2006 2285">
    <p class='ocr_par' dir='ltr' id='par_1_23' title="bbox 370 2208 2006 2285">
     <span class='ocr_line' id='line_1_23' title="bbox 370 2208 2006 2285; baseline -0.004 -17"><span class='ocrx_word' id='word_1_153' title='bbox 370 2214 507 2285; x_wconf 86' lang='lat' dir='ltr'>quia</span> <span class='ocrx_word' id='word_1_154' title='bbox 536 2230 608 2268; x_wconf 89' lang='lat' dir='ltr'>ne</span> <span class='ocrx_word' id='word_1_155' title='bbox 637 2213 911 2283; x_wconf 89' lang='lat' dir='ltr'>deinceps</span> <span class='ocrx_word' id='word_1_156' title='bbox 940 2212 1219 2266; x_wconf 84' lang='lat' dir='ltr'>honorem</span> <span class='ocrx_word' id='word_1_157' title='bbox 1258 2210 1715 2266; x_wconf 88' lang='lat' dir='ltr'>ecclesiasticum</span> <span class='ocrx_word' id='word_1_158' title='bbox 1745 2208 2006 2280; x_wconf 90' lang='lat' dir='ltr'>accipere</span> 
     </span>
    </p>
   </div>
   <div class='ocr_carea' id='block_1_24' title="bbox 371 2297 2008 2373">
    <p class='ocr_par' dir='ltr' id='par_1_24' title="bbox 371 2297 2008 2373">
     <span class='ocr_line' id='line_1_24' title="bbox 371 2297 2008 2373; baseline -0.004 -16"><span class='ocrx_word' id='word_1_159' title='bbox 371 2303 557 2373; x_wconf 83' lang='lat' dir='ltr'>possit</span> <span class='ocrx_word' id='word_1_160' title='bbox 588 2300 923 2371; x_wconf 88' lang='lat' dir='ltr'>promeruit,</span> <span class='ocrx_word' id='word_1_161' title='bbox 976 2300 1302 2353; x_wconf 90' lang='lat' dir='ltr'>secundum</span> <span class='ocrx_word' id='word_1_162' title='bbox 1333 2299 1485 2370; x_wconf 90' lang='lat' dir='ltr'>quod</span> <span class='ocrx_word' id='word_1_163' title='bbox 1521 2298 1833 2353; x_wconf 87' lang='lat' dir='ltr'>Psalmista</span> <span class='ocrx_word' id='word_1_164' title='bbox 1884 2297 1963 2352; x_wconf 87' lang='lat' dir='ltr'>ait</span> <span class='ocrx_word' id='word_1_165' title='bbox 1996 2314 2008 2351; x_wconf 91' lang='lat'>:</span> 
     </span>
    </p>
   </div>
   <div class='ocr_carea' id='block_1_25' title="bbox 373 2386 2012 2459">
    <p class='ocr_par' dir='ltr' id='par_1_25' title="bbox 373 2386 2012 2459">
     <span class='ocr_line' id='line_1_25' title="bbox 373 2386 2012 2459; baseline -0.001 -21"><span class='ocrx_word' id='word_1_166' title='bbox 373 2411 401 2438; x_wconf 88' lang='lat'><strong>«</strong></span> <span class='ocrx_word' id='word_1_167' title='bbox 435 2388 836 2459; x_wconf 84' lang='lat' dir='ltr'>Dejecistieos,</span> <span class='ocrx_word' id='word_1_168' title='bbox 863 2389 1003 2441; x_wconf 91' lang='lat' dir='ltr'>dum</span> <span class='ocrx_word' id='word_1_169' title='bbox 1037 2386 1424 2441; x_wconf 88' lang='lat' dir='ltr'>allevarentur</span> <span class='ocrx_word' id='word_1_170' title='bbox 1446 2387 1617 2457; x_wconf 73' lang='lat' dir='ltr'>(Psal.</span> <span class='ocrx_word' id='word_1_171' title='bbox 1649 2403 1819 2453; x_wconf 82' lang='lat' dir='ltr'>Lxxu,</span> <span class='ocrx_word' id='word_1_172' title='bbox 1845 2387 1953 2455; x_wconf 86' lang='lat'>18).</span> <span class='ocrx_word' id='word_1_173' title='bbox 1980 2403 2012 2436; x_wconf 87' lang='lat'><strong><em>«</em></strong></span> 
     </span>
    </p>
   </div>
   <div class='ocr_carea' id='block_1_26' title="bbox 373 2472 2014 2545">
    <p class='ocr_par' dir='ltr' id='par_1_26' title="bbox 373 2472 2014 2545">
     <span class='ocr_line' id='line_1_26' title="bbox 373 2472 2014 2545; baseline -0.002 -14"><span class='ocrx_word' id='word_1_174' title='bbox 373 2476 501 2531; x_wconf 92' lang='lat' dir='ltr'>Non</span> <span class='ocrx_word' id='word_1_175' title='bbox 531 2476 686 2530; x_wconf 89' lang='lat' dir='ltr'>enim</span> <span class='ocrx_word' id='word_1_176' title='bbox 719 2475 799 2530; x_wconf 89' lang='lat' dir='ltr'>ait</span> <span class='ocrx_word' id='word_1_177' title='bbox 827 2474 1087 2545; x_wconf 84' lang='lat' dir='ltr'>dejecisti</span> <span class='ocrx_word' id='word_1_178' title='bbox 1119 2491 1217 2529; x_wconf 89' lang='lat' dir='ltr'>eos</span> <span class='ocrx_word' id='word_1_179' title='bbox 1256 2478 1565 2545; x_wconf 89' lang='lat' dir='ltr'>postquam</span> <span class='ocrx_word' id='word_1_180' title='bbox 1610 2472 1812 2528; x_wconf 89' lang='lat' dir='ltr'>elevati</span> <span class='ocrx_word' id='word_1_181' title='bbox 1853 2475 2014 2540; x_wconf 87' lang='lat' dir='ltr'>sunt,</span> 
     </span>
    </p>
   </div>
   <div class='ocr_carea' id='block_1_27' title="bbox 379 2563 1059 2621">
    <p class='ocr_par' dir='ltr' id='par_1_27' title="bbox 379 2563 1059 2621">
     <span class='ocr_line' id='line_1_27' title="bbox 379 2563 1059 2621; baseline -0.004 -2"><span class='ocrx_word' id='word_1_182' title='bbox 379 2565 480 2621; x_wconf 90' lang='lat' dir='ltr'>sed</span> <span class='ocrx_word' id='word_1_183' title='bbox 515 2580 647 2618; x_wconf 92' lang='lat' dir='ltr'>cum</span> <span class='ocrx_word' id='word_1_184' title='bbox 679 2563 1059 2618; x_wconf 88' lang='lat' dir='ltr'>elevarentur.</span> 
     </span>
    </p>
   </div>
   <div class='ocr_carea' id='block_1_28' title="bbox 973 2650 1397 2706">
    <p class='ocr_par' dir='ltr' id='par_1_28' title="bbox 973 2650 1397 2706">
     <span class='ocr_line' id='line_1_28' title="bbox 973 2650 1397 2706; baseline -0.007 0"><span class='ocrx_word' id='word_1_185' title='bbox 973 2650 1202 2706; x_wconf 85' lang='lat' dir='ltr'>CAPUT</span> <span class='ocrx_word' id='word_1_186' title='bbox 1256 2650 1397 2704; x_wconf 84' lang='lat' dir='ltr'>XIII.</span> 
     </span>
    </p>
   </div>
   <div class='ocr_carea' id='block_1_29' title="bbox 443 2736 2012 2812">
    <p class='ocr_par' dir='ltr' id='par_1_29' title="bbox 443 2736 2012 2812">
     <span class='ocr_line' id='line_1_29' title="bbox 443 2736 2012 2812; baseline -0.003 -16"><span class='ocrx_word' id='word_1_187' title='bbox 443 2741 652 2796; x_wconf 89' lang='lat' dir='ltr'>Beatus</span> <span class='ocrx_word' id='word_1_188' title='bbox 684 2756 914 2812; x_wconf 89' lang='lat' dir='ltr'>quoque</span> <span class='ocrx_word' id='word_1_189' title='bbox 941 2738 1252 2810; x_wconf 85' lang='lat' dir='ltr'>Gregorius</span> <span class='ocrx_word' id='word_1_190' title='bbox 1289 2737 1347 2792; x_wconf 91' lang='lat' dir='ltr'>in</span> <span class='ocrx_word' id='word_1_191' title='bbox 1381 2736 1698 2792; x_wconf 86' lang='lat' dir='ltr'>Moralibus</span> <span class='ocrx_word' id='word_1_192' title='bbox 1738 2738 1807 2792; x_wconf 91' lang='lat' dir='ltr'>de</span> <span class='ocrx_word' id='word_1_193' title='bbox 1858 2741 2012 2791; x_wconf 86' lang='lat' dir='ltr'>stru-</span> 
     </span>
    </p>
   </div>
   <div class='ocr_carea' id='block_1_30' title="bbox 370 2825 2013 2900">
    <p class='ocr_par' dir='ltr' id='par_1_30' title="bbox 370 2825 2013 2900">
     <span class='ocr_line' id='line_1_30' title="bbox 370 2825 2013 2900; baseline -0.002 -16"><span class='ocrx_word' id='word_1_194' title='bbox 370 2828 591 2895; x_wconf 90' lang='lat' dir='ltr'>thione,</span> <span class='ocrx_word' id='word_1_195' title='bbox 609 2830 763 2900; x_wconf 91' lang='lat' dir='ltr'>quod</span> <span class='ocrx_word' id='word_1_196' title='bbox 799 2828 1055 2899; x_wconf 84' lang='lat' dir='ltr'>privasse</span> <span class='ocrx_word' id='word_1_197' title='bbox 1068 2844 1193 2882; x_wconf 87' lang='lat' dir='ltr'>eam</span> <span class='ocrx_word' id='word_1_198' title='bbox 1210 2827 1363 2882; x_wconf 89' lang='lat' dir='ltr'>Deus</span> <span class='ocrx_word' id='word_1_199' title='bbox 1376 2826 1798 2897; x_wconf 87' lang='lat' dir='ltr'>sapientia,nec</span> <span class='ocrx_word' id='word_1_200' title='bbox 1820 2825 2013 2880; x_wconf 86' lang='lat' dir='ltr'>dedis-</span> 
     </span>
    </p>
   </div>
   <div class='ocr_carea' id='block_1_31' title="bbox 373 2912 2007 2988">
    <p class='ocr_par' dir='ltr' id='par_1_31' title="bbox 373 2912 2007 2988">
     <span class='ocr_line' id='line_1_31' title="bbox 373 2912 2007 2988; baseline -0.004 -15"><span class='ocrx_word' id='word_1_201' title='bbox 373 2923 462 2973; x_wconf 88' lang='lat' dir='ltr'>set</span> <span class='ocrx_word' id='word_1_202' title='bbox 490 2917 573 2971; x_wconf 87' lang='lat' dir='ltr'>illi</span> <span class='ocrx_word' id='word_1_203' title='bbox 604 2916 1072 2988; x_wconf 81' lang='lat' dir='ltr'>intelligentiam,</span> <span class='ocrx_word' id='word_1_204' title='bbox 1105 2914 1348 2986; x_wconf 90' lang='lat' dir='ltr'>loquens</span> <span class='ocrx_word' id='word_1_205' title='bbox 1368 2915 1449 2969; x_wconf 89' lang='lat' dir='ltr'>ait</span> <span class='ocrx_word' id='word_1_206' title='bbox 1472 2931 1484 2969; x_wconf 91' lang='lat'>:</span> <span class='ocrx_word' id='word_1_207' title='bbox 1504 2936 1531 2963; x_wconf 89' lang='grc'><strong>‹‹</strong></span> <span class='ocrx_word' id='word_1_208' title='bbox 1556 2914 1829 2979; x_wconf 89' lang='lat' dir='ltr'>Quamvis</span> <span class='ocrx_word' id='word_1_209' title='bbox 1853 2912 2007 2968; x_wconf 87' lang='lat' dir='ltr'>aliud</span> 
     </span>
    </p>
   </div>
   <div class='ocr_carea' id='block_1_32' title="bbox 373 3001 2009 3077">
    <p class='ocr_par' dir='ltr' id='par_1_32' title="bbox 373 3001 2009 3077">
     <span class='ocr_line' id='line_1_32' title="bbox 373 3001 2009 3077; baseline -0.004 -17"><span class='ocrx_word' id='word_1_210' title='bbox 373 3007 451 3061; x_wconf 91' lang='lat' dir='ltr'>sit</span> <span class='ocrx_word' id='word_1_211' title='bbox 482 3005 727 3077; x_wconf 89' lang='lat' dir='ltr'>privare,</span> <span class='ocrx_word' id='word_1_212' title='bbox 752 3003 912 3059; x_wconf 83' lang='lat' dir='ltr'>aliud</span> <span class='ocrx_word' id='word_1_213' title='bbox 947 3020 1063 3057; x_wconf 89' lang='lat' dir='ltr'>non</span> <span class='ocrx_word' id='word_1_214' title='bbox 1082 3003 1238 3067; x_wconf 87' lang='lat' dir='ltr'>dare,</span> <span class='ocrx_word' id='word_1_215' title='bbox 1275 3002 1380 3057; x_wconf 91' lang='lat' dir='ltr'>hoc</span> <span class='ocrx_word' id='word_1_216' title='bbox 1397 3006 1593 3055; x_wconf 87' lang='lat' dir='ltr'>tamen</span> <span class='ocrx_word' id='word_1_217' title='bbox 1615 3001 1843 3073; x_wconf 88' lang='lat' dir='ltr'>repetiit</span> <span class='ocrx_word' id='word_1_218' title='bbox 1872 3002 2009 3055; x_wconf 91' lang='lat' dir='ltr'>sub-</span> 
     </span>
    </p>
   </div>
   <div class='ocr_carea' id='block_1_33' title="bbox 374 3088 2010 3162">
    <p class='ocr_par' dir='ltr' id='par_1_33' title="bbox 374 3088 2010 3162">
     <span class='ocr_line' id='line_1_33' title="bbox 374 3088 2010 3162; baseline -0.003 -14"><span class='ocrx_word' id='word_1_219' title='bbox 374 3093 562 3148; x_wconf 91' lang='lat' dir='ltr'>dendo</span> <span class='ocrx_word' id='word_1_220' title='bbox 596 3109 709 3146; x_wconf 92' lang='lat' dir='ltr'>non</span> <span class='ocrx_word' id='word_1_221' title='bbox 740 3092 914 3158; x_wconf 90' lang='lat' dir='ltr'>dedit,</span> <span class='ocrx_word' id='word_1_222' title='bbox 950 3090 1103 3162; x_wconf 88' lang='lat' dir='ltr'>quod</span> <span class='ocrx_word' id='word_1_223' title='bbox 1130 3088 1426 3160; x_wconf 61' lang='lat' dir='ltr'>pramisit,</span> <span class='ocrx_word' id='word_1_224' title='bbox 1461 3089 1719 3160; x_wconf 81' lang='lat' dir='ltr'>privavit.</span> <span class='ocrx_word' id='word_1_225' title='bbox 1739 3091 1811 3143; x_wconf 85' lang='lat' dir='ltr'>Ac</span> <span class='ocrx_word' id='word_1_226' title='bbox 1843 3088 1891 3142; x_wconf 90' lang='lat' dir='ltr'>si</span> <span class='ocrx_word' id='word_1_227' title='bbox 1923 3088 2010 3143; x_wconf 86' lang='lat' dir='ltr'>di-</span> 
     </span>
    </p>
   </div>
   <div class='ocr_carea' id='block_1_34' title="bbox 2118 613 3827 697">
    <p class='ocr_par' dir='ltr' id='par_1_34' title="bbox 2118 613 3827 697">
     <span class='ocr_line' id='line_1_34' title="bbox 2118 613 3827 697; baseline -0.008 -16"><span class='ocrx_word' id='word_1_228' title='bbox 2118 629 2174 681; x_wconf 92' lang='lat' dir='ltr'>et</span> <span class='ocrx_word' id='word_1_229' title='bbox 2202 625 2261 680; x_wconf 89' lang='lat' dir='ltr'>in</span> <span class='ocrx_word' id='word_1_230' title='bbox 2283 624 2409 697; x_wconf 91' lang='lat' dir='ltr'>ipso</span> <span class='ocrx_word' id='word_1_231' title='bbox 2441 627 2571 679; x_wconf 91' lang='lat' dir='ltr'>ortu</span> <span class='ocrx_word' id='word_1_232' title='bbox 2602 638 2709 676; x_wconf 89' lang='lat' dir='ltr'>suo</span> <span class='ocrx_word' id='word_1_233' title='bbox 2740 618 2859 675; x_wconf 87' lang='lat' dir='ltr'>zelo</span> <span class='ocrx_word' id='word_1_234' title='bbox 2876 616 3212 691; x_wconf 69' lang='lat' dir='ltr'>apostolica:</span> <span class='ocrx_word' id='word_1_235' title='bbox 3237 613 3524 673; x_wconf 87' lang='lat' dir='ltr'>ultionis</span> <span class='ocrx_word' id='word_1_236' title='bbox 3546 627 3827 686; x_wconf 70' lang='lat' dir='ltr'>percussa</span> 
     </span>
    </p>
   </div>
   <div class='ocr_carea' id='block_1_35' title="bbox 2118 701 3824 786">
    <p class='ocr_par' dir='ltr' id='par_1_35' title="bbox 2118 701 3824 786">
     <span class='ocr_line' id='line_1_35' title="bbox 2118 701 3824 786; baseline -0.007 -17"><span class='ocrx_word' id='word_1_237' title='bbox 2118 717 2291 786; x_wconf 91' lang='lat' dir='ltr'>atque</span> <span class='ocrx_word' id='word_1_238' title='bbox 2313 714 2590 769; x_wconf 84' lang='lat' dir='ltr'>damnata</span> <span class='ocrx_word' id='word_1_239' title='bbox 2610 713 2717 777; x_wconf 92' lang='lat' dir='ltr'>est,</span> <span class='ocrx_word' id='word_1_240' title='bbox 2742 708 2803 763; x_wconf 90' lang='lat' dir='ltr'>in</span> <span class='ocrx_word' id='word_1_241' title='bbox 2825 708 2989 780; x_wconf 91' lang='lat' dir='ltr'>regni</span> <span class='ocrx_word' id='word_1_242' title='bbox 3011 706 3196 764; x_wconf 86' lang='lat' dir='ltr'>vestri</span> <span class='ocrx_word' id='word_1_243' title='bbox 3220 703 3477 761; x_wconf 85' lang='lat' dir='ltr'>ﬁnibus</span> <span class='ocrx_word' id='word_1_244' title='bbox 3502 701 3824 761; x_wconf 79' lang='lat' dir='ltr'>dominari.</span> 
     </span>
    </p>
   </div>
   <div class='ocr_carea' id='block_1_36' title="bbox 2118 790 3821 868">
    <p class='ocr_par' dir='ltr' id='par_1_36' title="bbox 2118 790 3821 868">
     <span class='ocr_line' id='line_1_36' title="bbox 2118 790 3821 868; baseline -0.006 -11"><span class='ocrx_word' id='word_1_245' title='bbox 2118 802 2263 857; x_wconf 89' lang='lat' dir='ltr'>Cum</span> <span class='ocrx_word' id='word_1_246' title='bbox 2295 801 2355 856; x_wconf 92' lang='lat' dir='ltr'>in</span> <span class='ocrx_word' id='word_1_247' title='bbox 2387 798 2787 857; x_wconf 89' lang='lat' dir='ltr'>sacerdotibus</span> <span class='ocrx_word' id='word_1_248' title='bbox 2812 796 2958 852; x_wconf 85' lang='lat' dir='ltr'>ﬁdes</span> <span class='ocrx_word' id='word_1_249' title='bbox 2989 795 3070 851; x_wconf 87' lang='lat' dir='ltr'>sit</span> <span class='ocrx_word' id='word_1_250' title='bbox 3089 793 3386 868; x_wconf 89' lang='lat' dir='ltr'>eligenda</span> <span class='ocrx_word' id='word_1_251' title='bbox 3408 806 3571 848; x_wconf 89' lang='lat' dir='ltr'>cum</span> <span class='ocrx_word' id='word_1_252' title='bbox 3604 790 3753 860; x_wconf 80' lang='lat' dir='ltr'>vita,</span> <span class='ocrx_word' id='word_1_253' title='bbox 3780 791 3821 847; x_wconf 84' lang='lat' dir='ltr'>si</span> 
     </span>
    </p>
   </div>
   <div class='ocr_carea' id='block_1_37' title="bbox 2115 879 3820 957">
    <p class='ocr_par' dir='ltr' id='par_1_37' title="bbox 2115 879 3820 957">
     <span class='ocr_line' id='line_1_37' title="bbox 2115 879 3820 957; baseline -0.006 -12"><span class='ocrx_word' id='word_1_254' title='bbox 2115 890 2235 946; x_wconf 92' lang='lat' dir='ltr'>vita</span> <span class='ocrx_word' id='word_1_255' title='bbox 2267 890 2447 957; x_wconf 89' lang='lat' dir='ltr'>deest,</span> <span class='ocrx_word' id='word_1_256' title='bbox 2480 888 2628 943; x_wconf 88' lang='lat' dir='ltr'>ﬁdes</span> <span class='ocrx_word' id='word_1_257' title='bbox 2656 885 2935 943; x_wconf 89' lang='lat' dir='ltr'>meritum</span> <span class='ocrx_word' id='word_1_258' title='bbox 2965 900 3083 941; x_wconf 88' lang='lat' dir='ltr'>nan</span> <span class='ocrx_word' id='word_1_259' title='bbox 3123 883 3331 952; x_wconf 91' lang='lat' dir='ltr'>habet,</span> <span class='ocrx_word' id='word_1_260' title='bbox 3369 882 3578 938; x_wconf 86' lang='lat' dir='ltr'>beato</span> <span class='ocrx_word' id='word_1_261' title='bbox 3611 879 3820 936; x_wconf 82' lang='lat' dir='ltr'>Jacobo</span> 
     </span>
    </p>
   </div>
   <div class='ocr_carea' id='block_1_38' title="bbox 2117 972 3823 1049">
    <p class='ocr_par' dir='ltr' id='par_1_38' title="bbox 2117 972 3823 1049">
     <span class='ocr_line' id='line_1_38' title="bbox 2117 972 3823 1049; baseline -0.004 -16"><span class='ocrx_word' id='word_1_262' title='bbox 2117 981 2447 1044; x_wconf 89' lang='lat' dir='ltr'>attestante,</span> <span class='ocrx_word' id='word_1_263' title='bbox 2482 975 2583 1049; x_wconf 90' lang='lat' dir='ltr'>qui</span> <span class='ocrx_word' id='word_1_264' title='bbox 2613 975 2695 1031; x_wconf 88' lang='lat' dir='ltr'>ait</span> <span class='ocrx_word' id='word_1_265' title='bbox 2725 991 2739 1030; x_wconf 88' lang='lat'><strong>:</strong></span> <span class='ocrx_word' id='word_1_266' title='bbox 2781 973 2940 1030; x_wconf 80' lang='lat' dir='ltr'>Fides</span> <span class='ocrx_word' id='word_1_267' title='bbox 2979 975 3100 1029; x_wconf 80' lang='lat' dir='ltr'>sine</span> <span class='ocrx_word' id='word_1_268' title='bbox 3138 972 3426 1045; x_wconf 77' lang='lat' dir='ltr'>operibus</span> <span class='ocrx_word' id='word_1_269' title='bbox 3482 974 3734 1026; x_wconf 73' lang='lat' dir='ltr'>mortua</span> <span class='ocrx_word' id='word_1_270' title='bbox 3759 975 3823 1026; x_wconf 71' lang='lat' dir='ltr'>est</span> 
     </span>
    </p>
   </div>
   <div class='ocr_carea' id='block_1_39' title="bbox 2118 1059 3822 1136">
    <p class='ocr_par' dir='ltr' id='par_1_39' title="bbox 2118 1059 3822 1136">
     <span class='ocr_line' id='line_1_39' title="bbox 2118 1059 3822 1136; baseline -0.004 -15"><span class='ocrx_word' id='word_1_271' title='bbox 2118 1066 2250 1136; x_wconf 83' lang='lat' dir='ltr'>(Jac.</span> <span class='ocrx_word' id='word_1_272' title='bbox 2278 1083 2339 1132; x_wconf 78' lang='grc' dir='ltr'>ιι,</span> <span class='ocrx_word' id='word_1_273' title='bbox 2370 1064 2485 1136; x_wconf 85' lang='lat'>20).</span> <span class='ocrx_word' id='word_1_274' title='bbox 2515 1064 2649 1129; x_wconf 68' lang='lat' dir='ltr'>Quae</span> <span class='ocrx_word' id='word_1_275' title='bbox 2678 1061 2837 1119; x_wconf 91' lang='lat' dir='ltr'>enim</span> <span class='ocrx_word' id='word_1_276' title='bbox 2877 1078 3054 1136; x_wconf 89' lang='lat' dir='ltr'>opera</span> <span class='ocrx_word' id='word_1_277' title='bbox 3082 1076 3215 1118; x_wconf 87' lang='lat' dir='ltr'>esse</span> <span class='ocrx_word' id='word_1_278' title='bbox 3244 1059 3517 1118; x_wconf 82' lang='lat' dir='ltr'>valeant</span> <span class='ocrx_word' id='word_1_279' title='bbox 3547 1060 3822 1115; x_wconf 84' lang='lat' dir='ltr'>sacerdo-</span> 
     </span>
    </p>
   </div>
   <div class='ocr_carea' id='block_1_40' title="bbox 2116 1146 3818 1224">
    <p class='ocr_par' dir='ltr' id='par_1_40' title="bbox 2116 1146 3818 1224">
     <span class='ocr_line' id='line_1_40' title="bbox 2116 1146 3818 1224; baseline -0.004 -17"><span class='ocrx_word' id='word_1_280' title='bbox 2116 1154 2193 1209; x_wconf 87' lang='lat' dir='ltr'>tis</span> <span class='ocrx_word' id='word_1_281' title='bbox 2222 1152 2323 1224; x_wconf 91' lang='lat' dir='ltr'>qui</span> <span class='ocrx_word' id='word_1_282' title='bbox 2354 1152 2636 1207; x_wconf 86' lang='lat' dir='ltr'>honorem</span> <span class='ocrx_word' id='word_1_283' title='bbox 2661 1150 2810 1205; x_wconf 88' lang='lat' dir='ltr'>tanti</span> <span class='ocrx_word' id='word_1_284' title='bbox 2836 1148 3192 1206; x_wconf 88' lang='lat' dir='ltr'>sacramenti</span> <span class='ocrx_word' id='word_1_285' title='bbox 3227 1146 3656 1205; x_wconf 86' lang='lat' dir='ltr'>convincitur</span> <span class='ocrx_word' id='word_1_286' title='bbox 3685 1146 3818 1202; x_wconf 86' lang='lat' dir='ltr'>obti-</span> 
     </span>
    </p>
   </div>
   <div class='ocr_carea' id='block_1_41' title="bbox 2118 1235 3821 1312">
    <p class='ocr_par' dir='ltr' id='par_1_41' title="bbox 2118 1235 3821 1312">
     <span class='ocr_line' id='line_1_41' title="bbox 2118 1235 3821 1312; baseline -0.004 -16"><span class='ocrx_word' id='word_1_287' title='bbox 2118 1257 2254 1296; x_wconf 89' lang='lat' dir='ltr'>nere</span> <span class='ocrx_word' id='word_1_288' title='bbox 2279 1256 2381 1312; x_wconf 90' lang='lat' dir='ltr'>per</span> <span class='ocrx_word' id='word_1_289' title='bbox 2410 1239 2716 1312; x_wconf 73' lang='lat' dir='ltr'>praemium</span> <span class='ocrx_word' id='word_1_290' title='bbox 2734 1238 2762 1292; x_wconf 89' lang='lat'><strong>?</strong></span> <span class='ocrx_word' id='word_1_291' title='bbox 2777 1238 2859 1293; x_wconf 86' lang='lat' dir='ltr'><strong>Ex</strong></span> <span class='ocrx_word' id='word_1_292' title='bbox 2878 1254 2995 1310; x_wconf 88' lang='lat' dir='ltr'>qua</span> <span class='ocrx_word' id='word_1_293' title='bbox 3015 1253 3078 1294; x_wconf 89' lang='lat' dir='ltr'>re</span> <span class='ocrx_word' id='word_1_294' title='bbox 3110 1236 3312 1309; x_wconf 84' lang='lat' dir='ltr'>agitur</span> <span class='ocrx_word' id='word_1_295' title='bbox 3328 1240 3408 1292; x_wconf 86' lang='lat' dir='ltr'>ut</span> <span class='ocrx_word' id='word_1_296' title='bbox 3426 1235 3563 1307; x_wconf 86' lang='lat' dir='ltr'>ipsi</span> <span class='ocrx_word' id='word_1_297' title='bbox 3588 1251 3821 1308; x_wconf 80' lang='lat' dir='ltr'>quoque</span> 
     </span>
    </p>
   </div>
   <div class='ocr_carea' id='block_1_42' title="bbox 2119 1323 3818 1400">
    <p class='ocr_par' dir='ltr' id='par_1_42' title="bbox 2119 1323 3818 1400">
     <span class='ocr_line' id='line_1_42' title="bbox 2119 1323 3818 1400; baseline -0.002 -17"><span class='ocrx_word' id='word_1_298' title='bbox 2119 1328 2218 1400; x_wconf 91' lang='lat' dir='ltr'>qui</span> <span class='ocrx_word' id='word_1_299' title='bbox 2251 1344 2448 1384; x_wconf 90' lang='lat' dir='ltr'>sacros</span> <span class='ocrx_word' id='word_1_300' title='bbox 2478 1326 2709 1383; x_wconf 90' lang='lat' dir='ltr'>ordines</span> <span class='ocrx_word' id='word_1_301' title='bbox 2736 1330 3042 1398; x_wconf 91' lang='lat' dir='ltr'>appetunt,</span> <span class='ocrx_word' id='word_1_302' title='bbox 3087 1341 3207 1381; x_wconf 90' lang='lat' dir='ltr'>non</span> <span class='ocrx_word' id='word_1_303' title='bbox 3249 1324 3457 1379; x_wconf 88' lang='lat' dir='ltr'>vitam</span> <span class='ocrx_word' id='word_1_304' title='bbox 3495 1323 3818 1396; x_wconf 82' lang='lat' dir='ltr'>corrigere,</span> 
     </span>
    </p>
   </div>
   <div class='ocr_carea' id='block_1_43' title="bbox 2118 1411 3820 1487">
    <p class='ocr_par' dir='ltr' id='par_1_43' title="bbox 2118 1411 3820 1487">
     <span class='ocr_line' id='line_1_43' title="bbox 2118 1411 3820 1487; baseline -0.003 -15"><span class='ocrx_word' id='word_1_305' title='bbox 2118 1434 2234 1472; x_wconf 91' lang='lat' dir='ltr'>non</span> <span class='ocrx_word' id='word_1_306' title='bbox 2258 1432 2451 1473; x_wconf 87' lang='lat' dir='ltr'>mores</span> <span class='ocrx_word' id='word_1_307' title='bbox 2480 1431 2827 1487; x_wconf 90' lang='lat' dir='ltr'>componere</span> <span class='ocrx_word' id='word_1_308' title='bbox 2847 1416 3144 1483; x_wconf 87' lang='lat' dir='ltr'>studeant,</span> <span class='ocrx_word' id='word_1_309' title='bbox 3169 1414 3277 1470; x_wconf 91' lang='lat' dir='ltr'>sed</span> <span class='ocrx_word' id='word_1_310' title='bbox 3309 1411 3589 1469; x_wconf 80' lang='lat' dir='ltr'>divitias</span> <span class='ocrx_word' id='word_1_311' title='bbox 3606 1412 3820 1485; x_wconf 82' lang='lat' dir='ltr'>quibus</span> 
     </span>
    </p>
   </div>
   <div class='ocr_carea' id='block_1_44' title="bbox 2119 1500 3822 1575">
    <p class='ocr_par' dir='ltr' id='par_1_44' title="bbox 2119 1500 3822 1575">
     <span class='ocr_line' id='line_1_44' title="bbox 2119 1500 3822 1575; baseline -0.003 -15"><span class='ocrx_word' id='word_1_312' title='bbox 2119 1504 2308 1560; x_wconf 90' lang='lat' dir='ltr'>honor</span> <span class='ocrx_word' id='word_1_313' title='bbox 2338 1520 2501 1560; x_wconf 86' lang='lat' dir='ltr'>sacer</span> <span class='ocrx_word' id='word_1_314' title='bbox 2530 1503 2746 1559; x_wconf 89' lang='lat' dir='ltr'>emitur</span> <span class='ocrx_word' id='word_1_315' title='bbox 2773 1518 3148 1575; x_wconf 85' lang='lat' dir='ltr'>congregare.</span> <span class='ocrx_word' id='word_1_316' title='bbox 3183 1500 3339 1557; x_wconf 91' lang='lat' dir='ltr'>Hinc</span> <span class='ocrx_word' id='word_1_317' title='bbox 3376 1501 3456 1556; x_wconf 84' lang='lat' dir='ltr'>ﬁt</span> <span class='ocrx_word' id='word_1_318' title='bbox 3491 1502 3697 1558; x_wconf 86' lang='lat' dir='ltr'>etiam</span> <span class='ocrx_word' id='word_1_319' title='bbox 3742 1500 3822 1556; x_wconf 88' lang='lat' dir='ltr'>in-</span> 
     </span>
    </p>
   </div>
   <div class='ocr_carea' id='block_1_45' title="bbox 2120 1589 3822 1665">
    <p class='ocr_par' dir='ltr' id='par_1_45' title="bbox 2120 1589 3822 1665">
     <span class='ocr_line' id='line_1_45' title="bbox 2120 1589 3822 1665; baseline -0.002 -16"><span class='ocrx_word' id='word_1_320' title='bbox 2120 1600 2319 1649; x_wconf 85' lang='lat' dir='ltr'>sontes</span> <span class='ocrx_word' id='word_1_321' title='bbox 2351 1598 2407 1649; x_wconf 91' lang='lat' dir='ltr'>et</span> <span class='ocrx_word' id='word_1_322' title='bbox 2436 1606 2719 1665; x_wconf 76' lang='lat' dir='ltr'>pauperes</span> <span class='ocrx_word' id='word_1_323' title='bbox 2741 1609 2775 1646; x_wconf 91' lang='lat' dir='ltr'>a</span> <span class='ocrx_word' id='word_1_324' title='bbox 2794 1591 2978 1647; x_wconf 90' lang='lat' dir='ltr'>sacris</span> <span class='ocrx_word' id='word_1_325' title='bbox 3005 1590 3322 1647; x_wconf 88' lang='lat' dir='ltr'>ordinibus</span> <span class='ocrx_word' id='word_1_326' title='bbox 3342 1589 3677 1662; x_wconf 79' lang='lat' dir='ltr'>prohibiti</span> <span class='ocrx_word' id='word_1_327' title='bbox 3698 1591 3822 1647; x_wconf 81' lang='lat' dir='ltr'>des-</span> 
     </span>
    </p>
   </div>
   <div class='ocr_carea' id='block_1_46' title="bbox 2119 1678 3822 1753">
    <p class='ocr_par' dir='ltr' id='par_1_46' title="bbox 2119 1678 3822 1753">
     <span class='ocr_line' id='line_1_46' title="bbox 2119 1678 3822 1753; baseline -0.004 -15"><span class='ocrx_word' id='word_1_328' title='bbox 2119 1683 2380 1753; x_wconf 90' lang='lat' dir='ltr'>pectique</span> <span class='ocrx_word' id='word_1_329' title='bbox 2410 1681 2692 1737; x_wconf 78' lang='lat' dir='ltr'>resiliunt.</span> <span class='ocrx_word' id='word_1_330' title='bbox 2718 1681 2805 1749; x_wconf 89' lang='lat' dir='ltr'>Et,</span> <span class='ocrx_word' id='word_1_331' title='bbox 2830 1681 2971 1735; x_wconf 92' lang='lat' dir='ltr'>dum</span> <span class='ocrx_word' id='word_1_332' title='bbox 2994 1678 3343 1736; x_wconf 88' lang='lat' dir='ltr'>innocentia</span> <span class='ocrx_word' id='word_1_333' title='bbox 3365 1678 3690 1750; x_wconf 67' lang='lat' dir='ltr'>pauperis</span> <span class='ocrx_word' id='word_1_334' title='bbox 3714 1679 3822 1734; x_wconf 85' lang='lat' dir='ltr'>dis-</span> 
     </span>
    </p>
   </div>
   <div class='ocr_carea' id='block_1_47' title="bbox 2119 1767 3823 1843">
    <p class='ocr_par' dir='ltr' id='par_1_47' title="bbox 2119 1767 3823 1843">
     <span class='ocr_line' id='line_1_47' title="bbox 2119 1767 3823 1843; baseline -0.002 -17"><span class='ocrx_word' id='word_1_335' title='bbox 2119 1771 2313 1843; x_wconf 88' lang='lat' dir='ltr'>plicet,</span> <span class='ocrx_word' id='word_1_336' title='bbox 2347 1770 2592 1826; x_wconf 90' lang='lat' dir='ltr'>dubium</span> <span class='ocrx_word' id='word_1_337' title='bbox 2624 1786 2741 1825; x_wconf 90' lang='lat' dir='ltr'>non</span> <span class='ocrx_word' id='word_1_338' title='bbox 2773 1773 2861 1826; x_wconf 86' lang='lat' dir='ltr'>est</span> <span class='ocrx_word' id='word_1_339' title='bbox 2890 1768 3045 1841; x_wconf 90' lang='lat' dir='ltr'>quod</span> <span class='ocrx_word' id='word_1_340' title='bbox 3068 1767 3396 1839; x_wconf 71' lang='lat' dir='ltr'>praemium</span> <span class='ocrx_word' id='word_1_341' title='bbox 3428 1767 3576 1824; x_wconf 91' lang='lat' dir='ltr'>illic</span> <span class='ocrx_word' id='word_1_342' title='bbox 3609 1767 3823 1825; x_wconf 74' lang='lat' dir='ltr'>delicta</span> 
     </span>
    </p>
   </div>
   <div class='ocr_carea' id='block_1_48' title="bbox 2119 1856 3821 1931">
    <p class='ocr_par' dir='ltr' id='par_1_48' title="bbox 2119 1856 3821 1931">
     <span class='ocr_line' id='line_1_48' title="bbox 2119 1856 3821 1931; baseline -0.002 -16"><span class='ocrx_word' id='word_1_343' title='bbox 2119 1860 2505 1926; x_wconf 89' lang='lat' dir='ltr'>commendet,</span> <span class='ocrx_word' id='word_1_344' title='bbox 2527 1857 2799 1931; x_wconf 86' lang='lat' dir='ltr'>quia,ubi</span> <span class='ocrx_word' id='word_1_345' title='bbox 2823 1874 3036 1912; x_wconf 92' lang='lat' dir='ltr'>aurum</span> <span class='ocrx_word' id='word_1_346' title='bbox 3058 1856 3270 1929; x_wconf 81' lang='lat' dir='ltr'>placet,</span> <span class='ocrx_word' id='word_1_347' title='bbox 3299 1858 3363 1913; x_wconf 89' lang='lat' dir='ltr'>et</span> <span class='ocrx_word' id='word_1_348' title='bbox 3382 1856 3656 1912; x_wconf 84' lang='lat' dir='ltr'>vitium.</span> <span class='ocrx_word' id='word_1_349' title='bbox 3684 1856 3821 1912; x_wconf 85' lang='lat' dir='ltr'>Hinc</span> 
     </span>
    </p>
   </div>
   <div class='ocr_carea' id='block_1_49' title="bbox 2119 1944 3820 2021">
    <p class='ocr_par' dir='ltr' id='par_1_49' title="bbox 2119 1944 3820 2021">
     <span class='ocr_line' id='line_1_49' title="bbox 2119 1944 3820 2021; baseline -0.001 -18"><span class='ocrx_word' id='word_1_350' title='bbox 2119 1948 2297 2021; x_wconf 87' lang='lat' dir='ltr'>igitur</span> <span class='ocrx_word' id='word_1_351' title='bbox 2327 1964 2442 2003; x_wconf 90' lang='lat' dir='ltr'>non</span> <span class='ocrx_word' id='word_1_352' title='bbox 2468 1946 2657 2003; x_wconf 90' lang='lat' dir='ltr'>solum</span> <span class='ocrx_word' id='word_1_353' title='bbox 2680 1947 2738 2001; x_wconf 91' lang='lat' dir='ltr'>in</span> <span class='ocrx_word' id='word_1_354' title='bbox 2761 1944 3120 2001; x_wconf 87' lang='lat' dir='ltr'>ordinatoris</span> <span class='ocrx_word' id='word_1_355' title='bbox 3145 1950 3203 2001; x_wconf 89' lang='lat' dir='ltr'>et</span> <span class='ocrx_word' id='word_1_356' title='bbox 3227 1944 3515 2001; x_wconf 78' lang='lat' dir='ltr'>ordinati</span> <span class='ocrx_word' id='word_1_357' title='bbox 3550 1946 3820 2002; x_wconf 84' lang='lat' dir='ltr'>animam</span> 
     </span>
    </p>
   </div>
   <div class='ocr_carea' id='block_1_50' title="bbox 2118 2032 3818 2105">
    <p class='ocr_par' dir='ltr' id='par_1_50' title="bbox 2118 2032 3818 2105">
     <span class='ocr_line' id='line_1_50' title="bbox 2118 2032 3818 2105; baseline -0.001 -15"><span class='ocrx_word' id='word_1_358' title='bbox 2118 2035 2329 2092; x_wconf 87' lang='lat' dir='ltr'>lethale</span> <span class='ocrx_word' id='word_1_359' title='bbox 2359 2036 2573 2091; x_wconf 87' lang='lat' dir='ltr'>vulnus</span> <span class='ocrx_word' id='word_1_360' title='bbox 2614 2034 2899 2105; x_wconf 82' lang='lat' dir='ltr'>infigitur,</span> <span class='ocrx_word' id='word_1_361' title='bbox 2949 2048 3155 2089; x_wconf 91' lang='lat' dir='ltr'>verum</span> <span class='ocrx_word' id='word_1_362' title='bbox 3201 2032 3392 2089; x_wconf 89' lang='lat' dir='ltr'>etiam</span> <span class='ocrx_word' id='word_1_363' title='bbox 3443 2033 3818 2090; x_wconf 69' lang='lat' dir='ltr'>excellentia</span> 
     </span>
    </p>
   </div>
   <div class='ocr_carea' id='block_1_51' title="bbox 2118 2119 3818 2195">
    <p class='ocr_par' dir='ltr' id='par_1_51' title="bbox 2118 2119 3818 2195">
     <span class='ocr_line' id='line_1_51' title="bbox 2118 2119 3818 2195; baseline 0 -17"><span class='ocrx_word' id='word_1_364' title='bbox 2118 2128 2316 2178; x_wconf 82' lang='lat' dir='ltr'>vestrae</span> <span class='ocrx_word' id='word_1_365' title='bbox 2347 2139 2595 2195; x_wconf 86' lang='lat' dir='ltr'>regnum</span> <span class='ocrx_word' id='word_1_366' title='bbox 2628 2122 3038 2194; x_wconf 90' lang='lat' dir='ltr'>episcoporum</span> <span class='ocrx_word' id='word_1_367' title='bbox 3070 2119 3271 2193; x_wconf 88' lang='lat' dir='ltr'>culpa,</span> <span class='ocrx_word' id='word_1_368' title='bbox 3303 2136 3596 2193; x_wconf 88' lang='lat' dir='ltr'>quorum</span> <span class='ocrx_word' id='word_1_369' title='bbox 3632 2121 3818 2194; x_wconf 78' lang='lat' dir='ltr'>magis</span> 
     </span>
    </p>
   </div>
   <div class='ocr_carea' id='block_1_52' title="bbox 2118 2209 3818 2281">
    <p class='ocr_par' dir='ltr' id='par_1_52' title="bbox 2118 2209 3818 2281">
     <span class='ocr_line' id='line_1_52' title="bbox 2118 2209 3818 2281; baseline -0.001 -16"><span class='ocrx_word' id='word_1_370' title='bbox 2118 2212 2637 2267; x_wconf 90' lang='lat' dir='ltr'>intercessionibus</span> <span class='ocrx_word' id='word_1_371' title='bbox 2660 2209 2854 2280; x_wconf 87' lang='lat' dir='ltr'>juvari</span> <span class='ocrx_word' id='word_1_372' title='bbox 2895 2209 3200 2276; x_wconf 85' lang='lat' dir='ltr'>debuerat,</span> <span class='ocrx_word' id='word_1_373' title='bbox 3244 2214 3720 2281; x_wconf 66' lang='lat' dir='ltr'>praegravatur.</span> <span class='ocrx_word' id='word_1_374' title='bbox 3766 2210 3818 2265; x_wconf 90' lang='lat' dir='ltr'>Si</span> 
     </span>
    </p>
   </div>
   <div class='ocr_carea' id='block_1_53' title="bbox 2119 2296 3817 2371">
    <p class='ocr_par' dir='ltr' id='par_1_53' title="bbox 2119 2296 3817 2371">
     <span class='ocr_line' id='line_1_53' title="bbox 2119 2296 3817 2371; baseline 0 -17"><span class='ocrx_word' id='word_1_375' title='bbox 2119 2300 2274 2354; x_wconf 89' lang='lat' dir='ltr'>enim</span> <span class='ocrx_word' id='word_1_376' title='bbox 2310 2300 2357 2353; x_wconf 87' lang='lat' dir='ltr'>is</span> <span class='ocrx_word' id='word_1_377' title='bbox 2388 2300 2602 2371; x_wconf 85' lang='lat' dir='ltr'>dignus</span> <span class='ocrx_word' id='word_1_378' title='bbox 2634 2298 2957 2354; x_wconf 89' lang='lat' dir='ltr'>sacerdotio</span> <span class='ocrx_word' id='word_1_379' title='bbox 2984 2298 3245 2353; x_wconf 90' lang='lat' dir='ltr'>creditur</span> <span class='ocrx_word' id='word_1_380' title='bbox 3265 2296 3368 2352; x_wconf 89' lang='lat' dir='ltr'>cui</span> <span class='ocrx_word' id='word_1_381' title='bbox 3394 2315 3530 2354; x_wconf 90' lang='lat' dir='ltr'>non</span> <span class='ocrx_word' id='word_1_382' title='bbox 3566 2300 3817 2355; x_wconf 84' lang='lat' dir='ltr'>actionis</span> 
     </span>
    </p>
   </div>
   <div class='ocr_carea' id='block_1_54' title="bbox 2121 2385 3816 2459">
    <p class='ocr_par' dir='ltr' id='par_1_54' title="bbox 2121 2385 3816 2459">
     <span class='ocr_line' id='line_1_54' title="bbox 2121 2385 3816 2459; baseline 0 -16"><span class='ocrx_word' id='word_1_383' title='bbox 2121 2389 2347 2455; x_wconf 84' lang='lat' dir='ltr'>merita,</span> <span class='ocrx_word' id='word_1_384' title='bbox 2371 2388 2471 2443; x_wconf 93' lang='lat' dir='ltr'>sed</span> <span class='ocrx_word' id='word_1_385' title='bbox 2500 2386 2876 2459; x_wconf 63' lang='lat' dir='ltr'>preemiorum</span> <span class='ocrx_word' id='word_1_386' title='bbox 2898 2385 3066 2457; x_wconf 90' lang='lat' dir='ltr'>copia</span> <span class='ocrx_word' id='word_1_387' title='bbox 3088 2387 3496 2458; x_wconf 78' lang='lat' dir='ltr'>suﬁ‘ragatur,</span> <span class='ocrx_word' id='word_1_388' title='bbox 3535 2393 3737 2445; x_wconf 86' lang='lat' dir='ltr'>restat</span> <span class='ocrx_word' id='word_1_389' title='bbox 3763 2394 3816 2445; x_wconf 84' lang='lat' dir='ltr'>ut</span> 
     </span>
    </p>
   </div>
   <div class='ocr_carea' id='block_1_55' title="bbox 2122 2474 3817 2547">
    <p class='ocr_par' dir='ltr' id='par_1_55' title="bbox 2122 2474 3817 2547">
     <span class='ocr_line' id='line_1_55' title="bbox 2122 2474 3817 2547; baseline 0.001 -14"><span class='ocrx_word' id='word_1_390' title='bbox 2122 2477 2265 2533; x_wconf 88' lang='lat' dir='ltr'>nihil</span> <span class='ocrx_word' id='word_1_391' title='bbox 2299 2477 2411 2533; x_wconf 89' lang='lat' dir='ltr'>sibi</span> <span class='ocrx_word' id='word_1_392' title='bbox 2442 2477 2500 2531; x_wconf 89' lang='lat' dir='ltr'>in</span> <span class='ocrx_word' id='word_1_393' title='bbox 2532 2477 2751 2531; x_wconf 89' lang='lat' dir='ltr'>honore</span> <span class='ocrx_word' id='word_1_394' title='bbox 2766 2474 3161 2530; x_wconf 90' lang='lat' dir='ltr'>ecclesiastico</span> <span class='ocrx_word' id='word_1_395' title='bbox 3184 2475 3487 2547; x_wconf 85' lang='lat' dir='ltr'>gravitas,</span> <span class='ocrx_word' id='word_1_396' title='bbox 3527 2477 3697 2533; x_wconf 88' lang='lat' dir='ltr'>nihil</span> <span class='ocrx_word' id='word_1_397' title='bbox 3728 2478 3817 2534; x_wconf 84' lang='lat' dir='ltr'>de-</span> 
     </span>
    </p>
   </div>
   <div class='ocr_carea' id='block_1_56' title="bbox 2122 2561 3815 2633">
    <p class='ocr_par' dir='ltr' id='par_1_56' title="bbox 2122 2561 3815 2633">
     <span class='ocr_line' id='line_1_56' title="bbox 2122 2561 3815 2633; baseline 0.001 -13"><span class='ocrx_word' id='word_1_398' title='bbox 2122 2566 2323 2622; x_wconf 86' lang='lat' dir='ltr'>fendat</span> <span class='ocrx_word' id='word_1_399' title='bbox 2351 2564 2660 2632; x_wconf 89' lang='lat' dir='ltr'>industria,</span> <span class='ocrx_word' id='word_1_400' title='bbox 2678 2563 2776 2618; x_wconf 88' lang='lat' dir='ltr'>sed</span> <span class='ocrx_word' id='word_1_401' title='bbox 2810 2566 2970 2617; x_wconf 90' lang='lat' dir='ltr'>totus</span> <span class='ocrx_word' id='word_1_402' title='bbox 3000 2561 3131 2617; x_wconf 84' lang='lat' dir='ltr'>auri</span> <span class='ocrx_word' id='word_1_403' title='bbox 3162 2562 3467 2633; x_wconf 84' lang='lat' dir='ltr'>profanus</span> <span class='ocrx_word' id='word_1_404' title='bbox 3503 2581 3693 2623; x_wconf 85' lang='lat' dir='ltr'>amor</span> <span class='ocrx_word' id='word_1_405' title='bbox 3723 2567 3815 2622; x_wconf 85' lang='lat' dir='ltr'>ob-</span> 
     </span>
    </p>
   </div>
   <div class='ocr_carea' id='block_1_57' title="bbox 2118 2649 3813 2721">
    <p class='ocr_par' dir='ltr' id='par_1_57' title="bbox 2118 2649 3813 2721">
     <span class='ocr_line' id='line_1_57' title="bbox 2118 2649 3813 2721; baseline 0.001 -11"><span class='ocrx_word' id='word_1_406' title='bbox 2118 2655 2320 2710; x_wconf 88' lang='lat' dir='ltr'>tineat.</span> <span class='ocrx_word' id='word_1_407' title='bbox 2370 2655 2460 2718; x_wconf 85' lang='lat' dir='ltr'>Et,</span> <span class='ocrx_word' id='word_1_408' title='bbox 2495 2652 2635 2706; x_wconf 91' lang='lat' dir='ltr'>dum</span> <span class='ocrx_word' id='word_1_409' title='bbox 2683 2650 2823 2706; x_wconf 91' lang='lat' dir='ltr'>vitia</span> <span class='ocrx_word' id='word_1_410' title='bbox 2852 2649 3039 2705; x_wconf 89' lang='lat' dir='ltr'>honor</span> <span class='ocrx_word' id='word_1_411' title='bbox 3074 2656 3456 2721; x_wconf 85' lang='lat' dir='ltr'>remunerat,</span> <span class='ocrx_word' id='word_1_412' title='bbox 3494 2652 3566 2708; x_wconf 87' lang='lat' dir='ltr'>in</span> <span class='ocrx_word' id='word_1_413' title='bbox 3619 2653 3813 2711; x_wconf 85' lang='lat' dir='ltr'>locum</span> 
     </span>
    </p>
   </div>
   <div class='ocr_carea' id='block_1_58' title="bbox 2120 2737 3811 2813">
    <p class='ocr_par' dir='ltr' id='par_1_58' title="bbox 2120 2737 3811 2813">
     <span class='ocr_line' id='line_1_58' title="bbox 2120 2737 3811 2813; baseline 0 -15"><span class='ocrx_word' id='word_1_414' title='bbox 2120 2742 2390 2798; x_wconf 90' lang='lat' dir='ltr'>ultorisis</span> <span class='ocrx_word' id='word_1_415' title='bbox 2410 2758 2505 2813; x_wconf 79' lang='lat' dir='ltr'>qui</span> <span class='ocrx_word' id='word_1_416' title='bbox 2529 2740 2774 2794; x_wconf 82' lang='lat' dir='ltr'>fortasse</span> <span class='ocrx_word' id='word_1_417' title='bbox 2796 2739 2981 2795; x_wconf 80' lang='lat' dir='ltr'>fuerat</span> <span class='ocrx_word' id='word_1_418' title='bbox 3023 2737 3417 2796; x_wconf 86' lang='lat' dir='ltr'>ulciscendus</span> <span class='ocrx_word' id='word_1_419' title='bbox 3455 2741 3811 2807; x_wconf 87' lang='lat' dir='ltr'>adducitur,</span> 
     </span>
    </p>
   </div>
   <div class='ocr_carea' id='block_1_59' title="bbox 2121 2826 3814 2904">
    <p class='ocr_par' dir='ltr' id='par_1_59' title="bbox 2121 2826 3814 2904">
     <span class='ocr_line' id='line_1_59' title="bbox 2121 2826 3814 2904; baseline 0.001 -18"><span class='ocrx_word' id='word_1_420' title='bbox 2121 2836 2293 2902; x_wconf 90' lang='lat' dir='ltr'>atque</span> <span class='ocrx_word' id='word_1_421' title='bbox 2321 2829 2455 2884; x_wconf 88' lang='lat' dir='ltr'>hinc</span> <span class='ocrx_word' id='word_1_422' title='bbox 2487 2828 2816 2885; x_wconf 87' lang='lat' dir='ltr'>sacerdotes</span> <span class='ocrx_word' id='word_1_423' title='bbox 2839 2842 2955 2881; x_wconf 89' lang='lat' dir='ltr'>non</span> <span class='ocrx_word' id='word_1_424' title='bbox 2979 2826 3285 2898; x_wconf 84' lang='lat' dir='ltr'>proﬁcere,</span> <span class='ocrx_word' id='word_1_425' title='bbox 3312 2828 3427 2883; x_wconf 90' lang='lat' dir='ltr'>sed</span> <span class='ocrx_word' id='word_1_426' title='bbox 3463 2829 3693 2901; x_wconf 68' lang='lat' dir='ltr'>praeire</span> <span class='ocrx_word' id='word_1_427' title='bbox 3725 2848 3814 2904; x_wconf 89' lang='lat' dir='ltr'>po-</span> 
     </span>
    </p>
   </div>
   <div class='ocr_carea' id='block_1_60' title="bbox 2116 2915 3809 2991">
    <p class='ocr_par' dir='ltr' id='par_1_60' title="bbox 2116 2915 3809 2991">
     <span class='ocr_line' id='line_1_60' title="bbox 2116 2915 3809 2991; baseline 0.001 -17"><span class='ocrx_word' id='word_1_428' title='bbox 2116 2920 2237 2974; x_wconf 90' lang='lat' dir='ltr'>tius</span> <span class='ocrx_word' id='word_1_429' title='bbox 2254 2918 2604 2973; x_wconf 89' lang='lat' dir='ltr'>indicantur.</span> <span class='ocrx_word' id='word_1_430' title='bbox 2627 2915 2943 2971; x_wconf 88' lang='lat' dir='ltr'>Vulnerato</span> <span class='ocrx_word' id='word_1_431' title='bbox 2966 2931 3227 2986; x_wconf 88' lang='lat' dir='ltr'>namque</span> <span class='ocrx_word' id='word_1_432' title='bbox 3248 2919 3532 2987; x_wconf 85' lang='lat' dir='ltr'>pastore,</span> <span class='ocrx_word' id='word_1_433' title='bbox 3557 2919 3703 2991; x_wconf 88' lang='lat' dir='ltr'>quis</span> <span class='ocrx_word' id='word_1_434' title='bbox 3722 2937 3809 2975; x_wconf 86' lang='lat' dir='ltr'>cu-</span> 
     </span>
    </p>
   </div>
   <div class='ocr_carea' id='block_1_61' title="bbox 2120 3002 3809 3082">
    <p class='ocr_par' dir='ltr' id='par_1_61' title="bbox 2120 3002 3809 3082">
     <span class='ocr_line' id='line_1_61' title="bbox 2120 3002 3809 3082; baseline 0.001 -19"><span class='ocrx_word' id='word_1_435' title='bbox 2120 3007 2319 3063; x_wconf 88' lang='lat' dir='ltr'>randis</span> <span class='ocrx_word' id='word_1_436' title='bbox 2342 3007 2546 3061; x_wconf 88' lang='lat' dir='ltr'>ovibus</span> <span class='ocrx_word' id='word_1_437' title='bbox 2568 3002 2843 3059; x_wconf 89' lang='lat' dir='ltr'>adhibeat</span> <span class='ocrx_word' id='word_1_438' title='bbox 2865 3002 3222 3059; x_wconf 89' lang='lat' dir='ltr'>medicinam</span> <span class='ocrx_word' id='word_1_439' title='bbox 3240 3003 3269 3057; x_wconf 76' lang='lat' dir='ltr'>‘I</span> <span class='ocrx_word' id='word_1_440' title='bbox 3292 3008 3406 3060; x_wconf 87' lang='lat' dir='ltr'>aut</span> <span class='ocrx_word' id='word_1_441' title='bbox 3431 3008 3697 3078; x_wconf 84' lang='lat' dir='ltr'>quando</span> <span class='ocrx_word' id='word_1_442' title='bbox 3718 3025 3809 3082; x_wconf 87' lang='lat' dir='ltr'>po-</span> 
     </span>
    </p>
   </div>
   <div class='ocr_carea' id='block_1_62' title="bbox 2118 3090 3809 3168">
    <p class='ocr_par' dir='ltr' id='par_1_62' title="bbox 2118 3090 3809 3168">
     <span class='ocr_line' id='line_1_62' title="bbox 2118 3090 3809 3168; baseline 0.001 -17"><span class='ocrx_word' id='word_1_443' title='bbox 2118 3095 2323 3168; x_wconf 89' lang='lat' dir='ltr'>pulum</span> <span class='ocrx_word' id='word_1_444' title='bbox 2355 3092 2635 3148; x_wconf 88' lang='lat' dir='ltr'>orationis</span> <span class='ocrx_word' id='word_1_445' title='bbox 2666 3091 2863 3162; x_wconf 86' lang='lat' dir='ltr'>clypeo</span> <span class='ocrx_word' id='word_1_446' title='bbox 2894 3094 3153 3160; x_wconf 88' lang='lat' dir='ltr'>tueatur,</span> <span class='ocrx_word' id='word_1_447' title='bbox 3184 3090 3645 3164; x_wconf 87' lang='lat' dir='ltr'>quijaculisse</span> <span class='ocrx_word' id='word_1_448' title='bbox 3676 3096 3809 3153; x_wconf 91' lang='lat' dir='ltr'>hos-</span> 
     </span>
    </p>
   </div>
   <div class='ocr_carea' id='block_1_63' title="bbox 375 3176 3813 3252">
    <p class='ocr_par' dir='ltr' id='par_1_63' title="bbox 375 3176 3813 3252">
     <span class='ocr_line' id='line_1_63' title="bbox 375 3176 3813 3252; baseline 0.001 -15"><span class='ocrx_word' id='word_1_449' title='bbox 375 3185 550 3247; x_wconf 88' lang='lat' dir='ltr'>ceret,</span> <span class='ocrx_word' id='word_1_450' title='bbox 593 3180 744 3252; x_wconf 87' lang='lat' dir='ltr'>quod</span> <span class='ocrx_word' id='word_1_451' title='bbox 778 3178 916 3245; x_wconf 81' lang='lat' dir='ltr'>dixi,</span> <span class='ocrx_word' id='word_1_452' title='bbox 952 3177 1217 3249; x_wconf 82' lang='lat' dir='ltr'>privavit,</span> <span class='ocrx_word' id='word_1_453' title='bbox 1250 3193 1365 3231; x_wconf 86' lang='lat' dir='ltr'>non</span> <span class='ocrx_word' id='word_1_454' title='bbox 1396 3177 1612 3247; x_wconf 79' lang='lat' dir='ltr'>injuste</span> <span class='ocrx_word' id='word_1_455' title='bbox 1663 3176 2011 3248; x_wconf 68' lang='lat' dir='ltr'>sapientiam</span> <span class='ocrx_word' id='word_1_456' title='bbox 2088 3181 2604 3239; x_wconf 82' lang='lat' dir='ltr'>&#39;tiumferiendum</span> <span class='ocrx_word' id='word_1_457' title='bbox 2626 3178 2899 3251; x_wconf 84' lang='lat' dir='ltr'>exponit?</span> <span class='ocrx_word' id='word_1_458' title='bbox 2921 3183 3025 3234; x_wconf 89' lang='lat' dir='ltr'>aut</span> <span class='ocrx_word' id='word_1_459' title='bbox 3048 3178 3298 3251; x_wconf 90' lang='lat' dir='ltr'>qualem</span> <span class='ocrx_word' id='word_1_460' title='bbox 3321 3180 3400 3235; x_wconf 91' lang='lat' dir='ltr'>de</span> <span class='ocrx_word' id='word_1_461' title='bbox 3435 3198 3507 3238; x_wconf 90' lang='lat' dir='ltr'>se</span> <span class='ocrx_word' id='word_1_462' title='bbox 3542 3184 3813 3241; x_wconf 83' lang='lat' dir='ltr'>fructum</span> 
     </span>
    </p>
   </div>
   <div class='ocr_carea' id='block_1_64' title="bbox 373 3252 3811 3343">
    <p class='ocr_par' dir='ltr' id='par_1_64' title="bbox 373 3252 3811 3343">
     <span class='ocr_line' id='line_1_64' title="bbox 373 3252 3811 3343; baseline -0.002 -18"><span class='ocrx_word' id='word_1_463' title='bbox 373 3268 633 3336; x_wconf 88' lang='lat' dir='ltr'>abstulit,</span> <span class='ocrx_word' id='word_1_464' title='bbox 664 3269 940 3338; x_wconf 84' lang='lat' dir='ltr'>sedjuste</span> <span class='ocrx_word' id='word_1_465' title='bbox 961 3284 1077 3321; x_wconf 89' lang='lat' dir='ltr'>non</span> <span class='ocrx_word' id='word_1_466' title='bbox 1097 3266 1276 3320; x_wconf 89' lang='lat' dir='ltr'>dedit.</span> <span class='ocrx_word' id='word_1_467' title='bbox 1304 3266 1463 3321; x_wconf 87' lang='lat' dir='ltr'>Unde</span> <span class='ocrx_word' id='word_1_468' title='bbox 1493 3269 1550 3320; x_wconf 85' lang='lat' dir='ltr'>et</span> <span class='ocrx_word' id='word_1_469' title='bbox 1567 3265 1880 3320; x_wconf 87' lang='lat' dir='ltr'>Pharaonis</span> <span class='ocrx_word' id='word_1_470' title='bbox 1912 3281 2010 3319; x_wconf 91' lang='lat' dir='ltr'>cor</span> <span class='ocrx_word' id='word_1_471' title='bbox 2039 3252 2080 3317; x_wconf 88' lang='lat' dir='ltr'>C</span> <span class='ocrx_word' id='word_1_472' title='bbox 2119 3272 2511 3343; x_wconf 72' lang='lat' dir='ltr'>producturus</span> <span class='ocrx_word' id='word_1_473' title='bbox 2528 3268 2813 3339; x_wconf 78' lang='lat' dir='ltr'>est,cujus</span> <span class='ocrx_word' id='word_1_474' title='bbox 2830 3267 2992 3339; x_wconf 89' lang='lat' dir='ltr'>pravi</span> <span class='ocrx_word' id='word_1_475' title='bbox 3024 3272 3188 3339; x_wconf 87' lang='lat' dir='ltr'>peste</span> <span class='ocrx_word' id='word_1_476' title='bbox 3222 3268 3400 3324; x_wconf 81' lang='lat' dir='ltr'>radix</span> <span class='ocrx_word' id='word_1_477' title='bbox 3429 3269 3669 3328; x_wconf 59' lang='lat' dir='ltr'>infesta</span> <span class='ocrx_word' id='word_1_478' title='bbox 3697 3272 3811 3329; x_wconf 72' lang='lat' dir='ltr'>est?</span> 
     </span>
    </p>
   </div>
   <div class='ocr_carea' id='block_1_65' title="bbox 370 3354 2005 3425">
    <p class='ocr_par' dir='ltr' id='par_1_65' title="bbox 370 3354 2005 3425">
     <span class='ocr_line' id='line_1_65' title="bbox 370 3354 2005 3425; baseline -0.004 -12"><span class='ocrx_word' id='word_1_479' title='bbox 370 3357 651 3413; x_wconf 88' lang='lat' dir='ltr'>Dominus</span> <span class='ocrx_word' id='word_1_480' title='bbox 682 3356 999 3411; x_wconf 85' lang='lat' dir='ltr'>obdurasse</span> <span class='ocrx_word' id='word_1_481' title='bbox 1026 3354 1391 3421; x_wconf 89' lang='lat' dir='ltr'>describitur,</span> <span class='ocrx_word' id='word_1_482' title='bbox 1418 3371 1528 3408; x_wconf 87' lang='lat' dir='ltr'>non</span> <span class='ocrx_word' id='word_1_483' title='bbox 1564 3354 1716 3424; x_wconf 90' lang='lat' dir='ltr'>quod</span> <span class='ocrx_word' id='word_1_484' title='bbox 1747 3355 1870 3425; x_wconf 87' lang='lat' dir='ltr'>ipse</span> <span class='ocrx_word' id='word_1_485' title='bbox 1900 3354 2005 3408; x_wconf 90' lang='lat' dir='ltr'>du-</span> 
     </span>
    </p>
   </div>
   <div class='ocr_carea' id='block_1_66' title="bbox 370 3441 2010 3515">
    <p class='ocr_par' dir='ltr' id='par_1_66' title="bbox 370 3441 2010 3515">
     <span class='ocr_line' id='line_1_66' title="bbox 370 3441 2010 3515; baseline -0.003 -15"><span class='ocrx_word' id='word_1_486' title='bbox 370 3445 562 3501; x_wconf 90' lang='lat' dir='ltr'>ritiam</span> <span class='ocrx_word' id='word_1_487' title='bbox 593 3443 974 3510; x_wconf 91' lang='lat' dir='ltr'>eontulit,sed</span> <span class='ocrx_word' id='word_1_488' title='bbox 997 3443 1173 3515; x_wconf 89' lang='lat' dir='ltr'>quod,</span> <span class='ocrx_word' id='word_1_489' title='bbox 1189 3443 1551 3513; x_wconf 81' lang='lat' dir='ltr'>exigentibus</span> <span class='ocrx_word' id='word_1_490' title='bbox 1574 3442 1815 3507; x_wconf 89' lang='lat' dir='ltr'>meritis,</span> <span class='ocrx_word' id='word_1_491' title='bbox 1849 3441 2010 3496; x_wconf 91' lang='lat' dir='ltr'>nulla</span> 
     </span>
    </p>
   </div>
   <div class='ocr_carea' id='block_1_67' title="bbox 370 3529 2005 3603">
    <p class='ocr_par' dir='ltr' id='par_1_67' title="bbox 370 3529 2005 3603">
     <span class='ocr_line' id='line_1_67' title="bbox 370 3529 2005 3603; baseline -0.001 -16"><span class='ocrx_word' id='word_1_492' title='bbox 370 3532 515 3588; x_wconf 87' lang='lat' dir='ltr'>illud</span> <span class='ocrx_word' id='word_1_493' title='bbox 548 3533 797 3603; x_wconf 89' lang='lat' dir='ltr'>desuper</span> <span class='ocrx_word' id='word_1_494' title='bbox 820 3532 996 3587; x_wconf 79' lang='lat' dir='ltr'>infusi</span> <span class='ocrx_word' id='word_1_495' title='bbox 1016 3531 1244 3587; x_wconf 89' lang='lat' dir='ltr'>timoris</span> <span class='ocrx_word' id='word_1_496' title='bbox 1266 3530 1653 3586; x_wconf 89' lang='lat' dir='ltr'>sensibilitate</span> <span class='ocrx_word' id='word_1_497' title='bbox 1684 3529 1946 3586; x_wconf 91' lang='lat' dir='ltr'>mollivit.</span> <span class='ocrx_word' id='word_1_498' title='bbox 1978 3550 2005 3579; x_wconf 85' lang='lat'>»</span> 
     </span>
    </p>
   </div>
   <div class='ocr_carea' id='block_1_68' title="bbox 371 3618 2005 3690">
    <p class='ocr_par' dir='ltr' id='par_1_68' title="bbox 371 3618 2005 3690">
     <span class='ocr_line' id='line_1_68' title="bbox 371 3618 2005 3690; baseline -0.002 -15"><span class='ocrx_word' id='word_1_499' title='bbox 371 3620 533 3688; x_wconf 87' lang='lat' dir='ltr'>Hine,</span> <span class='ocrx_word' id='word_1_500' title='bbox 568 3619 832 3690; x_wconf 75' lang='lat' dir='ltr'>exipsius</span> <span class='ocrx_word' id='word_1_501' title='bbox 850 3618 1187 3690; x_wconf 90' lang='lat' dir='ltr'>B.Gregorii</span> <span class='ocrx_word' id='word_1_502' title='bbox 1215 3618 1407 3682; x_wconf 84' lang='lat' dir='ltr'>dictis,</span> <span class='ocrx_word' id='word_1_503' title='bbox 1440 3618 1779 3672; x_wconf 86' lang='lat' dir='ltr'>ostendatur</span> <span class='ocrx_word' id='word_1_504' title='bbox 1808 3621 2005 3672; x_wconf 90' lang='lat' dir='ltr'>utrum</span> 
     </span>
    </p>
   </div>
   <div class='ocr_carea' id='block_1_69' title="bbox 370 3705 2002 3764">
    <p class='ocr_par' dir='ltr' id='par_1_69' title="bbox 370 3705 2002 3764">
     <span class='ocr_line' id='line_1_69' title="bbox 370 3705 2002 3764; baseline -0.002 -1"><span class='ocrx_word' id='word_1_505' title='bbox 370 3709 739 3764; x_wconf 89' lang='lat' dir='ltr'>Simoniacus</span> <span class='ocrx_word' id='word_1_506' title='bbox 778 3707 853 3762; x_wconf 92' lang='lat' dir='ltr'>sit</span> <span class='ocrx_word' id='word_1_507' title='bbox 879 3707 1184 3763; x_wconf 88' lang='lat' dir='ltr'>habendus</span> <span class='ocrx_word' id='word_1_508' title='bbox 1215 3711 1315 3761; x_wconf 88' lang='lat' dir='ltr'>aut</span> <span class='ocrx_word' id='word_1_509' title='bbox 1344 3706 1627 3762; x_wconf 90' lang='lat' dir='ltr'>dicendus</span> <span class='ocrx_word' id='word_1_510' title='bbox 1677 3705 2002 3760; x_wconf 66' lang='lat' dir='ltr'>haereticus.</span> 
     </span>
    </p>
   </div>
   <div class='ocr_carea' id='block_1_70' title="bbox 438 3793 2008 3867">
    <p class='ocr_par' dir='ltr' id='par_1_70' title="bbox 438 3793 2008 3867">
     <span class='ocr_line' id='line_1_70' title="bbox 438 3793 2008 3867; baseline -0.002 -17"><span class='ocrx_word' id='word_1_511' title='bbox 438 3797 523 3850; x_wconf 72' lang='lat' dir='ltr'>Ea:</span> <span class='ocrx_word' id='word_1_512' title='bbox 548 3795 780 3867; x_wconf 76' lang='lat' dir='ltr'>epistola</span> <span class='ocrx_word' id='word_1_513' title='bbox 825 3796 942 3867; x_wconf 82' lang='lat' dir='ltr'>ejus</span> <span class='ocrx_word' id='word_1_514' title='bbox 972 3794 1041 3849; x_wconf 80' lang='lat' dir='ltr'>ad</span> <span class='ocrx_word' id='word_1_515' title='bbox 1073 3793 1515 3859; x_wconf 73' lang='lat' dir='ltr'>Brunichihiam,</span> <span class='ocrx_word' id='word_1_516' title='bbox 1559 3794 1810 3863; x_wconf 79' lang='lat' dir='ltr'>reginam</span> <span class='ocrx_word' id='word_1_517' title='bbox 1839 3795 2008 3849; x_wconf 84' lang='lat' dir='ltr'>Fran-</span> 
     </span>
    </p>
   </div>
   <div class='ocr_carea' id='block_1_71' title="bbox 369 3880 2007 3954">
    <p class='ocr_par' dir='ltr' id='par_1_71' title="bbox 369 3880 2007 3954">
     <span class='ocr_line' id='line_1_71' title="bbox 369 3880 2007 3954; baseline -0.002 -15"><span class='ocrx_word' id='word_1_518' title='bbox 369 3900 577 3941; x_wconf 85' lang='lat' dir='ltr'>corum.</span> <span class='ocrx_word' id='word_1_519' title='bbox 612 3906 639 3933; x_wconf 85' lang='lat'><strong>«</strong></span> <span class='ocrx_word' id='word_1_520' title='bbox 665 3884 779 3939; x_wconf 86' lang='lat' dir='ltr'>Nec</span> <span class='ocrx_word' id='word_1_521' title='bbox 796 3882 940 3937; x_wconf 89' lang='lat' dir='ltr'>illud</span> <span class='ocrx_word' id='word_1_522' title='bbox 956 3882 1341 3954; x_wconf 66' lang='lat' dir='ltr'>praeterimus,</span> <span class='ocrx_word' id='word_1_523' title='bbox 1369 3882 1469 3936; x_wconf 91' lang='lat' dir='ltr'>sed</span> <span class='ocrx_word' id='word_1_524' title='bbox 1490 3880 1728 3935; x_wconf 88' lang='lat' dir='ltr'>omnino</span> <span class='ocrx_word' id='word_1_525' title='bbox 1749 3897 2007 3936; x_wconf 85' lang='lat' dir='ltr'>exsecra-</span> 
     </span>
    </p>
   </div>
   <div class='ocr_carea' id='block_1_72' title="bbox 375 3968 2010 4042">
    <p class='ocr_par' dir='ltr' id='par_1_72' title="bbox 375 3968 2010 4042">
     <span class='ocr_line' id='line_1_72' title="bbox 375 3968 2010 4042; baseline -0.001 -15"><span class='ocrx_word' id='word_1_526' title='bbox 375 3972 493 4027; x_wconf 92' lang='lat' dir='ltr'>bile</span> <span class='ocrx_word' id='word_1_527' title='bbox 505 3976 561 4026; x_wconf 88' lang='lat' dir='ltr'>et</span> <span class='ocrx_word' id='word_1_528' title='bbox 578 3988 705 4026; x_wconf 88' lang='lat' dir='ltr'>esse</span> <span class='ocrx_word' id='word_1_529' title='bbox 724 3970 1138 4042; x_wconf 89' lang='lat' dir='ltr'>gravissimum</span> <span class='ocrx_word' id='word_1_530' title='bbox 1162 3970 1540 4038; x_wconf 89' lang='lat' dir='ltr'>detestamur,</span> <span class='ocrx_word' id='word_1_531' title='bbox 1568 3984 1635 4023; x_wconf 91' lang='lat' dir='ltr'>eo</span> <span class='ocrx_word' id='word_1_532' title='bbox 1659 3969 1815 4039; x_wconf 90' lang='lat' dir='ltr'>quod</span> <span class='ocrx_word' id='word_1_533' title='bbox 1862 3968 2010 4025; x_wconf 89' lang='lat' dir='ltr'>sacri</span> 
     </span>
    </p>
   </div>
   <div class='ocr_carea' id='block_1_73' title="bbox 378 4055 2009 4129">
    <p class='ocr_par' dir='ltr' id='par_1_73' title="bbox 378 4055 2009 4129">
     <span class='ocr_line' id='line_1_73' title="bbox 378 4055 2009 4129; baseline 0 -17"><span class='ocrx_word' id='word_1_534' title='bbox 378 4058 502 4113; x_wconf 90' lang='lat' dir='ltr'>illic</span> <span class='ocrx_word' id='word_1_535' title='bbox 536 4058 771 4114; x_wconf 89' lang='lat' dir='ltr'>ordines</span> <span class='ocrx_word' id='word_1_536' title='bbox 796 4074 897 4129; x_wconf 90' lang='lat' dir='ltr'>per</span> <span class='ocrx_word' id='word_1_537' title='bbox 925 4056 1313 4113; x_wconf 89' lang='lat' dir='ltr'>Simoniacam</span> <span class='ocrx_word' id='word_1_538' title='bbox 1344 4055 1630 4123; x_wconf 83' lang='lat' dir='ltr'>haeresim,</span> <span class='ocrx_word' id='word_1_539' title='bbox 1665 4072 1789 4127; x_wconf 66' lang='lat' dir='ltr'>quae</span> <span class='ocrx_word' id='word_1_540' title='bbox 1821 4056 2009 4128; x_wconf 91' lang='lat' dir='ltr'>prima</span> 
     </span>
    </p>
   </div>
   <div class='ocr_carea' id='block_1_74' title="bbox 373 4144 2011 4202">
    <p class='ocr_par' dir='ltr' id='par_1_74' title="bbox 373 4144 2011 4202">
     <span class='ocr_line' id='line_1_74' title="bbox 373 4144 2011 4202; baseline -0.001 0"><span class='ocrx_word' id='word_1_541' title='bbox 373 4151 573 4202; x_wconf 89' lang='lat' dir='ltr'>contra</span> <span class='ocrx_word' id='word_1_542' title='bbox 586 4145 899 4200; x_wconf 87' lang='lat' dir='ltr'>Ecclesiam</span> <span class='ocrx_word' id='word_1_543' title='bbox 923 4151 1048 4200; x_wconf 91' lang='lat' dir='ltr'>orta</span> <span class='ocrx_word' id='word_1_544' title='bbox 1061 4150 1118 4201; x_wconf 90' lang='lat' dir='ltr'>et</span> <span class='ocrx_word' id='word_1_545' title='bbox 1139 4145 1400 4200; x_wconf 89' lang='lat' dir='ltr'>districta</span> <span class='ocrx_word' id='word_1_546' title='bbox 1415 4144 1816 4201; x_wconf 89' lang='lat' dir='ltr'>maledictione</span> <span class='ocrx_word' id='word_1_547' title='bbox 1846 4145 2011 4201; x_wconf 89' lang='lat' dir='ltr'>dam-</span> 
     </span>
    </p>
   </div>
   <div class='ocr_carea' id='block_1_75' title="bbox 372 4233 2010 4306">
    <p class='ocr_par' dir='ltr' id='par_1_75' title="bbox 372 4233 2010 4306">
     <span class='ocr_line' id='line_1_75' title="bbox 372 4233 2010 4306; baseline -0.001 -16"><span class='ocrx_word' id='word_1_548' title='bbox 372 4239 509 4290; x_wconf 90' lang='lat' dir='ltr'>nata</span> <span class='ocrx_word' id='word_1_549' title='bbox 541 4237 648 4301; x_wconf 90' lang='lat' dir='ltr'>est,</span> <span class='ocrx_word' id='word_1_550' title='bbox 677 4234 1065 4290; x_wconf 81' lang='lat' dir='ltr'>conferantur.</span> <span class='ocrx_word' id='word_1_551' title='bbox 1100 4233 1246 4288; x_wconf 84' lang='lat' dir='ltr'>Hinc</span> <span class='ocrx_word' id='word_1_552' title='bbox 1274 4248 1408 4305; x_wconf 91' lang='lat' dir='ltr'>ergo</span> <span class='ocrx_word' id='word_1_553' title='bbox 1432 4233 1624 4306; x_wconf 88' lang='lat' dir='ltr'>agitur</span> <span class='ocrx_word' id='word_1_554' title='bbox 1655 4238 1718 4287; x_wconf 94' lang='lat' dir='ltr'>ut</span> <span class='ocrx_word' id='word_1_555' title='bbox 1749 4234 2010 4289; x_wconf 89' lang='lat' dir='ltr'>sacerdo-</span> 
     </span>
    </p>
   </div>
   <div class='ocr_carea' id='block_1_76' title="bbox 372 4321 2009 4394">
    <p class='ocr_par' dir='ltr' id='par_1_76' title="bbox 372 4321 2009 4394">
     <span class='ocr_line' id='line_1_76' title="bbox 372 4321 2009 4394; baseline -0.001 -17"><span class='ocrx_word' id='word_1_556' title='bbox 372 4323 446 4379; x_wconf 90' lang='lat' dir='ltr'>tis</span> <span class='ocrx_word' id='word_1_557' title='bbox 474 4322 727 4394; x_wconf 78' lang='lat' dir='ltr'>dignitas</span> <span class='ocrx_word' id='word_1_558' title='bbox 757 4323 818 4377; x_wconf 91' lang='lat' dir='ltr'>in</span> <span class='ocrx_word' id='word_1_559' title='bbox 840 4323 1135 4394; x_wconf 89' lang='lat' dir='ltr'>despectu,</span> <span class='ocrx_word' id='word_1_560' title='bbox 1169 4326 1226 4377; x_wconf 90' lang='lat' dir='ltr'>et</span> <span class='ocrx_word' id='word_1_561' title='bbox 1241 4326 1478 4377; x_wconf 88' lang='lat' dir='ltr'>sanctus</span> <span class='ocrx_word' id='word_1_562' title='bbox 1508 4321 1583 4376; x_wconf 87' lang='lat' dir='ltr'>sit</span> <span class='ocrx_word' id='word_1_563' title='bbox 1602 4321 1863 4377; x_wconf 88' lang='lat' dir='ltr'>honorin</span> <span class='ocrx_word' id='word_1_564' title='bbox 1893 4321 2009 4377; x_wconf 90' lang='lat' dir='ltr'>cri-</span> 
     </span>
    </p>
   </div>
   <div class='ocr_carea' id='block_1_77' title="bbox 373 4408 2006 4482">
    <p class='ocr_par' dir='ltr' id='par_1_77' title="bbox 373 4408 2006 4482">
     <span class='ocr_line' id='line_1_77' title="bbox 373 4408 2006 4482; baseline -0.001 -15"><span class='ocrx_word' id='word_1_565' title='bbox 373 4411 551 4467; x_wconf 91' lang='lat' dir='ltr'>mine.</span> <span class='ocrx_word' id='word_1_566' title='bbox 585 4411 733 4467; x_wconf 88' lang='lat' dir='ltr'>Perit</span> <span class='ocrx_word' id='word_1_567' title='bbox 762 4410 964 4482; x_wconf 89' lang='lat' dir='ltr'>utique</span> <span class='ocrx_word' id='word_1_568' title='bbox 1004 4410 1337 4478; x_wconf 89' lang='lat' dir='ltr'>reverentia,</span> <span class='ocrx_word' id='word_1_569' title='bbox 1372 4410 1650 4465; x_wconf 86' lang='lat' dir='ltr'>adimitur</span> <span class='ocrx_word' id='word_1_570' title='bbox 1678 4408 2006 4481; x_wconf 87' lang='lat' dir='ltr'>disciplina,</span> 
     </span>
    </p>
   </div>
   <div class='ocr_carea' id='block_1_78' title="bbox 373 4497 2011 4573">
    <p class='ocr_par' dir='ltr' id='par_1_78' title="bbox 373 4497 2011 4573">
     <span class='ocr_line' id='line_1_78' title="bbox 373 4497 2011 4573; baseline -0.001 -18"><span class='ocrx_word' id='word_1_571' title='bbox 373 4500 511 4573; x_wconf 93' lang='lat' dir='ltr'>quia</span> <span class='ocrx_word' id='word_1_572' title='bbox 524 4500 622 4573; x_wconf 89' lang='lat' dir='ltr'>qui</span> <span class='ocrx_word' id='word_1_573' title='bbox 655 4499 857 4571; x_wconf 89' lang='lat' dir='ltr'>culpas</span> <span class='ocrx_word' id='word_1_574' title='bbox 878 4498 1079 4554; x_wconf 88' lang='lat' dir='ltr'>debuit</span> <span class='ocrx_word' id='word_1_575' title='bbox 1098 4499 1407 4554; x_wconf 88' lang='lat' dir='ltr'>emendare</span> <span class='ocrx_word' id='word_1_576' title='bbox 1428 4497 1759 4562; x_wconf 90' lang='lat' dir='ltr'>committit,</span> <span class='ocrx_word' id='word_1_577' title='bbox 1778 4502 1834 4552; x_wconf 95' lang='lat' dir='ltr'>et</span> <span class='ocrx_word' id='word_1_578' title='bbox 1857 4498 2011 4553; x_wconf 81' lang='lat' dir='ltr'>nefa-</span> 
     </span>
    </p>
   </div>
   <div class='ocr_carea' id='block_1_79' title="bbox 2117 3354 3806 3430">
    <p class='ocr_par' dir='ltr' id='par_1_79' title="bbox 2117 3354 3806 3430">
     <span class='ocr_line' id='line_1_79' title="bbox 2117 3354 3806 3430; baseline 0.002 -15"><span class='ocrx_word' id='word_1_579' title='bbox 2117 3360 2299 3430; x_wconf 88' lang='lat' dir='ltr'>Major</span> <span class='ocrx_word' id='word_1_580' title='bbox 2327 3374 2462 3430; x_wconf 87' lang='lat' dir='ltr'>ergo</span> <span class='ocrx_word' id='word_1_581' title='bbox 2493 3356 2807 3412; x_wconf 87' lang='lat' dir='ltr'>metuenda</span> <span class='ocrx_word' id='word_1_582' title='bbox 2843 3360 2933 3412; x_wconf 88' lang='lat' dir='ltr'>est</span> <span class='ocrx_word' id='word_1_583' title='bbox 2960 3354 3107 3411; x_wconf 91' lang='lat' dir='ltr'>locis</span> <span class='ocrx_word' id='word_1_584' title='bbox 3137 3354 3258 3411; x_wconf 91' lang='lat' dir='ltr'>illis</span> <span class='ocrx_word' id='word_1_585' title='bbox 3290 3357 3423 3412; x_wconf 86' lang='lat' dir='ltr'>fore</span> <span class='ocrx_word' id='word_1_586' title='bbox 3456 3358 3806 3429; x_wconf 88' lang='lat' dir='ltr'>calamitas,</span> 
     </span>
    </p>
   </div>
   <div class='ocr_carea' id='block_1_80' title="bbox 2116 3444 3808 3523">
    <p class='ocr_par' dir='ltr' id='par_1_80' title="bbox 2116 3444 3808 3523">
     <span class='ocr_line' id='line_1_80' title="bbox 2116 3444 3808 3523; baseline 0.002 -21"><span class='ocrx_word' id='word_1_587' title='bbox 2116 3448 2214 3502; x_wconf 88' lang='lat' dir='ltr'>ubi</span> <span class='ocrx_word' id='word_1_588' title='bbox 2239 3445 2387 3502; x_wconf 86' lang='lat' dir='ltr'>tales</span> <span class='ocrx_word' id='word_1_589' title='bbox 2416 3446 2831 3500; x_wconf 87' lang='lat' dir='ltr'>intercessores</span> <span class='ocrx_word' id='word_1_590' title='bbox 2877 3444 3258 3500; x_wconf 90' lang='lat' dir='ltr'>adducuntur</span> <span class='ocrx_word' id='word_1_591' title='bbox 3288 3446 3367 3502; x_wconf 88' lang='lat' dir='ltr'>ad</span> <span class='ocrx_word' id='word_1_592' title='bbox 3408 3446 3629 3505; x_wconf 89' lang='lat' dir='ltr'>locum</span> <span class='ocrx_word' id='word_1_593' title='bbox 3661 3451 3808 3523; x_wconf 87' lang='lat' dir='ltr'>regi-</span> 
     </span>
    </p>
   </div>
   <div class='ocr_carea' id='block_1_81' title="bbox 2116 3531 3806 3609">
    <p class='ocr_par' dir='ltr' id='par_1_81' title="bbox 2116 3531 3806 3609">
     <span class='ocr_line' id='line_1_81' title="bbox 2116 3531 3806 3609; baseline 0.002 -20"><span class='ocrx_word' id='word_1_594' title='bbox 2116 3534 2312 3599; x_wconf 90' lang='lat' dir='ltr'>minis,</span> <span class='ocrx_word' id='word_1_595' title='bbox 2362 3533 2463 3605; x_wconf 92' lang='lat' dir='ltr'>qui</span> <span class='ocrx_word' id='word_1_596' title='bbox 2490 3532 2589 3588; x_wconf 90' lang='lat' dir='ltr'>Dei</span> <span class='ocrx_word' id='word_1_597' title='bbox 2635 3532 2694 3587; x_wconf 89' lang='lat' dir='ltr'>in</span> <span class='ocrx_word' id='word_1_598' title='bbox 2725 3548 2787 3587; x_wconf 91' lang='lat' dir='ltr'>se</span> <span class='ocrx_word' id='word_1_599' title='bbox 2817 3532 3009 3604; x_wconf 89' lang='lat' dir='ltr'>magis</span> <span class='ocrx_word' id='word_1_600' title='bbox 3048 3531 3432 3590; x_wconf 89' lang='lat' dir='ltr'>iracundiam</span> <span class='ocrx_word' id='word_1_601' title='bbox 3468 3543 3806 3609; x_wconf 86' lang='lat' dir='ltr'>provocent</span> 
     </span>
    </p>
   </div>
   <div class='ocr_carea' id='block_1_82' title="bbox 2116 3620 3806 3695">
    <p class='ocr_par' dir='ltr' id='par_1_82' title="bbox 2116 3620 3806 3695">
     <span class='ocr_line' id='line_1_82' title="bbox 2116 3620 3806 3695; baseline -0.001 -17"><span class='ocrx_word' id='word_1_602' title='bbox 2116 3639 2292 3695; x_wconf 86' lang='lat' dir='ltr'>quam</span> <span class='ocrx_word' id='word_1_603' title='bbox 2325 3638 2426 3693; x_wconf 89' lang='lat' dir='ltr'>per</span> <span class='ocrx_word' id='word_1_604' title='bbox 2456 3621 2803 3692; x_wconf 84' lang='lat' dir='ltr'>semetipsos</span> <span class='ocrx_word' id='word_1_605' title='bbox 2834 3620 3070 3693; x_wconf 84' lang='lat' dir='ltr'>pepulis</span> <span class='ocrx_word' id='word_1_606' title='bbox 3100 3620 3339 3693; x_wconf 89' lang='lat' dir='ltr'>placare</span> <span class='ocrx_word' id='word_1_607' title='bbox 3369 3624 3745 3684; x_wconf 88' lang='lat' dir='ltr'>debuerant.</span> <span class='ocrx_word' id='word_1_608' title='bbox 3780 3650 3806 3677; x_wconf 65' lang='grc' dir='ltr'>υ</span> 
     </span>
    </p>
   </div>
   <div class='ocr_carea' id='block_1_83' title="bbox 2186 3709 3811 3781">
    <p class='ocr_par' dir='ltr' id='par_1_83' title="bbox 2186 3709 3811 3781">
     <span class='ocr_line' id='line_1_83' title="bbox 2186 3709 3811 3781; baseline 0.002 -15"><span class='ocrx_word' id='word_1_609' title='bbox 2186 3715 2342 3776; x_wconf 84' lang='lat' dir='ltr'>Item,</span> <span class='ocrx_word' id='word_1_610' title='bbox 2375 3710 2516 3765; x_wconf 81' lang='lat' dir='ltr'>idem</span> <span class='ocrx_word' id='word_1_611' title='bbox 2529 3710 2743 3779; x_wconf 78' lang='lat' dir='ltr'>Siagrio</span> <span class='ocrx_word' id='word_1_612' title='bbox 2766 3709 3535 3781; x_wconf 78' lang='lat' dir='ltr'>episcopoAugustodunensi.</span> <span class='ocrx_word' id='word_1_613' title='bbox 3580 3735 3613 3765; x_wconf 87' lang='grc'><strong>‹‹</strong></span> <span class='ocrx_word' id='word_1_614' title='bbox 3641 3714 3811 3771; x_wconf 91' lang='lat' dir='ltr'>Nun-</span> 
     </span>
    </p>
   </div>
   <div class='ocr_carea' id='block_1_84' title="bbox 2113 3796 3808 3875">
    <p class='ocr_par' dir='ltr' id='par_1_84' title="bbox 2113 3796 3808 3875">
     <span class='ocr_line' id='line_1_84' title="bbox 2113 3796 3808 3875; baseline 0.003 -21"><span class='ocrx_word' id='word_1_615' title='bbox 2113 3799 2192 3854; x_wconf 91' lang='lat' dir='ltr'>tio</span> <span class='ocrx_word' id='word_1_616' title='bbox 2221 3798 2374 3869; x_wconf 84' lang='lat' dir='ltr'>apud</span> <span class='ocrx_word' id='word_1_617' title='bbox 2406 3814 2512 3853; x_wconf 90' lang='lat' dir='ltr'>nos</span> <span class='ocrx_word' id='word_1_618' title='bbox 2554 3796 2694 3853; x_wconf 90' lang='lat' dir='ltr'>olim</span> <span class='ocrx_word' id='word_1_619' title='bbox 2724 3796 3092 3853; x_wconf 88' lang='lat' dir='ltr'>discurrente</span> <span class='ocrx_word' id='word_1_620' title='bbox 3121 3797 3436 3871; x_wconf 86' lang='lat' dir='ltr'>vulgatum</span> <span class='ocrx_word' id='word_1_621' title='bbox 3470 3805 3576 3857; x_wconf 88' lang='lat' dir='ltr'>est</span> <span class='ocrx_word' id='word_1_622' title='bbox 3609 3805 3808 3875; x_wconf 90' lang='lat' dir='ltr'>quod,</span> 
     </span>
    </p>
   </div>
   <div class='ocr_carea' id='block_1_85' title="bbox 2115 3884 3813 3959">
    <p class='ocr_par' dir='ltr' id='par_1_85' title="bbox 2115 3884 3813 3959">
     <span class='ocr_line' id='line_1_85' title="bbox 2115 3884 3813 3959; baseline 0.004 -16"><span class='ocrx_word' id='word_1_623' title='bbox 2115 3887 2173 3943; x_wconf 91' lang='lat' dir='ltr'>in</span> <span class='ocrx_word' id='word_1_624' title='bbox 2206 3886 2528 3943; x_wconf 86' lang='lat' dir='ltr'>Galliarum</span> <span class='ocrx_word' id='word_1_625' title='bbox 2559 3884 2850 3957; x_wconf 88' lang='lat' dir='ltr'>partibus,</span> <span class='ocrx_word' id='word_1_626' title='bbox 2897 3885 3053 3942; x_wconf 89' lang='lat' dir='ltr'>sacri</span> <span class='ocrx_word' id='word_1_627' title='bbox 3078 3886 3316 3943; x_wconf 85' lang='lat' dir='ltr'>ordines</span> <span class='ocrx_word' id='word_1_628' title='bbox 3340 3903 3451 3959; x_wconf 90' lang='lat' dir='ltr'>per</span> <span class='ocrx_word' id='word_1_629' title='bbox 3482 3888 3813 3949; x_wconf 80' lang='lat' dir='ltr'>Simonia-</span> 
     </span>
    </p>
   </div>
   <div class='ocr_carea' id='block_1_86' title="bbox 2115 3972 3811 4045">
    <p class='ocr_par' dir='ltr' id='par_1_86' title="bbox 2115 3972 3811 4045">
     <span class='ocr_line' id='line_1_86' title="bbox 2115 3972 3811 4045; baseline 0.004 -13"><span class='ocrx_word' id='word_1_630' title='bbox 2115 3993 2244 4032; x_wconf 88' lang='lat' dir='ltr'>cam</span> <span class='ocrx_word' id='word_1_631' title='bbox 2300 3974 2566 4030; x_wconf 72' lang='lat' dir='ltr'>hzsresim</span> <span class='ocrx_word' id='word_1_632' title='bbox 2647 3972 3045 4045; x_wconf 84' lang='lat' dir='ltr'>conferantur,</span> <span class='ocrx_word' id='word_1_633' title='bbox 3099 3979 3157 4030; x_wconf 88' lang='lat' dir='ltr'>et</span> <span class='ocrx_word' id='word_1_634' title='bbox 3209 3974 3553 4030; x_wconf 84' lang='lat' dir='ltr'>vehementi</span> <span class='ocrx_word' id='word_1_635' title='bbox 3623 3981 3811 4037; x_wconf 59' lang='lat' dir='ltr'>taedio</span> 
     </span>
    </p>
   </div>
   <div class='ocr_carea' id='block_1_87' title="bbox 2117 4061 3811 4141">
    <p class='ocr_par' dir='ltr' id='par_1_87' title="bbox 2117 4061 3811 4141">
     <span class='ocr_line' id='line_1_87' title="bbox 2117 4061 3811 4141; baseline -0.004 -22"><span class='ocrx_word' id='word_1_636' title='bbox 2117 4063 2378 4119; x_wconf 77' lang='lat' dir='ltr'>maeroris</span> <span class='ocrx_word' id='word_1_637' title='bbox 2409 4062 2702 4118; x_wconf 83' lang='lat' dir='ltr'>afficimur</span> <span class='ocrx_word' id='word_1_638' title='bbox 2730 4061 2779 4116; x_wconf 89' lang='lat' dir='ltr'>si</span> <span class='ocrx_word' id='word_1_639' title='bbox 2807 4061 2866 4115; x_wconf 90' lang='lat' dir='ltr'>in</span> <span class='ocrx_word' id='word_1_640' title='bbox 2889 4061 3298 4119; x_wconf 90' lang='lat' dir='ltr'>ecclesiasticis</span> <span class='ocrx_word' id='word_1_641' title='bbox 3318 4061 3543 4119; x_wconf 81' lang='lat' dir='ltr'>ofﬁciis</span> <span class='ocrx_word' id='word_1_642' title='bbox 3580 4081 3811 4141; x_wconf 75' lang='lat' dir='ltr'>quem.</span> 
     </span>
    </p>
   </div>
   <div class='ocr_carea' id='block_1_88' title="bbox 2118 4150 3813 4231">
    <p class='ocr_par' dir='ltr' id='par_1_88' title="bbox 2118 4150 3813 4231">
     <span class='ocr_line' id='line_1_88' title="bbox 2118 4150 3813 4231; baseline 0.005 -24"><span class='ocrx_word' id='word_1_643' title='bbox 2118 4169 2295 4225; x_wconf 91' lang='lat' dir='ltr'>quam</span> <span class='ocrx_word' id='word_1_644' title='bbox 2324 4151 2536 4207; x_wconf 89' lang='lat' dir='ltr'>habeat</span> <span class='ocrx_word' id='word_1_645' title='bbox 2562 4150 2756 4205; x_wconf 92' lang='lat' dir='ltr'>locum</span> <span class='ocrx_word' id='word_1_646' title='bbox 2802 4150 3091 4222; x_wconf 67' lang='lat' dir='ltr'>pecunia,</span> <span class='ocrx_word' id='word_1_647' title='bbox 3123 4155 3180 4207; x_wconf 87' lang='lat' dir='ltr'>et</span> <span class='ocrx_word' id='word_1_648' title='bbox 3210 4151 3277 4207; x_wconf 83' lang='lat' dir='ltr'>fit</span> <span class='ocrx_word' id='word_1_649' title='bbox 3304 4150 3608 4210; x_wconf 62' lang='lat' dir='ltr'>saculare</span> <span class='ocrx_word' id='word_1_650' title='bbox 3642 4160 3813 4231; x_wconf 88' lang='lat' dir='ltr'>quod</span> 
     </span>
    </p>
   </div>
   <div class='ocr_carea' id='block_1_89' title="bbox 2116 4238 3814 4312">
    <p class='ocr_par' dir='ltr' id='par_1_89' title="bbox 2116 4238 3814 4312">
     <span class='ocr_line' id='line_1_89' title="bbox 2116 4238 3814 4312; baseline 0.004 -15"><span class='ocrx_word' id='word_1_651' title='bbox 2116 4257 2347 4309; x_wconf 77' lang='lat' dir='ltr'>sacrum</span> <span class='ocrx_word' id='word_1_652' title='bbox 2371 4242 2477 4294; x_wconf 89' lang='lat' dir='ltr'>est.</span> <span class='ocrx_word' id='word_1_653' title='bbox 2501 4238 2842 4310; x_wconf 88' lang='lat' dir='ltr'>Quicunque</span> <span class='ocrx_word' id='word_1_654' title='bbox 2863 4255 3001 4311; x_wconf 89' lang='lat' dir='ltr'>ergo</span> <span class='ocrx_word' id='word_1_655' title='bbox 3014 4239 3127 4296; x_wconf 92' lang='lat' dir='ltr'>hoc</span> <span class='ocrx_word' id='word_1_656' title='bbox 3143 4239 3814 4312; x_wconf 82' lang='lat' dir='ltr'>pretiistudetdatioue</span> 
     </span>
    </p>
   </div>
   <div class='ocr_carea' id='block_1_90' title="bbox 2118 4327 3813 4402">
    <p class='ocr_par' dir='ltr' id='par_1_90' title="bbox 2118 4327 3813 4402">
     <span class='ocr_line' id='line_1_90' title="bbox 2118 4327 3813 4402; baseline 0.005 -18"><span class='ocrx_word' id='word_1_657' title='bbox 2118 4329 2430 4402; x_wconf 89' lang='lat' dir='ltr'>percipere,</span> <span class='ocrx_word' id='word_1_658' title='bbox 2464 4327 2737 4383; x_wconf 87' lang='lat' dir='ltr'>sacerdos</span> <span class='ocrx_word' id='word_1_659' title='bbox 2766 4343 3063 4393; x_wconf 72' lang='lat' dir='ltr'>nonesse,</span> <span class='ocrx_word' id='word_1_660' title='bbox 3088 4327 3193 4385; x_wconf 87' lang='lat' dir='ltr'>sed</span> <span class='ocrx_word' id='word_1_661' title='bbox 3214 4327 3334 4385; x_wconf 90' lang='lat' dir='ltr'>dici</span> <span class='ocrx_word' id='word_1_662' title='bbox 3362 4331 3813 4391; x_wconf 87' lang='lat' dir='ltr'>tantummodo</span> 
     </span>
    </p>
   </div>
   <div class='ocr_carea' id='block_1_91' title="bbox 2115 4414 3812 4495">
    <p class='ocr_par' dir='ltr' id='par_1_91' title="bbox 2115 4414 3812 4495">
     <span class='ocr_line' id='line_1_91' title="bbox 2115 4414 3812 4495; baseline -0.006 -22"><span class='ocrx_word' id='word_1_663' title='bbox 2115 4416 2368 4473; x_wconf 89' lang='lat' dir='ltr'>inaniter</span> <span class='ocrx_word' id='word_1_664' title='bbox 2389 4414 2765 4487; x_wconf 87' lang='lat' dir='ltr'>concupiscit.</span> <span class='ocrx_word' id='word_1_665' title='bbox 2794 4414 2945 4480; x_wconf 88' lang='lat' dir='ltr'>Quid</span> <span class='ocrx_word' id='word_1_666' title='bbox 2960 4414 3228 4473; x_wconf 79' lang='lat' dir='ltr'>scilicet?</span> <span class='ocrx_word' id='word_1_667' title='bbox 3249 4415 3385 4488; x_wconf 89' lang='lat' dir='ltr'>quis</span> <span class='ocrx_word' id='word_1_668' title='bbox 3399 4432 3511 4490; x_wconf 85' lang='lat' dir='ltr'>per</span> <span class='ocrx_word' id='word_1_669' title='bbox 3532 4418 3658 4477; x_wconf 83' lang='lat' dir='ltr'>hoc</span> <span class='ocrx_word' id='word_1_670' title='bbox 3682 4422 3812 4495; x_wconf 70' lang='lat' dir='ltr'>agi-</span> 
     </span>
    </p>
   </div>
   <div class='ocr_carea' id='block_1_92' title="bbox 2115 4501 3808 4576">
    <p class='ocr_par' dir='ltr' id='par_1_92' title="bbox 2115 4501 3808 4576">
     <span class='ocr_line' id='line_1_92' title="bbox 2115 4501 3808 4576; baseline 0.004 -15"><span class='ocrx_word' id='word_1_671' title='bbox 2115 4510 2234 4576; x_wconf 90' lang='lat' dir='ltr'>tur,</span> <span class='ocrx_word' id='word_1_672' title='bbox 2268 4504 2381 4559; x_wconf 90' lang='lat' dir='ltr'>nisi</span> <span class='ocrx_word' id='word_1_673' title='bbox 2412 4507 2477 4558; x_wconf 92' lang='lat' dir='ltr'>ut</span> <span class='ocrx_word' id='word_1_674' title='bbox 2504 4501 2667 4558; x_wconf 90' lang='lat' dir='ltr'>nulla</span> <span class='ocrx_word' id='word_1_675' title='bbox 2687 4502 2758 4559; x_wconf 91' lang='lat' dir='ltr'>de</span> <span class='ocrx_word' id='word_1_676' title='bbox 2778 4506 2911 4558; x_wconf 88' lang='lat' dir='ltr'>actu</span> <span class='ocrx_word' id='word_1_677' title='bbox 2933 4503 3224 4575; x_wconf 90' lang='lat' dir='ltr'>probatio,</span> <span class='ocrx_word' id='word_1_678' title='bbox 3248 4504 3422 4560; x_wconf 87' lang='lat' dir='ltr'>nulla</span> <span class='ocrx_word' id='word_1_679' title='bbox 3440 4505 3808 4569; x_wconf 87' lang='lat' dir='ltr'>sollicitudo</span> 
     </span>
    </p>
   </div>
   <div class='ocr_carea' id='block_1_93' title="bbox 370 4584 3813 4675">
    <p class='ocr_par' dir='ltr' id='par_1_93' title="bbox 370 4584 3813 4675">
     <span class='ocr_line' id='line_1_93' title="bbox 370 4584 3813 4675; baseline 0.003 -31"><span class='ocrx_word' id='word_1_680' title='bbox 370 4584 1808 4675; x_wconf 86' lang='lat' dir='ltr'>riaambitionehonorabilissacerdotisduciturin</span> <span class='ocrx_word' id='word_1_681' title='bbox 1826 4585 2006 4657; x_wconf 85' lang='lat' dir='ltr'>depra</span> <span class='ocrx_word' id='word_1_682' title='bbox 2038 4609 2085 4675; x_wconf 82' lang='lat' dir='ltr'><strong>D</strong></span> <span class='ocrx_word' id='word_1_683' title='bbox 2116 4594 2187 4649; x_wconf 90' lang='lat' dir='ltr'>de</span> <span class='ocrx_word' id='word_1_684' title='bbox 2212 4591 2494 4658; x_wconf 90' lang='lat' dir='ltr'>moribus,</span> <span class='ocrx_word' id='word_1_685' title='bbox 2523 4590 2687 4647; x_wconf 89' lang='lat' dir='ltr'>nulla</span> <span class='ocrx_word' id='word_1_686' title='bbox 2714 4591 2781 4645; x_wconf 82' lang='lat' dir='ltr'>fit</span> <span class='ocrx_word' id='word_1_687' title='bbox 2809 4590 2881 4647; x_wconf 92' lang='lat' dir='ltr'>de</span> <span class='ocrx_word' id='word_1_688' title='bbox 2912 4591 3031 4648; x_wconf 88' lang='lat' dir='ltr'>vita</span> <span class='ocrx_word' id='word_1_689' title='bbox 3060 4592 3380 4660; x_wconf 86' lang='lat' dir='ltr'>discussio,</span> <span class='ocrx_word' id='word_1_690' title='bbox 3420 4596 3535 4651; x_wconf 85' lang='lat' dir='ltr'>sed</span> <span class='ocrx_word' id='word_1_691' title='bbox 3566 4596 3685 4654; x_wconf 89' lang='lat' dir='ltr'>ille</span> <span class='ocrx_word' id='word_1_692' title='bbox 3718 4616 3813 4656; x_wconf 85' lang='lat' dir='ltr'>so-</span> 
     </span>
    </p>
   </div>
   <div class='ocr_carea' id='block_1_94' title="bbox 369 4674 3811 4752">
    <p class='ocr_par' dir='ltr' id='par_1_94' title="bbox 369 4674 3811 4752">
     <span class='ocr_line' id='line_1_94' title="bbox 369 4674 3811 4752; baseline -0.001 -20"><span class='ocrx_word' id='word_1_693' title='bbox 369 4677 600 4733; x_wconf 89' lang='lat' dir='ltr'>vatione</span> <span class='ocrx_word' id='word_1_694' title='bbox 631 4693 898 4733; x_wconf 89' lang='lat' dir='ltr'>censura.</span> <span class='ocrx_word' id='word_1_695' title='bbox 932 4675 1078 4730; x_wconf 89' lang='lat' dir='ltr'>Nam</span> <span class='ocrx_word' id='word_1_696' title='bbox 1110 4674 1243 4747; x_wconf 88' lang='lat' dir='ltr'>quis</span> <span class='ocrx_word' id='word_1_697' title='bbox 1273 4674 1463 4730; x_wconf 91' lang='lat' dir='ltr'>denuo</span> <span class='ocrx_word' id='word_1_698' title='bbox 1501 4677 1806 4729; x_wconf 89' lang='lat' dir='ltr'>veneretur</span> <span class='ocrx_word' id='word_1_699' title='bbox 1852 4675 2006 4745; x_wconf 92' lang='lat' dir='ltr'>quod</span> <span class='ocrx_word' id='word_1_700' title='bbox 2044 4674 2047 4675; x_wconf 55' lang='grc'><strong><em>⁷</em></strong></span> <span class='ocrx_word' id='word_1_701' title='bbox 2116 4681 2416 4738; x_wconf 84' lang='lat' dir='ltr'>lummodo</span> <span class='ocrx_word' id='word_1_702' title='bbox 2448 4678 2663 4752; x_wconf 88' lang='lat' dir='ltr'>dignus</span> <span class='ocrx_word' id='word_1_703' title='bbox 2694 4679 2797 4750; x_wconf 89' lang='lat' dir='ltr'>qui</span> <span class='ocrx_word' id='word_1_704' title='bbox 2827 4679 2965 4735; x_wconf 88' lang='lat' dir='ltr'>dare</span> <span class='ocrx_word' id='word_1_705' title='bbox 2995 4680 3253 4752; x_wconf 89' lang='lat' dir='ltr'>pretium</span> <span class='ocrx_word' id='word_1_706' title='bbox 3298 4681 3622 4741; x_wconf 73' lang='lat' dir='ltr'>suffecerit,</span> <span class='ocrx_word' id='word_1_707' title='bbox 3650 4689 3811 4745; x_wconf 62' lang='grc' dir='ltr'>ωειί-</span> 
     </span>
    </p>
   </div>
   <div class='ocr_carea' id='block_1_95' title="bbox 370 4760 2012 4835">
    <p class='ocr_par' dir='ltr' id='par_1_95' title="bbox 370 4760 2012 4835">
     <span class='ocr_line' id='line_1_95' title="bbox 370 4760 2012 4835; baseline -0.001 -15"><span class='ocrx_word' id='word_1_708' title='bbox 370 4765 642 4820; x_wconf 89' lang='lat' dir='ltr'>venditur</span> <span class='ocrx_word' id='word_1_709' title='bbox 661 4765 689 4820; x_wconf 83' lang='lat'>‘?</span> <span class='ocrx_word' id='word_1_710' title='bbox 721 4768 823 4819; x_wconf 87' lang='lat' dir='ltr'>aut</span> <span class='ocrx_word' id='word_1_711' title='bbox 842 4762 975 4835; x_wconf 86' lang='lat' dir='ltr'>quis</span> <span class='ocrx_word' id='word_1_712' title='bbox 997 4780 1111 4818; x_wconf 90' lang='lat' dir='ltr'>non</span> <span class='ocrx_word' id='word_1_713' title='bbox 1137 4761 1249 4818; x_wconf 89' lang='lat' dir='ltr'>vile</span> <span class='ocrx_word' id='word_1_714' title='bbox 1277 4765 1443 4835; x_wconf 89' lang='lat' dir='ltr'>putet</span> <span class='ocrx_word' id='word_1_715' title='bbox 1464 4760 1617 4832; x_wconf 89' lang='lat' dir='ltr'>quod</span> <span class='ocrx_word' id='word_1_716' title='bbox 1648 4761 1824 4817; x_wconf 83' lang='lat' dir='ltr'>emit?</span> <span class='ocrx_word' id='word_1_717' title='bbox 1849 4760 2012 4818; x_wconf 88' lang='lat' dir='ltr'>Unde</span> 
     </span>
    </p>
   </div>
   <div class='ocr_carea' id='block_1_96' title="bbox 369 4849 2011 4921">
    <p class='ocr_par' dir='ltr' id='par_1_96' title="bbox 369 4849 2011 4921">
     <span class='ocr_line' id='line_1_96' title="bbox 369 4849 2011 4921; baseline 0 -14"><span class='ocrx_word' id='word_1_718' title='bbox 369 4852 538 4907; x_wconf 87' lang='lat' dir='ltr'>valde</span> <span class='ocrx_word' id='word_1_719' title='bbox 568 4852 896 4917; x_wconf 83' lang='lat' dir='ltr'>contristor,</span> <span class='ocrx_word' id='word_1_720' title='bbox 928 4855 986 4907; x_wconf 90' lang='lat' dir='ltr'>et</span> <span class='ocrx_word' id='word_1_721' title='bbox 1001 4855 1163 4906; x_wconf 65' lang='lat' dir='ltr'>terras</span> <span class='ocrx_word' id='word_1_722' title='bbox 1194 4849 1352 4907; x_wconf 90' lang='lat' dir='ltr'>illius</span> <span class='ocrx_word' id='word_1_723' title='bbox 1374 4850 1670 4917; x_wconf 91' lang='lat' dir='ltr'>condoleo,</span> <span class='ocrx_word' id='word_1_724' title='bbox 1703 4849 1840 4921; x_wconf 89' lang='lat' dir='ltr'>quia</span> <span class='ocrx_word' id='word_1_725' title='bbox 1871 4850 2011 4907; x_wconf 89' lang='lat' dir='ltr'>dum</span> 
     </span>
    </p>
   </div>
   <div class='ocr_carea' id='block_1_97' title="bbox 370 4938 2010 5010">
    <p class='ocr_par' dir='ltr' id='par_1_97' title="bbox 370 4938 2010 5010">
     <span class='ocr_line' id='line_1_97' title="bbox 370 4938 2010 5010; baseline 0.001 -17"><span class='ocrx_word' id='word_1_726' title='bbox 370 4939 653 5010; x_wconf 86' lang='lat' dir='ltr'>Spiritum</span> <span class='ocrx_word' id='word_1_727' title='bbox 686 4943 974 5006; x_wconf 90' lang='lat' dir='ltr'>sanctum,</span> <span class='ocrx_word' id='word_1_728' title='bbox 1009 4955 1184 5010; x_wconf 90' lang='lat' dir='ltr'>quem</span> <span class='ocrx_word' id='word_1_729' title='bbox 1207 4956 1307 5010; x_wconf 89' lang='lat' dir='ltr'>per</span> <span class='ocrx_word' id='word_1_730' title='bbox 1338 4955 1547 4994; x_wconf 84' lang='lat' dir='ltr'>manus</span> <span class='ocrx_word' id='word_1_731' title='bbox 1578 4938 2010 5009; x_wconf 88' lang='lat' dir='ltr'>impositionem</span> 
     </span>
    </p>
   </div>
   <div class='ocr_carea' id='block_1_98' title="bbox 373 5014 2010 5099">
    <p class='ocr_par' dir='ltr' id='par_1_98' title="bbox 373 5014 2010 5099">
     <span class='ocr_line' id='line_1_98' title="bbox 373 5014 2010 5099; baseline 0.002 -17"><span class='ocrx_word' id='word_1_732' title='bbox 373 5027 742 5098; x_wconf 88' lang='lat' dir='ltr'>omnipotens</span> <span class='ocrx_word' id='word_1_733' title='bbox 761 5014 907 5081; x_wconf 80' lang='lat' dir='ltr'>Deus</span> <span class='ocrx_word' id='word_1_734' title='bbox 928 5026 1266 5083; x_wconf 88' lang='lat' dir='ltr'>hominibus</span> <span class='ocrx_word' id='word_1_735' title='bbox 1285 5026 1484 5099; x_wconf 88' lang='lat' dir='ltr'>largiri</span> <span class='ocrx_word' id='word_1_736' title='bbox 1515 5026 2010 5097; x_wconf 89' lang='lat' dir='ltr'>dignatur,divino</span> 
     </span>
    </p>
   </div>
   <div class='ocr_carea' id='block_1_99' title="bbox 374 5113 2011 5187">
    <p class='ocr_par' dir='ltr' id='par_1_99' title="bbox 374 5113 2011 5187">
     <span class='ocr_line' id='line_1_99' title="bbox 374 5113 2011 5187; baseline -0.001 -17"><span class='ocrx_word' id='word_1_737' title='bbox 374 5131 617 5171; x_wconf 90' lang='lat' dir='ltr'>munere</span> <span class='ocrx_word' id='word_1_738' title='bbox 635 5114 1308 5187; x_wconf 87' lang='lat' dir='ltr'>habercdespiciunt,sed</span> <span class='ocrx_word' id='word_1_739' title='bbox 1320 5113 1579 5186; x_wconf 79' lang='lat' dir='ltr'>przsmiis</span> <span class='ocrx_word' id='word_1_740' title='bbox 1599 5118 2011 5184; x_wconf 87' lang='lat' dir='ltr'>assequuntur,</span> 
     </span>
    </p>
   </div>
   <div class='ocr_carea' id='block_1_100' title="bbox 374 5199 2011 5262">
    <p class='ocr_par' dir='ltr' id='par_1_100' title="bbox 374 5199 2011 5262">
     <span class='ocr_line' id='line_1_100' title="bbox 374 5199 2011 5262; baseline -0.001 -1"><span class='ocrx_word' id='word_1_741' title='bbox 374 5203 762 5262; x_wconf 87' lang='lat' dir='ltr'>sacerdotium</span> <span class='ocrx_word' id='word_1_742' title='bbox 786 5202 922 5258; x_wconf 93' lang='lat' dir='ltr'>illuc</span> <span class='ocrx_word' id='word_1_743' title='bbox 955 5204 1271 5260; x_wconf 85' lang='lat' dir='ltr'>subsistere</span> <span class='ocrx_word' id='word_1_744' title='bbox 1301 5203 1400 5258; x_wconf 90' lang='lat' dir='ltr'>diu</span> <span class='ocrx_word' id='word_1_745' title='bbox 1432 5218 1549 5256; x_wconf 89' lang='lat' dir='ltr'>non</span> <span class='ocrx_word' id='word_1_746' title='bbox 1577 5199 1841 5256; x_wconf 89' lang='lat' dir='ltr'>arbitror.</span> <span class='ocrx_word' id='word_1_747' title='bbox 1867 5202 2011 5259; x_wconf 88' lang='lat' dir='ltr'>Nam</span> 
     </span>
    </p>
   </div>
   <div class='ocr_carea' id='block_1_101' title="bbox 372 5286 2011 5364">
    <p class='ocr_par' dir='ltr' id='par_1_101' title="bbox 372 5286 2011 5364">
     <span class='ocr_line' id='line_1_101' title="bbox 372 5286 2011 5364; baseline -0.001 -16"><span class='ocrx_word' id='word_1_748' title='bbox 372 5293 471 5349; x_wconf 92' lang='lat' dir='ltr'>ubi</span> <span class='ocrx_word' id='word_1_749' title='bbox 530 5293 682 5348; x_wconf 90' lang='lat' dir='ltr'>dona</span> <span class='ocrx_word' id='word_1_750' title='bbox 722 5308 983 5364; x_wconf 79' lang='lat' dir='ltr'>supernae</span> <span class='ocrx_word' id='word_1_751' title='bbox 1029 5292 1222 5364; x_wconf 74' lang='lat' dir='ltr'>gratia:</span> <span class='ocrx_word' id='word_1_752' title='bbox 1272 5288 1497 5346; x_wconf 81' lang='lat' dir='ltr'>venalia</span> <span class='ocrx_word' id='word_1_753' title='bbox 1525 5286 1889 5358; x_wconf 88' lang='lat' dir='ltr'>judicantur,</span> <span class='ocrx_word' id='word_1_754' title='bbox 1938 5292 2011 5347; x_wconf 92' lang='lat' dir='ltr'>ad</span> 
     </span>
    </p>
   </div>
   <div class='ocr_carea' id='block_1_102' title="bbox 374 5375 2014 5451">
    <p class='ocr_par' dir='ltr' id='par_1_102' title="bbox 374 5375 2014 5451">
     <span class='ocr_line' id='line_1_102' title="bbox 374 5375 2014 5451; baseline -0.001 -15"><span class='ocrx_word' id='word_1_755' title='bbox 374 5381 476 5437; x_wconf 91' lang='lat' dir='ltr'>Dei</span> <span class='ocrx_word' id='word_1_756' title='bbox 514 5380 815 5436; x_wconf 89' lang='lat' dir='ltr'>servitium</span> <span class='ocrx_word' id='word_1_757' title='bbox 846 5396 961 5435; x_wconf 90' lang='lat' dir='ltr'>non</span> <span class='ocrx_word' id='word_1_758' title='bbox 982 5380 1099 5435; x_wconf 90' lang='lat' dir='ltr'>vita</span> <span class='ocrx_word' id='word_1_759' title='bbox 1129 5376 1427 5451; x_wconf 69' lang='lat' dir='ltr'>quaeritur,</span> <span class='ocrx_word' id='word_1_760' title='bbox 1461 5375 1563 5430; x_wconf 89' lang='lat' dir='ltr'>sed</span> <span class='ocrx_word' id='word_1_761' title='bbox 1594 5375 1782 5447; x_wconf 87' lang='lat' dir='ltr'>magis</span> <span class='ocrx_word' id='word_1_762' title='bbox 1813 5381 2014 5435; x_wconf 89' lang='lat' dir='ltr'>contra</span> 
     </span>
    </p>
   </div>
   <div class='ocr_carea' id='block_1_103' title="bbox 376 5468 1301 5539">
    <p class='ocr_par' dir='ltr' id='par_1_103' title="bbox 376 5468 1301 5539">
     <span class='ocr_line' id='line_1_103' title="bbox 376 5468 1301 5539; baseline -0.008 -16"><span class='ocrx_word' id='word_1_763' title='bbox 376 5472 559 5523; x_wconf 90' lang='lat' dir='ltr'>Deum</span> <span class='ocrx_word' id='word_1_764' title='bbox 589 5468 846 5539; x_wconf 63' lang='lat' dir='ltr'>pecuniae</span> <span class='ocrx_word' id='word_1_765' title='bbox 876 5469 1242 5523; x_wconf 87' lang='lat' dir='ltr'>venerantur.</span> <span class='ocrx_word' id='word_1_766' title='bbox 1274 5483 1301 5515; x_wconf 67' lang='grc' dir='ltr'><strong>ρ</strong></span> 
     </span>
    </p>
   </div>
   <div class='ocr_carea' id='block_1_104' title="bbox 446 5552 2016 5626">
    <p class='ocr_par' dir='ltr' id='par_1_104' title="bbox 446 5552 2016 5626">
     <span class='ocr_line' id='line_1_104' title="bbox 446 5552 2016 5626; baseline 0.001 -13"><span class='ocrx_word' id='word_1_767' title='bbox 446 5557 579 5613; x_wconf 84' lang='lat' dir='ltr'>Item</span> <span class='ocrx_word' id='word_1_768' title='bbox 637 5555 953 5613; x_wconf 80' lang='lat' dir='ltr'>Theoderico</span> <span class='ocrx_word' id='word_1_769' title='bbox 998 5563 1047 5610; x_wconf 76' lang='lat' dir='ltr'>et</span> <span class='ocrx_word' id='word_1_770' title='bbox 1092 5552 1471 5621; x_wconf 70' lang='lat' dir='ltr'>Theudeberto,</span> <span class='ocrx_word' id='word_1_771' title='bbox 1518 5552 1736 5626; x_wconf 74' lang='lat' dir='ltr'>regibus</span> <span class='ocrx_word' id='word_1_772' title='bbox 1780 5559 2016 5614; x_wconf 83' lang='lat' dir='ltr'>Franco-</span> 
     </span>
    </p>
   </div>
   <div class='ocr_carea' id='block_1_105' title="bbox 377 5641 2014 5721">
    <p class='ocr_par' dir='ltr' id='par_1_105' title="bbox 377 5641 2014 5721">
     <span class='ocr_line' id='line_1_105' title="bbox 377 5641 2014 5721; baseline 0.004 -21"><span class='ocrx_word' id='word_1_773' title='bbox 377 5657 522 5700; x_wconf 80' lang='lat' dir='ltr'>rum.</span> <span class='ocrx_word' id='word_1_774' title='bbox 578 5662 607 5695; x_wconf 75' lang='grc' dir='ltr'><strong>ι(</strong></span> <span class='ocrx_word' id='word_1_775' title='bbox 662 5642 862 5701; x_wconf 88' lang='lat' dir='ltr'>Fertur</span> <span class='ocrx_word' id='word_1_776' title='bbox 918 5641 1249 5703; x_wconf 82' lang='lat' dir='ltr'>Simoniaca</span> <span class='ocrx_word' id='word_1_777' title='bbox 1296 5641 1554 5712; x_wconf 81' lang='lat' dir='ltr'>haeresis,</span> <span class='ocrx_word' id='word_1_778' title='bbox 1629 5656 1754 5718; x_wconf 77' lang='lat' dir='ltr'>quae</span> <span class='ocrx_word' id='word_1_779' title='bbox 1824 5645 2014 5721; x_wconf 85' lang='lat' dir='ltr'>prima</span> 
     </span>
    </p>
   </div>
   <div class='ocr_carea' id='block_1_106' title="bbox 2122 4766 3813 4839">
    <p class='ocr_par' dir='ltr' id='par_1_106' title="bbox 2122 4766 3813 4839">
     <span class='ocr_line' id='line_1_106' title="bbox 2122 4766 3813 4839; baseline 0.005 -14"><span class='ocrx_word' id='word_1_780' title='bbox 2122 4769 2350 4825; x_wconf 81' lang='lat' dir='ltr'>metur?</span> <span class='ocrx_word' id='word_1_781' title='bbox 2380 4769 2461 4823; x_wconf 80' lang='lat' dir='ltr'><strong>Ex</strong></span> <span class='ocrx_word' id='word_1_782' title='bbox 2490 4784 2607 4839; x_wconf 89' lang='lat' dir='ltr'>qua</span> <span class='ocrx_word' id='word_1_783' title='bbox 2633 4784 2692 4823; x_wconf 91' lang='lat' dir='ltr'>re</span> <span class='ocrx_word' id='word_1_784' title='bbox 2725 4768 2774 4823; x_wconf 90' lang='lat' dir='ltr'>si</span> <span class='ocrx_word' id='word_1_785' title='bbox 2804 4767 2945 4823; x_wconf 87' lang='lat' dir='ltr'>recti</span> <span class='ocrx_word' id='word_1_786' title='bbox 2975 4766 3312 4827; x_wconf 88' lang='lat' dir='ltr'>libraminis</span> <span class='ocrx_word' id='word_1_787' title='bbox 3344 4772 3813 4834; x_wconf 79' lang='lat' dir='ltr'>examinatione</span> 
     </span>
    </p>
   </div>
   <div class='ocr_carea' id='block_1_107' title="bbox 2122 4854 3812 4930">
    <p class='ocr_par' dir='ltr' id='par_1_107' title="bbox 2122 4854 3812 4930">
     <span class='ocr_line' id='line_1_107' title="bbox 2122 4854 3812 4930; baseline 0.005 -17"><span class='ocrx_word' id='word_1_788' title='bbox 2122 4861 2415 4930; x_wconf 88' lang='lat' dir='ltr'>pensetur,</span> <span class='ocrx_word' id='word_1_789' title='bbox 2449 4855 2591 4910; x_wconf 93' lang='lat' dir='ltr'>dum</span> <span class='ocrx_word' id='word_1_790' title='bbox 2622 4854 2887 4926; x_wconf 90' lang='lat' dir='ltr'>improbe</span> <span class='ocrx_word' id='word_1_791' title='bbox 2915 4856 2988 4911; x_wconf 91' lang='lat' dir='ltr'>ad</span> <span class='ocrx_word' id='word_1_792' title='bbox 3024 4856 3263 4915; x_wconf 81' lang='lat' dir='ltr'>inanem</span> <span class='ocrx_word' id='word_1_793' title='bbox 3294 4859 3567 4930; x_wconf 83' lang='lat' dir='ltr'>gratiam</span> <span class='ocrx_word' id='word_1_794' title='bbox 3600 4861 3812 4925; x_wconf 81' lang='lat' dir='ltr'>locum</span> 
     </span>
    </p>
   </div>
   <div class='ocr_carea' id='block_1_108' title="bbox 2122 4942 3815 5021">
    <p class='ocr_par' dir='ltr' id='par_1_108' title="bbox 2122 4942 3815 5021">
     <span class='ocr_line' id='line_1_108' title="bbox 2122 4942 3815 5021; baseline 0.007 -21"><span class='ocrx_word' id='word_1_795' title='bbox 2122 4945 2356 5002; x_wconf 85' lang='lat' dir='ltr'>festinat</span> <span class='ocrx_word' id='word_1_796' title='bbox 2375 4942 2727 4999; x_wconf 89' lang='lat' dir='ltr'>humilitatis</span> <span class='ocrx_word' id='word_1_797' title='bbox 2743 4944 3020 5015; x_wconf 85' lang='lat' dir='ltr'>arripere,</span> <span class='ocrx_word' id='word_1_798' title='bbox 3038 4961 3105 5001; x_wconf 87' lang='lat' dir='ltr'>eo</span> <span class='ocrx_word' id='word_1_799' title='bbox 3118 4945 3247 5018; x_wconf 90' lang='lat' dir='ltr'>ipso</span> <span class='ocrx_word' id='word_1_800' title='bbox 3264 4947 3465 5021; x_wconf 83' lang='lat' dir='ltr'>magis</span> <span class='ocrx_word' id='word_1_801' title='bbox 3487 4950 3603 5021; x_wconf 89' lang='lat' dir='ltr'>qui</span> <span class='ocrx_word' id='word_1_802' title='bbox 3626 4951 3815 5012; x_wconf 89' lang='lat' dir='ltr'>hono-</span> 
     </span>
    </p>
   </div>
   <div class='ocr_carea' id='block_1_109' title="bbox 2120 5031 3809 5109">
    <p class='ocr_par' dir='ltr' id='par_1_109' title="bbox 2120 5031 3809 5109">
     <span class='ocr_line' id='line_1_109' title="bbox 2120 5031 3809 5109; baseline 0.005 -19"><span class='ocrx_word' id='word_1_803' title='bbox 2120 5050 2241 5091; x_wconf 88' lang='lat' dir='ltr'>rem</span> <span class='ocrx_word' id='word_1_804' title='bbox 2273 5031 2480 5104; x_wconf 72' lang='lat' dir='ltr'>quzsrit</span> <span class='ocrx_word' id='word_1_805' title='bbox 2499 5031 2776 5103; x_wconf 88' lang='lat' dir='ltr'>indignus</span> <span class='ocrx_word' id='word_1_806' title='bbox 2798 5037 2905 5087; x_wconf 89' lang='lat' dir='ltr'>est.</span> <span class='ocrx_word' id='word_1_807' title='bbox 2922 5032 3086 5089; x_wconf 90' lang='lat' dir='ltr'>Sicut</span> <span class='ocrx_word' id='word_1_808' title='bbox 3101 5038 3301 5090; x_wconf 87' lang='lat' dir='ltr'>autem</span> <span class='ocrx_word' id='word_1_809' title='bbox 3316 5034 3443 5105; x_wconf 86' lang='lat' dir='ltr'>his,</span> <span class='ocrx_word' id='word_1_810' title='bbox 3459 5039 3575 5109; x_wconf 88' lang='lat' dir='ltr'>qui</span> <span class='ocrx_word' id='word_1_811' title='bbox 3591 5039 3809 5099; x_wconf 83' lang='lat' dir='ltr'>invita-</span> 
     </span>
    </p>
   </div>
   <div class='ocr_carea' id='block_1_110' title="bbox 2118 5120 3814 5193">
    <p class='ocr_par' dir='ltr' id='par_1_110' title="bbox 2118 5120 3814 5193">
     <span class='ocr_line' id='line_1_110' title="bbox 2118 5120 3814 5193; baseline 0.008 -16"><span class='ocrx_word' id='word_1_812' title='bbox 2118 5126 2215 5177; x_wconf 92' lang='lat' dir='ltr'>tus</span> <span class='ocrx_word' id='word_1_813' title='bbox 2239 5120 2451 5190; x_wconf 90' lang='lat' dir='ltr'>renuit,</span> <span class='ocrx_word' id='word_1_814' title='bbox 2478 5120 2760 5193; x_wconf 71' lang='lat' dir='ltr'>quaesitus</span> <span class='ocrx_word' id='word_1_815' title='bbox 2782 5120 3023 5192; x_wconf 80' lang='lat' dir='ltr'>refugit,</span> <span class='ocrx_word' id='word_1_816' title='bbox 3044 5122 3231 5178; x_wconf 88' lang='lat' dir='ltr'>sacris</span> <span class='ocrx_word' id='word_1_817' title='bbox 3256 5127 3351 5180; x_wconf 88' lang='lat' dir='ltr'>est</span> <span class='ocrx_word' id='word_1_818' title='bbox 3373 5122 3696 5187; x_wconf 86' lang='lat' dir='ltr'>altaribus</span> <span class='ocrx_word' id='word_1_819' title='bbox 3717 5131 3814 5189; x_wconf 81' lang='lat' dir='ltr'>ad-</span> 
     </span>
    </p>
   </div>
   <div class='ocr_carea' id='block_1_111' title="bbox 2119 5207 3812 5283">
    <p class='ocr_par' dir='ltr' id='par_1_111' title="bbox 2119 5207 3812 5283">
     <span class='ocr_line' id='line_1_111' title="bbox 2119 5207 3812 5283; baseline 0.007 -17"><span class='ocrx_word' id='word_1_820' title='bbox 2119 5210 2462 5274; x_wconf 88' lang='lat' dir='ltr'>movendus,</span> <span class='ocrx_word' id='word_1_821' title='bbox 2493 5208 2578 5263; x_wconf 90' lang='lat' dir='ltr'>sic</span> <span class='ocrx_word' id='word_1_822' title='bbox 2611 5207 2709 5279; x_wconf 89' lang='lat' dir='ltr'>qui</span> <span class='ocrx_word' id='word_1_823' title='bbox 2742 5207 2892 5264; x_wconf 90' lang='lat' dir='ltr'>ultro</span> <span class='ocrx_word' id='word_1_824' title='bbox 2924 5209 3129 5277; x_wconf 89' lang='lat' dir='ltr'>ambit,</span> <span class='ocrx_word' id='word_1_825' title='bbox 3152 5209 3243 5267; x_wconf 89' lang='lat' dir='ltr'>vel</span> <span class='ocrx_word' id='word_1_826' title='bbox 3275 5210 3724 5283; x_wconf 87' lang='lat' dir='ltr'>importunum</span> <span class='ocrx_word' id='word_1_827' title='bbox 3754 5236 3812 5277; x_wconf 86' lang='lat' dir='ltr'>se</span> 
     </span>
    </p>
   </div>
   <div class='ocr_carea' id='block_1_112' title="bbox 2119 5295 3813 5378">
    <p class='ocr_par' dir='ltr' id='par_1_112' title="bbox 2119 5295 3813 5378">
     <span class='ocr_line' id='line_1_112' title="bbox 2119 5295 3813 5378; baseline 0.006 -24"><span class='ocrx_word' id='word_1_828' title='bbox 2119 5297 2352 5370; x_wconf 85' lang='lat' dir='ltr'>ingerit,</span> <span class='ocrx_word' id='word_1_829' title='bbox 2385 5300 2474 5352; x_wconf 92' lang='lat' dir='ltr'>est</span> <span class='ocrx_word' id='word_1_830' title='bbox 2503 5295 2703 5367; x_wconf 89' lang='lat' dir='ltr'>procul</span> <span class='ocrx_word' id='word_1_831' title='bbox 2734 5296 2913 5352; x_wconf 92' lang='lat' dir='ltr'>dubio</span> <span class='ocrx_word' id='word_1_832' title='bbox 2938 5297 3334 5369; x_wconf 87' lang='lat' dir='ltr'>repellendus.</span> <span class='ocrx_word' id='word_1_833' title='bbox 3368 5300 3535 5358; x_wconf 85' lang='lat' dir='ltr'>Nam</span> <span class='ocrx_word' id='word_1_834' title='bbox 3583 5308 3699 5378; x_wconf 88' lang='lat' dir='ltr'>qui</span> <span class='ocrx_word' id='word_1_835' title='bbox 3731 5309 3813 5364; x_wconf 88' lang='lat' dir='ltr'>sic</span> 
     </span>
    </p>
   </div>
   <div class='ocr_carea' id='block_1_113' title="bbox 2120 5382 3812 5461">
    <p class='ocr_par' dir='ltr' id='par_1_113' title="bbox 2120 5382 3812 5461">
     <span class='ocr_line' id='line_1_113' title="bbox 2120 5382 3812 5461; baseline 0.007 -20"><span class='ocrx_word' id='word_1_836' title='bbox 2120 5387 2326 5441; x_wconf 89' lang='lat' dir='ltr'>nititur</span> <span class='ocrx_word' id='word_1_837' title='bbox 2371 5385 2443 5439; x_wconf 91' lang='lat' dir='ltr'>ad</span> <span class='ocrx_word' id='word_1_838' title='bbox 2493 5382 2697 5439; x_wconf 90' lang='lat' dir='ltr'>altiora</span> <span class='ocrx_word' id='word_1_839' title='bbox 2745 5386 3154 5455; x_wconf 86' lang='lat' dir='ltr'>conscendere,</span> <span class='ocrx_word' id='word_1_840' title='bbox 3197 5387 3341 5458; x_wconf 92' lang='lat' dir='ltr'>quid</span> <span class='ocrx_word' id='word_1_841' title='bbox 3393 5389 3554 5461; x_wconf 81' lang='lat' dir='ltr'>agit,</span> <span class='ocrx_word' id='word_1_842' title='bbox 3594 5393 3723 5452; x_wconf 89' lang='lat' dir='ltr'>nisi</span> <span class='ocrx_word' id='word_1_843' title='bbox 3751 5400 3812 5452; x_wconf 88' lang='lat' dir='ltr'>ut</span> 
     </span>
    </p>
   </div>
   <div class='ocr_carea' id='block_1_114' title="bbox 2120 5472 3809 5546">
    <p class='ocr_par' dir='ltr' id='par_1_114' title="bbox 2120 5472 3809 5546">
     <span class='ocr_line' id='line_1_114' title="bbox 2120 5472 3809 5546; baseline 0.005 -17"><span class='ocrx_word' id='word_1_844' title='bbox 2120 5472 2427 5531; x_wconf 88' lang='lat' dir='ltr'>crescendo</span> <span class='ocrx_word' id='word_1_845' title='bbox 2443 5472 2822 5540; x_wconf 88' lang='lat' dir='ltr'>decrescat,et</span> <span class='ocrx_word' id='word_1_846' title='bbox 2837 5474 3208 5532; x_wconf 89' lang='lat' dir='ltr'>ascendendo</span> <span class='ocrx_word' id='word_1_847' title='bbox 3224 5474 3521 5546; x_wconf 77' lang='lat' dir='ltr'>exterius,</span> <span class='ocrx_word' id='word_1_848' title='bbox 3544 5479 3809 5541; x_wconf 75' lang='lat' dir='ltr'>interius</span> 
     </span>
    </p>
   </div>
   <div class='ocr_carea' id='block_1_115' title="bbox 2120 5560 3806 5640">
    <p class='ocr_par' dir='ltr' id='par_1_115' title="bbox 2120 5560 3806 5640">
     <span class='ocr_line' id='line_1_115' title="bbox 2120 5560 3806 5640; baseline 0.008 -22"><span class='ocrx_word' id='word_1_849' title='bbox 2120 5562 2180 5619; x_wconf 91' lang='lat' dir='ltr'>in</span> <span class='ocrx_word' id='word_1_850' title='bbox 2204 5560 2496 5635; x_wconf 82' lang='lat' dir='ltr'>profunda</span> <span class='ocrx_word' id='word_1_851' title='bbox 2523 5560 2887 5619; x_wconf 83' lang='lat' dir='ltr'>descendat?</span> <span class='ocrx_word' id='word_1_852' title='bbox 2924 5563 3148 5640; x_wconf 87' lang='lat' dir='ltr'>Itaque,</span> <span class='ocrx_word' id='word_1_853' title='bbox 3183 5563 3366 5620; x_wconf 86' lang='lat' dir='ltr'>frater</span> <span class='ocrx_word' id='word_1_854' title='bbox 3405 5564 3806 5640; x_wconf 73' lang='lat' dir='ltr'>charissima,</span> 
     </span>
    </p>
   </div>
   <div class='ocr_carea' id='block_1_116' title="bbox 2120 5647 3810 5743">
    <p class='ocr_par' dir='ltr' id='par_1_116' title="bbox 2120 5647 3810 5743">
     <span class='ocr_line' id='line_1_116' title="bbox 2120 5647 3810 5743; baseline 0.008 -34"><span class='ocrx_word' id='word_1_855' title='bbox 2120 5651 2181 5710; x_wconf 87' lang='lat' dir='ltr'>in</span> <span class='ocrx_word' id='word_1_856' title='bbox 2229 5647 2630 5711; x_wconf 84' lang='lat' dir='ltr'>sacerdotibus</span> <span class='ocrx_word' id='word_1_857' title='bbox 2681 5648 3023 5712; x_wconf 82' lang='lat' dir='ltr'>ordinandis</span> <span class='ocrx_word' id='word_1_858' title='bbox 3072 5651 3387 5716; x_wconf 76' lang='lat' dir='ltr'>sinceritas</span> <span class='ocrx_word' id='word_1_859' title='bbox 3448 5654 3696 5743; x_wconf 73' lang='lat' dir='ltr'>vigeat,</span> <span class='ocrx_word' id='word_1_860' title='bbox 3738 5663 3810 5729; x_wconf 68' lang='lat' dir='ltr'>sit</span> 
     </span>
    </p>
   </div>
  </div>
