  <div class='ocr_page' id='page_1' title='image "/cluster/home/n/w/nwhite01/storage/ocr_20150623/142-143/uc1.31175018423130/1256.png"; bbox 0 0 3876 6352; ppageno 0'>
   <div class='ocr_carea' id='block_1_1' title="bbox 119 379 295 447">
    <p class='ocr_par' dir='ltr' id='par_1_1' title="bbox 119 379 295 447">
     <span class='ocr_line' id='line_1_1' title="bbox 119 379 295 447; baseline -0.011 0"><span class='ocrx_word' id='word_1_1' title='bbox 119 379 295 447; x_wconf 75' lang='grc'><strong>1033</strong></span> 
     </span>
    </p>
   </div>
   <div class='ocr_carea' id='block_1_2' title="bbox 746 376 2934 448">
    <p class='ocr_par' dir='ltr' id='par_1_2' title="bbox 746 376 2934 448">
     <span class='ocr_line' id='line_1_2' title="bbox 746 376 2934 448; baseline -0.002 -3"><span class='ocrx_word' id='word_1_2' title='bbox 746 382 1153 448; x_wconf 82' lang='lat' dir='ltr'>ADVERSUS</span> <span class='ocrx_word' id='word_1_3' title='bbox 1199 380 1674 446; x_wconf 83' lang='lat' dir='ltr'>SIMONIACOS</span> <span class='ocrx_word' id='word_1_4' title='bbox 1720 376 1929 442; x_wconf 84' lang='lat' dir='ltr'><strong>LIBRI</strong></span> <span class='ocrx_word' id='word_1_5' title='bbox 1974 378 2198 442; x_wconf 82' lang='lat' dir='ltr'>TRES.</span> <span class='ocrx_word' id='word_1_6' title='bbox 2232 413 2308 426; x_wconf 94' lang='lat'><strong><em>—</em></strong></span> <span class='ocrx_word' id='word_1_7' title='bbox 2338 377 2571 443; x_wconf 82' lang='lat' dir='ltr'>LIBER</span> <span class='ocrx_word' id='word_1_8' title='bbox 2618 379 2934 446; x_wconf 84' lang='lat' dir='ltr'>PRIMUS.</span> 
     </span>
    </p>
   </div>
   <div class='ocr_carea' id='block_1_3' title="bbox 3385 379 3543 444">
    <p class='ocr_par' dir='ltr' id='par_1_3' title="bbox 3385 379 3543 444">
     <span class='ocr_line' id='line_1_3' title="bbox 3385 379 3543 444; baseline 0.025 -4"><span class='ocrx_word' id='word_1_9' title='bbox 3385 379 3543 444; x_wconf 69' lang='lat'>1034</span> 
     </span>
    </p>
   </div>
   <div class='ocr_carea' id='block_1_4' title="bbox 116 492 3544 588">
    <p class='ocr_par' dir='ltr' id='par_1_4' title="bbox 116 492 3544 588">
     <span class='ocr_line' id='line_1_4' title="bbox 116 492 3544 588; baseline -0.001 -18"><span class='ocrx_word' id='word_1_10' title='bbox 116 515 386 588; x_wconf 81' lang='lat' dir='ltr'>simplex</span> <span class='ocrx_word' id='word_1_11' title='bbox 416 516 542 572; x_wconf 88' lang='lat' dir='ltr'>sine</span> <span class='ocrx_word' id='word_1_12' title='bbox 560 516 869 573; x_wconf 89' lang='lat' dir='ltr'>venalitate</span> <span class='ocrx_word' id='word_1_13' title='bbox 900 534 1238 573; x_wconf 83' lang='lat' dir='ltr'>consensus.</span> <span class='ocrx_word' id='word_1_14' title='bbox 1266 516 1417 571; x_wconf 90' lang='lat' dir='ltr'>Pura</span> <span class='ocrx_word' id='word_1_15' title='bbox 1448 515 1785 585; x_wconf 63' lang='lat' dir='ltr'>praeferatur</span> <span class='ocrx_word' id='word_1_16' title='bbox 1811 514 1866 579; x_wconf 80' lang='grc' dir='ltr'><strong>Α</strong></span> <span class='ocrx_word' id='word_1_17' title='bbox 1897 513 2113 567; x_wconf 86' lang='lat' dir='ltr'>dicitur</span> <span class='ocrx_word' id='word_1_18' title='bbox 2147 532 2195 567; x_wconf 73' lang='lat' dir='ltr'>:u</span> <span class='ocrx_word' id='word_1_19' title='bbox 2226 515 2332 579; x_wconf 85' lang='lat' dir='ltr'>Qui</span> <span class='ocrx_word' id='word_1_20' title='bbox 2365 516 2531 569; x_wconf 75' lang='lat' dir='ltr'>offert</span> <span class='ocrx_word' id='word_1_21' title='bbox 2562 515 2916 569; x_wconf 82' lang='lat' dir='ltr'>sacriﬁcium</span> <span class='ocrx_word' id='word_1_22' title='bbox 2949 513 3022 569; x_wconf 91' lang='lat' dir='ltr'>de</span> <span class='ocrx_word' id='word_1_23' title='bbox 3050 511 3378 569; x_wconf 81' lang='lat' dir='ltr'>substantia</span> <span class='ocrx_word' id='word_1_24' title='bbox 3404 492 3544 584; x_wconf 80' lang='lat' dir='ltr'>pau-</span> 
     </span>
    </p>
   </div>
   <div class='ocr_carea' id='block_1_5' title="bbox 114 602 1785 673">
    <p class='ocr_par' dir='ltr' id='par_1_5' title="bbox 114 602 1785 673">
     <span class='ocr_line' id='line_1_5' title="bbox 114 602 1785 673; baseline -0.002 -15"><span class='ocrx_word' id='word_1_25' title='bbox 114 603 361 669; x_wconf 86' lang='lat' dir='ltr'>electio,</span> <span class='ocrx_word' id='word_1_26' title='bbox 386 608 453 660; x_wconf 90' lang='lat' dir='ltr'>ut</span> <span class='ocrx_word' id='word_1_27' title='bbox 475 606 545 659; x_wconf 89' lang='lat' dir='ltr'>ad</span> <span class='ocrx_word' id='word_1_28' title='bbox 569 622 866 660; x_wconf 88' lang='lat' dir='ltr'>summam</span> <span class='ocrx_word' id='word_1_29' title='bbox 898 605 1197 659; x_wconf 88' lang='lat' dir='ltr'>sacerdotii</span> <span class='ocrx_word' id='word_1_30' title='bbox 1223 621 1336 659; x_wconf 92' lang='lat' dir='ltr'>non</span> <span class='ocrx_word' id='word_1_31' title='bbox 1361 602 1635 673; x_wconf 90' lang='lat' dir='ltr'>suffragio</span> <span class='ocrx_word' id='word_1_32' title='bbox 1656 618 1785 656; x_wconf 90' lang='lat' dir='ltr'>ven-</span> 
     </span>
    </p>
   </div>
   <div class='ocr_carea' id='block_1_6' title="bbox 114 692 1783 766">
    <p class='ocr_par' dir='ltr' id='par_1_6' title="bbox 114 692 1783 766">
     <span class='ocr_line' id='line_1_6' title="bbox 114 692 1783 766; baseline -0.003 -18"><span class='ocrx_word' id='word_1_33' title='bbox 114 693 418 760; x_wconf 90' lang='lat' dir='ltr'>ditorum,</span> <span class='ocrx_word' id='word_1_34' title='bbox 442 700 772 766; x_wconf 91' lang='lat' dir='ltr'>provectus,</span> <span class='ocrx_word' id='word_1_35' title='bbox 800 696 899 749; x_wconf 88' lang='lat' dir='ltr'>sed</span> <span class='ocrx_word' id='word_1_36' title='bbox 924 694 1021 750; x_wconf 88' lang='lat' dir='ltr'>Dei</span> <span class='ocrx_word' id='word_1_37' title='bbox 1046 695 1313 748; x_wconf 86' lang='lat' dir='ltr'>credatur</span> <span class='ocrx_word' id='word_1_38' title='bbox 1338 692 1595 761; x_wconf 88' lang='lat' dir='ltr'>judicio:</span> <span class='ocrx_word' id='word_1_39' title='bbox 1627 708 1783 757; x_wconf 87' lang='lat' dir='ltr'>nam,</span> 
     </span>
    </p>
   </div>
   <div class='ocr_carea' id='block_1_7' title="bbox 111 779 1785 855">
    <p class='ocr_par' dir='ltr' id='par_1_7' title="bbox 111 779 1785 855">
     <span class='ocr_line' id='line_1_7' title="bbox 111 779 1785 855; baseline -0.001 -20"><span class='ocrx_word' id='word_1_40' title='bbox 111 783 273 853; x_wconf 85' lang='lat' dir='ltr'>quia</span> <span class='ocrx_word' id='word_1_41' title='bbox 302 800 477 855; x_wconf 83' lang='lat' dir='ltr'>grave</span> <span class='ocrx_word' id='word_1_42' title='bbox 502 784 743 839; x_wconf 87' lang='lat' dir='ltr'>omnino</span> <span class='ocrx_word' id='word_1_43' title='bbox 774 783 1001 839; x_wconf 81' lang='lat' dir='ltr'>facinus</span> <span class='ocrx_word' id='word_1_44' title='bbox 1022 786 1110 838; x_wconf 91' lang='lat' dir='ltr'>est</span> <span class='ocrx_word' id='word_1_45' title='bbox 1130 782 1229 838; x_wconf 94' lang='lat' dir='ltr'>Dei</span> <span class='ocrx_word' id='word_1_46' title='bbox 1252 782 1468 835; x_wconf 88' lang='lat' dir='ltr'>donum</span> <span class='ocrx_word' id='word_1_47' title='bbox 1492 779 1581 834; x_wconf 83' lang='lat' dir='ltr'>vel</span> <span class='ocrx_word' id='word_1_48' title='bbox 1602 779 1785 850; x_wconf 87' lang='lat' dir='ltr'>pretio</span> 
     </span>
    </p>
   </div>
   <div class='ocr_carea' id='block_1_8' title="bbox 108 867 1786 943">
    <p class='ocr_par' dir='ltr' id='par_1_8' title="bbox 108 867 1786 943">
     <span class='ocr_line' id='line_1_8' title="bbox 108 867 1786 943; baseline -0.002 -18"><span class='ocrx_word' id='word_1_49' title='bbox 108 885 480 943; x_wconf 81' lang='lat' dir='ltr'>comparare</span> <span class='ocrx_word' id='word_1_50' title='bbox 508 870 598 926; x_wconf 89' lang='lat' dir='ltr'>vel</span> <span class='ocrx_word' id='word_1_51' title='bbox 627 872 895 939; x_wconf 87' lang='lat' dir='ltr'>vendere,</span> <span class='ocrx_word' id='word_1_52' title='bbox 917 870 1248 943; x_wconf 89' lang='lat' dir='ltr'>evangelica</span> <span class='ocrx_word' id='word_1_53' title='bbox 1277 873 1367 925; x_wconf 88' lang='lat' dir='ltr'>est</span> <span class='ocrx_word' id='word_1_54' title='bbox 1394 867 1562 924; x_wconf 90' lang='lat' dir='ltr'>testis</span> <span class='ocrx_word' id='word_1_55' title='bbox 1583 872 1786 923; x_wconf 90' lang='lat' dir='ltr'>aucto-</span> 
     </span>
    </p>
   </div>
   <div class='ocr_carea' id='block_1_9' title="bbox 108 957 1787 1032">
    <p class='ocr_par' dir='ltr' id='par_1_9' title="bbox 108 957 1787 1032">
     <span class='ocr_line' id='line_1_9' title="bbox 108 957 1787 1032; baseline -0.001 -19"><span class='ocrx_word' id='word_1_56' title='bbox 108 958 277 1016; x_wconf 88' lang='lat' dir='ltr'>ritas</span> <span class='ocrx_word' id='word_1_57' title='bbox 295 960 499 1032; x_wconf 74' lang='lat' dir='ltr'>(Matth.</span> <span class='ocrx_word' id='word_1_58' title='bbox 514 977 633 1030; x_wconf 75' lang='lat' dir='ltr'>xxx,</span> <span class='ocrx_word' id='word_1_59' title='bbox 652 961 736 1031; x_wconf 84' lang='grc'>12)</span> <span class='ocrx_word' id='word_1_60' title='bbox 760 976 772 1014; x_wconf 93' lang='lat'>:</span> <span class='ocrx_word' id='word_1_61' title='bbox 793 959 1104 1031; x_wconf 86' lang='lat' dir='ltr'>Templum</span> <span class='ocrx_word' id='word_1_62' title='bbox 1128 960 1284 1015; x_wconf 91' lang='lat' dir='ltr'>enim</span> <span class='ocrx_word' id='word_1_63' title='bbox 1306 958 1588 1014; x_wconf 85' lang='lat' dir='ltr'>Dominus</span> <span class='ocrx_word' id='word_1_64' title='bbox 1609 960 1664 1011; x_wconf 87' lang='lat' dir='ltr'>et</span> <span class='ocrx_word' id='word_1_65' title='bbox 1685 957 1787 1012; x_wconf 82' lang='lat' dir='ltr'>Re-</span> 
     </span>
    </p>
   </div>
   <div class='ocr_carea' id='block_1_10' title="bbox 108 1046 1786 1121">
    <p class='ocr_par' dir='ltr' id='par_1_10' title="bbox 108 1046 1786 1121">
     <span class='ocr_line' id='line_1_10' title="bbox 108 1046 1786 1121; baseline -0.002 -19"><span class='ocrx_word' id='word_1_66' title='bbox 108 1046 402 1121; x_wconf 86' lang='lat' dir='ltr'>demptor</span> <span class='ocrx_word' id='word_1_67' title='bbox 424 1053 621 1105; x_wconf 82' lang='lat' dir='ltr'>noster</span> <span class='ocrx_word' id='word_1_68' title='bbox 643 1049 942 1120; x_wconf 87' lang='lat' dir='ltr'>ingressus</span> <span class='ocrx_word' id='word_1_69' title='bbox 963 1048 1272 1104; x_wconf 80' lang='lat' dir='ltr'>cathedras</span> <span class='ocrx_word' id='word_1_70' title='bbox 1295 1046 1673 1102; x_wconf 80' lang='lat' dir='ltr'>vendentium</span> <span class='ocrx_word' id='word_1_71' title='bbox 1697 1061 1786 1099; x_wconf 92' lang='lat' dir='ltr'>co-</span> 
     </span>
    </p>
   </div>
   <div class='ocr_carea' id='block_1_11' title="bbox 105 1134 1787 1202">
    <p class='ocr_par' dir='ltr' id='par_1_11' title="bbox 105 1134 1787 1202">
     <span class='ocr_line' id='line_1_11' title="bbox 105 1134 1787 1202; baseline -0.002 -12"><span class='ocrx_word' id='word_1_72' title='bbox 105 1135 363 1193; x_wconf 86' lang='lat' dir='ltr'>lumbas</span> <span class='ocrx_word' id='word_1_73' title='bbox 382 1137 757 1202; x_wconf 88' lang='lat' dir='ltr'>evertit.Quid</span> <span class='ocrx_word' id='word_1_74' title='bbox 780 1137 936 1192; x_wconf 83' lang='lat' dir='ltr'>aliud</span> <span class='ocrx_word' id='word_1_75' title='bbox 956 1143 1045 1193; x_wconf 88' lang='lat' dir='ltr'>est</span> <span class='ocrx_word' id='word_1_76' title='bbox 1062 1136 1363 1192; x_wconf 85' lang='lat' dir='ltr'>columbas</span> <span class='ocrx_word' id='word_1_77' title='bbox 1384 1135 1652 1201; x_wconf 88' lang='lat' dir='ltr'>vendere,</span> <span class='ocrx_word' id='word_1_78' title='bbox 1672 1134 1787 1188; x_wconf 91' lang='lat' dir='ltr'>nisi</span> 
     </span>
    </p>
   </div>
   <div class='ocr_carea' id='block_1_12' title="bbox 111 1226 1788 1297">
    <p class='ocr_par' dir='ltr' id='par_1_12' title="bbox 111 1226 1788 1297">
     <span class='ocr_line' id='line_1_12' title="bbox 111 1226 1788 1297; baseline -0.002 -17"><span class='ocrx_word' id='word_1_79' title='bbox 111 1227 391 1296; x_wconf 87' lang='lat' dir='ltr'>pretium</span> <span class='ocrx_word' id='word_1_80' title='bbox 416 1228 487 1282; x_wconf 91' lang='lat' dir='ltr'>de</span> <span class='ocrx_word' id='word_1_81' title='bbox 510 1243 721 1281; x_wconf 90' lang='lat' dir='ltr'>manus</span> <span class='ocrx_word' id='word_1_82' title='bbox 743 1226 1117 1297; x_wconf 89' lang='lat' dir='ltr'>impositione</span> <span class='ocrx_word' id='word_1_83' title='bbox 1136 1226 1420 1296; x_wconf 88' lang='lat' dir='ltr'>accipere,</span> <span class='ocrx_word' id='word_1_84' title='bbox 1438 1228 1495 1279; x_wconf 90' lang='lat' dir='ltr'>et</span> <span class='ocrx_word' id='word_1_85' title='bbox 1515 1227 1788 1278; x_wconf 90' lang='lat' dir='ltr'>sanctum</span> 
     </span>
    </p>
   </div>
   <div class='ocr_carea' id='block_1_13' title="bbox 109 1311 1785 1387">
    <p class='ocr_par' dir='ltr' id='par_1_13' title="bbox 109 1311 1785 1387">
     <span class='ocr_line' id='line_1_13' title="bbox 109 1311 1785 1387; baseline -0.002 -19"><span class='ocrx_word' id='word_1_86' title='bbox 109 1314 620 1387; x_wconf 90' lang='lat' dir='ltr'>Spiritum,quem</span> <span class='ocrx_word' id='word_1_87' title='bbox 644 1315 1015 1387; x_wconf 91' lang='lat' dir='ltr'>omnipotens</span> <span class='ocrx_word' id='word_1_88' title='bbox 1030 1315 1186 1370; x_wconf 89' lang='lat' dir='ltr'>Deus</span> <span class='ocrx_word' id='word_1_89' title='bbox 1203 1312 1544 1369; x_wconf 88' lang='lat' dir='ltr'>hominibus</span> <span class='ocrx_word' id='word_1_90' title='bbox 1558 1311 1785 1377; x_wconf 85' lang='lat' dir='ltr'>tribuit,</span> 
     </span>
    </p>
   </div>
   <div class='ocr_carea' id='block_1_14' title="bbox 103 1400 1785 1466">
    <p class='ocr_par' dir='ltr' id='par_1_14' title="bbox 103 1400 1785 1466">
     <span class='ocr_line' id='line_1_14' title="bbox 103 1400 1785 1466; baseline -0.001 -10"><span class='ocrx_word' id='word_1_91' title='bbox 103 1404 501 1459; x_wconf 75' lang='lat' dir='ltr'>venundare?</span> <span class='ocrx_word' id='word_1_92' title='bbox 530 1404 785 1466; x_wconf 90' lang='lat' dir='ltr'>Quorum</span> <span class='ocrx_word' id='word_1_93' title='bbox 836 1403 1235 1460; x_wconf 83' lang='lat' dir='ltr'>sacerdotium</span> <span class='ocrx_word' id='word_1_94' title='bbox 1279 1407 1412 1458; x_wconf 87' lang='lat' dir='ltr'>ante</span> <span class='ocrx_word' id='word_1_95' title='bbox 1454 1400 1552 1457; x_wconf 91' lang='lat' dir='ltr'>Dei</span> <span class='ocrx_word' id='word_1_96' title='bbox 1583 1402 1785 1456; x_wconf 89' lang='lat' dir='ltr'>oculos</span> 
     </span>
    </p>
   </div>
   <div class='ocr_carea' id='block_1_15' title="bbox 106 1489 1785 1564">
    <p class='ocr_par' dir='ltr' id='par_1_15' title="bbox 106 1489 1785 1564">
     <span class='ocr_line' id='line_1_15' title="bbox 106 1489 1785 1564; baseline -0.002 -17"><span class='ocrx_word' id='word_1_97' title='bbox 106 1494 351 1561; x_wconf 84' lang='lat' dir='ltr'>cadere,</span> <span class='ocrx_word' id='word_1_98' title='bbox 378 1493 789 1548; x_wconf 89' lang='lat' dir='ltr'>cathedrarum</span> <span class='ocrx_word' id='word_1_99' title='bbox 832 1494 1035 1564; x_wconf 87' lang='lat' dir='ltr'>utique</span> <span class='ocrx_word' id='word_1_100' title='bbox 1077 1496 1347 1564; x_wconf 91' lang='lat' dir='ltr'>patenter</span> <span class='ocrx_word' id='word_1_101' title='bbox 1378 1490 1671 1545; x_wconf 88' lang='lat' dir='ltr'>eversione</span> <span class='ocrx_word' id='word_1_102' title='bbox 1708 1489 1785 1544; x_wconf 91' lang='lat' dir='ltr'>si-</span> 
     </span>
    </p>
   </div>
   <div class='ocr_carea' id='block_1_16' title="bbox 106 1578 1785 1651">
    <p class='ocr_par' dir='ltr' id='par_1_16' title="bbox 106 1578 1785 1651">
     <span class='ocr_line' id='line_1_16' title="bbox 106 1578 1785 1651; baseline -0.002 -16"><span class='ocrx_word' id='word_1_103' title='bbox 106 1585 372 1651; x_wconf 84' lang='lat' dir='ltr'>gnatum</span> <span class='ocrx_word' id='word_1_104' title='bbox 401 1586 509 1636; x_wconf 90' lang='lat' dir='ltr'>est.</span> <span class='ocrx_word' id='word_1_105' title='bbox 536 1582 605 1635; x_wconf 87' lang='lat' dir='ltr'>Et</span> <span class='ocrx_word' id='word_1_106' title='bbox 634 1585 831 1636; x_wconf 90' lang='lat' dir='ltr'>tamen</span> <span class='ocrx_word' id='word_1_107' title='bbox 862 1580 1044 1636; x_wconf 85' lang='lat' dir='ltr'>exerit</span> <span class='ocrx_word' id='word_1_108' title='bbox 1074 1580 1265 1635; x_wconf 91' lang='lat' dir='ltr'>adhuc</span> <span class='ocrx_word' id='word_1_109' title='bbox 1295 1579 1564 1651; x_wconf 69' lang='lat' dir='ltr'>nequitiae</span> <span class='ocrx_word' id='word_1_110' title='bbox 1596 1578 1785 1650; x_wconf 87' lang='lat' dir='ltr'>pravi-</span> 
     </span>
    </p>
   </div>
   <div class='ocr_carea' id='block_1_17' title="bbox 102 1665 1790 1740">
    <p class='ocr_par' dir='ltr' id='par_1_17' title="bbox 102 1665 1790 1740">
     <span class='ocr_line' id='line_1_17' title="bbox 102 1665 1790 1740; baseline -0.001 -19"><span class='ocrx_word' id='word_1_111' title='bbox 102 1672 205 1724; x_wconf 86' lang='lat' dir='ltr'>tas</span> <span class='ocrx_word' id='word_1_112' title='bbox 237 1669 390 1724; x_wconf 92' lang='lat' dir='ltr'>vires</span> <span class='ocrx_word' id='word_1_113' title='bbox 421 1686 579 1724; x_wconf 91' lang='lat' dir='ltr'>suas.</span> <span class='ocrx_word' id='word_1_114' title='bbox 612 1669 758 1724; x_wconf 88' lang='lat' dir='ltr'>Nam</span> <span class='ocrx_word' id='word_1_115' title='bbox 809 1668 963 1740; x_wconf 83' lang='lat' dir='ltr'>cogit</span> <span class='ocrx_word' id='word_1_116' title='bbox 992 1668 1245 1723; x_wconf 88' lang='lat' dir='ltr'>vendere</span> <span class='ocrx_word' id='word_1_117' title='bbox 1278 1684 1426 1738; x_wconf 89' lang='lat' dir='ltr'>quos</span> <span class='ocrx_word' id='word_1_118' title='bbox 1477 1665 1694 1738; x_wconf 90' lang='lat' dir='ltr'>decipit</span> <span class='ocrx_word' id='word_1_119' title='bbox 1724 1668 1790 1720; x_wconf 85' lang='lat' dir='ltr'>ut</span> 
     </span>
    </p>
   </div>
   <div class='ocr_carea' id='block_1_18' title="bbox 103 1754 1789 1828">
    <p class='ocr_par' dir='ltr' id='par_1_18' title="bbox 103 1754 1789 1828">
     <span class='ocr_line' id='line_1_18' title="bbox 103 1754 1789 1828; baseline 0 -19"><span class='ocrx_word' id='word_1_120' title='bbox 103 1762 411 1824; x_wconf 87' lang='lat' dir='ltr'>emerent;</span> <span class='ocrx_word' id='word_1_121' title='bbox 444 1761 502 1812; x_wconf 90' lang='lat' dir='ltr'>et</span> <span class='ocrx_word' id='word_1_122' title='bbox 532 1758 673 1811; x_wconf 92' lang='lat' dir='ltr'>dum</span> <span class='ocrx_word' id='word_1_123' title='bbox 719 1774 835 1811; x_wconf 91' lang='lat' dir='ltr'>non</span> <span class='ocrx_word' id='word_1_124' title='bbox 885 1757 1137 1812; x_wconf 89' lang='lat' dir='ltr'>attendit</span> <span class='ocrx_word' id='word_1_125' title='bbox 1194 1756 1349 1828; x_wconf 86' lang='lat' dir='ltr'>quod</span> <span class='ocrx_word' id='word_1_126' title='bbox 1407 1754 1604 1809; x_wconf 89' lang='lat' dir='ltr'>divina</span> <span class='ocrx_word' id='word_1_127' title='bbox 1650 1771 1789 1810; x_wconf 87' lang='lat' dir='ltr'>voce</span> 
     </span>
    </p>
   </div>
   <div class='ocr_carea' id='block_1_19' title="bbox 106 1842 1785 1916">
    <p class='ocr_par' dir='ltr' id='par_1_19' title="bbox 106 1842 1785 1916">
     <span class='ocr_line' id='line_1_19' title="bbox 106 1842 1785 1916; baseline -0.001 -19"><span class='ocrx_word' id='word_1_128' title='bbox 106 1845 459 1915; x_wconf 83' lang='lat' dir='ltr'>praecipitur</span> <span class='ocrx_word' id='word_1_129' title='bbox 482 1861 531 1897; x_wconf 83' lang='grc'>;‹‹</span> <span class='ocrx_word' id='word_1_130' title='bbox 558 1844 752 1899; x_wconf 81' lang='lat' dir='ltr'>Gratis</span> <span class='ocrx_word' id='word_1_131' title='bbox 776 1844 1106 1915; x_wconf 90' lang='lat' dir='ltr'>accepistis,</span> <span class='ocrx_word' id='word_1_132' title='bbox 1131 1845 1317 1916; x_wconf 86' lang='lat' dir='ltr'>gratis</span> <span class='ocrx_word' id='word_1_133' title='bbox 1350 1844 1480 1898; x_wconf 89' lang='lat' dir='ltr'>date</span> <span class='ocrx_word' id='word_1_134' title='bbox 1503 1842 1706 1913; x_wconf 82' lang='lat' dir='ltr'>(Matth.</span> <span class='ocrx_word' id='word_1_135' title='bbox 1729 1859 1785 1910; x_wconf 86' lang='lat' dir='ltr'>x,</span> 
     </span>
    </p>
   </div>
   <div class='ocr_carea' id='block_1_20' title="bbox 106 1931 1785 2004">
    <p class='ocr_par' dir='ltr' id='par_1_20' title="bbox 106 1931 1785 2004">
     <span class='ocr_line' id='line_1_20' title="bbox 106 1931 1785 2004; baseline 0.002 -20"><span class='ocrx_word' id='word_1_136' title='bbox 106 1933 238 2002; x_wconf 74' lang='lat'>8),»</span> <span class='ocrx_word' id='word_1_137' title='bbox 268 1931 459 2003; x_wconf 89' lang='lat' dir='ltr'>agitur</span> <span class='ocrx_word' id='word_1_138' title='bbox 481 1936 546 1986; x_wconf 90' lang='lat' dir='ltr'>ut</span> <span class='ocrx_word' id='word_1_139' title='bbox 565 1937 807 2000; x_wconf 89' lang='lat' dir='ltr'>crescat,</span> <span class='ocrx_word' id='word_1_140' title='bbox 825 1937 881 1988; x_wconf 89' lang='lat' dir='ltr'>et</span> <span class='ocrx_word' id='word_1_141' title='bbox 903 1932 1200 2004; x_wconf 85' lang='lat' dir='ltr'>geminata</span> <span class='ocrx_word' id='word_1_142' title='bbox 1222 1933 1322 1986; x_wconf 87' lang='lat' dir='ltr'>ﬁat</span> <span class='ocrx_word' id='word_1_143' title='bbox 1343 1932 1399 1987; x_wconf 92' lang='lat' dir='ltr'>in</span> <span class='ocrx_word' id='word_1_144' title='bbox 1423 1948 1539 1985; x_wconf 89' lang='lat' dir='ltr'>uno</span> <span class='ocrx_word' id='word_1_145' title='bbox 1560 1932 1785 1987; x_wconf 91' lang='lat' dir='ltr'>eodem-</span> 
     </span>
    </p>
   </div>
   <div class='ocr_carea' id='block_1_21' title="bbox 110 2018 1782 2092">
    <p class='ocr_par' dir='ltr' id='par_1_21' title="bbox 110 2018 1782 2092">
     <span class='ocr_line' id='line_1_21' title="bbox 110 2018 1782 2092; baseline -0.003 -17"><span class='ocrx_word' id='word_1_146' title='bbox 110 2037 237 2092; x_wconf 89' lang='lat' dir='ltr'>que</span> <span class='ocrx_word' id='word_1_147' title='bbox 272 2019 481 2074; x_wconf 91' lang='lat' dir='ltr'>delicto</span> <span class='ocrx_word' id='word_1_148' title='bbox 528 2020 807 2084; x_wconf 89' lang='lat' dir='ltr'>conditio,</span> <span class='ocrx_word' id='word_1_149' title='bbox 843 2020 1093 2075; x_wconf 90' lang='lat' dir='ltr'>ementis</span> <span class='ocrx_word' id='word_1_150' title='bbox 1125 2018 1346 2075; x_wconf 88' lang='lat' dir='ltr'>scilicet</span> <span class='ocrx_word' id='word_1_151' title='bbox 1375 2023 1433 2074; x_wconf 91' lang='lat' dir='ltr'>et</span> <span class='ocrx_word' id='word_1_152' title='bbox 1460 2018 1782 2073; x_wconf 88' lang='lat' dir='ltr'>vendentis.</span> 
     </span>
    </p>
   </div>
   <div class='ocr_carea' id='block_1_22' title="bbox 109 2106 1785 2180">
    <p class='ocr_par' dir='ltr' id='par_1_22' title="bbox 109 2106 1785 2180">
     <span class='ocr_line' id='line_1_22' title="bbox 109 2106 1785 2180; baseline -0.001 -17"><span class='ocrx_word' id='word_1_153' title='bbox 109 2110 187 2163; x_wconf 88' lang='lat' dir='ltr'>Et</span> <span class='ocrx_word' id='word_1_154' title='bbox 221 2126 359 2163; x_wconf 91' lang='lat' dir='ltr'>cum</span> <span class='ocrx_word' id='word_1_155' title='bbox 392 2107 611 2180; x_wconf 88' lang='lat' dir='ltr'>liqueat</span> <span class='ocrx_word' id='word_1_156' title='bbox 651 2108 803 2164; x_wconf 90' lang='lat' dir='ltr'>hanc</span> <span class='ocrx_word' id='word_1_157' title='bbox 850 2108 1119 2163; x_wconf 69' lang='lat' dir='ltr'>haeresim</span> <span class='ocrx_word' id='word_1_158' title='bbox 1173 2112 1307 2163; x_wconf 87' lang='lat' dir='ltr'>ante</span> <span class='ocrx_word' id='word_1_159' title='bbox 1338 2124 1543 2162; x_wconf 90' lang='lat' dir='ltr'>omnes</span> <span class='ocrx_word' id='word_1_160' title='bbox 1593 2106 1785 2161; x_wconf 87' lang='lat' dir='ltr'>radice</span> 
     </span>
    </p>
   </div>
   <div class='ocr_carea' id='block_1_23' title="bbox 111 2195 1786 2269">
    <p class='ocr_par' dir='ltr' id='par_1_23' title="bbox 111 2195 1786 2269">
     <span class='ocr_line' id='line_1_23' title="bbox 111 2195 1786 2269; baseline -0.001 -18"><span class='ocrx_word' id='word_1_161' title='bbox 111 2197 408 2269; x_wconf 87' lang='lat' dir='ltr'>pestifera</span> <span class='ocrx_word' id='word_1_162' title='bbox 439 2197 829 2268; x_wconf 90' lang='lat' dir='ltr'>subrepsisse,</span> <span class='ocrx_word' id='word_1_163' title='bbox 853 2202 1030 2268; x_wconf 86' lang='lat' dir='ltr'>atque</span> <span class='ocrx_word' id='word_1_164' title='bbox 1054 2196 1110 2251; x_wconf 92' lang='lat' dir='ltr'>in</span> <span class='ocrx_word' id='word_1_165' title='bbox 1140 2197 1266 2267; x_wconf 88' lang='lat' dir='ltr'>ipsa</span> <span class='ocrx_word' id='word_1_166' title='bbox 1288 2213 1393 2251; x_wconf 89' lang='lat' dir='ltr'>sua</span> <span class='ocrx_word' id='word_1_167' title='bbox 1414 2195 1635 2267; x_wconf 86' lang='lat' dir='ltr'>origine</span> <span class='ocrx_word' id='word_1_168' title='bbox 1655 2211 1786 2266; x_wconf 85' lang='lat' dir='ltr'>apo-</span> 
     </span>
    </p>
   </div>
   <div class='ocr_carea' id='block_1_24' title="bbox 111 2285 1781 2352">
    <p class='ocr_par' dir='ltr' id='par_1_24' title="bbox 111 2285 1781 2352">
     <span class='ocr_line' id='line_1_24' title="bbox 111 2285 1781 2352; baseline -0.002 -13"><span class='ocrx_word' id='word_1_169' title='bbox 111 2286 233 2341; x_wconf 90' lang='lat' dir='ltr'>stol</span> <span class='ocrx_word' id='word_1_170' title='bbox 248 2286 337 2339; x_wconf 89' lang='lat' dir='ltr'>ica</span> <span class='ocrx_word' id='word_1_171' title='bbox 354 2302 484 2340; x_wconf 88' lang='lat' dir='ltr'>esse</span> <span class='ocrx_word' id='word_1_172' title='bbox 502 2285 883 2339; x_wconf 83' lang='lat' dir='ltr'>detestatione</span> <span class='ocrx_word' id='word_1_173' title='bbox 905 2287 1380 2352; x_wconf 88' lang='lat' dir='ltr'>damnatam,cur</span> <span class='ocrx_word' id='word_1_174' title='bbox 1401 2300 1513 2339; x_wconf 89' lang='lat' dir='ltr'>non</span> <span class='ocrx_word' id='word_1_175' title='bbox 1527 2288 1781 2347; x_wconf 86' lang='lat' dir='ltr'>cavetur,</span> 
     </span>
    </p>
   </div>
   <div class='ocr_carea' id='block_1_25' title="bbox 112 2370 1781 2445">
    <p class='ocr_par' dir='ltr' id='par_1_25' title="bbox 112 2370 1781 2445">
     <span class='ocr_line' id='line_1_25' title="bbox 112 2370 1781 2445; baseline -0.002 -17"><span class='ocrx_word' id='word_1_176' title='bbox 112 2391 227 2428; x_wconf 92' lang='lat' dir='ltr'>cur</span> <span class='ocrx_word' id='word_1_177' title='bbox 260 2390 375 2427; x_wconf 90' lang='lat' dir='ltr'>non</span> <span class='ocrx_word' id='word_1_178' title='bbox 411 2374 811 2445; x_wconf 88' lang='lat' dir='ltr'>perpenditur,</span> <span class='ocrx_word' id='word_1_179' title='bbox 837 2374 974 2445; x_wconf 91' lang='lat' dir='ltr'>quia</span> <span class='ocrx_word' id='word_1_180' title='bbox 1002 2373 1328 2429; x_wconf 88' lang='lat' dir='ltr'>benedictio</span> <span class='ocrx_word' id='word_1_181' title='bbox 1352 2372 1431 2427; x_wconf 91' lang='lat' dir='ltr'>illi</span> <span class='ocrx_word' id='word_1_182' title='bbox 1457 2372 1516 2426; x_wconf 92' lang='lat' dir='ltr'>in</span> <span class='ocrx_word' id='word_1_183' title='bbox 1540 2370 1781 2426; x_wconf 87' lang='lat' dir='ltr'>maledi-</span> 
     </span>
    </p>
   </div>
   <div class='ocr_carea' id='block_1_26' title="bbox 110 2460 1781 2535">
    <p class='ocr_par' dir='ltr' id='par_1_26' title="bbox 110 2460 1781 2535">
     <span class='ocr_line' id='line_1_26' title="bbox 110 2460 1781 2535; baseline -0.002 -18"><span class='ocrx_word' id='word_1_184' title='bbox 110 2463 380 2518; x_wconf 90' lang='lat' dir='ltr'>ctionem</span> <span class='ocrx_word' id='word_1_185' title='bbox 404 2463 881 2535; x_wconf 89' lang='lat' dir='ltr'>convertitur,qui</span> <span class='ocrx_word' id='word_1_186' title='bbox 906 2463 976 2517; x_wconf 89' lang='lat' dir='ltr'>ad</span> <span class='ocrx_word' id='word_1_187' title='bbox 1000 2462 1106 2517; x_wconf 91' lang='lat' dir='ltr'>hoc</span> <span class='ocrx_word' id='word_1_188' title='bbox 1128 2467 1190 2517; x_wconf 90' lang='lat' dir='ltr'>ut</span> <span class='ocrx_word' id='word_1_189' title='bbox 1208 2463 1307 2517; x_wconf 90' lang='lat' dir='ltr'>ﬁat</span> <span class='ocrx_word' id='word_1_190' title='bbox 1328 2460 1637 2516; x_wconf 82' lang='lat' dir='ltr'>haereticus</span> <span class='ocrx_word' id='word_1_191' title='bbox 1654 2476 1781 2531; x_wconf 86' lang='lat' dir='ltr'>pro-</span> 
     </span>
    </p>
   </div>
   <div class='ocr_carea' id='block_1_27' title="bbox 112 2549 1781 2623">
    <p class='ocr_par' dir='ltr' id='par_1_27' title="bbox 112 2549 1781 2623">
     <span class='ocr_line' id='line_1_27' title="bbox 112 2549 1781 2623; baseline -0.002 -17"><span class='ocrx_word' id='word_1_192' title='bbox 112 2552 429 2607; x_wconf 86' lang='lat' dir='ltr'>movetur?</span> <span class='ocrx_word' id='word_1_193' title='bbox 453 2550 802 2622; x_wconf 90' lang='lat' dir='ltr'>Plerumque</span> <span class='ocrx_word' id='word_1_194' title='bbox 835 2551 1011 2623; x_wconf 88' lang='lat' dir='ltr'>igitur</span> <span class='ocrx_word' id='word_1_195' title='bbox 1034 2550 1403 2605; x_wconf 87' lang='lat' dir='ltr'>adversarius</span> <span class='ocrx_word' id='word_1_196' title='bbox 1428 2549 1781 2615; x_wconf 89' lang='lat' dir='ltr'>animarum,</span> 
     </span>
    </p>
   </div>
   <div class='ocr_carea' id='block_1_28' title="bbox 119 2639 1785 2711">
    <p class='ocr_par' dir='ltr' id='par_1_28' title="bbox 119 2639 1785 2711">
     <span class='ocr_line' id='line_1_28' title="bbox 119 2639 1785 2711; baseline -0.002 -16"><span class='ocrx_word' id='word_1_197' title='bbox 119 2642 273 2695; x_wconf 86' lang='lat' dir='ltr'>dum</span> <span class='ocrx_word' id='word_1_198' title='bbox 312 2657 425 2695; x_wconf 94' lang='lat' dir='ltr'>non</span> <span class='ocrx_word' id='word_1_199' title='bbox 460 2644 649 2711; x_wconf 87' lang='lat' dir='ltr'>potest</span> <span class='ocrx_word' id='word_1_200' title='bbox 680 2639 738 2694; x_wconf 91' lang='lat' dir='ltr'>in</span> <span class='ocrx_word' id='word_1_201' title='bbox 772 2639 864 2694; x_wconf 90' lang='lat' dir='ltr'>his</span> <span class='ocrx_word' id='word_1_202' title='bbox 910 2656 1035 2710; x_wconf 62' lang='lat' dir='ltr'>qua:</span> <span class='ocrx_word' id='word_1_203' title='bbox 1067 2640 1159 2707; x_wconf 56' lang='lat' dir='ltr'>:ad</span> <span class='ocrx_word' id='word_1_204' title='bbox 1208 2639 1413 2693; x_wconf 83' lang='lat' dir='ltr'>faciem</span> <span class='ocrx_word' id='word_1_205' title='bbox 1445 2642 1581 2692; x_wconf 88' lang='lat' dir='ltr'>sunt</span> <span class='ocrx_word' id='word_1_206' title='bbox 1610 2653 1785 2709; x_wconf 87' lang='lat' dir='ltr'>prava</span> 
     </span>
    </p>
   </div>
   <div class='ocr_carea' id='block_1_29' title="bbox 111 2726 1782 2800">
    <p class='ocr_par' dir='ltr' id='par_1_29' title="bbox 111 2726 1782 2800">
     <span class='ocr_line' id='line_1_29' title="bbox 111 2726 1782 2800; baseline -0.004 -15"><span class='ocrx_word' id='word_1_207' title='bbox 111 2730 454 2800; x_wconf 86' lang='lat' dir='ltr'>subripere,</span> <span class='ocrx_word' id='word_1_208' title='bbox 508 2727 742 2795; x_wconf 88' lang='lat' dir='ltr'>callide,</span> <span class='ocrx_word' id='word_1_209' title='bbox 796 2730 987 2799; x_wconf 87' lang='lat' dir='ltr'>specie</span> <span class='ocrx_word' id='word_1_210' title='bbox 1037 2728 1204 2798; x_wconf 87' lang='lat' dir='ltr'>quasi</span> <span class='ocrx_word' id='word_1_211' title='bbox 1256 2726 1487 2799; x_wconf 87' lang='lat' dir='ltr'>pietatis</span> <span class='ocrx_word' id='word_1_212' title='bbox 1549 2727 1782 2796; x_wconf 89' lang='lat' dir='ltr'>injecta,</span> 
     </span>
    </p>
   </div>
   <div class='ocr_carea' id='block_1_30' title="bbox 110 2814 1781 2888">
    <p class='ocr_par' dir='ltr' id='par_1_30' title="bbox 110 2814 1781 2888">
     <span class='ocr_line' id='line_1_30' title="bbox 110 2814 1781 2888; baseline -0.003 -15"><span class='ocrx_word' id='word_1_213' title='bbox 110 2818 335 2873; x_wconf 91' lang='lat' dir='ltr'>nititur</span> <span class='ocrx_word' id='word_1_214' title='bbox 373 2816 779 2888; x_wconf 88' lang='lat' dir='ltr'>subplantare,</span> <span class='ocrx_word' id='word_1_215' title='bbox 812 2818 1135 2887; x_wconf 88' lang='lat' dir='ltr'>suadetque</span> <span class='ocrx_word' id='word_1_216' title='bbox 1182 2816 1422 2871; x_wconf 82' lang='lat' dir='ltr'>forsitan</span> <span class='ocrx_word' id='word_1_217' title='bbox 1470 2814 1679 2869; x_wconf 89' lang='lat' dir='ltr'>debere</span> <span class='ocrx_word' id='word_1_218' title='bbox 1710 2814 1781 2868; x_wconf 91' lang='lat' dir='ltr'>ab</span> 
     </span>
    </p>
   </div>
   <div class='ocr_carea' id='block_1_31' title="bbox 109 2903 1784 2976">
    <p class='ocr_par' dir='ltr' id='par_1_31' title="bbox 109 2903 1784 2976">
     <span class='ocr_line' id='line_1_31' title="bbox 109 2903 1784 2976; baseline -0.003 -14"><span class='ocrx_word' id='word_1_219' title='bbox 109 2906 483 2963; x_wconf 86' lang='lat' dir='ltr'>habentibus</span> <span class='ocrx_word' id='word_1_220' title='bbox 515 2904 721 2976; x_wconf 89' lang='lat' dir='ltr'>accipi,</span> <span class='ocrx_word' id='word_1_221' title='bbox 739 2909 804 2959; x_wconf 91' lang='lat' dir='ltr'>ut</span> <span class='ocrx_word' id='word_1_222' title='bbox 826 2905 874 2959; x_wconf 89' lang='lat' dir='ltr'>si</span> <span class='ocrx_word' id='word_1_223' title='bbox 900 2905 1055 2976; x_wconf 92' lang='lat' dir='ltr'>quod</span> <span class='ocrx_word' id='word_1_224' title='bbox 1081 2904 1267 2976; x_wconf 89' lang='lat' dir='ltr'>possit</span> <span class='ocrx_word' id='word_1_225' title='bbox 1288 2922 1403 2958; x_wconf 92' lang='lat' dir='ltr'>non</span> <span class='ocrx_word' id='word_1_226' title='bbox 1430 2903 1784 2958; x_wconf 87' lang='lat' dir='ltr'>habentibus</span> 
     </span>
    </p>
   </div>
   <div class='ocr_carea' id='block_1_32' title="bbox 109 2991 1784 3067">
    <p class='ocr_par' dir='ltr' id='par_1_32' title="bbox 109 2991 1784 3067">
     <span class='ocr_line' id='line_1_32' title="bbox 109 2991 1784 3067; baseline -0.004 -15"><span class='ocrx_word' id='word_1_227' title='bbox 109 2994 372 3067; x_wconf 87' lang='lat' dir='ltr'>erogari,</span> <span class='ocrx_word' id='word_1_228' title='bbox 392 2994 713 3049; x_wconf 89' lang='lat' dir='ltr'>dummodo</span> <span class='ocrx_word' id='word_1_229' title='bbox 738 2994 824 3049; x_wconf 91' lang='lat' dir='ltr'>vel</span> <span class='ocrx_word' id='word_1_230' title='bbox 852 2994 935 3048; x_wconf 90' lang='lat' dir='ltr'>sic</span> <span class='ocrx_word' id='word_1_231' title='bbox 956 3009 1179 3049; x_wconf 86' lang='lat' dir='ltr'>venena</span> <span class='ocrx_word' id='word_1_232' title='bbox 1198 2993 1520 3059; x_wconf 89' lang='lat' dir='ltr'>mortifera,</span> <span class='ocrx_word' id='word_1_233' title='bbox 1543 2991 1784 3047; x_wconf 86' lang='lat' dir='ltr'>eleemo-</span> 
     </span>
    </p>
   </div>
   <div class='ocr_carea' id='block_1_33' title="bbox 111 3081 1785 3157">
    <p class='ocr_par' dir='ltr' id='par_1_33' title="bbox 111 3081 1785 3157">
     <span class='ocr_line' id='line_1_33' title="bbox 111 3081 1785 3157; baseline -0.004 -17"><span class='ocrx_word' id='word_1_234' title='bbox 111 3101 273 3157; x_wconf 78' lang='lat' dir='ltr'>synae</span> <span class='ocrx_word' id='word_1_235' title='bbox 312 3082 495 3138; x_wconf 90' lang='lat' dir='ltr'>celata</span> <span class='ocrx_word' id='word_1_236' title='bbox 543 3082 1011 3151; x_wconf 86' lang='lat' dir='ltr'>obumbratione,</span> <span class='ocrx_word' id='word_1_237' title='bbox 1045 3082 1440 3137; x_wconf 89' lang='lat' dir='ltr'>transfundat.</span> <span class='ocrx_word' id='word_1_238' title='bbox 1485 3081 1631 3135; x_wconf 87' lang='lat' dir='ltr'>Nam</span> <span class='ocrx_word' id='word_1_239' title='bbox 1680 3096 1785 3134; x_wconf 90' lang='lat' dir='ltr'>nec</span> 
     </span>
    </p>
   </div>
   <div class='ocr_carea' id='block_1_34' title="bbox 110 3167 1783 3241">
    <p class='ocr_par' dir='ltr' id='par_1_34' title="bbox 110 3167 1783 3241">
     <span class='ocr_line' id='line_1_34' title="bbox 110 3167 1783 3241; baseline -0.004 -13"><span class='ocrx_word' id='word_1_240' title='bbox 110 3176 365 3228; x_wconf 90' lang='lat' dir='ltr'>venator</span> <span class='ocrx_word' id='word_1_241' title='bbox 411 3172 613 3238; x_wconf 88' lang='lat' dir='ltr'>feram,</span> <span class='ocrx_word' id='word_1_242' title='bbox 649 3187 754 3225; x_wconf 90' lang='lat' dir='ltr'>nec</span> <span class='ocrx_word' id='word_1_243' title='bbox 801 3187 963 3225; x_wconf 88' lang='lat' dir='ltr'>avem</span> <span class='ocrx_word' id='word_1_244' title='bbox 996 3187 1212 3241; x_wconf 89' lang='lat' dir='ltr'>auceps</span> <span class='ocrx_word' id='word_1_245' title='bbox 1245 3170 1555 3241; x_wconf 89' lang='lat' dir='ltr'>deciperet,</span> <span class='ocrx_word' id='word_1_246' title='bbox 1578 3167 1666 3223; x_wconf 91' lang='lat' dir='ltr'>vel</span> <span class='ocrx_word' id='word_1_247' title='bbox 1699 3167 1783 3239; x_wconf 90' lang='lat' dir='ltr'>pi-</span> 
     </span>
    </p>
   </div>
   <div class='ocr_carea' id='block_1_35' title="bbox 114 3242 1857 3332">
    <p class='ocr_par' dir='ltr' id='par_1_35' title="bbox 114 3242 1857 3332">
     <span class='ocr_line' id='line_1_35' title="bbox 114 3242 1857 3332; baseline -0.005 -14"><span class='ocrx_word' id='word_1_248' title='bbox 114 3278 278 3318; x_wconf 89' lang='lat' dir='ltr'>scem</span> <span class='ocrx_word' id='word_1_249' title='bbox 318 3259 572 3332; x_wconf 83' lang='lat' dir='ltr'>piscator</span> <span class='ocrx_word' id='word_1_250' title='bbox 602 3263 855 3330; x_wconf 89' lang='lat' dir='ltr'>caperet,</span> <span class='ocrx_word' id='word_1_251' title='bbox 879 3259 928 3313; x_wconf 91' lang='lat' dir='ltr'>si</span> <span class='ocrx_word' id='word_1_252' title='bbox 961 3263 1062 3313; x_wconf 89' lang='lat' dir='ltr'>aut</span> <span class='ocrx_word' id='word_1_253' title='bbox 1093 3257 1175 3312; x_wconf 90' lang='lat' dir='ltr'>illi</span> <span class='ocrx_word' id='word_1_254' title='bbox 1207 3257 1480 3328; x_wconf 86' lang='lat' dir='ltr'>laqueum</span> <span class='ocrx_word' id='word_1_255' title='bbox 1506 3257 1563 3311; x_wconf 91' lang='lat' dir='ltr'>in</span> <span class='ocrx_word' id='word_1_256' title='bbox 1584 3261 1781 3329; x_wconf 88' lang='lat' dir='ltr'>aperto</span> <span class='ocrx_word' id='word_1_257' title='bbox 1814 3242 1857 3309; x_wconf 86' lang='lat' dir='ltr'><strong>C</strong></span> 
     </span>
    </p>
   </div>
   <div class='ocr_carea' id='block_1_36' title="bbox 115 3346 1781 3422">
    <p class='ocr_par' dir='ltr' id='par_1_36' title="bbox 115 3346 1781 3422">
     <span class='ocr_line' id='line_1_36' title="bbox 115 3346 1781 3422; baseline -0.004 -17"><span class='ocrx_word' id='word_1_258' title='bbox 115 3352 542 3422; x_wconf 89' lang='lat' dir='ltr'>proponerent,</span> <span class='ocrx_word' id='word_1_259' title='bbox 570 3353 670 3403; x_wconf 92' lang='lat' dir='ltr'>aut</span> <span class='ocrx_word' id='word_1_260' title='bbox 696 3347 791 3403; x_wconf 89' lang='lat' dir='ltr'>ille</span> <span class='ocrx_word' id='word_1_261' title='bbox 819 3347 1059 3401; x_wconf 91' lang='lat' dir='ltr'>hamum</span> <span class='ocrx_word' id='word_1_262' title='bbox 1084 3364 1215 3401; x_wconf 86' lang='lat' dir='ltr'>esca</span> <span class='ocrx_word' id='word_1_263' title='bbox 1236 3346 1646 3401; x_wconf 89' lang='lat' dir='ltr'>absconditum</span> <span class='ocrx_word' id='word_1_264' title='bbox 1666 3362 1781 3400; x_wconf 92' lang='lat' dir='ltr'>non</span> 
     </span>
    </p>
   </div>
   <div class='ocr_carea' id='block_1_37' title="bbox 114 3434 1783 3509">
    <p class='ocr_par' dir='ltr' id='par_1_37' title="bbox 114 3434 1783 3509">
     <span class='ocr_line' id='line_1_37' title="bbox 114 3434 1783 3509; baseline -0.004 -13"><span class='ocrx_word' id='word_1_265' title='bbox 114 3437 647 3496; x_wconf 87' lang='lat' dir='ltr'>haberet.0mnino</span> <span class='ocrx_word' id='word_1_266' title='bbox 669 3454 802 3509; x_wconf 89' lang='lat' dir='ltr'>ergo</span> <span class='ocrx_word' id='word_1_267' title='bbox 824 3436 1135 3491; x_wconf 89' lang='lat' dir='ltr'>metuenda</span> <span class='ocrx_word' id='word_1_268' title='bbox 1152 3439 1207 3490; x_wconf 92' lang='lat' dir='ltr'>et</span> <span class='ocrx_word' id='word_1_269' title='bbox 1224 3435 1480 3491; x_wconf 90' lang='lat' dir='ltr'>cavenda</span> <span class='ocrx_word' id='word_1_270' title='bbox 1492 3439 1580 3489; x_wconf 90' lang='lat' dir='ltr'>est</span> <span class='ocrx_word' id='word_1_271' title='bbox 1594 3434 1783 3489; x_wconf 88' lang='lat' dir='ltr'>hostis</span> 
     </span>
    </p>
   </div>
   <div class='ocr_carea' id='block_1_38' title="bbox 117 3522 1780 3598">
    <p class='ocr_par' dir='ltr' id='par_1_38' title="bbox 117 3522 1780 3598">
     <span class='ocr_line' id='line_1_38' title="bbox 117 3522 1780 3598; baseline -0.004 -14"><span class='ocrx_word' id='word_1_272' title='bbox 117 3529 365 3598; x_wconf 87' lang='lat' dir='ltr'>astutia,</span> <span class='ocrx_word' id='word_1_273' title='bbox 382 3544 451 3582; x_wconf 92' lang='lat' dir='ltr'>nc</span> <span class='ocrx_word' id='word_1_274' title='bbox 474 3544 620 3597; x_wconf 91' lang='lat' dir='ltr'>quos</span> <span class='ocrx_word' id='word_1_275' title='bbox 644 3530 844 3597; x_wconf 88' lang='lat' dir='ltr'>aperta</span> <span class='ocrx_word' id='word_1_276' title='bbox 861 3524 1068 3596; x_wconf 89' lang='lat' dir='ltr'>nequit</span> <span class='ocrx_word' id='word_1_277' title='bbox 1089 3522 1403 3579; x_wconf 89' lang='lat' dir='ltr'>tentatione</span> <span class='ocrx_word' id='word_1_278' title='bbox 1425 3524 1780 3589; x_wconf 87' lang='lat' dir='ltr'>subvertere,</span> 
     </span>
    </p>
   </div>
   <div class='ocr_carea' id='block_1_39' title="bbox 117 3610 1783 3683">
    <p class='ocr_par' dir='ltr' id='par_1_39' title="bbox 117 3610 1783 3683">
     <span class='ocr_line' id='line_1_39' title="bbox 117 3610 1783 3683; baseline -0.002 -13"><span class='ocrx_word' id='word_1_279' title='bbox 117 3615 345 3673; x_wconf 86' lang='lat' dir='ltr'>latente</span> <span class='ocrx_word' id='word_1_280' title='bbox 364 3614 474 3671; x_wconf 90' lang='lat' dir='ltr'>telo</span> <span class='ocrx_word' id='word_1_281' title='bbox 493 3615 679 3669; x_wconf 88' lang='lat' dir='ltr'>valeat</span> <span class='ocrx_word' id='word_1_282' title='bbox 702 3612 1011 3669; x_wconf 87' lang='lat' dir='ltr'>trucidare.</span> <span class='ocrx_word' id='word_1_283' title='bbox 1028 3613 1224 3683; x_wconf 90' lang='lat' dir='ltr'>Neque</span> <span class='ocrx_word' id='word_1_284' title='bbox 1241 3611 1395 3666; x_wconf 90' lang='lat' dir='ltr'>enim</span> <span class='ocrx_word' id='word_1_285' title='bbox 1414 3610 1783 3683; x_wconf 86' lang='lat' dir='ltr'>eleemosyna</span> 
     </span>
    </p>
   </div>
   <div class='ocr_carea' id='block_1_40' title="bbox 120 3700 1782 3777">
    <p class='ocr_par' dir='ltr' id='par_1_40' title="bbox 120 3700 1782 3777">
     <span class='ocr_line' id='line_1_40' title="bbox 120 3700 1782 3777; baseline -0.004 -17"><span class='ocrx_word' id='word_1_286' title='bbox 120 3704 452 3777; x_wconf 86' lang='lat' dir='ltr'>reputanda</span> <span class='ocrx_word' id='word_1_287' title='bbox 483 3706 591 3767; x_wconf 90' lang='lat' dir='ltr'>est,</span> <span class='ocrx_word' id='word_1_288' title='bbox 625 3703 673 3757; x_wconf 89' lang='lat' dir='ltr'>si</span> <span class='ocrx_word' id='word_1_289' title='bbox 708 3702 1066 3773; x_wconf 87' lang='lat' dir='ltr'>pauperibus</span> <span class='ocrx_word' id='word_1_290' title='bbox 1115 3701 1489 3771; x_wconf 88' lang='lat' dir='ltr'>dispensetur</span> <span class='ocrx_word' id='word_1_291' title='bbox 1526 3700 1681 3770; x_wconf 91' lang='lat' dir='ltr'>quod</span> <span class='ocrx_word' id='word_1_292' title='bbox 1714 3715 1782 3753; x_wconf 87' lang='lat' dir='ltr'>ex</span> 
     </span>
    </p>
   </div>
   <div class='ocr_carea' id='block_1_41' title="bbox 119 3786 1782 3861">
    <p class='ocr_par' dir='ltr' id='par_1_41' title="bbox 119 3786 1782 3861">
     <span class='ocr_line' id='line_1_41' title="bbox 119 3786 1782 3861; baseline -0.003 -14"><span class='ocrx_word' id='word_1_293' title='bbox 119 3792 347 3849; x_wconf 91' lang='lat' dir='ltr'>illicitis</span> <span class='ocrx_word' id='word_1_294' title='bbox 369 3792 543 3847; x_wconf 91' lang='lat' dir='ltr'>rebus</span> <span class='ocrx_word' id='word_1_295' title='bbox 566 3790 1013 3861; x_wconf 90' lang='lat' dir='ltr'>accipitur,quia</span> <span class='ocrx_word' id='word_1_296' title='bbox 1030 3790 1129 3860; x_wconf 92' lang='lat' dir='ltr'>qui</span> <span class='ocrx_word' id='word_1_297' title='bbox 1151 3788 1259 3843; x_wconf 90' lang='lat' dir='ltr'>hac</span> <span class='ocrx_word' id='word_1_298' title='bbox 1281 3787 1601 3843; x_wconf 89' lang='lat' dir='ltr'>intentione</span> <span class='ocrx_word' id='word_1_299' title='bbox 1631 3786 1782 3842; x_wconf 88' lang='lat' dir='ltr'>male</span> 
     </span>
    </p>
   </div>
   <div class='ocr_carea' id='block_1_42' title="bbox 121 3876 1783 3953">
    <p class='ocr_par' dir='ltr' id='par_1_42' title="bbox 121 3876 1783 3953">
     <span class='ocr_line' id='line_1_42' title="bbox 121 3876 1783 3953; baseline -0.004 -17"><span class='ocrx_word' id='word_1_300' title='bbox 121 3880 359 3953; x_wconf 91' lang='lat' dir='ltr'>accipit,</span> <span class='ocrx_word' id='word_1_301' title='bbox 392 3884 457 3935; x_wconf 91' lang='lat' dir='ltr'>ut</span> <span class='ocrx_word' id='word_1_302' title='bbox 496 3879 662 3951; x_wconf 91' lang='lat' dir='ltr'>quasi</span> <span class='ocrx_word' id='word_1_303' title='bbox 712 3880 855 3934; x_wconf 90' lang='lat' dir='ltr'>bene</span> <span class='ocrx_word' id='word_1_304' title='bbox 905 3878 1221 3948; x_wconf 90' lang='lat' dir='ltr'>dispenset,</span> <span class='ocrx_word' id='word_1_305' title='bbox 1267 3881 1540 3948; x_wconf 88' lang='lat' dir='ltr'>gravatur</span> <span class='ocrx_word' id='word_1_306' title='bbox 1587 3876 1783 3947; x_wconf 90' lang='lat' dir='ltr'>potius</span> 
     </span>
    </p>
   </div>
   <div class='ocr_carea' id='block_1_43' title="bbox 122 3962 1785 4041">
    <p class='ocr_par' dir='ltr' id='par_1_43' title="bbox 122 3962 1785 4041">
     <span class='ocr_line' id='line_1_43' title="bbox 122 3962 1785 4041; baseline -0.004 -16"><span class='ocrx_word' id='word_1_307' title='bbox 122 3986 303 4041; x_wconf 87' lang='lat' dir='ltr'>quam</span> <span class='ocrx_word' id='word_1_308' title='bbox 326 3969 589 4041; x_wconf 85' lang='lat' dir='ltr'>juvatur.</span> <span class='ocrx_word' id='word_1_309' title='bbox 624 3966 1005 4037; x_wconf 85' lang='lat' dir='ltr'>Eleemosyna</span> <span class='ocrx_word' id='word_1_310' title='bbox 1037 3963 1411 4035; x_wconf 82' lang='lat' dir='ltr'>Redemptori</span> <span class='ocrx_word' id='word_1_311' title='bbox 1443 3969 1641 4019; x_wconf 89' lang='lat' dir='ltr'>nostro</span> <span class='ocrx_word' id='word_1_312' title='bbox 1686 3962 1785 4019; x_wconf 87' lang='lat' dir='ltr'>illa</span> 
     </span>
    </p>
   </div>
   <div class='ocr_carea' id='block_1_44' title="bbox 128 4050 1785 4129">
    <p class='ocr_par' dir='ltr' id='par_1_44' title="bbox 128 4050 1785 4129">
     <span class='ocr_line' id='line_1_44' title="bbox 128 4050 1785 4129; baseline -0.004 -18"><span class='ocrx_word' id='word_1_313' title='bbox 128 4057 341 4129; x_wconf 88' lang='lat' dir='ltr'>placet,</span> <span class='ocrx_word' id='word_1_314' title='bbox 364 4073 491 4129; x_wconf 64' lang='lat' dir='ltr'>qua?</span> <span class='ocrx_word' id='word_1_315' title='bbox 516 4072 631 4111; x_wconf 92' lang='lat' dir='ltr'>non</span> <span class='ocrx_word' id='word_1_316' title='bbox 670 4055 741 4109; x_wconf 91' lang='lat' dir='ltr'>de</span> <span class='ocrx_word' id='word_1_317' title='bbox 781 4053 1004 4109; x_wconf 88' lang='lat' dir='ltr'>illicitis</span> <span class='ocrx_word' id='word_1_318' title='bbox 1036 4058 1092 4108; x_wconf 90' lang='lat' dir='ltr'>et</span> <span class='ocrx_word' id='word_1_319' title='bbox 1122 4052 1432 4124; x_wconf 88' lang='lat' dir='ltr'>iniquitate</span> <span class='ocrx_word' id='word_1_320' title='bbox 1450 4050 1785 4124; x_wconf 88' lang='lat' dir='ltr'>congeritur</span> 
     </span>
    </p>
   </div>
   <div class='ocr_carea' id='block_1_45' title="bbox 124 4140 1780 4212">
    <p class='ocr_par' dir='ltr' id='par_1_45' title="bbox 124 4140 1780 4212">
     <span class='ocr_line' id='line_1_45' title="bbox 124 4140 1780 4212; baseline -0.003 -12"><span class='ocrx_word' id='word_1_321' title='bbox 124 4147 223 4201; x_wconf 90' lang='lat' dir='ltr'>sed</span> <span class='ocrx_word' id='word_1_322' title='bbox 238 4147 312 4202; x_wconf 90' lang='lat' dir='ltr'>de</span> <span class='ocrx_word' id='word_1_323' title='bbox 334 4145 508 4201; x_wconf 88' lang='lat' dir='ltr'>rebus</span> <span class='ocrx_word' id='word_1_324' title='bbox 521 4142 814 4199; x_wconf 87' lang='lat' dir='ltr'>concessis</span> <span class='ocrx_word' id='word_1_325' title='bbox 834 4146 891 4197; x_wconf 91' lang='lat' dir='ltr'>et</span> <span class='ocrx_word' id='word_1_326' title='bbox 912 4142 1057 4197; x_wconf 90' lang='lat' dir='ltr'>bene</span> <span class='ocrx_word' id='word_1_327' title='bbox 1071 4140 1379 4212; x_wconf 89' lang='lat' dir='ltr'>acquisitis</span> <span class='ocrx_word' id='word_1_328' title='bbox 1402 4140 1780 4212; x_wconf 90' lang='lat' dir='ltr'>impenditur.</span> 
     </span>
    </p>
   </div>
   <div class='ocr_carea' id='block_1_46' title="bbox 124 4228 1780 4302">
    <p class='ocr_par' dir='ltr' id='par_1_46' title="bbox 124 4228 1780 4302">
     <span class='ocr_line' id='line_1_46' title="bbox 124 4228 1780 4302; baseline -0.004 -13"><span class='ocrx_word' id='word_1_329' title='bbox 124 4233 289 4290; x_wconf 90' lang='lat' dir='ltr'>Unde</span> <span class='ocrx_word' id='word_1_330' title='bbox 320 4235 496 4289; x_wconf 89' lang='lat' dir='ltr'>etiam</span> <span class='ocrx_word' id='word_1_331' title='bbox 529 4231 671 4287; x_wconf 91' lang='lat' dir='ltr'>illud</span> <span class='ocrx_word' id='word_1_332' title='bbox 703 4235 927 4286; x_wconf 89' lang='lat' dir='ltr'>certum</span> <span class='ocrx_word' id='word_1_333' title='bbox 961 4234 1051 4285; x_wconf 92' lang='lat' dir='ltr'>est</span> <span class='ocrx_word' id='word_1_334' title='bbox 1080 4230 1237 4302; x_wconf 91' lang='lat' dir='ltr'>quia,</span> <span class='ocrx_word' id='word_1_335' title='bbox 1262 4228 1372 4284; x_wconf 89' lang='lat' dir='ltr'>etsi</span> <span class='ocrx_word' id='word_1_336' title='bbox 1406 4228 1780 4296; x_wconf 89' lang='lat' dir='ltr'>monasteria,</span> 
     </span>
    </p>
   </div>
   <div class='ocr_carea' id='block_1_47' title="bbox 126 4316 1785 4391">
    <p class='ocr_par' dir='ltr' id='par_1_47' title="bbox 126 4316 1785 4391">
     <span class='ocr_line' id='line_1_47' title="bbox 126 4316 1785 4391; baseline -0.004 -13"><span class='ocrx_word' id='word_1_337' title='bbox 126 4327 227 4378; x_wconf 86' lang='lat' dir='ltr'>aut</span> <span class='ocrx_word' id='word_1_338' title='bbox 252 4321 635 4389; x_wconf 83' lang='lat' dir='ltr'>xenodochia,</span> <span class='ocrx_word' id='word_1_339' title='bbox 653 4319 739 4375; x_wconf 90' lang='lat' dir='ltr'>vel</span> <span class='ocrx_word' id='word_1_340' title='bbox 773 4319 912 4391; x_wconf 91' lang='lat' dir='ltr'>quid</span> <span class='ocrx_word' id='word_1_341' title='bbox 946 4318 1102 4373; x_wconf 87' lang='lat' dir='ltr'>aliud</span> <span class='ocrx_word' id='word_1_342' title='bbox 1127 4317 1509 4385; x_wconf 88' lang='lat' dir='ltr'>construitur,</span> <span class='ocrx_word' id='word_1_343' title='bbox 1535 4316 1785 4373; x_wconf 91' lang='lat' dir='ltr'>mercedi</span> 
     </span>
    </p>
   </div>
   <div class='ocr_carea' id='block_1_48' title="bbox 126 4405 1785 4483">
    <p class='ocr_par' dir='ltr' id='par_1_48' title="bbox 126 4405 1785 4483">
     <span class='ocr_line' id='line_1_48' title="bbox 126 4405 1785 4483; baseline -0.002 -18"><span class='ocrx_word' id='word_1_344' title='bbox 126 4426 244 4465; x_wconf 87' lang='lat' dir='ltr'>non</span> <span class='ocrx_word' id='word_1_345' title='bbox 269 4408 803 4483; x_wconf 89' lang='lat' dir='ltr'>proﬁcit,quoniam</span> <span class='ocrx_word' id='word_1_346' title='bbox 820 4407 958 4462; x_wconf 90' lang='lat' dir='ltr'>dum</span> <span class='ocrx_word' id='word_1_347' title='bbox 982 4423 1286 4479; x_wconf 77' lang='lat' dir='ltr'>pervorsus</span> <span class='ocrx_word' id='word_1_348' title='bbox 1306 4410 1531 4478; x_wconf 90' lang='lat' dir='ltr'>emptor</span> <span class='ocrx_word' id='word_1_349' title='bbox 1547 4405 1785 4462; x_wconf 88' lang='lat' dir='ltr'>honoris</span> 
     </span>
    </p>
   </div>
   <div class='ocr_carea' id='block_1_49' title="bbox 127 4492 1785 4559">
    <p class='ocr_par' dir='ltr' id='par_1_49' title="bbox 127 4492 1785 4559">
     <span class='ocr_line' id='line_1_49' title="bbox 127 4492 1785 4559; baseline -0.002 -7"><span class='ocrx_word' id='word_1_350' title='bbox 127 4497 187 4553; x_wconf 90' lang='lat' dir='ltr'>in</span> <span class='ocrx_word' id='word_1_351' title='bbox 218 4497 413 4554; x_wconf 91' lang='lat' dir='ltr'>locum</span> <span class='ocrx_word' id='word_1_352' title='bbox 446 4497 762 4554; x_wconf 89' lang='lat' dir='ltr'>venditoris</span> <span class='ocrx_word' id='word_1_353' title='bbox 798 4495 1028 4559; x_wconf 86' lang='lat' dir='ltr'>transit,</span> <span class='ocrx_word' id='word_1_354' title='bbox 1053 4499 1108 4549; x_wconf 91' lang='lat' dir='ltr'>et</span> <span class='ocrx_word' id='word_1_355' title='bbox 1140 4494 1285 4549; x_wconf 89' lang='lat' dir='ltr'>alios</span> <span class='ocrx_word' id='word_1_356' title='bbox 1307 4494 1378 4549; x_wconf 85' lang='lat' dir='ltr'>ad</span> <span class='ocrx_word' id='word_1_357' title='bbox 1402 4494 1494 4549; x_wconf 90' lang='lat' dir='ltr'>sui</span> <span class='ocrx_word' id='word_1_358' title='bbox 1517 4492 1785 4549; x_wconf 90' lang='lat' dir='ltr'>similitu-</span> 
     </span>
    </p>
   </div>
   <div class='ocr_carea' id='block_1_50' title="bbox 1898 600 3543 675">
    <p class='ocr_par' dir='ltr' id='par_1_50' title="bbox 1898 600 3543 675">
     <span class='ocr_line' id='line_1_50' title="bbox 1898 600 3543 675; baseline 0.001 -19"><span class='ocrx_word' id='word_1_359' title='bbox 1898 602 2069 673; x_wconf 87' lang='lat' dir='ltr'>peris,</span> <span class='ocrx_word' id='word_1_360' title='bbox 2088 619 2149 655; x_wconf 90' lang='lat' dir='ltr'>ac</span> <span class='ocrx_word' id='word_1_361' title='bbox 2174 603 2219 657; x_wconf 89' lang='lat' dir='ltr'>si</span> <span class='ocrx_word' id='word_1_362' title='bbox 2245 602 2505 657; x_wconf 91' lang='lat' dir='ltr'>victimet</span> <span class='ocrx_word' id='word_1_363' title='bbox 2528 602 2710 657; x_wconf 89' lang='lat' dir='ltr'>ﬁlium</span> <span class='ocrx_word' id='word_1_364' title='bbox 2735 603 2791 657; x_wconf 86' lang='lat' dir='ltr'>in</span> <span class='ocrx_word' id='word_1_365' title='bbox 2818 605 3134 675; x_wconf 89' lang='lat' dir='ltr'>conspectu</span> <span class='ocrx_word' id='word_1_366' title='bbox 3157 600 3338 673; x_wconf 86' lang='lat' dir='ltr'>patris</span> <span class='ocrx_word' id='word_1_367' title='bbox 3359 601 3543 671; x_wconf 76' lang='lat' dir='ltr'>(Ereti.</span> 
     </span>
    </p>
   </div>
   <div class='ocr_carea' id='block_1_51' title="bbox 1895 689 3548 763">
    <p class='ocr_par' dir='ltr' id='par_1_51' title="bbox 1895 689 3548 763">
     <span class='ocr_line' id='line_1_51' title="bbox 1895 689 3548 763; baseline 0.001 -19"><span class='ocrx_word' id='word_1_368' title='bbox 1895 708 2082 758; x_wconf 69' lang='lat' dir='ltr'>xxxrv,</span> <span class='ocrx_word' id='word_1_369' title='bbox 2116 693 2227 761; x_wconf 73' lang='grc'>24).</span> <span class='ocrx_word' id='word_1_370' title='bbox 2258 714 2284 739; x_wconf 90' lang='grc'><strong>››</strong></span> <span class='ocrx_word' id='word_1_371' title='bbox 2316 693 2582 755; x_wconf 84' lang='lat' dir='ltr'>Quantus</span> <span class='ocrx_word' id='word_1_372' title='bbox 2623 695 2819 747; x_wconf 90' lang='lat' dir='ltr'>autem</span> <span class='ocrx_word' id='word_1_373' title='bbox 2854 692 3019 747; x_wconf 92' lang='lat' dir='ltr'>dolor</span> <span class='ocrx_word' id='word_1_374' title='bbox 3065 690 3248 763; x_wconf 84' lang='lat' dir='ltr'>patris</span> <span class='ocrx_word' id='word_1_375' title='bbox 3299 689 3376 745; x_wconf 89' lang='lat' dir='ltr'>sit</span> <span class='ocrx_word' id='word_1_376' title='bbox 3419 706 3548 762; x_wconf 88' lang='lat' dir='ltr'>per-</span> 
     </span>
    </p>
   </div>
   <div class='ocr_carea' id='block_1_52' title="bbox 1895 779 3593 852">
    <p class='ocr_par' dir='ltr' id='par_1_52' title="bbox 1895 779 3593 852">
     <span class='ocr_line' id='line_1_52' title="bbox 1895 779 3593 852; baseline 0.001 -19"><span class='ocrx_word' id='word_1_377' title='bbox 1895 780 2240 850; x_wconf 88' lang='lat' dir='ltr'>pendamus,</span> <span class='ocrx_word' id='word_1_378' title='bbox 2264 780 2312 835; x_wconf 88' lang='lat' dir='ltr'>si</span> <span class='ocrx_word' id='word_1_379' title='bbox 2343 781 2402 835; x_wconf 90' lang='lat' dir='ltr'>in</span> <span class='ocrx_word' id='word_1_380' title='bbox 2426 781 2554 851; x_wconf 89' lang='lat' dir='ltr'>ejus</span> <span class='ocrx_word' id='word_1_381' title='bbox 2585 784 2903 852; x_wconf 87' lang='lat' dir='ltr'>conspectu</span> <span class='ocrx_word' id='word_1_382' title='bbox 2936 780 3093 835; x_wconf 89' lang='lat' dir='ltr'>ﬁlius</span> <span class='ocrx_word' id='word_1_383' title='bbox 3114 779 3470 846; x_wconf 87' lang='lat' dir='ltr'>victimetur,</span> <span class='ocrx_word' id='word_1_384' title='bbox 3492 782 3549 834; x_wconf 91' lang='lat' dir='ltr'>et</span> <span class='ocrx_word' id='word_1_385' title='bbox 3584 804 3593 809; x_wconf 78' lang='grc'><strong>-</strong></span> 
     </span>
    </p>
   </div>
   <div class='ocr_carea' id='block_1_53' title="bbox 1894 866 3549 940">
    <p class='ocr_par' dir='ltr' id='par_1_53' title="bbox 1894 866 3549 940">
     <span class='ocr_line' id='line_1_53' title="bbox 1894 866 3549 940; baseline 0.001 -18"><span class='ocrx_word' id='word_1_386' title='bbox 1894 866 2028 922; x_wconf 91' lang='lat' dir='ltr'>hinc</span> <span class='ocrx_word' id='word_1_387' title='bbox 2060 867 2226 924; x_wconf 86' lang='lat' dir='ltr'>facile</span> <span class='ocrx_word' id='word_1_388' title='bbox 2255 884 2677 939; x_wconf 88' lang='lat' dir='ltr'>cognoscemus</span> <span class='ocrx_word' id='word_1_389' title='bbox 2723 872 2943 940; x_wconf 90' lang='lat' dir='ltr'>quanto</span> <span class='ocrx_word' id='word_1_390' title='bbox 2974 868 3131 924; x_wconf 89' lang='lat' dir='ltr'>Deus</span> <span class='ocrx_word' id='word_1_391' title='bbox 3177 866 3549 939; x_wconf 84' lang='lat' dir='ltr'>omnipotens</span> 
     </span>
    </p>
   </div>
   <div class='ocr_carea' id='block_1_54' title="bbox 1895 955 3550 1029">
    <p class='ocr_par' dir='ltr' id='par_1_54' title="bbox 1895 955 3550 1029">
     <span class='ocr_line' id='line_1_54' title="bbox 1895 955 3550 1029; baseline 0.001 -19"><span class='ocrx_word' id='word_1_392' title='bbox 1895 956 2090 1011; x_wconf 91' lang='lat' dir='ltr'>dolore</span> <span class='ocrx_word' id='word_1_393' title='bbox 2116 962 2509 1028; x_wconf 79' lang='lat' dir='ltr'>exasperatur,</span> <span class='ocrx_word' id='word_1_394' title='bbox 2534 955 2769 1029; x_wconf 86' lang='lat' dir='ltr'>quando</span> <span class='ocrx_word' id='word_1_395' title='bbox 2791 957 2843 1013; x_wconf 89' lang='lat' dir='ltr'>ei</span> <span class='ocrx_word' id='word_1_396' title='bbox 2873 956 3230 1013; x_wconf 86' lang='lat' dir='ltr'>sacriﬁcium</span> <span class='ocrx_word' id='word_1_397' title='bbox 3251 973 3322 1012; x_wconf 85' lang='lat' dir='ltr'>ex</span> <span class='ocrx_word' id='word_1_398' title='bbox 3342 956 3550 1028; x_wconf 86' lang='lat' dir='ltr'>rapina</span> 
     </span>
    </p>
   </div>
   <div class='ocr_carea' id='block_1_55' title="bbox 1893 1045 3549 1118">
    <p class='ocr_par' dir='ltr' id='par_1_55' title="bbox 1893 1045 3549 1118">
     <span class='ocr_line' id='line_1_55' title="bbox 1893 1045 3549 1118; baseline 0.001 -19"><span class='ocrx_word' id='word_1_399' title='bbox 1893 1045 2192 1100; x_wconf 86' lang='lat' dir='ltr'>tribuitur.</span> <span class='ocrx_word' id='word_1_400' title='bbox 2212 1045 2399 1101; x_wconf 91' lang='lat' dir='ltr'>Nimis</span> <span class='ocrx_word' id='word_1_401' title='bbox 2420 1062 2555 1118; x_wconf 89' lang='lat' dir='ltr'>ergo</span> <span class='ocrx_word' id='word_1_402' title='bbox 2587 1046 3000 1101; x_wconf 89' lang='lat' dir='ltr'>declinandum</span> <span class='ocrx_word' id='word_1_403' title='bbox 3026 1049 3134 1114; x_wconf 89' lang='lat' dir='ltr'>est,</span> <span class='ocrx_word' id='word_1_404' title='bbox 3158 1045 3549 1101; x_wconf 82' lang='lat' dir='ltr'>dilectissime</span> 
     </span>
    </p>
   </div>
   <div class='ocr_carea' id='block_1_56' title="bbox 1896 1133 3543 1206">
    <p class='ocr_par' dir='ltr' id='par_1_56' title="bbox 1896 1133 3543 1206">
     <span class='ocr_line' id='line_1_56' title="bbox 1896 1133 3543 1206; baseline 0.002 -19"><span class='ocrx_word' id='word_1_405' title='bbox 1896 1134 2093 1203; x_wconf 86' lang='lat' dir='ltr'>frater,</span> <span class='ocrx_word' id='word_1_406' title='bbox 2118 1135 2226 1189; x_wconf 91' lang='lat' dir='ltr'>sub</span> <span class='ocrx_word' id='word_1_407' title='bbox 2250 1136 2488 1190; x_wconf 87' lang='lat' dir='ltr'>obtentu</span> <span class='ocrx_word' id='word_1_408' title='bbox 2512 1134 2907 1204; x_wconf 67' lang='lat' dir='ltr'>elecmosynaa,</span> <span class='ocrx_word' id='word_1_409' title='bbox 2932 1137 3168 1206; x_wconf 90' lang='lat' dir='ltr'>peccata</span> <span class='ocrx_word' id='word_1_410' title='bbox 3195 1133 3543 1190; x_wconf 68' lang='lat' dir='ltr'>Simoniace</span> 
     </span>
    </p>
   </div>
   <div class='ocr_carea' id='block_1_57' title="bbox 1896 1221 3546 1295">
    <p class='ocr_par' dir='ltr' id='par_1_57' title="bbox 1896 1221 3546 1295">
     <span class='ocr_line' id='line_1_57' title="bbox 1896 1221 3546 1295; baseline 0.001 -20"><span class='ocrx_word' id='word_1_411' title='bbox 1896 1221 2182 1276; x_wconf 84' lang='lat' dir='ltr'>haereseos</span> <span class='ocrx_word' id='word_1_412' title='bbox 2213 1227 2561 1294; x_wconf 90' lang='lat' dir='ltr'>perpetrare.</span> <span class='ocrx_word' id='word_1_413' title='bbox 2584 1223 2729 1278; x_wconf 88' lang='lat' dir='ltr'>Nam</span> <span class='ocrx_word' id='word_1_414' title='bbox 2753 1223 2910 1278; x_wconf 88' lang='lat' dir='ltr'>aliud</span> <span class='ocrx_word' id='word_1_415' title='bbox 2933 1227 3021 1278; x_wconf 88' lang='lat' dir='ltr'>est</span> <span class='ocrx_word' id='word_1_416' title='bbox 3042 1226 3278 1295; x_wconf 88' lang='lat' dir='ltr'>propter</span> <span class='ocrx_word' id='word_1_417' title='bbox 3302 1226 3546 1295; x_wconf 88' lang='lat' dir='ltr'>peccata</span> 
     </span>
    </p>
   </div>
   <div class='ocr_carea' id='block_1_58' title="bbox 1896 1310 3541 1384">
    <p class='ocr_par' dir='ltr' id='par_1_58' title="bbox 1896 1310 3541 1384">
     <span class='ocr_line' id='line_1_58' title="bbox 1896 1310 3541 1384; baseline 0.001 -19"><span class='ocrx_word' id='word_1_418' title='bbox 1896 1310 2327 1382; x_wconf 83' lang='lat' dir='ltr'>eleemosynam</span> <span class='ocrx_word' id='word_1_419' title='bbox 2385 1311 2590 1379; x_wconf 83' lang='lat' dir='ltr'>facere,</span> <span class='ocrx_word' id='word_1_420' title='bbox 2638 1310 2796 1367; x_wconf 88' lang='lat' dir='ltr'>aliud</span> <span class='ocrx_word' id='word_1_421' title='bbox 2852 1316 3086 1384; x_wconf 87' lang='lat' dir='ltr'>propter</span> <span class='ocrx_word' id='word_1_422' title='bbox 3139 1310 3541 1384; x_wconf 83' lang='lat' dir='ltr'>eleemosynas</span> 
     </span>
    </p>
   </div>
   <div class='ocr_carea' id='block_1_59' title="bbox 1895 1399 2595 1472">
    <p class='ocr_par' dir='ltr' id='par_1_59' title="bbox 1895 1399 2595 1472">
     <span class='ocr_line' id='line_1_59' title="bbox 1895 1399 2595 1472; baseline -0.007 -18"><span class='ocrx_word' id='word_1_423' title='bbox 1895 1404 2130 1472; x_wconf 90' lang='lat' dir='ltr'>peccata</span> <span class='ocrx_word' id='word_1_424' title='bbox 2158 1399 2539 1455; x_wconf 87' lang='lat' dir='ltr'>committere.</span> <span class='ocrx_word' id='word_1_425' title='bbox 2568 1422 2595 1451; x_wconf 85' lang='lat'>»</span> 
     </span>
    </p>
   </div>
   <div class='ocr_carea' id='block_1_60' title="bbox 1965 1487 3540 1561">
    <p class='ocr_par' dir='ltr' id='par_1_60' title="bbox 1965 1487 3540 1561">
     <span class='ocr_line' id='line_1_60' title="bbox 1965 1487 3540 1561; baseline 0.001 -19"><span class='ocrx_word' id='word_1_426' title='bbox 1965 1490 2031 1542; x_wconf 86' lang='lat' dir='ltr'>Et</span> <span class='ocrx_word' id='word_1_427' title='bbox 2046 1492 2167 1559; x_wconf 82' lang='lat' dir='ltr'>post</span> <span class='ocrx_word' id='word_1_428' title='bbox 2186 1490 2378 1561; x_wconf 78' lang='lat' dir='ltr'>aliqua</span> <span class='ocrx_word' id='word_1_429' title='bbox 2398 1489 2541 1544; x_wconf 85' lang='lat' dir='ltr'>idem</span> <span class='ocrx_word' id='word_1_430' title='bbox 2563 1489 2755 1557; x_wconf 84' lang='lat' dir='ltr'>eidem,</span> <span class='ocrx_word' id='word_1_431' title='bbox 2777 1488 2919 1545; x_wconf 82' lang='lat' dir='ltr'>unde</span> <span class='ocrx_word' id='word_1_432' title='bbox 2936 1506 3123 1561; x_wconf 76' lang='lat' dir='ltr'>supra.</span> <span class='ocrx_word' id='word_1_433' title='bbox 3150 1511 3177 1538; x_wconf 85' lang='lat'><strong>«</strong></span> <span class='ocrx_word' id='word_1_434' title='bbox 3194 1489 3276 1544; x_wconf 87' lang='lat' dir='ltr'>Ne</span> <span class='ocrx_word' id='word_1_435' title='bbox 3296 1487 3540 1544; x_wconf 86' lang='lat' dir='ltr'>forsitan</span> 
     </span>
    </p>
   </div>
   <div class='ocr_carea' id='block_1_61' title="bbox 1895 1576 3542 1649">
    <p class='ocr_par' dir='ltr' id='par_1_61' title="bbox 1895 1576 3542 1649">
     <span class='ocr_line' id='line_1_61' title="bbox 1895 1576 3542 1649; baseline 0 -18"><span class='ocrx_word' id='word_1_436' title='bbox 1895 1576 2087 1631; x_wconf 90' lang='lat' dir='ltr'>adhuc</span> <span class='ocrx_word' id='word_1_437' title='bbox 2106 1594 2293 1648; x_wconf 67' lang='lat' dir='ltr'>pravae</span> <span class='ocrx_word' id='word_1_438' title='bbox 2308 1594 2368 1633; x_wconf 88' lang='lat' dir='ltr'>se</span> <span class='ocrx_word' id='word_1_439' title='bbox 2383 1578 2825 1633; x_wconf 88' lang='lat' dir='ltr'>consuetudinis</span> <span class='ocrx_word' id='word_1_440' title='bbox 2837 1577 3149 1649; x_wconf 88' lang='lat' dir='ltr'>quisquam</span> <span class='ocrx_word' id='word_1_441' title='bbox 3159 1576 3299 1632; x_wconf 90' lang='lat' dir='ltr'>velit</span> <span class='ocrx_word' id='word_1_442' title='bbox 3312 1576 3542 1647; x_wconf 87' lang='lat' dir='ltr'>objectu</span> 
     </span>
    </p>
   </div>
   <div class='ocr_carea' id='block_1_62' title="bbox 1896 1664 3545 1733">
    <p class='ocr_par' dir='ltr' id='par_1_62' title="bbox 1896 1664 3545 1733">
     <span class='ocr_line' id='line_1_62' title="bbox 1896 1664 3545 1733; baseline 0 -13"><span class='ocrx_word' id='word_1_443' title='bbox 1896 1666 2221 1733; x_wconf 88' lang='lat' dir='ltr'>defendere,</span> <span class='ocrx_word' id='word_1_444' title='bbox 2242 1666 2627 1722; x_wconf 83' lang='lat' dir='ltr'>fraternitatis</span> <span class='ocrx_word' id='word_1_445' title='bbox 2656 1670 2858 1722; x_wconf 79' lang='lat' dir='ltr'>vestrae</span> <span class='ocrx_word' id='word_1_446' title='bbox 2880 1666 3150 1721; x_wconf 90' lang='lat' dir='ltr'>discretio</span> <span class='ocrx_word' id='word_1_447' title='bbox 3181 1664 3424 1720; x_wconf 88' lang='lat' dir='ltr'>rationis</span> <span class='ocrx_word' id='word_1_448' title='bbox 3446 1679 3545 1720; x_wconf 86' lang='lat' dir='ltr'>eos</span> 
     </span>
    </p>
   </div>
   <div class='ocr_carea' id='block_1_63' title="bbox 1894 1751 3548 1827">
    <p class='ocr_par' dir='ltr' id='par_1_63' title="bbox 1894 1751 3548 1827">
     <span class='ocr_line' id='line_1_63' title="bbox 1894 1751 3548 1827; baseline 0 -19"><span class='ocrx_word' id='word_1_449' title='bbox 1894 1754 2056 1809; x_wconf 91' lang='lat' dir='ltr'>freno</span> <span class='ocrx_word' id='word_1_450' title='bbox 2082 1758 2362 1820; x_wconf 91' lang='lat' dir='ltr'>coerceat,</span> <span class='ocrx_word' id='word_1_451' title='bbox 2382 1760 2439 1809; x_wconf 91' lang='lat' dir='ltr'>et</span> <span class='ocrx_word' id='word_1_452' title='bbox 2461 1754 2576 1808; x_wconf 85' lang='lat' dir='ltr'>labi</span> <span class='ocrx_word' id='word_1_453' title='bbox 2598 1754 2656 1809; x_wconf 90' lang='lat' dir='ltr'>in</span> <span class='ocrx_word' id='word_1_454' title='bbox 2680 1753 2902 1810; x_wconf 87' lang='lat' dir='ltr'>illicitis</span> <span class='ocrx_word' id='word_1_455' title='bbox 2924 1771 3039 1809; x_wconf 90' lang='lat' dir='ltr'>non</span> <span class='ocrx_word' id='word_1_456' title='bbox 3061 1752 3385 1827; x_wconf 86' lang='lat' dir='ltr'>permittat,</span> <span class='ocrx_word' id='word_1_457' title='bbox 3407 1751 3548 1824; x_wconf 85' lang='lat' dir='ltr'>quia</span> 
     </span>
    </p>
   </div>
   <div class='ocr_carea' id='block_1_64' title="bbox 1896 1840 3543 1915">
    <p class='ocr_par' dir='ltr' id='par_1_64' title="bbox 1896 1840 3543 1915">
     <span class='ocr_line' id='line_1_64' title="bbox 1896 1840 3543 1915; baseline -0.001 -18"><span class='ocrx_word' id='word_1_458' title='bbox 1896 1843 2179 1914; x_wconf 91' lang='lat' dir='ltr'>quidquid</span> <span class='ocrx_word' id='word_1_459' title='bbox 2198 1843 2404 1898; x_wconf 91' lang='lat' dir='ltr'>ultioni</span> <span class='ocrx_word' id='word_1_460' title='bbox 2427 1843 2673 1915; x_wconf 88' lang='lat' dir='ltr'>dignum</span> <span class='ocrx_word' id='word_1_461' title='bbox 2696 1846 2804 1911; x_wconf 89' lang='lat' dir='ltr'>est,</span> <span class='ocrx_word' id='word_1_462' title='bbox 2822 1860 2936 1898; x_wconf 92' lang='lat' dir='ltr'>non</span> <span class='ocrx_word' id='word_1_463' title='bbox 2959 1842 3032 1898; x_wconf 91' lang='lat' dir='ltr'>ad</span> <span class='ocrx_word' id='word_1_464' title='bbox 3054 1841 3420 1908; x_wconf 89' lang='lat' dir='ltr'>imitationis,</span> <span class='ocrx_word' id='word_1_465' title='bbox 3442 1840 3543 1896; x_wconf 88' lang='lat' dir='ltr'>sed</span> 
     </span>
    </p>
   </div>
   <div class='ocr_carea' id='block_1_65' title="bbox 1896 1929 3466 2004">
    <p class='ocr_par' dir='ltr' id='par_1_65' title="bbox 1896 1929 3466 2004">
     <span class='ocr_line' id='line_1_65' title="bbox 1896 1929 3466 2004; baseline 0 -19"><span class='ocrx_word' id='word_1_466' title='bbox 1896 1931 2089 2002; x_wconf 90' lang='lat' dir='ltr'>potius</span> <span class='ocrx_word' id='word_1_467' title='bbox 2121 1932 2190 1986; x_wconf 90' lang='lat' dir='ltr'>ad</span> <span class='ocrx_word' id='word_1_468' title='bbox 2223 1931 2551 2004; x_wconf 86' lang='lat' dir='ltr'>exemplum</span> <span class='ocrx_word' id='word_1_469' title='bbox 2579 1932 2749 1987; x_wconf 92' lang='lat' dir='ltr'>debet</span> <span class='ocrx_word' id='word_1_470' title='bbox 2778 1930 3159 2003; x_wconf 89' lang='lat' dir='ltr'>correptionis</span> <span class='ocrx_word' id='word_1_471' title='bbox 3181 1929 3413 1986; x_wconf 91' lang='lat' dir='ltr'>adduci.</span> <span class='ocrx_word' id='word_1_472' title='bbox 3436 1952 3466 1979; x_wconf 83' lang='lat'><strong>»</strong></span> 
     </span>
    </p>
   </div>
   <div class='ocr_carea' id='block_1_66' title="bbox 1965 2018 3540 2092">
    <p class='ocr_par' dir='ltr' id='par_1_66' title="bbox 1965 2018 3540 2092">
     <span class='ocr_line' id='line_1_66' title="bbox 1965 2018 3540 2092; baseline -0.001 -17"><span class='ocrx_word' id='word_1_473' title='bbox 1965 2023 2029 2075; x_wconf 83' lang='lat' dir='ltr'>Et</span> <span class='ocrx_word' id='word_1_474' title='bbox 2053 2026 2172 2092; x_wconf 82' lang='lat' dir='ltr'>post</span> <span class='ocrx_word' id='word_1_475' title='bbox 2198 2037 2377 2092; x_wconf 81' lang='lat' dir='ltr'>pauca</span> <span class='ocrx_word' id='word_1_476' title='bbox 2404 2039 2465 2075; x_wconf 85' lang='lat'>:«</span> <span class='ocrx_word' id='word_1_477' title='bbox 2490 2020 2571 2076; x_wconf 91' lang='lat' dir='ltr'>De</span> <span class='ocrx_word' id='word_1_478' title='bbox 2589 2020 2681 2075; x_wconf 89' lang='lat' dir='ltr'>his</span> <span class='ocrx_word' id='word_1_479' title='bbox 2708 2021 2907 2092; x_wconf 89' lang='lat' dir='ltr'>itaque</span> <span class='ocrx_word' id='word_1_480' title='bbox 2938 2037 3064 2092; x_wconf 73' lang='lat' dir='ltr'>quae</span> <span class='ocrx_word' id='word_1_481' title='bbox 3091 2018 3362 2090; x_wconf 83' lang='lat' dir='ltr'>superius</span> <span class='ocrx_word' id='word_1_482' title='bbox 3384 2018 3540 2074; x_wconf 90' lang='lat' dir='ltr'>dicta</span> 
     </span>
    </p>
   </div>
   <div class='ocr_carea' id='block_1_67' title="bbox 1894 2106 3539 2175">
    <p class='ocr_par' dir='ltr' id='par_1_67' title="bbox 1894 2106 3539 2175">
     <span class='ocr_line' id='line_1_67' title="bbox 1894 2106 3539 2175; baseline -0.001 -13"><span class='ocrx_word' id='word_1_483' title='bbox 1894 2114 2053 2175; x_wconf 91' lang='lat' dir='ltr'>sunt,</span> <span class='ocrx_word' id='word_1_484' title='bbox 2093 2109 2510 2164; x_wconf 88' lang='lat' dir='ltr'>fraternitatem</span> <span class='ocrx_word' id='word_1_485' title='bbox 2542 2114 2791 2164; x_wconf 86' lang='lat' dir='ltr'>vestram</span> <span class='ocrx_word' id='word_1_486' title='bbox 2823 2112 3058 2164; x_wconf 90' lang='lat' dir='ltr'>auctore</span> <span class='ocrx_word' id='word_1_487' title='bbox 3104 2112 3218 2163; x_wconf 90' lang='lat' dir='ltr'>Deo</span> <span class='ocrx_word' id='word_1_488' title='bbox 3266 2106 3539 2163; x_wconf 80' lang='lat' dir='ltr'>volumus</span> 
     </span>
    </p>
   </div>
   <div class='ocr_carea' id='block_1_68' title="bbox 1894 2195 3537 2270">
    <p class='ocr_par' dir='ltr' id='par_1_68' title="bbox 1894 2195 3537 2270">
     <span class='ocr_line' id='line_1_68' title="bbox 1894 2195 3537 2270; baseline -0.001 -18"><span class='ocrx_word' id='word_1_489' title='bbox 1894 2198 2181 2269; x_wconf 78' lang='lat' dir='ltr'>synodum</span> <span class='ocrx_word' id='word_1_490' title='bbox 2230 2214 2598 2270; x_wconf 88' lang='lat' dir='ltr'>congregare,</span> <span class='ocrx_word' id='word_1_491' title='bbox 2632 2203 2806 2268; x_wconf 89' lang='lat' dir='ltr'>atque</span> <span class='ocrx_word' id='word_1_492' title='bbox 2843 2197 2903 2252; x_wconf 89' lang='lat' dir='ltr'>in</span> <span class='ocrx_word' id='word_1_493' title='bbox 2952 2215 3038 2263; x_wconf 89' lang='lat' dir='ltr'>ea,</span> <span class='ocrx_word' id='word_1_494' title='bbox 3071 2195 3537 2252; x_wconf 89' lang='lat' dir='ltr'>reverentissimo</span> 
     </span>
    </p>
   </div>
   <div class='ocr_carea' id='block_1_69' title="bbox 1894 2283 3539 2357">
    <p class='ocr_par' dir='ltr' id='par_1_69' title="bbox 1894 2283 3539 2357">
     <span class='ocr_line' id='line_1_69' title="bbox 1894 2283 3539 2357; baseline -0.001 -17"><span class='ocrx_word' id='word_1_495' title='bbox 1894 2287 2057 2347; x_wconf 87' lang='lat' dir='ltr'>fratri</span> <span class='ocrx_word' id='word_1_496' title='bbox 2091 2291 2290 2342; x_wconf 90' lang='lat' dir='ltr'>nostro</span> <span class='ocrx_word' id='word_1_497' title='bbox 2334 2287 2540 2357; x_wconf 88' lang='lat' dir='ltr'>Aregio</span> <span class='ocrx_word' id='word_1_498' title='bbox 2588 2286 2878 2357; x_wconf 87' lang='lat' dir='ltr'>episcopo,</span> <span class='ocrx_word' id='word_1_499' title='bbox 2914 2289 2971 2340; x_wconf 89' lang='lat' dir='ltr'>et</span> <span class='ocrx_word' id='word_1_500' title='bbox 3009 2284 3388 2341; x_wconf 87' lang='lat' dir='ltr'>dilectissimo</span> <span class='ocrx_word' id='word_1_501' title='bbox 3420 2283 3539 2339; x_wconf 91' lang='lat' dir='ltr'>ﬁlio</span> 
     </span>
    </p>
   </div>
   <div class='ocr_carea' id='block_1_70' title="bbox 1894 2372 3542 2447">
    <p class='ocr_par' dir='ltr' id='par_1_70' title="bbox 1894 2372 3542 2447">
     <span class='ocr_line' id='line_1_70' title="bbox 1894 2372 3542 2447; baseline -0.002 -18"><span class='ocrx_word' id='word_1_502' title='bbox 1894 2380 2092 2431; x_wconf 90' lang='lat' dir='ltr'>nostro</span> <span class='ocrx_word' id='word_1_503' title='bbox 2139 2375 2376 2447; x_wconf 87' lang='lat' dir='ltr'>Cyriaco</span> <span class='ocrx_word' id='word_1_504' title='bbox 2435 2375 2645 2429; x_wconf 88' lang='lat' dir='ltr'>abbate</span> <span class='ocrx_word' id='word_1_505' title='bbox 2692 2373 3120 2437; x_wconf 89' lang='lat' dir='ltr'>mediantibus,</span> <span class='ocrx_word' id='word_1_506' title='bbox 3168 2372 3367 2427; x_wconf 88' lang='lat' dir='ltr'>omnia</span> <span class='ocrx_word' id='word_1_507' title='bbox 3414 2388 3542 2442; x_wconf 68' lang='lat' dir='ltr'>qua:</span> 
     </span>
    </p>
   </div>
   <div class='ocr_carea' id='block_1_71' title="bbox 1896 2460 3541 2534">
    <p class='ocr_par' dir='ltr' id='par_1_71' title="bbox 1896 2460 3541 2534">
     <span class='ocr_line' id='line_1_71' title="bbox 1896 2460 3541 2534; baseline -0.001 -16"><span class='ocrx_word' id='word_1_508' title='bbox 1896 2463 2113 2519; x_wconf 88' lang='lat' dir='ltr'>sanctis</span> <span class='ocrx_word' id='word_1_509' title='bbox 2141 2464 2487 2528; x_wconf 91' lang='lat' dir='ltr'>canonibus,</span> <span class='ocrx_word' id='word_1_510' title='bbox 2513 2462 2666 2517; x_wconf 91' lang='lat' dir='ltr'>sicut</span> <span class='ocrx_word' id='word_1_511' title='bbox 2693 2462 3090 2534; x_wconf 69' lang='lat' dir='ltr'>praediximus,</span> <span class='ocrx_word' id='word_1_512' title='bbox 3115 2464 3254 2515; x_wconf 88' lang='lat' dir='ltr'>sunt</span> <span class='ocrx_word' id='word_1_513' title='bbox 3281 2460 3541 2528; x_wconf 86' lang='lat' dir='ltr'>adversa,</span> 
     </span>
    </p>
   </div>
   <div class='ocr_carea' id='block_1_72' title="bbox 1894 2550 3545 2623">
    <p class='ocr_par' dir='ltr' id='par_1_72' title="bbox 1894 2550 3545 2623">
     <span class='ocr_line' id='line_1_72' title="bbox 1894 2550 3545 2623; baseline -0.003 -15"><span class='ocrx_word' id='word_1_514' title='bbox 1894 2554 2157 2609; x_wconf 89' lang='lat' dir='ltr'>districte</span> <span class='ocrx_word' id='word_1_515' title='bbox 2174 2553 2283 2608; x_wconf 89' lang='lat' dir='ltr'>sub</span> <span class='ocrx_word' id='word_1_516' title='bbox 2302 2570 2370 2607; x_wconf 91' lang='lat' dir='ltr'>an</span> <span class='ocrx_word' id='word_1_517' title='bbox 2380 2552 2692 2607; x_wconf 90' lang='lat' dir='ltr'>athematis</span> <span class='ocrx_word' id='word_1_518' title='bbox 2712 2550 3155 2623; x_wconf 87' lang='lat' dir='ltr'>interpositione</span> <span class='ocrx_word' id='word_1_519' title='bbox 3170 2550 3545 2615; x_wconf 89' lang='lat' dir='ltr'>damnentur,</span> 
     </span>
    </p>
   </div>
   <div class='ocr_carea' id='block_1_73' title="bbox 1894 2636 3547 2712">
    <p class='ocr_par' dir='ltr' id='par_1_73' title="bbox 1894 2636 3547 2712">
     <span class='ocr_line' id='line_1_73' title="bbox 1894 2636 3547 2712; baseline -0.002 -17"><span class='ocrx_word' id='word_1_520' title='bbox 1894 2642 1950 2696; x_wconf 94' lang='lat' dir='ltr'>id</span> <span class='ocrx_word' id='word_1_521' title='bbox 1975 2646 2082 2708; x_wconf 90' lang='lat' dir='ltr'>est,</span> <span class='ocrx_word' id='word_1_522' title='bbox 2108 2646 2174 2696; x_wconf 91' lang='lat' dir='ltr'>ut</span> <span class='ocrx_word' id='word_1_523' title='bbox 2202 2639 2402 2696; x_wconf 90' lang='lat' dir='ltr'>nullus</span> <span class='ocrx_word' id='word_1_524' title='bbox 2426 2658 2528 2712; x_wconf 90' lang='lat' dir='ltr'>pro</span> <span class='ocrx_word' id='word_1_525' title='bbox 2549 2639 2941 2711; x_wconf 89' lang='lat' dir='ltr'>adipiscendis</span> <span class='ocrx_word' id='word_1_526' title='bbox 2963 2636 3374 2694; x_wconf 88' lang='lat' dir='ltr'>ecclesiasticis</span> <span class='ocrx_word' id='word_1_527' title='bbox 3394 2637 3547 2693; x_wconf 87' lang='lat' dir='ltr'>ordi-</span> 
     </span>
    </p>
   </div>
   <div class='ocr_carea' id='block_1_74' title="bbox 1894 2725 3541 2800">
    <p class='ocr_par' dir='ltr' id='par_1_74' title="bbox 1894 2725 3541 2800">
     <span class='ocr_line' id='line_1_74' title="bbox 1894 2725 3541 2800; baseline -0.002 -15"><span class='ocrx_word' id='word_1_528' title='bbox 1894 2731 2067 2785; x_wconf 89' lang='lat' dir='ltr'>nibus</span> <span class='ocrx_word' id='word_1_529' title='bbox 2097 2731 2236 2785; x_wconf 89' lang='lat' dir='ltr'>dare</span> <span class='ocrx_word' id='word_1_530' title='bbox 2267 2729 2499 2800; x_wconf 81' lang='lat' dir='ltr'>aliquod</span> <span class='ocrx_word' id='word_1_531' title='bbox 2542 2729 2915 2784; x_wconf 90' lang='lat' dir='ltr'>commodum</span> <span class='ocrx_word' id='word_1_532' title='bbox 2960 2730 3296 2798; x_wconf 74' lang='lat' dir='ltr'>prazsumat,</span> <span class='ocrx_word' id='word_1_533' title='bbox 3318 2725 3405 2781; x_wconf 87' lang='lat' dir='ltr'>vel</span> <span class='ocrx_word' id='word_1_534' title='bbox 3436 2741 3541 2797; x_wconf 89' lang='lat' dir='ltr'>pro</span> 
     </span>
    </p>
   </div>
   <div class='ocr_carea' id='block_1_75' title="bbox 1893 2813 3537 2889">
    <p class='ocr_par' dir='ltr' id='par_1_75' title="bbox 1893 2813 3537 2889">
     <span class='ocr_line' id='line_1_75' title="bbox 1893 2813 3537 2889; baseline -0.002 -15"><span class='ocrx_word' id='word_1_535' title='bbox 1893 2820 2043 2875; x_wconf 88' lang='lat' dir='ltr'>datis</span> <span class='ocrx_word' id='word_1_536' title='bbox 2074 2819 2356 2889; x_wconf 88' lang='lat' dir='ltr'>accipere,</span> <span class='ocrx_word' id='word_1_537' title='bbox 2380 2833 2567 2889; x_wconf 88' lang='lat' dir='ltr'>neque</span> <span class='ocrx_word' id='word_1_538' title='bbox 2597 2834 2665 2872; x_wconf 84' lang='lat' dir='ltr'>ex</span> <span class='ocrx_word' id='word_1_539' title='bbox 2692 2815 2839 2872; x_wconf 89' lang='lat' dir='ltr'>laico</span> <span class='ocrx_word' id='word_1_540' title='bbox 2873 2816 3070 2870; x_wconf 87' lang='lat' dir='ltr'>habitu</span> <span class='ocrx_word' id='word_1_541' title='bbox 3103 2813 3416 2886; x_wconf 86' lang='lat' dir='ltr'>quisquam</span> <span class='ocrx_word' id='word_1_542' title='bbox 3450 2830 3537 2870; x_wconf 91' lang='lat' dir='ltr'>re-</span> 
     </span>
    </p>
   </div>
   <div class='ocr_carea' id='block_1_76' title="bbox 1892 2901 3538 2980">
    <p class='ocr_par' dir='ltr' id='par_1_76' title="bbox 1892 2901 3538 2980">
     <span class='ocr_line' id='line_1_76' title="bbox 1892 2901 3538 2980; baseline -0.004 -17"><span class='ocrx_word' id='word_1_543' title='bbox 1892 2913 2063 2980; x_wconf 91' lang='lat' dir='ltr'>pente</span> <span class='ocrx_word' id='word_1_544' title='bbox 2094 2907 2305 2961; x_wconf 86' lang='lat' dir='ltr'>audeat</span> <span class='ocrx_word' id='word_1_545' title='bbox 2336 2906 2406 2961; x_wconf 88' lang='lat' dir='ltr'>ad</span> <span class='ocrx_word' id='word_1_546' title='bbox 2440 2905 2634 2961; x_wconf 91' lang='lat' dir='ltr'>locum</span> <span class='ocrx_word' id='word_1_547' title='bbox 2681 2905 2829 2960; x_wconf 88' lang='lat' dir='ltr'>sacri</span> <span class='ocrx_word' id='word_1_548' title='bbox 2871 2902 3173 2976; x_wconf 88' lang='lat' dir='ltr'>regiminis</span> <span class='ocrx_word' id='word_1_549' title='bbox 3223 2901 3538 2973; x_wconf 85' lang='lat' dir='ltr'>pervenire,</span> 
     </span>
    </p>
   </div>
   <div class='ocr_carea' id='block_1_77' title="bbox 1893 2990 3539 3067">
    <p class='ocr_par' dir='ltr' id='par_1_77' title="bbox 1893 2990 3539 3067">
     <span class='ocr_line' id='line_1_77' title="bbox 1893 2990 3539 3067; baseline -0.004 -16"><span class='ocrx_word' id='word_1_550' title='bbox 1893 3012 2082 3067; x_wconf 91' lang='lat' dir='ltr'>neque</span> <span class='ocrx_word' id='word_1_551' title='bbox 2111 2998 2176 3049; x_wconf 91' lang='lat' dir='ltr'>ut</span> <span class='ocrx_word' id='word_1_552' title='bbox 2201 2993 2327 3049; x_wconf 70' lang='lat' dir='ltr'>alite</span> <span class='ocrx_word' id='word_1_553' title='bbox 2356 2994 2631 3049; x_wconf 89' lang='lat' dir='ltr'>mulieres</span> <span class='ocrx_word' id='word_1_554' title='bbox 2661 3010 2793 3049; x_wconf 91' lang='lat' dir='ltr'>cum</span> <span class='ocrx_word' id='word_1_555' title='bbox 2826 2991 3226 3047; x_wconf 86' lang='lat' dir='ltr'>sacerdotibus</span> <span class='ocrx_word' id='word_1_556' title='bbox 3252 2990 3539 3058; x_wconf 87' lang='lat' dir='ltr'>habitent,</span> 
     </span>
    </p>
   </div>
   <div class='ocr_carea' id='block_1_78' title="bbox 1895 3079 3479 3154">
    <p class='ocr_par' dir='ltr' id='par_1_78' title="bbox 1895 3079 3479 3154">
     <span class='ocr_line' id='line_1_78' title="bbox 1895 3079 3479 3154; baseline -0.004 -15"><span class='ocrx_word' id='word_1_557' title='bbox 1895 3084 2010 3139; x_wconf 89' lang='lat' dir='ltr'>nisi</span> <span class='ocrx_word' id='word_1_558' title='bbox 2039 3082 2124 3138; x_wconf 74' lang='lat' dir='ltr'>ha:</span> <span class='ocrx_word' id='word_1_559' title='bbox 2157 3100 2284 3154; x_wconf 82' lang='lat' dir='ltr'>quae</span> <span class='ocrx_word' id='word_1_560' title='bbox 2316 3100 2349 3137; x_wconf 91' lang='lat' dir='ltr'>a</span> <span class='ocrx_word' id='word_1_561' title='bbox 2378 3082 2559 3138; x_wconf 83' lang='lat' dir='ltr'>sacris</span> <span class='ocrx_word' id='word_1_562' title='bbox 2592 3082 2913 3137; x_wconf 87' lang='lat' dir='ltr'>canonibus</span> <span class='ocrx_word' id='word_1_563' title='bbox 2942 3084 3081 3136; x_wconf 89' lang='lat' dir='ltr'>sunt</span> <span class='ocrx_word' id='word_1_564' title='bbox 3109 3079 3427 3152; x_wconf 71' lang='lat' dir='ltr'>permissae.</span> <span class='ocrx_word' id='word_1_565' title='bbox 3457 3100 3479 3128; x_wconf 77' lang='grc' dir='ltr'><strong>ιι</strong></span> 
     </span>
    </p>
   </div>
   <div class='ocr_carea' id='block_1_79' title="bbox 1964 3167 3541 3248">
    <p class='ocr_par' dir='ltr' id='par_1_79' title="bbox 1964 3167 3541 3248">
     <span class='ocr_line' id='line_1_79' title="bbox 1964 3167 3541 3248; baseline -0.003 -20"><span class='ocrx_word' id='word_1_566' title='bbox 1964 3174 2114 3241; x_wconf 84' lang='lat' dir='ltr'>Item,</span> <span class='ocrx_word' id='word_1_567' title='bbox 2160 3172 2306 3227; x_wconf 77' lang='lat' dir='ltr'>idem</span> <span class='ocrx_word' id='word_1_568' title='bbox 2358 3174 2588 3228; x_wconf 84' lang='lat' dir='ltr'>Victoria</span> <span class='ocrx_word' id='word_1_569' title='bbox 2636 3174 2897 3243; x_wconf 81' lang='lat' dir='ltr'>episcopo.</span> <span class='ocrx_word' id='word_1_570' title='bbox 2922 3192 2950 3220; x_wconf 86' lang='lat'><strong>«</strong></span> <span class='ocrx_word' id='word_1_571' title='bbox 2983 3169 3261 3248; x_wconf 86' lang='lat' dir='ltr'>Quisquis</span> <span class='ocrx_word' id='word_1_572' title='bbox 3309 3168 3381 3223; x_wconf 90' lang='lat' dir='ltr'>ad</span> <span class='ocrx_word' id='word_1_573' title='bbox 3432 3167 3541 3224; x_wconf 87' lang='lat' dir='ltr'>hoc</span> 
     </span>
    </p>
   </div>
   <div class='ocr_carea' id='block_1_80' title="bbox 1894 3256 3539 3330">
    <p class='ocr_par' dir='ltr' id='par_1_80' title="bbox 1894 3256 3539 3330">
     <span class='ocr_line' id='line_1_80' title="bbox 1894 3256 3539 3330; baseline -0.002 -14"><span class='ocrx_word' id='word_1_574' title='bbox 1894 3261 2120 3317; x_wconf 89' lang='lat' dir='ltr'>facinus</span> <span class='ocrx_word' id='word_1_575' title='bbox 2139 3261 2368 3315; x_wconf 87' lang='lat' dir='ltr'>videtur</span> <span class='ocrx_word' id='word_1_576' title='bbox 2387 3260 2728 3316; x_wconf 73' lang='lat' dir='ltr'>Simoniacze</span> <span class='ocrx_word' id='word_1_577' title='bbox 2750 3276 2815 3315; x_wconf 93' lang='lat' dir='ltr'>ac</span> <span class='ocrx_word' id='word_1_578' title='bbox 2837 3258 3267 3330; x_wconf 84' lang='lat' dir='ltr'>Neophytorum</span> <span class='ocrx_word' id='word_1_579' title='bbox 3301 3256 3539 3313; x_wconf 66' lang='lat' dir='ltr'>haeresis</span> 
     </span>
    </p>
   </div>
   <div class='ocr_carea' id='block_1_81' title="bbox 1893 3344 3537 3405">
    <p class='ocr_par' dir='ltr' id='par_1_81' title="bbox 1893 3344 3537 3405">
     <span class='ocr_line' id='line_1_81' title="bbox 1893 3344 3537 3405; baseline -0.005 1"><span class='ocrx_word' id='word_1_580' title='bbox 1893 3349 2327 3405; x_wconf 88' lang='lat' dir='ltr'>emendandum</span> <span class='ocrx_word' id='word_1_581' title='bbox 2360 3349 2533 3404; x_wconf 87' lang='lat' dir='ltr'>ofﬁcii</span> <span class='ocrx_word' id='word_1_582' title='bbox 2559 3349 2649 3404; x_wconf 88' lang='lat' dir='ltr'>sui</span> <span class='ocrx_word' id='word_1_583' title='bbox 2672 3346 3136 3404; x_wconf 87' lang='lat' dir='ltr'>consideratione</span> <span class='ocrx_word' id='word_1_584' title='bbox 3167 3344 3537 3400; x_wconf 89' lang='lat' dir='ltr'>vehementer</span> 
     </span>
    </p>
   </div>
   <div class='ocr_carea' id='block_1_82' title="bbox 1892 3432 3534 3506">
    <p class='ocr_par' dir='ltr' id='par_1_82' title="bbox 1892 3432 3534 3506">
     <span class='ocr_line' id='line_1_82' title="bbox 1892 3432 3534 3506; baseline -0.003 -14"><span class='ocrx_word' id='word_1_585' title='bbox 1892 3455 2007 3493; x_wconf 91' lang='lat' dir='ltr'>non</span> <span class='ocrx_word' id='word_1_586' title='bbox 2039 3437 2249 3504; x_wconf 90' lang='lat' dir='ltr'>arderi,</span> <span class='ocrx_word' id='word_1_587' title='bbox 2283 3453 2417 3492; x_wconf 88' lang='lat' dir='ltr'>cum</span> <span class='ocrx_word' id='word_1_588' title='bbox 2466 3436 2592 3506; x_wconf 90' lang='lat' dir='ltr'>ipso</span> <span class='ocrx_word' id='word_1_589' title='bbox 2625 3451 2687 3491; x_wconf 86' lang='lat' dir='ltr'>se</span> <span class='ocrx_word' id='word_1_590' title='bbox 2716 3435 2927 3489; x_wconf 89' lang='lat' dir='ltr'>habere</span> <span class='ocrx_word' id='word_1_591' title='bbox 2959 3450 3073 3488; x_wconf 90' lang='lat' dir='ltr'>non</span> <span class='ocrx_word' id='word_1_592' title='bbox 3123 3432 3347 3487; x_wconf 89' lang='lat' dir='ltr'>dubitet</span> <span class='ocrx_word' id='word_1_593' title='bbox 3396 3448 3534 3503; x_wconf 86' lang='lat' dir='ltr'>por-</span> 
     </span>
    </p>
   </div>
   <div class='ocr_carea' id='block_1_83' title="bbox 1889 3520 3532 3596">
    <p class='ocr_par' dir='ltr' id='par_1_83' title="bbox 1889 3520 3532 3596">
     <span class='ocr_line' id='line_1_83' title="bbox 1889 3520 3532 3596; baseline -0.003 -16"><span class='ocrx_word' id='word_1_594' title='bbox 1889 3526 2131 3592; x_wconf 89' lang='lat' dir='ltr'>tionem,</span> <span class='ocrx_word' id='word_1_595' title='bbox 2164 3542 2198 3579; x_wconf 91' lang='lat' dir='ltr'>a</span> <span class='ocrx_word' id='word_1_596' title='bbox 2228 3541 2343 3596; x_wconf 86' lang='lat' dir='ltr'>quo</span> <span class='ocrx_word' id='word_1_597' title='bbox 2384 3523 2549 3595; x_wconf 88' lang='lat' dir='ltr'>prius</span> <span class='ocrx_word' id='word_1_598' title='bbox 2578 3522 2687 3578; x_wconf 91' lang='lat' dir='ltr'>hoc</span> <span class='ocrx_word' id='word_1_599' title='bbox 2726 3520 3013 3594; x_wconf 89' lang='lat' dir='ltr'>peculiare</span> <span class='ocrx_word' id='word_1_600' title='bbox 3042 3520 3331 3592; x_wconf 82' lang='lat' dir='ltr'>flagitium</span> <span class='ocrx_word' id='word_1_601' title='bbox 3364 3536 3532 3576; x_wconf 87' lang='lat' dir='ltr'>sum-</span> 
     </span>
    </p>
   </div>
   <div class='ocr_carea' id='block_1_84' title="bbox 1891 3612 2414 3687">
    <p class='ocr_par' dir='ltr' id='par_1_84' title="bbox 1891 3612 2414 3687">
     <span class='ocr_line' id='line_1_84' title="bbox 1891 3612 2414 3687; baseline -0.015 -18"><span class='ocrx_word' id='word_1_602' title='bbox 1891 3615 2009 3687; x_wconf 92' lang='lat' dir='ltr'>psit</span> <span class='ocrx_word' id='word_1_603' title='bbox 2040 3612 2360 3667; x_wconf 83' lang='lat' dir='ltr'>exordium.</span> <span class='ocrx_word' id='word_1_604' title='bbox 2387 3633 2414 3661; x_wconf 86' lang='lat'><strong>»</strong></span> 
     </span>
    </p>
   </div>
   <div class='ocr_carea' id='block_1_85' title="bbox 1962 3698 3534 3772">
    <p class='ocr_par' dir='ltr' id='par_1_85' title="bbox 1962 3698 3534 3772">
     <span class='ocr_line' id='line_1_85' title="bbox 1962 3698 3534 3772; baseline -0.003 -14"><span class='ocrx_word' id='word_1_605' title='bbox 1962 3707 2046 3759; x_wconf 75' lang='lat' dir='ltr'>Ea:</span> <span class='ocrx_word' id='word_1_606' title='bbox 2101 3701 2330 3756; x_wconf 78' lang='lat' dir='ltr'>decretis</span> <span class='ocrx_word' id='word_1_607' title='bbox 2384 3700 2649 3772; x_wconf 68' lang='lat' dir='ltr'>ejusdem,</span> <span class='ocrx_word' id='word_1_608' title='bbox 2710 3699 2852 3755; x_wconf 80' lang='lat' dir='ltr'>unde</span> <span class='ocrx_word' id='word_1_609' title='bbox 2904 3715 3091 3770; x_wconf 79' lang='lat' dir='ltr'>supra.</span> <span class='ocrx_word' id='word_1_610' title='bbox 3135 3721 3163 3747; x_wconf 90' lang='grc'><strong>‹‹</strong></span> <span class='ocrx_word' id='word_1_611' title='bbox 3223 3698 3534 3769; x_wconf 78' lang='lat' dir='ltr'>Antiquam</span> 
     </span>
    </p>
   </div>
   <div class='ocr_carea' id='block_1_86' title="bbox 1889 3786 3539 3863">
    <p class='ocr_par' dir='ltr' id='par_1_86' title="bbox 1889 3786 3539 3863">
     <span class='ocr_line' id='line_1_86' title="bbox 1889 3786 3539 3863; baseline -0.004 -16"><span class='ocrx_word' id='word_1_612' title='bbox 1889 3793 2129 3847; x_wconf 88' lang='lat' dir='ltr'>Patrum</span> <span class='ocrx_word' id='word_1_613' title='bbox 2165 3790 2426 3863; x_wconf 87' lang='lat' dir='ltr'>regulam</span> <span class='ocrx_word' id='word_1_614' title='bbox 2451 3806 2724 3861; x_wconf 90' lang='lat' dir='ltr'>sequens,</span> <span class='ocrx_word' id='word_1_615' title='bbox 2750 3787 2892 3843; x_wconf 91' lang='lat' dir='ltr'>nihil</span> <span class='ocrx_word' id='word_1_616' title='bbox 2916 3803 3177 3860; x_wconf 86' lang='lat' dir='ltr'>unquam</span> <span class='ocrx_word' id='word_1_617' title='bbox 3209 3787 3280 3842; x_wconf 90' lang='lat' dir='ltr'>de</span> <span class='ocrx_word' id='word_1_618' title='bbox 3310 3786 3539 3842; x_wconf 89' lang='lat' dir='ltr'>ordina-</span> 
     </span>
    </p>
   </div>
   <div class='ocr_carea' id='block_1_87' title="bbox 1891 3875 3535 3951">
    <p class='ocr_par' dir='ltr' id='par_1_87' title="bbox 1891 3875 3535 3951">
     <span class='ocr_line' id='line_1_87' title="bbox 1891 3875 3535 3951; baseline -0.004 -15"><span class='ocrx_word' id='word_1_619' title='bbox 1891 3881 2149 3936; x_wconf 90' lang='lat' dir='ltr'>tionibus</span> <span class='ocrx_word' id='word_1_620' title='bbox 2180 3878 2587 3951; x_wconf 90' lang='lat' dir='ltr'>accipiendum</span> <span class='ocrx_word' id='word_1_621' title='bbox 2616 3894 2743 3933; x_wconf 89' lang='lat' dir='ltr'>esse</span> <span class='ocrx_word' id='word_1_622' title='bbox 2773 3876 3083 3943; x_wconf 91' lang='lat' dir='ltr'>constituo,</span> <span class='ocrx_word' id='word_1_623' title='bbox 3116 3891 3305 3947; x_wconf 90' lang='lat' dir='ltr'>neque</span> <span class='ocrx_word' id='word_1_624' title='bbox 3335 3891 3403 3929; x_wconf 86' lang='lat' dir='ltr'>ex</span> <span class='ocrx_word' id='word_1_625' title='bbox 3432 3875 3535 3930; x_wconf 88' lang='lat' dir='ltr'>da-</span> 
     </span>
    </p>
   </div>
   <div class='ocr_carea' id='block_1_88' title="bbox 1891 3964 3536 4039">
    <p class='ocr_par' dir='ltr' id='par_1_88' title="bbox 1891 3964 3536 4039">
     <span class='ocr_line' id='line_1_88' title="bbox 1891 3964 3536 4039; baseline -0.002 -16"><span class='ocrx_word' id='word_1_626' title='bbox 1891 3969 2047 4024; x_wconf 89' lang='lat' dir='ltr'>tione</span> <span class='ocrx_word' id='word_1_627' title='bbox 2080 3967 2262 4039; x_wconf 86' lang='lat' dir='ltr'>pallii,</span> <span class='ocrx_word' id='word_1_628' title='bbox 2296 3983 2482 4038; x_wconf 89' lang='lat' dir='ltr'>neque</span> <span class='ocrx_word' id='word_1_629' title='bbox 2531 3983 2601 4022; x_wconf 85' lang='lat' dir='ltr'>ex</span> <span class='ocrx_word' id='word_1_630' title='bbox 2629 3965 2937 4021; x_wconf 88' lang='lat' dir='ltr'>traditione</span> <span class='ocrx_word' id='word_1_631' title='bbox 2966 3964 3321 4032; x_wconf 85' lang='lat' dir='ltr'>chartarum,</span> <span class='ocrx_word' id='word_1_632' title='bbox 3348 3979 3536 4036; x_wconf 88' lang='lat' dir='ltr'>neque</span> 
     </span>
    </p>
   </div>
   <div class='ocr_carea' id='block_1_89' title="bbox 1891 4051 3540 4129">
    <p class='ocr_par' dir='ltr' id='par_1_89' title="bbox 1891 4051 3540 4129">
     <span class='ocr_line' id='line_1_89' title="bbox 1891 4051 3540 4129; baseline -0.003 -16"><span class='ocrx_word' id='word_1_633' title='bbox 1891 4074 1960 4113; x_wconf 87' lang='lat' dir='ltr'>ex</span> <span class='ocrx_word' id='word_1_634' title='bbox 1987 4074 2052 4112; x_wconf 91' lang='lat' dir='ltr'>ea</span> <span class='ocrx_word' id='word_1_635' title='bbox 2083 4072 2259 4129; x_wconf 91' lang='lat' dir='ltr'>quam</span> <span class='ocrx_word' id='word_1_636' title='bbox 2284 4072 2430 4110; x_wconf 89' lang='lat' dir='ltr'>nova</span> <span class='ocrx_word' id='word_1_637' title='bbox 2455 4072 2557 4126; x_wconf 89' lang='lat' dir='ltr'>per</span> <span class='ocrx_word' id='word_1_638' title='bbox 2586 4053 2962 4110; x_wconf 90' lang='lat' dir='ltr'>ambitionem</span> <span class='ocrx_word' id='word_1_639' title='bbox 2992 4051 3287 4108; x_wconf 90' lang='lat' dir='ltr'>simulatio</span> <span class='ocrx_word' id='word_1_640' title='bbox 3317 4051 3540 4108; x_wconf 87' lang='lat' dir='ltr'>invenit</span> 
     </span>
    </p>
   </div>
   <div class='ocr_carea' id='block_1_90' title="bbox 1892 4140 3540 4218">
    <p class='ocr_par' dir='ltr' id='par_1_90' title="bbox 1892 4140 3540 4218">
     <span class='ocr_line' id='line_1_90' title="bbox 1892 4140 3540 4218; baseline -0.004 -16"><span class='ocrx_word' id='word_1_641' title='bbox 1892 4144 2279 4218; x_wconf 90' lang='lat' dir='ltr'>appellatione</span> <span class='ocrx_word' id='word_1_642' title='bbox 2302 4142 2554 4216; x_wconf 90' lang='lat' dir='ltr'>pastelli.</span> <span class='ocrx_word' id='word_1_643' title='bbox 2582 4143 2727 4207; x_wconf 87' lang='lat' dir='ltr'>Quia</span> <span class='ocrx_word' id='word_1_644' title='bbox 2747 4143 2903 4199; x_wconf 90' lang='lat' dir='ltr'>enim</span> <span class='ocrx_word' id='word_1_645' title='bbox 2925 4141 3248 4197; x_wconf 88' lang='lat' dir='ltr'>ordinando</span> <span class='ocrx_word' id='word_1_646' title='bbox 3269 4140 3540 4214; x_wconf 90' lang='lat' dir='ltr'>episcopo</span> 
     </span>
    </p>
   </div>
   <div class='ocr_carea' id='block_1_91' title="bbox 1895 4230 3543 4308">
    <p class='ocr_par' dir='ltr' id='par_1_91' title="bbox 1895 4230 3543 4308">
     <span class='ocr_line' id='line_1_91' title="bbox 1895 4230 3543 4308; baseline -0.002 -18"><span class='ocrx_word' id='word_1_647' title='bbox 1895 4235 2153 4308; x_wconf 86' lang='lat' dir='ltr'>pontifex</span> <span class='ocrx_word' id='word_1_648' title='bbox 2182 4250 2423 4289; x_wconf 90' lang='lat' dir='ltr'>manum</span> <span class='ocrx_word' id='word_1_649' title='bbox 2456 4232 2726 4305; x_wconf 88' lang='lat' dir='ltr'>imponit,</span> <span class='ocrx_word' id='word_1_650' title='bbox 2759 4231 3151 4304; x_wconf 75' lang='lat' dir='ltr'>evangelicani</span> <span class='ocrx_word' id='word_1_651' title='bbox 3182 4247 3315 4287; x_wconf 89' lang='lat' dir='ltr'>vero</span> <span class='ocrx_word' id='word_1_652' title='bbox 3344 4230 3543 4287; x_wconf 89' lang='lat' dir='ltr'>lectio-</span> 
     </span>
    </p>
   </div>
   <div class='ocr_carea' id='block_1_92' title="bbox 1896 4319 3542 4393">
    <p class='ocr_par' dir='ltr' id='par_1_92' title="bbox 1896 4319 3542 4393">
     <span class='ocr_line' id='line_1_92' title="bbox 1896 4319 3542 4393; baseline -0.002 -14"><span class='ocrx_word' id='word_1_653' title='bbox 1896 4340 2029 4379; x_wconf 89' lang='lat' dir='ltr'>nem</span> <span class='ocrx_word' id='word_1_654' title='bbox 2052 4322 2320 4377; x_wconf 89' lang='lat' dir='ltr'>minister</span> <span class='ocrx_word' id='word_1_655' title='bbox 2340 4320 2502 4393; x_wconf 90' lang='lat' dir='ltr'>legit,</span> <span class='ocrx_word' id='word_1_656' title='bbox 2525 4321 2990 4377; x_wconf 86' lang='lat' dir='ltr'>conﬁrmationis</span> <span class='ocrx_word' id='word_1_657' title='bbox 3010 4324 3201 4375; x_wconf 92' lang='lat' dir='ltr'>autem</span> <span class='ocrx_word' id='word_1_658' title='bbox 3233 4320 3362 4391; x_wconf 88' lang='lat' dir='ltr'>ejus</span> <span class='ocrx_word' id='word_1_659' title='bbox 3386 4319 3542 4391; x_wconf 86' lang='lat' dir='ltr'>epis-</span> 
     </span>
    </p>
   </div>
   <div class='ocr_carea' id='block_1_93' title="bbox 1894 4408 3543 4482">
    <p class='ocr_par' dir='ltr' id='par_1_93' title="bbox 1894 4408 3543 4482">
     <span class='ocr_line' id='line_1_93' title="bbox 1894 4408 3543 4482; baseline -0.002 -15"><span class='ocrx_word' id='word_1_660' title='bbox 1894 4412 2074 4467; x_wconf 87' lang='lat' dir='ltr'>tolam</span> <span class='ocrx_word' id='word_1_661' title='bbox 2105 4411 2370 4467; x_wconf 88' lang='lat' dir='ltr'>notarius</span> <span class='ocrx_word' id='word_1_662' title='bbox 2404 4410 2626 4478; x_wconf 87' lang='lat' dir='ltr'>scribit,</span> <span class='ocrx_word' id='word_1_663' title='bbox 2661 4409 2813 4465; x_wconf 89' lang='lat' dir='ltr'>sicut</span> <span class='ocrx_word' id='word_1_664' title='bbox 2849 4408 3182 4482; x_wconf 87' lang='lat' dir='ltr'>pontiﬁcem</span> <span class='ocrx_word' id='word_1_665' title='bbox 3223 4424 3338 4464; x_wconf 91' lang='lat' dir='ltr'>non</span> <span class='ocrx_word' id='word_1_666' title='bbox 3378 4408 3543 4465; x_wconf 86' lang='lat' dir='ltr'>decet</span> 
     </span>
    </p>
   </div>
   <div class='ocr_carea' id='block_1_94' title="bbox 1896 4495 3541 4574">
    <p class='ocr_par' dir='ltr' id='par_1_94' title="bbox 1896 4495 3541 4574">
     <span class='ocr_line' id='line_1_94' title="bbox 1896 4495 3541 4574; baseline -0.003 -16"><span class='ocrx_word' id='word_1_667' title='bbox 1896 4518 2138 4558; x_wconf 90' lang='lat' dir='ltr'>manum</span> <span class='ocrx_word' id='word_1_668' title='bbox 2158 4517 2333 4574; x_wconf 90' lang='lat' dir='ltr'>quam</span> <span class='ocrx_word' id='word_1_669' title='bbox 2352 4499 2429 4555; x_wconf 90' lang='lat' dir='ltr'>im</span> <span class='ocrx_word' id='word_1_670' title='bbox 2438 4500 2881 4570; x_wconf 87' lang='lat' dir='ltr'>ponitvendere,</span> <span class='ocrx_word' id='word_1_671' title='bbox 2898 4498 2981 4553; x_wconf 91' lang='lat' dir='ltr'>ita</span> <span class='ocrx_word' id='word_1_672' title='bbox 2997 4497 3262 4553; x_wconf 89' lang='lat' dir='ltr'>minister</span> <span class='ocrx_word' id='word_1_673' title='bbox 3275 4495 3364 4552; x_wconf 90' lang='lat' dir='ltr'>vel</span> <span class='ocrx_word' id='word_1_674' title='bbox 3382 4500 3541 4553; x_wconf 90' lang='lat' dir='ltr'>nota-</span> 
     </span>
    </p>
   </div>
   <div class='ocr_carea' id='block_1_95' title="bbox 129 4581 3539 4670">
    <p class='ocr_par' dir='ltr' id='par_1_95' title="bbox 129 4581 3539 4670">
     <span class='ocr_line' id='line_1_95' title="bbox 129 4581 3539 4670; baseline -0.002 -23"><span class='ocrx_word' id='word_1_675' title='bbox 129 4586 327 4665; x_wconf 69' lang='lat' dir='ltr'>dinem</span> <span class='ocrx_word' id='word_1_676' title='bbox 356 4587 465 4642; x_wconf 84' lang='lat' dir='ltr'>sub</span> <span class='ocrx_word' id='word_1_677' title='bbox 499 4586 730 4641; x_wconf 74' lang='lat' dir='ltr'>(latione</span> <span class='ocrx_word' id='word_1_678' title='bbox 762 4584 1067 4639; x_wconf 69' lang='lat' dir='ltr'>constitUit</span> <span class='ocrx_word' id='word_1_679' title='bbox 1097 4582 1411 4647; x_wconf 73' lang='grc' dir='ltr'>οοῐῐπηοάί,</span> <span class='ocrx_word' id='word_1_680' title='bbox 1437 4581 1605 4653; x_wconf 68' lang='lat' dir='ltr'>Plura</span> <span class='ocrx_word' id='word_1_681' title='bbox 1636 4581 1787 4637; x_wconf 72' lang='lat' dir='ltr'>male</span> <span class='ocrx_word' id='word_1_682' title='bbox 1815 4606 1862 4670; x_wconf 72' lang='grc' dir='ltr'>ι)</span> <span class='ocrx_word' id='word_1_683' title='bbox 1895 4590 2020 4646; x_wconf 91' lang='lat' dir='ltr'>rius</span> <span class='ocrx_word' id='word_1_684' title='bbox 2039 4606 2153 4645; x_wconf 91' lang='lat' dir='ltr'>non</span> <span class='ocrx_word' id='word_1_685' title='bbox 2168 4587 2415 4644; x_wconf 89' lang='lat' dir='ltr'>debetin</span> <span class='ocrx_word' id='word_1_686' title='bbox 2429 4586 3134 4657; x_wconf 87' lang='lat' dir='ltr'>ordinationeejusvocem</span> <span class='ocrx_word' id='word_1_687' title='bbox 3148 4584 3233 4640; x_wconf 91' lang='lat' dir='ltr'>vel</span> <span class='ocrx_word' id='word_1_688' title='bbox 3247 4584 3539 4640; x_wconf 89' lang='lat' dir='ltr'>calamum</span> 
     </span>
    </p>
   </div>
   <div class='ocr_carea' id='block_1_96' title="bbox 129 4671 3542 4747">
    <p class='ocr_par' dir='ltr' id='par_1_96' title="bbox 129 4671 3542 4747">
     <span class='ocr_line' id='line_1_96' title="bbox 129 4671 3542 4747; baseline -0.002 -17"><span class='ocrx_word' id='word_1_689' title='bbox 129 4675 454 4732; x_wconf 90' lang='lat' dir='ltr'>ordinando</span> <span class='ocrx_word' id='word_1_690' title='bbox 479 4674 725 4731; x_wconf 89' lang='lat' dir='ltr'>destruit</span> <span class='ocrx_word' id='word_1_691' title='bbox 748 4690 925 4746; x_wconf 89' lang='lat' dir='ltr'>quam</span> <span class='ocrx_word' id='word_1_692' title='bbox 950 4672 1043 4727; x_wconf 92' lang='lat' dir='ltr'>ille</span> <span class='ocrx_word' id='word_1_693' title='bbox 1075 4676 1263 4744; x_wconf 89' lang='lat' dir='ltr'>potest</span> <span class='ocrx_word' id='word_1_694' title='bbox 1285 4671 1571 4726; x_wconf 58' lang='lat' dir='ltr'>aediﬁcare</span> <span class='ocrx_word' id='word_1_695' title='bbox 1591 4671 1691 4741; x_wconf 89' lang='lat' dir='ltr'>qui</span> <span class='ocrx_word' id='word_1_696' title='bbox 1714 4671 1785 4725; x_wconf 89' lang='lat' dir='ltr'>ab</span> <span class='ocrx_word' id='word_1_697' title='bbox 1892 4677 2248 4733; x_wconf 72' lang='lat' dir='ltr'>venundare.</span> <span class='ocrx_word' id='word_1_698' title='bbox 2268 4680 2376 4731; x_wconf 70' lang='lat' dir='ltr'>Pro</span> <span class='ocrx_word' id='word_1_699' title='bbox 2409 4674 2771 4730; x_wconf 79' lang='lat' dir='ltr'>ordinatione</span> <span class='ocrx_word' id='word_1_700' title='bbox 2800 4690 2935 4747; x_wconf 77' lang='lat' dir='ltr'>ergo</span> <span class='ocrx_word' id='word_1_701' title='bbox 2964 4672 3053 4729; x_wconf 82' lang='lat' dir='ltr'>vel</span> <span class='ocrx_word' id='word_1_702' title='bbox 3084 4690 3196 4728; x_wconf 86' lang='lat' dir='ltr'>usu</span> <span class='ocrx_word' id='word_1_703' title='bbox 3228 4672 3410 4744; x_wconf 85' lang='lat' dir='ltr'>pallii,</span> <span class='ocrx_word' id='word_1_704' title='bbox 3435 4688 3542 4729; x_wconf 84' lang='lat' dir='ltr'>seu</span> 
     </span>
    </p>
   </div>
   <div class='ocr_carea' id='block_1_97' title="bbox 129 4759 1786 4836">
    <p class='ocr_par' dir='ltr' id='par_1_97' title="bbox 129 4759 1786 4836">
     <span class='ocr_line' id='line_1_97' title="bbox 129 4759 1786 4836; baseline -0.001 -19"><span class='ocrx_word' id='word_1_705' title='bbox 129 4779 194 4819; x_wconf 91' lang='lat' dir='ltr'>eo</span> <span class='ocrx_word' id='word_1_706' title='bbox 227 4764 534 4836; x_wconf 86' lang='lat' dir='ltr'>pecuniam</span> <span class='ocrx_word' id='word_1_707' title='bbox 567 4780 670 4836; x_wconf 91' lang='lat' dir='ltr'>pro</span> <span class='ocrx_word' id='word_1_708' title='bbox 701 4761 1065 4818; x_wconf 87' lang='lat' dir='ltr'>ordinatione</span> <span class='ocrx_word' id='word_1_709' title='bbox 1096 4759 1336 4831; x_wconf 89' lang='lat' dir='ltr'>accepit.</span> <span class='ocrx_word' id='word_1_710' title='bbox 1370 4759 1453 4815; x_wconf 89' lang='lat' dir='ltr'>Ne</span> <span class='ocrx_word' id='word_1_711' title='bbox 1493 4776 1629 4833; x_wconf 89' lang='lat' dir='ltr'>ergo</span> <span class='ocrx_word' id='word_1_712' title='bbox 1677 4760 1786 4816; x_wconf 91' lang='lat' dir='ltr'>sub</span> 
     </span>
    </p>
   </div>
   <div class='ocr_carea' id='block_1_98' title="bbox 128 4848 1787 4924">
    <p class='ocr_par' dir='ltr' id='par_1_98' title="bbox 128 4848 1787 4924">
     <span class='ocr_line' id='line_1_98' title="bbox 128 4848 1787 4924; baseline -0.002 -17"><span class='ocrx_word' id='word_1_713' title='bbox 128 4852 368 4908; x_wconf 90' lang='lat' dir='ltr'>obtentu</span> <span class='ocrx_word' id='word_1_714' title='bbox 394 4852 770 4924; x_wconf 80' lang='lat' dir='ltr'>eleemosynae</span> <span class='ocrx_word' id='word_1_715' title='bbox 790 4867 922 4907; x_wconf 89' lang='lat' dir='ltr'>cum</span> <span class='ocrx_word' id='word_1_716' title='bbox 947 4853 1179 4921; x_wconf 85' lang='lat' dir='ltr'>peccato</span> <span class='ocrx_word' id='word_1_717' title='bbox 1202 4848 1424 4919; x_wconf 90' lang='lat' dir='ltr'>aliquid</span> <span class='ocrx_word' id='word_1_718' title='bbox 1446 4848 1787 4904; x_wconf 90' lang='lat' dir='ltr'>studeamus</span> 
     </span>
    </p>
   </div>
   <div class='ocr_carea' id='block_1_99' title="bbox 130 4936 1787 5014">
    <p class='ocr_par' dir='ltr' id='par_1_99' title="bbox 130 4936 1787 5014">
     <span class='ocr_line' id='line_1_99' title="bbox 130 4936 1787 5014; baseline -0.002 -18"><span class='ocrx_word' id='word_1_719' title='bbox 130 4940 412 5014; x_wconf 88' lang='lat' dir='ltr'>accipere,</span> <span class='ocrx_word' id='word_1_720' title='bbox 445 4946 646 5014; x_wconf 86' lang='lat' dir='ltr'>aperta</span> <span class='ocrx_word' id='word_1_721' title='bbox 686 4956 853 4996; x_wconf 90' lang='lat' dir='ltr'>sacra</span> <span class='ocrx_word' id='word_1_722' title='bbox 891 4939 1192 5011; x_wconf 89' lang='lat' dir='ltr'>Scriptura</span> <span class='ocrx_word' id='word_1_723' title='bbox 1230 4954 1336 4992; x_wconf 91' lang='lat' dir='ltr'>nos</span> <span class='ocrx_word' id='word_1_724' title='bbox 1378 4936 1665 5010; x_wconf 91' lang='lat' dir='ltr'>prohibet,</span> <span class='ocrx_word' id='word_1_725' title='bbox 1699 4938 1787 4992; x_wconf 80' lang='lat' dir='ltr'>di-</span> 
     </span>
    </p>
   </div>
   <div class='ocr_carea' id='block_1_100' title="bbox 130 5025 1785 5101">
    <p class='ocr_par' dir='ltr' id='par_1_100' title="bbox 130 5025 1785 5101">
     <span class='ocr_line' id='line_1_100' title="bbox 130 5025 1785 5101; baseline -0.002 -17"><span class='ocrx_word' id='word_1_726' title='bbox 130 5044 269 5086; x_wconf 91' lang='lat' dir='ltr'>cens</span> <span class='ocrx_word' id='word_1_727' title='bbox 301 5048 312 5085; x_wconf 96' lang='lat'>:</span> <span class='ocrx_word' id='word_1_728' title='bbox 342 5054 368 5080; x_wconf 90' lang='grc'><em>‹‹</em></span> <span class='ocrx_word' id='word_1_729' title='bbox 398 5031 608 5086; x_wconf 65' lang='lat' dir='ltr'>Hostiae</span> <span class='ocrx_word' id='word_1_730' title='bbox 659 5029 976 5101; x_wconf 90' lang='lat' dir='ltr'>impiorum</span> <span class='ocrx_word' id='word_1_731' title='bbox 1036 5025 1463 5082; x_wconf 88' lang='lat' dir='ltr'>abominabiles</span> <span class='ocrx_word' id='word_1_732' title='bbox 1516 5026 1785 5093; x_wconf 90' lang='lat' dir='ltr'>Domino,</span> 
     </span>
    </p>
   </div>
   <div class='ocr_carea' id='block_1_101' title="bbox 131 5115 1785 5189">
    <p class='ocr_par' dir='ltr' id='par_1_101' title="bbox 131 5115 1785 5189">
     <span class='ocr_line' id='line_1_101' title="bbox 131 5115 1785 5189; baseline -0.001 -16"><span class='ocrx_word' id='word_1_733' title='bbox 131 5133 260 5189; x_wconf 72' lang='lat' dir='ltr'>qua:</span> <span class='ocrx_word' id='word_1_734' title='bbox 283 5119 611 5176; x_wconf 76' lang='lat' dir='ltr'>offeruntur</span> <span class='ocrx_word' id='word_1_735' title='bbox 633 5135 701 5173; x_wconf 87' lang='lat' dir='ltr'>ex</span> <span class='ocrx_word' id='word_1_736' title='bbox 726 5117 941 5173; x_wconf 89' lang='lat' dir='ltr'>scelere</span> <span class='ocrx_word' id='word_1_737' title='bbox 964 5118 1147 5187; x_wconf 84' lang='lat' dir='ltr'>(Prov.</span> <span class='ocrx_word' id='word_1_738' title='bbox 1167 5133 1283 5180; x_wconf 72' lang='lat' dir='ltr'>xxx,</span> <span class='ocrx_word' id='word_1_739' title='bbox 1308 5116 1418 5186; x_wconf 84' lang='lat'>27).</span> <span class='ocrx_word' id='word_1_740' title='bbox 1447 5136 1473 5163; x_wconf 85' lang='lat'><strong>»</strong></span> <span class='ocrx_word' id='word_1_741' title='bbox 1497 5115 1785 5187; x_wconf 88' lang='lat' dir='ltr'>Quidquid</span> 
     </span>
    </p>
   </div>
   <div class='ocr_carea' id='block_1_102' title="bbox 132 5204 1788 5271">
    <p class='ocr_par' dir='ltr' id='par_1_102' title="bbox 132 5204 1788 5271">
     <span class='ocr_line' id='line_1_102' title="bbox 132 5204 1788 5271; baseline -0.001 -11"><span class='ocrx_word' id='word_1_742' title='bbox 132 5206 288 5263; x_wconf 90' lang='lat' dir='ltr'>enim</span> <span class='ocrx_word' id='word_1_743' title='bbox 332 5206 391 5263; x_wconf 90' lang='lat' dir='ltr'>in</span> <span class='ocrx_word' id='word_1_744' title='bbox 445 5207 545 5263; x_wconf 89' lang='lat' dir='ltr'>Dei</span> <span class='ocrx_word' id='word_1_745' title='bbox 601 5206 886 5262; x_wconf 84' lang='lat' dir='ltr'>sacriﬁcio</span> <span class='ocrx_word' id='word_1_746' title='bbox 919 5222 988 5262; x_wconf 80' lang='lat' dir='ltr'>ex</span> <span class='ocrx_word' id='word_1_747' title='bbox 1028 5204 1243 5261; x_wconf 89' lang='lat' dir='ltr'>scelere</span> <span class='ocrx_word' id='word_1_748' title='bbox 1293 5205 1551 5271; x_wconf 77' lang='lat' dir='ltr'>offertur,</span> <span class='ocrx_word' id='word_1_749' title='bbox 1584 5204 1788 5260; x_wconf 91' lang='lat' dir='ltr'>Omni-</span> 
     </span>
    </p>
   </div>
   <div class='ocr_carea' id='block_1_103' title="bbox 133 5292 1790 5365">
    <p class='ocr_par' dir='ltr' id='par_1_103' title="bbox 133 5292 1790 5365">
     <span class='ocr_line' id='line_1_103' title="bbox 133 5292 1790 5365; baseline -0.001 -16"><span class='ocrx_word' id='word_1_750' title='bbox 133 5296 389 5364; x_wconf 89' lang='lat' dir='ltr'>potentis</span> <span class='ocrx_word' id='word_1_751' title='bbox 422 5295 787 5351; x_wconf 88' lang='lat' dir='ltr'>iracundiam</span> <span class='ocrx_word' id='word_1_752' title='bbox 837 5312 953 5350; x_wconf 92' lang='lat' dir='ltr'>non</span> <span class='ocrx_word' id='word_1_753' title='bbox 1004 5292 1213 5365; x_wconf 89' lang='lat' dir='ltr'>placat,</span> <span class='ocrx_word' id='word_1_754' title='bbox 1250 5292 1350 5348; x_wconf 91' lang='lat' dir='ltr'>sed</span> <span class='ocrx_word' id='word_1_755' title='bbox 1401 5292 1609 5348; x_wconf 89' lang='lat' dir='ltr'>irritat.</span> <span class='ocrx_word' id='word_1_756' title='bbox 1644 5292 1790 5349; x_wconf 88' lang='lat' dir='ltr'>Hinc</span> 
     </span>
    </p>
   </div>
   <div class='ocr_carea' id='block_1_104' title="bbox 134 5380 1789 5457">
    <p class='ocr_par' dir='ltr' id='par_1_104' title="bbox 134 5380 1789 5457">
     <span class='ocr_line' id='line_1_104' title="bbox 134 5380 1789 5457; baseline 0.001 -22"><span class='ocrx_word' id='word_1_757' title='bbox 134 5398 341 5440; x_wconf 90' lang='lat' dir='ltr'>rursus</span> <span class='ocrx_word' id='word_1_758' title='bbox 377 5386 659 5457; x_wconf 89' lang='lat' dir='ltr'>scriptum</span> <span class='ocrx_word' id='word_1_759' title='bbox 703 5388 791 5439; x_wconf 89' lang='lat' dir='ltr'>est</span> <span class='ocrx_word' id='word_1_760' title='bbox 823 5400 889 5436; x_wconf 80' lang='grc'>;‹‹</span> <span class='ocrx_word' id='word_1_761' title='bbox 924 5383 1158 5437; x_wconf 81' lang='lat' dir='ltr'>Honora</span> <span class='ocrx_word' id='word_1_762' title='bbox 1189 5380 1503 5436; x_wconf 90' lang='lat' dir='ltr'>Dominum</span> <span class='ocrx_word' id='word_1_763' title='bbox 1554 5382 1623 5437; x_wconf 90' lang='lat' dir='ltr'>de</span> <span class='ocrx_word' id='word_1_764' title='bbox 1670 5383 1789 5437; x_wconf 91' lang='lat' dir='ltr'>tuis</span> 
     </span>
    </p>
   </div>
   <div class='ocr_carea' id='block_1_105' title="bbox 128 5468 1788 5545">
    <p class='ocr_par' dir='ltr' id='par_1_105' title="bbox 128 5468 1788 5545">
     <span class='ocr_line' id='line_1_105' title="bbox 128 5468 1788 5545; baseline -0.001 -19"><span class='ocrx_word' id='word_1_765' title='bbox 128 5469 311 5539; x_wconf 88' lang='lat' dir='ltr'>justis</span> <span class='ocrx_word' id='word_1_766' title='bbox 341 5471 644 5530; x_wconf 89' lang='lat' dir='ltr'>laboribus</span> <span class='ocrx_word' id='word_1_767' title='bbox 670 5473 852 5545; x_wconf 89' lang='lat' dir='ltr'>(Prov.</span> <span class='ocrx_word' id='word_1_768' title='bbox 887 5489 971 5539; x_wconf 79' lang='lat' dir='ltr'><strong>III,</strong></span> <span class='ocrx_word' id='word_1_769' title='bbox 1002 5470 1078 5541; x_wconf 88' lang='lat'>9).</span> <span class='ocrx_word' id='word_1_770' title='bbox 1106 5492 1132 5519; x_wconf 87' lang='lat'><strong>»</strong></span> <span class='ocrx_word' id='word_1_771' title='bbox 1156 5470 1263 5535; x_wconf 91' lang='lat' dir='ltr'>Qui</span> <span class='ocrx_word' id='word_1_772' title='bbox 1286 5486 1420 5541; x_wconf 88' lang='lat' dir='ltr'>ergo</span> <span class='ocrx_word' id='word_1_773' title='bbox 1443 5468 1595 5525; x_wconf 89' lang='lat' dir='ltr'>male</span> <span class='ocrx_word' id='word_1_774' title='bbox 1616 5470 1788 5538; x_wconf 89' lang='lat' dir='ltr'>tollit,</span> 
     </span>
    </p>
   </div>
   <div class='ocr_carea' id='block_1_106' title="bbox 136 5558 1788 5634">
    <p class='ocr_par' dir='ltr' id='par_1_106' title="bbox 136 5558 1788 5634">
     <span class='ocr_line' id='line_1_106' title="bbox 136 5558 1788 5634; baseline 0.002 -21"><span class='ocrx_word' id='word_1_775' title='bbox 136 5563 201 5613; x_wconf 87' lang='lat' dir='ltr'>ut</span> <span class='ocrx_word' id='word_1_776' title='bbox 230 5561 403 5633; x_wconf 89' lang='lat' dir='ltr'>quasi</span> <span class='ocrx_word' id='word_1_777' title='bbox 426 5562 573 5618; x_wconf 92' lang='lat' dir='ltr'>bene</span> <span class='ocrx_word' id='word_1_778' title='bbox 594 5562 866 5634; x_wconf 66' lang='lat' dir='ltr'>praebeat,</span> <span class='ocrx_word' id='word_1_779' title='bbox 900 5563 1128 5616; x_wconf 90' lang='lat' dir='ltr'>constat</span> <span class='ocrx_word' id='word_1_780' title='bbox 1158 5558 1283 5614; x_wconf 84' lang='lat' dir='ltr'>sine</span> <span class='ocrx_word' id='word_1_781' title='bbox 1315 5558 1498 5614; x_wconf 91' lang='lat' dir='ltr'>dubio</span> <span class='ocrx_word' id='word_1_782' title='bbox 1520 5560 1659 5630; x_wconf 92' lang='lat' dir='ltr'>quia</span> <span class='ocrx_word' id='word_1_783' title='bbox 1680 5559 1788 5616; x_wconf 89' lang='lat' dir='ltr'>Do-</span> 
     </span>
    </p>
   </div>
   <div class='ocr_carea' id='block_1_107' title="bbox 137 5645 1791 5731">
    <p class='ocr_par' dir='ltr' id='par_1_107' title="bbox 137 5645 1791 5731">
     <span class='ocr_line' id='line_1_107' title="bbox 137 5645 1791 5731; baseline -0.001 -23"><span class='ocrx_word' id='word_1_784' title='bbox 137 5645 369 5731; x_wconf 79' lang='lat' dir='ltr'>minum</span> <span class='ocrx_word' id='word_1_785' title='bbox 403 5667 518 5707; x_wconf 90' lang='lat' dir='ltr'>non</span> <span class='ocrx_word' id='word_1_786' title='bbox 550 5649 814 5705; x_wconf 87' lang='lat' dir='ltr'>honorat.</span> <span class='ocrx_word' id='word_1_787' title='bbox 840 5648 986 5704; x_wconf 87' lang='lat' dir='ltr'>Hinc</span> <span class='ocrx_word' id='word_1_788' title='bbox 1018 5663 1254 5721; x_wconf 87' lang='lat' dir='ltr'>quoque</span> <span class='ocrx_word' id='word_1_789' title='bbox 1284 5664 1387 5722; x_wconf 88' lang='lat' dir='ltr'>per</span> <span class='ocrx_word' id='word_1_790' title='bbox 1416 5646 1791 5707; x_wconf 86' lang='lat' dir='ltr'>Salomonem</span> 
     </span>
    </p>
   </div>
   <div class='ocr_carea' id='block_1_108' title="bbox 462 5773 1042 5845">
    <p class='ocr_par' dir='ltr' id='par_1_108' title="bbox 462 5773 1042 5845">
     <span class='ocr_line' id='line_1_108' title="bbox 462 5773 1042 5845; baseline -0.009 0"><span class='ocrx_word' id='word_1_791' title='bbox 462 5777 734 5845; x_wconf 61' lang='lat' dir='ltr'>Panos.</span> <span class='ocrx_word' id='word_1_792' title='bbox 780 5773 1042 5842; x_wconf 83' lang='lat' dir='ltr'>CXLIII.</span> 
     </span>
    </p>
   </div>
   <div class='ocr_carea' id='block_1_109' title="bbox 1897 4760 3547 4836">
    <p class='ocr_par' dir='ltr' id='par_1_109' title="bbox 1897 4760 3547 4836">
     <span class='ocr_line' id='line_1_109' title="bbox 1897 4760 3547 4836; baseline -0.002 -15"><span class='ocrx_word' id='word_1_793' title='bbox 1897 4766 2116 4822; x_wconf 89' lang='lat' dir='ltr'>chartis</span> <span class='ocrx_word' id='word_1_794' title='bbox 2147 4769 2321 4836; x_wconf 89' lang='lat' dir='ltr'>atque</span> <span class='ocrx_word' id='word_1_795' title='bbox 2353 4762 2632 4835; x_wconf 89' lang='lat' dir='ltr'>pastellis,</span> <span class='ocrx_word' id='word_1_796' title='bbox 2652 4762 2921 4818; x_wconf 91' lang='lat' dir='ltr'>eumdem</span> <span class='ocrx_word' id='word_1_797' title='bbox 2945 4762 3045 4834; x_wconf 91' lang='lat' dir='ltr'>qui</span> <span class='ocrx_word' id='word_1_798' title='bbox 3071 4760 3433 4817; x_wconf 89' lang='lat' dir='ltr'>ordinandus</span> <span class='ocrx_word' id='word_1_799' title='bbox 3455 4765 3547 4817; x_wconf 88' lang='lat' dir='ltr'>est</span> 
     </span>
    </p>
   </div>
   <div class='ocr_carea' id='block_1_110' title="bbox 1896 4850 3548 4924">
    <p class='ocr_par' dir='ltr' id='par_1_110' title="bbox 1896 4850 3548 4924">
     <span class='ocr_line' id='line_1_110' title="bbox 1896 4850 3548 4924; baseline -0.002 -14"><span class='ocrx_word' id='word_1_800' title='bbox 1896 4854 2135 4911; x_wconf 83' lang='lat' dir='ltr'>omnino</span> <span class='ocrx_word' id='word_1_801' title='bbox 2167 4853 2388 4924; x_wconf 90' lang='lat' dir='ltr'>aliquid</span> <span class='ocrx_word' id='word_1_802' title='bbox 2420 4852 2558 4910; x_wconf 90' lang='lat' dir='ltr'>dare</span> <span class='ocrx_word' id='word_1_803' title='bbox 2587 4852 2884 4924; x_wconf 88' lang='lat' dir='ltr'>prohibeo.</span> <span class='ocrx_word' id='word_1_804' title='bbox 2910 4852 2989 4906; x_wconf 83' lang='lat' dir='ltr'>Ex</span> <span class='ocrx_word' id='word_1_805' title='bbox 3008 4850 3221 4922; x_wconf 89' lang='lat' dir='ltr'>quibus</span> <span class='ocrx_word' id='word_1_806' title='bbox 3254 4850 3548 4922; x_wconf 67' lang='lat' dir='ltr'>praedictis</span> 
     </span>
    </p>
   </div>
   <div class='ocr_carea' id='block_1_111' title="bbox 1897 4938 3550 5012">
    <p class='ocr_par' dir='ltr' id='par_1_111' title="bbox 1897 4938 3550 5012">
     <span class='ocr_line' id='line_1_111' title="bbox 1897 4938 3550 5012; baseline -0.002 -13"><span class='ocrx_word' id='word_1_807' title='bbox 1897 4943 2073 4999; x_wconf 91' lang='lat' dir='ltr'>rebus</span> <span class='ocrx_word' id='word_1_808' title='bbox 2105 4941 2153 4995; x_wconf 90' lang='lat' dir='ltr'>si</span> <span class='ocrx_word' id='word_1_809' title='bbox 2186 4940 2318 5012; x_wconf 90' lang='lat' dir='ltr'>quis</span> <span class='ocrx_word' id='word_1_810' title='bbox 2364 4939 2502 4996; x_wconf 89' lang='lat' dir='ltr'>huic</span> <span class='ocrx_word' id='word_1_811' title='bbox 2548 4939 2769 5012; x_wconf 87' lang='lat' dir='ltr'>aliquid</span> <span class='ocrx_word' id='word_1_812' title='bbox 2818 4939 3109 4995; x_wconf 90' lang='lat' dir='ltr'>commodi</span> <span class='ocrx_word' id='word_1_813' title='bbox 3158 4938 3550 5012; x_wconf 88' lang='lat' dir='ltr'>appellatione</span> 
     </span>
    </p>
   </div>
   <div class='ocr_carea' id='block_1_112' title="bbox 1899 5027 3553 5103">
    <p class='ocr_par' dir='ltr' id='par_1_112' title="bbox 1899 5027 3553 5103">
     <span class='ocr_line' id='line_1_112' title="bbox 1899 5027 3553 5103; baseline -0.002 -17"><span class='ocrx_word' id='word_1_814' title='bbox 1899 5031 2126 5103; x_wconf 80' lang='lat' dir='ltr'>exigere</span> <span class='ocrx_word' id='word_1_815' title='bbox 2155 5028 2243 5082; x_wconf 78' lang='lat' dir='ltr'>vel</span> <span class='ocrx_word' id='word_1_816' title='bbox 2277 5032 2470 5100; x_wconf 89' lang='lat' dir='ltr'>petere</span> <span class='ocrx_word' id='word_1_817' title='bbox 2512 5028 2659 5084; x_wconf 90' lang='lat' dir='ltr'>forte</span> <span class='ocrx_word' id='word_1_818' title='bbox 2702 5028 3162 5101; x_wconf 68' lang='lat' dir='ltr'>praesumpserit,</span> <span class='ocrx_word' id='word_1_819' title='bbox 3194 5028 3255 5083; x_wconf 91' lang='lat' dir='ltr'>in</span> <span class='ocrx_word' id='word_1_820' title='bbox 3288 5027 3553 5084; x_wconf 89' lang='lat' dir='ltr'>districto</span> 
     </span>
    </p>
   </div>
   <div class='ocr_carea' id='block_1_113' title="bbox 1900 5116 3411 5189">
    <p class='ocr_par' dir='ltr' id='par_1_113' title="bbox 1900 5116 3411 5189">
     <span class='ocr_line' id='line_1_113' title="bbox 1900 5116 3411 5189; baseline -0.001 -16"><span class='ocrx_word' id='word_1_821' title='bbox 1900 5119 1998 5173; x_wconf 90' lang='lat' dir='ltr'>Dei</span> <span class='ocrx_word' id='word_1_822' title='bbox 2032 5117 2450 5188; x_wconf 87' lang='lat' dir='ltr'>omnipotentis</span> <span class='ocrx_word' id='word_1_823' title='bbox 2480 5116 2747 5172; x_wconf 81' lang='lat' dir='ltr'>examine</span> <span class='ocrx_word' id='word_1_824' title='bbox 2788 5117 2975 5173; x_wconf 88' lang='lat' dir='ltr'>reatui</span> <span class='ocrx_word' id='word_1_825' title='bbox 3007 5116 3355 5189; x_wconf 87' lang='lat' dir='ltr'>subjacebit.</span> <span class='ocrx_word' id='word_1_826' title='bbox 3382 5138 3411 5165; x_wconf 70' lang='grc' dir='ltr'><strong>η</strong></span> 
     </span>
    </p>
   </div>
   <div class='ocr_carea' id='block_1_114' title="bbox 1972 5204 3554 5278">
    <p class='ocr_par' dir='ltr' id='par_1_114' title="bbox 1972 5204 3554 5278">
     <span class='ocr_line' id='line_1_114' title="bbox 1972 5204 3554 5278; baseline -0.003 -15"><span class='ocrx_word' id='word_1_827' title='bbox 1972 5209 2125 5274; x_wconf 86' lang='lat' dir='ltr'>Item,</span> <span class='ocrx_word' id='word_1_828' title='bbox 2152 5206 2325 5261; x_wconf 88' lang='lat' dir='ltr'>eidem</span> <span class='ocrx_word' id='word_1_829' title='bbox 2371 5207 2597 5275; x_wconf 81' lang='lat' dir='ltr'>Virgilio</span> <span class='ocrx_word' id='word_1_830' title='bbox 2653 5208 2894 5278; x_wconf 73' lang='lat' dir='ltr'>episcopo</span> <span class='ocrx_word' id='word_1_831' title='bbox 2943 5207 3267 5263; x_wconf 76' lang='lat' dir='ltr'>Arelatensi.</span> <span class='ocrx_word' id='word_1_832' title='bbox 3309 5204 3554 5269; x_wconf 88' lang='lat' dir='ltr'>Quibus-</span> 
     </span>
    </p>
   </div>
   <div class='ocr_carea' id='block_1_115' title="bbox 1900 5292 3542 5367">
    <p class='ocr_par' dir='ltr' id='par_1_115' title="bbox 1900 5292 3542 5367">
     <span class='ocr_line' id='line_1_115' title="bbox 1900 5292 3542 5367; baseline -0.003 -16"><span class='ocrx_word' id='word_1_833' title='bbox 1900 5296 2038 5351; x_wconf 90' lang='lat' dir='ltr'>dam</span> <span class='ocrx_word' id='word_1_834' title='bbox 2086 5294 2525 5350; x_wconf 87' lang='lat' dir='ltr'>narrationibus</span> <span class='ocrx_word' id='word_1_835' title='bbox 2555 5295 2761 5367; x_wconf 88' lang='lat' dir='ltr'>agnovi</span> <span class='ocrx_word' id='word_1_836' title='bbox 2795 5297 2972 5367; x_wconf 90' lang='lat' dir='ltr'>quod,</span> <span class='ocrx_word' id='word_1_837' title='bbox 3006 5296 3065 5350; x_wconf 93' lang='lat' dir='ltr'>in</span> <span class='ocrx_word' id='word_1_838' title='bbox 3114 5294 3426 5350; x_wconf 89' lang='lat' dir='ltr'>Galliarum</span> <span class='ocrx_word' id='word_1_839' title='bbox 3456 5292 3542 5347; x_wconf 88' lang='lat' dir='ltr'>vel</span> 
     </span>
    </p>
   </div>
   <div class='ocr_carea' id='block_1_116' title="bbox 1899 5379 3545 5454">
    <p class='ocr_par' dir='ltr' id='par_1_116' title="bbox 1899 5379 3545 5454">
     <span class='ocr_line' id='line_1_116' title="bbox 1899 5379 3545 5454; baseline -0.003 -14"><span class='ocrx_word' id='word_1_840' title='bbox 1899 5383 2224 5440; x_wconf 83' lang='lat' dir='ltr'>Germaniae</span> <span class='ocrx_word' id='word_1_841' title='bbox 2249 5383 2534 5454; x_wconf 89' lang='lat' dir='ltr'>partibus,</span> <span class='ocrx_word' id='word_1_842' title='bbox 2555 5383 2756 5439; x_wconf 90' lang='lat' dir='ltr'>nullus</span> <span class='ocrx_word' id='word_1_843' title='bbox 2779 5385 2851 5440; x_wconf 90' lang='lat' dir='ltr'>ad</span> <span class='ocrx_word' id='word_1_844' title='bbox 2884 5400 3112 5441; x_wconf 91' lang='lat' dir='ltr'>sacrum</span> <span class='ocrx_word' id='word_1_845' title='bbox 3136 5382 3392 5438; x_wconf 90' lang='lat' dir='ltr'>ordinem</span> <span class='ocrx_word' id='word_1_846' title='bbox 3418 5379 3545 5435; x_wconf 91' lang='lat' dir='ltr'>sine</span> 
     </span>
    </p>
   </div>
   <div class='ocr_carea' id='block_1_117' title="bbox 1901 5467 3543 5544">
    <p class='ocr_par' dir='ltr' id='par_1_117' title="bbox 1901 5467 3543 5544">
     <span class='ocr_line' id='line_1_117' title="bbox 1901 5467 3543 5544; baseline -0.002 -16"><span class='ocrx_word' id='word_1_847' title='bbox 1901 5472 2193 5528; x_wconf 89' lang='lat' dir='ltr'>commodi</span> <span class='ocrx_word' id='word_1_848' title='bbox 2243 5472 2479 5527; x_wconf 88' lang='lat' dir='ltr'>datione</span> <span class='ocrx_word' id='word_1_849' title='bbox 2521 5474 2839 5544; x_wconf 83' lang='lat' dir='ltr'>perveniat.</span> <span class='ocrx_word' id='word_1_850' title='bbox 2880 5473 3040 5539; x_wconf 86' lang='lat' dir='ltr'>Quod</span> <span class='ocrx_word' id='word_1_851' title='bbox 3070 5471 3118 5526; x_wconf 89' lang='lat' dir='ltr'>si</span> <span class='ocrx_word' id='word_1_852' title='bbox 3149 5471 3229 5525; x_wconf 91' lang='lat' dir='ltr'>ita</span> <span class='ocrx_word' id='word_1_853' title='bbox 3257 5472 3364 5535; x_wconf 91' lang='lat' dir='ltr'>est,</span> <span class='ocrx_word' id='word_1_854' title='bbox 3396 5467 3543 5525; x_wconf 85' lang='lat' dir='ltr'>ﬂens</span> 
     </span>
    </p>
   </div>
   <div class='ocr_carea' id='block_1_118' title="bbox 1901 5555 3542 5634">
    <p class='ocr_par' dir='ltr' id='par_1_118' title="bbox 1901 5555 3542 5634">
     <span class='ocr_line' id='line_1_118' title="bbox 1901 5555 3542 5634; baseline -0.002 -18"><span class='ocrx_word' id='word_1_855' title='bbox 1901 5561 2050 5628; x_wconf 90' lang='lat' dir='ltr'>dico,</span> <span class='ocrx_word' id='word_1_856' title='bbox 2080 5576 2321 5632; x_wconf 88' lang='lat' dir='ltr'>gemens</span> <span class='ocrx_word' id='word_1_857' title='bbox 2354 5560 2654 5630; x_wconf 89' lang='lat' dir='ltr'>denuntio,</span> <span class='ocrx_word' id='word_1_858' title='bbox 2675 5562 2812 5634; x_wconf 91' lang='lat' dir='ltr'>quia</span> <span class='ocrx_word' id='word_1_859' title='bbox 2838 5576 2968 5616; x_wconf 90' lang='lat' dir='ltr'>cum</span> <span class='ocrx_word' id='word_1_860' title='bbox 2999 5555 3372 5614; x_wconf 87' lang='lat' dir='ltr'>sacerdotalis</span> <span class='ocrx_word' id='word_1_861' title='bbox 3401 5556 3542 5613; x_wconf 91' lang='lat' dir='ltr'>ordo</span> 
     </span>
    </p>
   </div>
   <div class='ocr_carea' id='block_1_119' title="bbox 1902 5645 3543 5727">
    <p class='ocr_par' dir='ltr' id='par_1_119' title="bbox 1902 5645 3543 5727">
     <span class='ocr_line' id='line_1_119' title="bbox 1902 5645 3543 5727; baseline 0.001 -21"><span class='ocrx_word' id='word_1_862' title='bbox 1902 5649 2065 5707; x_wconf 86' lang='lat' dir='ltr'>intus</span> <span class='ocrx_word' id='word_1_863' title='bbox 2085 5648 2316 5721; x_wconf 89' lang='lat' dir='ltr'>cecidit,</span> <span class='ocrx_word' id='word_1_864' title='bbox 2335 5648 2475 5708; x_wconf 88' lang='lat' dir='ltr'>foris</span> <span class='ocrx_word' id='word_1_865' title='bbox 2496 5667 2732 5727; x_wconf 89' lang='lat' dir='ltr'>quoque</span> <span class='ocrx_word' id='word_1_866' title='bbox 2751 5650 2849 5707; x_wconf 90' lang='lat' dir='ltr'>diu</span> <span class='ocrx_word' id='word_1_867' title='bbox 2869 5653 3021 5708; x_wconf 87' lang='lat' dir='ltr'>stare</span> <span class='ocrx_word' id='word_1_868' title='bbox 3050 5662 3167 5704; x_wconf 88' lang='lat' dir='ltr'>non</span> <span class='ocrx_word' id='word_1_869' title='bbox 3189 5645 3543 5721; x_wconf 81' lang='lat' dir='ltr'>poterit.Sci-</span> 
     </span>
    </p>
   </div>
   <div class='ocr_carea' id='block_1_120' title="bbox 3147 5772 3223 5843">
    <p class='ocr_par' dir='ltr' id='par_1_120' title="bbox 3147 5772 3223 5843">
     <span class='ocr_line' id='line_1_120' title="bbox 3147 5772 3223 5843; baseline 0.026 -2"><span class='ocrx_word' id='word_1_870' title='bbox 3147 5772 3223 5843; x_wconf 82' lang='lat'><strong>33</strong></span> 
     </span>
    </p>
   </div>
  </div>
