3876 6380
301 395 455 459 1035

1323 385 1727 456 HUMBERTI
1771 385 1832 451 S.
1880 389 1951 450 Β.
1999 381 2069 451 E.
2115 377 2608 450 CARDlNALiS.

3617 376 3798 440 1036

299 544 434 584 mus
465 526 699 599 quippe,
731 543 800 582 ex
829 525 1153 598 Evangelia,
1175 527 1327 596 quod
1359 527 1707 595 Redemptor
1739 528 1932 578 noster
1959 527 2012 590 Α
2041 523 2188 576 Hinc
2219 538 2332 576 non
2364 521 2554 575 solum
2586 521 2644 574 in
2677 518 3029 574 ordinatoris
3061 521 3121 572 et
3150 512 3444 572 ordinati
3481 513 3796 566 animam

301 633 403 687 per
423 615 800 686 semetipsum
825 614 1042 680 fecerit,
1067 614 1198 684 quia
1219 613 1517 683 ingressus
1541 611 1820 682 templum
1843 627 1931 664 ca-

301 704 538 762 thedras
559 704 931 758 vendentium
953 702 1252 757 columbas
1274 701 1473 756 evortit
1489 701 1812 772 (.ilatth.xx1,
1829 701 1928 769 12).

301 790 613 848 Columbas
634 790 788 846 enim
816 791 1060 846 vendere
1081 793 1167 846 est
1188 790 1256 844 de
1278 793 1475 844 sancto
1498 789 1736 860 Spiritu,
1759 803 1930 858 quem

301 880 455 936 Deus
477 880 842 952 omnipotens
873 878 1426 935 consubstantialem
1459 877 1588 944 sibi,
1615 893 1717 949 per
1745 876 1931 947 impo-

302 968 571 1024 sitionem
605 985 910 1035 manuum,
941 968 1276 1024 hominibus
1307 967 1528 1033 tribuit,
1561 965 1932 1021 commodum

301 1056 616 1129 temporale
644 1057 953 1128 percipere.
979 1058 1058 1112 Ex
1088 1074 1221 1128 quo,
1250 1059 1313 1110 ut
1342 1055 1598 1127 praedixi,
1633 1055 1785 1109 malo
1807 1055 1932 1124 jam

301 1145 564 1200 innuitur
592 1145 732 1216 quid
763 1149 1058 1216 sequatur,
1082 1145 1219 1216 quia
1248 1144 1348 1214 qui
1379 1145 1438 1198 in
1461 1143 1676 1214 templo
1708 1142 1809 1196 Dei
1841 1159 1932 1196 co-

300 1231 531 1287 lumbas
560 1233 804 1288 vendere
835 1235 1352 1304 przesumpserunt,
1377 1246 1576 1285 eorum
1603 1231 1712 1283 Deo
1737 1229 1934 1298 judice

299 1320 582 1375 cathedra:
613 1321 961 1375 ceciderunt.
985 1320 1091 1384 Qui
1115 1319 1378 1374 videlicet
1406 1335 1564 1373 error
1595 1318 1651 1371 in
1685 1316 1934 1370 subditis

298 1424 430 1463 cum
463 1414 775 1480 augmento
827 1413 1200 1480 propagatur.
1223 1408 1369 1462 Nam
1401 1408 1524 1478 ipse
1572 1422 1802 1477 quoque
1834 1404 1933 1475 qui

299 1498 368 1552 ad
402 1514 634 1552 sacrum
663 1497 942 1552 honorem
975 1496 1331 1566 perducitur,
1366 1496 1488 1564 jam
1539 1494 1596 1547 in
1637 1494 1766 1564 ipsa
1803 1509 1932 1564 pro-

297 1589 497 1638 vectus
528 1585 619 1639 sui
651 1585 842 1639 radice
871 1584 1125 1650 vitiatus,
1160 1584 1413 1655 paratior
1441 1587 1528 1637 est
1559 1582 1687 1636 aliis
1715 1599 1932 1636 venun—

301 1673 439 1726 dare
469 1673 625 1743 quod
655 1672 810 1727 emit.
833 1672 939 1727 Ubi
961 1676 1048 1727 est
1070 1672 1220 1742 quod
1244 1672 1526 1742 scriptum
1561 1675 1649 1724 est
1673 1687 1719 1723 :u
1745 1669 1934 1726 Gratis

301 1760 625 1832 accepistis,
648 1760 828 1832 gratis
849 1762 980 1815 date
996 1761 1022 1814 ?
1042 1760 1247 1830 (Matth.
1273 1777 1326 1825 Χ,
1349 1761 1426 1828 8.)
1453 1781 1476 1805 ››
1503 1764 1718 1813 Etcum
1747 1758 1935 1828 prima

301 1852 500 1904 contra
539 1852 796 1904 sanctam
846 1847 1158 1902 Ecclesiam
1208 1847 1534 1903 Simoniaca
1591 1847 1830 1901 haeresis
1861 1847 1936 1900 sit

301 1941 515 2003 exorta,
539 1953 642 1990 cur
671 1954 784 1992 non
806 1937 1202 2008 perpenditur,
1226 1952 1330 1990 cur
1360 1953 1472 1990 non
1503 1936 1749 2002 videtur,
1777 1934 1935 2004 quia,

299 2041 431 2079 cum
454 2041 628 2094 quem
651 2025 782 2095 quis
805 2041 935 2080 cum
959 2025 1140 2096 pretio
1163 2025 1391 2079 ordinat
1412 2024 1799 2094 provehendo,
1820 2022 1938 2093 agit

305 2117 368 2166 ut
393 2113 698 2168 haereticus
732 2113 833 2168 ﬁat
853 2113 880 2166 ‘I
903 2135 930 2162 ››

367 2201 510 2256 Idem
556 2203 756 2256 Joanni
795 2205 1036 2272 episcopo
1083 2201 1508 2268 Corinthiorum,
1560 2201 1700 2254 unde
1747 2216 1937 2270 supra.

299 2313 326 2339 ‹‹
361 2290 503 2354 Quia
533 2289 683 2344 hanc
711 2289 1186 2344 nefandissimam
1215 2290 1556 2360 pravitatem
1581 2292 1779 2344 sancta
1815 2288 1940 2343 uni-

297 2376 539 2435 versalis
571 2377 807 2431 omnino
839 2378 1080 2432 damnat
1101 2377 1376 2442 Ecclesia,
1399 2377 1704 2432 hortamur
1737 2378 1937 2432 frater-

301 2465 542 2518 nitatem
591 2468 862 2532 vestram,
913 2470 978 2519 ut
1026 2469 1143 2519 tam
1197 2465 1532 2519 detestabile
1581 2469 1638 2519 et
1685 2465 1937 2519 immane

301 2557 623 2624 peccatum,
647 2552 716 2606 de
746 2551 886 2606 locis
918 2553 1188 2607 omnibus
1218 2569 1342 2622 qua:
1375 2553 1482 2606 sub
1515 2569 1572 2607 se
1599 2556 1754 2618 sunt,
1782 2553 1937 2607 solli-

302 2639 577 2695 citudinis
608 2657 724 2694 suae
755 2641 944 2696 modis
975 2641 1246 2696 omnibus
1278 2646 1606 2712 compescat
1639 2641 1935 2695 instantia.

303 2728 447 2783 Nam
481 2727 530 2782 si
554 2728 689 2799 quid
713 2727 824 2783 tale
847 2729 1116 2800 deinceps
1139 2729 1260 2784 fieri
1286 2728 1800 2798 senserimus,jam
1824 2746 1938 2784 non

299 2816 510 2882 verbis,
536 2817 634 2871 sed
667 2817 942 2872 canonica
989 2815 1097 2872 hoc
1129 2816 1347 2872 ultione
1378 2817 1754 2889 corrigemus,
1785 2821 1840 2872 et
1869 2818 1938 2872 de

300 2903 462 2958 vobis
485 2905 638 2975 quod
670 2921 782 2960 non
809 2907 1035 2976 oportet
1063 2903 1218 2961 aliud
1242 2904 1588 2976 incipiemus
1610 2905 1822 2960 habere
1836 2905 1939 2974 ju—

302 2991 541 3046 dicium.
575 2992 742 3046 Novit
770 2997 965 3047 autem
1011 2993 1339 3047 fraternitas
1367 2997 1558 3046 vestra
1591 2993 1730 3064 quia
1777 2993 1940 3064 prius

303 3077 545 3148 pallium
567 3079 680 3134 nisi
701 3079 834 3134 dato
858 3080 1160 3134 commodo
1187 3097 1298 3134 non
1323 3080 1596 3146 dabatur;
1619 3081 1772 3151 quod
1797 3098 1938 3152 quo-

305 3166 460 3220 niam
497 3166 880 3238 incongruum
926 3172 1068 3233 erat,
1103 3167 1248 3222 facto
1294 3167 1535 3222 concilio
1567 3173 1698 3223 ante
1729 3187 1939 3240 corpus

2042 610 2250 664 lcthale
2307 609 2518 662 vulnus
2575 608 2734 679 infigi
2791 608 3162 679 praedicatur,
3209 605 3322 660 sed
3393 603 3618 657 etiam
3688 601 3798 671 qui

2041 699 2443 769 episcoporum
2473 696 2990 751 intercessionibus
3023 691 3340 750 sublevari
3379 690 3794 756 debuerant,

2041 785 2212 857 culpa
2259 789 2710 856 praegravantur.
2742 783 2970 839 Astruit
3009 799 3251 854 quoque
3309 781 3502 836 idem
3565 779 3796 834 doctor

2042 873 2199 943 quia,
2235 873 2282 926 si
2314 873 2364 927 is
2397 872 2610 944 dignus
2655 871 2979 927 sacerdotio
3013 871 3290 926 creditur
3325 868 3438 923 cui
3487 865 3792 938 pecunia

2043 960 2206 1032 copia
2249 961 2622 1032 suffragatur,
2657 976 3024 1030 consequens
3055 963 3146 1014 est
3179 961 3248 1013 ut
3285 955 3468 1012 nihil
3531 953 3702 1023 sibi,
3731 956 3788 1010 in

2041 1048 2258 1103 honore
2296 1047 2707 1114 ecclesiastico,
2741 1047 3002 1119 probitas
3043 1041 3361 1113 defendat,
3403 1045 3532 1100 sed
3575 1047 3788 1099 totum

2043 1137 2166 1191 auri
2192 1137 2469 1206 profanus
2489 1153 2653 1191 amor
2674 1135 2952 1203 obtineat,
2979 1139 3044 1190 ut
3065 1134 3208 1190 vitia
3231 1151 3378 1206 quae
3405 1133 3782 1189 vindictam

2043 1226 2433 1292 merebantur,
2457 1225 2676 1279 honore
2706 1227 3176 1291 remunerentur,
3207 1224 3372 1278 dum
3401 1223 3466 1278 is
3491 1223 3618 1294 qui
3645 1238 3782 1277 cor-

2043 1314 2343 1384 ripiendus
2373 1318 2459 1367 est
2489 1314 2679 1368 locum
2702 1313 3050 1384 correptoris
3073 1315 3361 1385 usurpat.
3391 1311 3606 1367 Tales
3641 1328 3780 1384 pro.

2043 1403 2188 1456 fecto
2233 1403 2561 1457 sacerdotes
2612 1419 2726 1456 non
2776 1402 3075 1473 proficere,
3109 1402 3214 1456 sed
3267 1401 3494 1473 perire
3553 1402 3774 1473 potius

2043 1491 2313 1558 afﬁrmat,
2338 1507 2586 1560 quorum
2612 1489 2775 1544 radix
2797 1491 2956 1562 gravi
2983 1495 3145 1562 peste
3167 1494 3266 1546 est
3289 1490 3570 1546 infecta.
3599 1490 3774 1545 Nihi-

2045 1577 2297 1632 lominus
2338 1578 2546 1632 astruit
2593 1579 2876 1647 majorem
2923 1577 3335 1634 calamitatem
3391 1578 3770 1633 timendam

2043 1666 2182 1720 locis
2223 1665 2358 1734 illis,
2395 1667 2608 1737 quibus
2653 1665 2798 1721 tales
2845 1666 3268 1722 intercessores
3321 1667 3406 1722 ad
3467 1668 3768 1740 regimen

2043 1755 2274 1820 dantur,
2309 1755 2406 1825 qui
2457 1755 2643 1826 magis
2686 1753 2834 1810 iram
2866 1754 2964 1809 Dei
2997 1759 3206 1810 contra
3254 1771 3324 1810 se
3377 1761 3766 1827 provocent,

2046 1859 2220 1912 quam
2261 1859 2360 1914 per
2390 1842 2735 1913 scmelipsos
2785 1841 3014 1914 populis
3067 1842 3310 1914 placare
3365 1844 3765 1900 debuerant.

2046 1931 2261 1985 Deinde
2291 1931 2614 1986 vehementi
2648 1947 2894 1986 maerore
2923 1947 2986 1986 se
3017 1931 3201 2004 afﬂigi
3231 1935 3544 2004 testatur,
3583 1934 3642 1989 si
3675 1950 3768 1990 ee-

2046 2019 2389 2073 clesiasticis
2420 2018 2626 2074 officiis
2655 2018 2847 2074 locum
2893 2018 3154 2090 aliquem
3203 2019 3400 2076 habet
3457 2024 3762 2093 pecunia,

2048 2107 2185 2178 quia
2214 2109 2368 2178 quod
2399 2124 2628 2162 sacrum
2662 2113 2750 2162 est
2781 2125 2914 2162 mox
2960 2107 3026 2162 fit
3069 2108 3386 2166 saeculare.
3415 2111 3591 2166 Nam
3627 2129 3764 2168 om-

2049 2213 2202 2265 nem,
2233 2197 2330 2267 qui
2362 2198 2514 2268 quod
2547 2213 2780 2252 sacrum
2813 2201 2900 2252 est
2931 2197 3129 2252 studet
3161 2197 3360 2269 pretio
3395 2201 3762 2272 percipere,

2048 2286 2254 2340 asserit
2285 2287 2640 2339 sacerdotem
2673 2303 2786 2340 non
2820 2301 2968 2352 esse,
2993 2285 3094 2340 sed
3127 2289 3590 2343 tantummodo
3627 2289 3760 2345 ina-

2047 2374 2197 2428 niter
2225 2374 2332 2426 dici
2365 2373 2524 2428 velle.
2551 2375 2831 2439 Tandem,
2856 2379 2986 2445 post
3021 2373 3212 2429 multa
3234 2375 3480 2445 quibus
3517 2394 3633 2433 eos
3665 2395 3758 2433 re-

2047 2463 2268 2532 probat,
2291 2461 2495 2516 asserit
2515 2462 2972 2516 benedictionem
3007 2461 3122 2517 illis
3145 2463 3206 2516 in
3231 2463 3758 2522 maledictioncm

2049 2551 2320 2616 converti,
2354 2555 2410 2604 et
2441 2551 2511 2604 ad
2562 2549 2670 2604 hoc
2700 2548 2892 2604 solum
2944 2552 3281 2622 promoveri
3317 2557 3392 2606 ut
3427 2571 3506 2608 ex
3541 2543 3758 2611 catho-

2045 2637 2172 2692 licis
2213 2638 2354 2691 fiant
2401 2637 2677 2706 haeretici,
2713 2655 2962 2709 quorum
3013 2639 3211 2694 omnis
3265 2642 3458 2708 actio,
3501 2643 3756 2699 etiamsi

2048 2725 2294 2796 alicujus
2323 2725 2586 2780 videatur
2631 2727 2934 2794 momenti,
2963 2727 3116 2798 apud
3165 2727 3364 2784 Deum
3397 2734 3628 2786 tamen
3663 2750 3754 2790 re-

2049 2817 2285 2884 putatur
2320 2813 2484 2868 nihil.

2118 2903 2227 2956 Sed
2261 2903 2397 2973 quia
2426 2919 2492 2957 ex
2523 2902 2615 2957 his
2641 2905 2696 2956 et
2728 2902 3082 2973 quibusdam
3129 2903 3290 2960 beati
3323 2907 3626 2981 Gregorii
3659 2913 3750 2968 di-

2049 2991 2157 3045 ctis
2189 2990 2431 3061 quidam
2468 2989 2578 3044 sibi
2620 2995 3004 3062 praesumunt,
3030 2993 3188 3047 unde
3238 2995 3570 3066 opinionis
3625 3017 3748 3056 sua

2048 3095 2298 3134 errorem
2348 3079 2717 3150 impudenter
2760 3083 2816 3134 et
2855 3080 3234 3150 pertinaciter
3283 3083 3640 3142 defendant
3689 3090 3744 3144 in

2045 3171 2274 3222 tantum
2305 3171 2368 3221 ut
2397 3167 2676 3238 Spiritum
2725 3171 2994 3222 sanctum
3025 3169 3198 3223 vendi
3245 3169 3438 3227 simul
3480 3179 3546 3229 et
3578 3193 3744 3232 com-

306 3254 460 3309 beati
481 3255 1060 3327 Petri,apostolorum
1085 3255 1519 3326 Principis,tam
1540 3257 1609 3312 de
1632 3257 1740 3311 hoc
1763 3274 1936 3328 quam
1970 3241 2011 3306 C
2049 3272 2251 3327 parare
2299 3257 2708 3326 dogmatizent,
2763 3255 3154 3312 insistendum
3207 3263 3322 3324 est,
3359 3265 3432 3315 ut
3487 3266 3742 3320 tandem

305 3342 375 3396 de
405 3341 534 3397 aliis
583 3343 1044 3398 ordinationibus
1094 3343 1314 3415 aliquid
1357 3344 1613 3415 accipere
1665 3346 1772 3400 sub
1821 3346 1936 3400 dis-

307 3429 474 3485 tricta
489 3429 888 3487 interdictione
907 3431 1217 3487 vetuimus.
1235 3433 1616 3504 Oportetergo
1635 3450 1821 3504 neque
1838 3451 1940 3505 per

303 3521 698 3588 commodum,
738 3537 924 3591 neque
955 3537 1057 3592 per
1097 3521 1362 3592 gratiam,
1387 3525 1487 3576 aut
1525 3539 1627 3592 per
1657 3539 1935 3592 quorum-

302 3607 436 3662 dam
495 3608 974 3680 supplicationem
1033 3608 1257 3680 aliquos
1317 3610 1388 3663 ad
1451 3625 1644 3664 sacros
1704 3610 1935 3665 ordines

301 3695 675 3750 consentiatis
706 3695 792 3751 vel
824 3696 1173 3767 permittatis
1215 3696 1442 3752 adduci.
1477 3698 1620 3751 Nam
1652 3703 1708 3752 et
1733 3715 1930 3770 pecca-

298 3785 448 3852 tum,
475 3783 626 3838 sicut
661 3783 934 3848 diximus,
967 3801 1138 3856 grave
1177 3789 1284 3851 est,
1315 3789 1372 3840 et
1421 3785 1544 3840 sine
1577 3786 1933 3858 correptione

298 3869 406 3926 hoc
435 3887 548 3928 non
579 3873 836 3944 patimur
863 3887 1221 3944 permanere.
1250 3895 1272 3922 ›ι

908 3961 1140 4016 CAPUT
1180 3961 1319 4016 XIV.

365 4047 446 4102 Ex
475 4047 567 4104 his
597 4065 738 4104 sane
767 4053 885 4104 tam
917 4047 1176 4120 praeclari
1215 4049 1466 4104 doctoris
1505 4051 1928 4123 multiplicibus

293 4139 351 4190 et
379 4136 640 4207 repetitis
687 4137 1010 4203 sententiis,
1045 4138 1348 4192 manifeste
1383 4140 1791 4210 comprobatur
1837 4159 1928 4196 sa-

293 4239 522 4278 crorum
553 4224 825 4279 ordinum
855 4223 1224 4280 venalitatem
1273 4225 1537 4281 haeresim
1571 4244 1716 4295 esse,
1752 4233 1809 4284 et
1837 4230 1927 4284 Si-

293 4311 622 4368 moniacam
656 4313 1038 4385 agnominari,
1070 4314 1449 4385 omniumque
1479 4316 1748 4385 primam,
1781 4322 1837 4372 et
1866 4318 1924 4373 in

288 4399 416 4471 ipsa
442 4418 551 4456 sua
581 4400 803 4472 origine
834 4401 1148 4474 apostolica
1185 4403 1565 4458 detestatione
1605 4409 1776 4477 atque
1808 4405 1922 4461 dis-

285 4488 454 4544 tricta
474 4489 876 4545 maledictione
898 4491 1252 4559 damnatam,
1271 4491 1426 4547 velut
1443 4495 1643 4547 contra
1659 4499 1921 4548 sanctam

2048 3345 2359 3416 aliquando
2393 3345 2499 3398 hoc
2530 3344 2784 3400 sensisse
2813 3343 2900 3400 vel
2941 3344 3158 3401 dixisse
3191 3349 3520 3418 pmniteat.
3555 3353 3743 3410 Aiunt

2047 3434 2202 3488 enim
2239 3451 2250 3488 :
2285 3435 2426 3487 Ecce
2456 3433 2594 3502 quid
2626 3433 2831 3488 beatus
2863 3433 3180 3504 Gregorius
3213 3453 3406 3508 super
3439 3439 3566 3496 hoc
3601 3459 3740 3498 sen-

2047 3522 2188 3576 serit
2217 3521 2287 3574 ad
2313 3523 2563 3591 majores
2585 3521 2939 3576 Francorum
2970 3522 3367 3594 epistolarum
3391 3528 3538 3598 ejus
3563 3535 3740 3586 tenor

2045 3615 2238 3681 aperte
2287 3608 2557 3665 ostendit.
2591 3631 2619 3659 ‹‹
2654 3609 2923 3680 Omnino,
2976 3610 3194 3681 inquit,
3243 3617 3628 3674 exsecrabile
3680 3625 3740 3675 et

2043 3697 2454 3770 gravissimum
2477 3697 2854 3765 detestamur,
2883 3699 3040 3768 quod
3070 3701 3226 3755 sacri
3257 3702 3512 3759 ordines
3543 3707 3608 3760 in
3645 3723 3739 3762 ve-

2042 3786 2179 3842 stris
2215 3785 2476 3856 partibus
2508 3801 2610 3856 per
2641 3785 3036 3841 Simoniacam
3085 3787 3362 3845 haeresim
3399 3794 3736 3852 conferan-

2041 3879 2154 3929 tur.
2215 3875 2281 3928 Et
2337 3873 2508 3945 paulo
2567 3879 2751 3945 post:
2805 3874 2966 3930 Unde
3021 3876 3194 3932 valde
3252 3881 3614 3952 contristor,
3677 3891 3740 3942 et

2038 3968 2200 4018 terra:
2232 3962 2316 4017 illi
2367 3961 2640 4017 condoleo
2683 3964 2841 4034 quia,
2875 3965 3017 4019 dum
3067 3966 3350 4038 Spiritum
3399 3976 3734 4042 sanctum,

2039 4069 2212 4122 quem
2243 4068 2343 4123 per
2373 4059 2582 4106 manus
2629 4051 3070 4123 impositionem
3120 4056 3502 4127 omnipotens
3555 4060 3732 4120 Deus

2038 4141 2310 4197 omnibus
2355 4140 2587 4211 elargiri
2631 4139 2926 4212 dignatur,
2955 4142 3156 4199 divino
3189 4161 3438 4202 munere
3491 4147 3732 4208 habere

2038 4229 2389 4300 despiciunt,
2413 4229 2666 4300 praemiis
2688 4235 3145 4302 assequuntur.»
3165 4237 3244 4289 Ex
3267 4249 3389 4305 qua
3411 4251 3569 4293 sane
3593 4256 3728 4312 pro-

2035 4319 2322 4389 positione
2350 4318 2655 4372 verborum
2683 4317 2830 4373 tanti
2861 4319 3179 4391 pontificis,
3205 4324 3497 4381 vecordes
3519 4330 3723 4384 conci-

2035 4407 2200 4479 piunt
2229 4407 2340 4461 sibi
2368 4423 2576 4461 causas
2601 4407 2833 4478 perfidae
2867 4411 3431 4479 argumentationis,
3460 4418 3527 4470 et
3557 4417 3724 4474 velut

2035 4511 2136 4568 per
2156 4495 2483 4566 Sapientem
2507 4494 2718 4549 dicitur
2742 4511 2792 4548 :«
2815 4499 2864 4547 A
2887 4496 3032 4551 facie
3063 4498 3228 4552 verbi
3259 4501 3670 4570 parturientis
3689 4531 3718 4558 υ

287 4575 602 4634 Ecclesiam
631 4579 822 4634 radice
853 4579 1124 4651 pestifera
1167 4579 1440 4651 primitus
1474 4585 1929 4653 proserpentem,
1961 4601 2007 4664 D
2040 4583 2239 4638 dicunt
2268 4583 2450 4654 (Ecch'.
2485 4599 2599 4648 XIX,
2636 4583 2722 4654 11)
2756 4601 2768 4637 :
2801 4583 2941 4638 Ecce
2972 4584 3068 4639 hic
3115 4591 3252 4657 apte
3299 4587 3524 4646 beatus
3575 4596 3718 4650 Gre-

287 4664 409 4728 Qua
438 4667 694 4738 profecto
739 4668 801 4722 fit
829 4673 892 4723 ut
921 4669 1111 4724 omnis
1159 4670 1476 4725 reverentia
1524 4671 1920 4737 sacerdotalis,

286 4753 372 4810 vel
403 4755 550 4810 actio
583 4757 742 4812 intus
773 4762 830 4812 et
857 4758 1107 4813 exterius
1133 4760 1482 4830 depravatur
1505 4761 1560 4812 et
1591 4760 1645 4813 in
1679 4759 1923 4816 crimine

287 4847 523 4898 sanctus
579 4844 763 4900 honor
817 4847 1116 4902 habeatur.
1177 4849 1372 4919 Neque
1431 4847 1584 4902 enim
1643 4866 1919 4905 veneran-

287 4928 430 4982 dum
497 4931 628 5000 quis
694 4938 860 5002 putat
925 4935 1078 5005 quod
1135 4937 1420 5002 venditur,
1497 4937 1610 4991 imo
1683 4937 1920 4993 omnino

287 5015 396 5070 vile
427 5033 553 5072 esse
585 5020 736 5088 quod
783 5021 1014 5076 emitur.
1051 5025 1302 5096 Denique
1347 5025 1442 5079 ubi
1475 5026 1626 5079 dona
1656 5043 1918 5097 supernae

287 5103 487 5176 gratia:
533 5107 757 5161 venalia
792 5109 1150 5179 judicantur,
1187 5119 1384 5168 contra
1437 5115 1612 5167 Deum
1663 5115 1918 5184 pecunia:

287 5199 654 5262 venerantur,
691 5200 754 5250 ut
776 5198 922 5267 jam,
957 5203 1012 5253 in
1055 5201 1289 5257 homine
1337 5202 1569 5270 misero,
1605 5219 1718 5255 non
1768 5207 1920 5258 Deus

285 5297 454 5338 verus
482 5287 538 5338 et
567 5285 868 5356 antiquus,
901 5291 1000 5344 sed
1041 5291 1222 5346 falsus
1253 5295 1309 5344 ct
1341 5305 1540 5344 recens
1570 5288 1918 5358 dominetur,

287 5370 508 5427 scilicet
537 5373 634 5445 qui
667 5376 928 5446 pecuniis
961 5383 1165 5449 praeest
1193 5378 1411 5432 talibus
1453 5393 1788 5433 mammona
1823 5395 1920 5434 ne-

289 5459 632 5530 quissimus,
665 5467 724 5518 et
751 5481 864 5520 non
896 5471 984 5521 est
1013 5467 1256 5520 dubium
1289 5481 1609 5536 pauperum
1647 5465 1921 5522 innocen-

287 5545 428 5600 tiam
457 5547 779 5620 displicere,
811 5554 910 5609 ubi
942 5555 1244 5625 praemium
1276 5551 1684 5624 comprobatur
1711 5554 1922 5610 delicta

293 5633 717 5712 commendare,
767 5642 924 5716 quia,
970 5641 1070 5701 ubi
1117 5657 1324 5702 aurum
1353 5639 1560 5720 placet,
1592 5645 1649 5700 et
1691 5641 1916 5704 vitium.

2038 4672 2236 4744 gorius
2283 4674 2548 4736 testatur,
2583 4671 2736 4740 quod
2787 4675 3029 4728 sanctus
3067 4674 3322 4744 Spiritus
3371 4693 3489 4747 per
3537 4698 3717 4752 pecu-

2032 4761 2190 4814 niam
2222 4759 2490 4814 venditur
2520 4763 2577 4812 et
2615 4758 2929 4826 confertur,
2965 4765 3022 4815 et
3065 4778 3168 4832 per
3201 4779 3421 4820 manus
3457 4765 3714 4841 ἱωροεί-

2032 4848 2248 4903 tionem
2271 4848 2452 4918 pretio
2477 4850 2732 4918 emptam
2755 4847 3142 4904 nihilominus
3164 4851 3431 4922 Spiritus
3457 4864 3714 4916 sanctus

2033 4937 2311 5007 accipitur
2339 4941 2395 4990 et
2423 4935 2717 4990 tribuitur.
2752 4937 2970 5008 Nempe
3003 4938 3316 5009 profitetur
3349 4944 3522 5012 quod
3559 4949 3712 5003 sacri

2031 5027 2264 5082 ordines
2294 5043 2394 5096 per
2439 5024 2829 5079 Simoniacam
2881 5025 3151 5082 haeresim
3201 5029 3628 5100 conferantur,
3659 5045 3710 5092 el

2032 5115 2185 5184 quod
2242 5113 2506 5168 homines
2561 5116 2830 5168 sanctum
2881 5113 3170 5185 Spiritum
3221 5117 3494 5186 prmmiis
3549 5139 3712 5182 asse.

2031 5207 2310 5272 quuntur.
2347 5202 2466 5256 lIeu
2497 5202 2716 5270 miseri,
2747 5201 2958 5272 inquit,
2994 5203 3120 5258 dies
3149 5203 3309 5259 ultra
3340 5205 3585 5278 miseri,
3611 5215 3712 5286 qui

2031 5291 2424 5346 sceleratiores
2505 5289 2823 5357 militibus,
2909 5291 3008 5345 Dei
3087 5291 3380 5348 Virtutem
3465 5303 3529 5352 et
3611 5302 3712 5358 Dei

2030 5379 2384 5450 Sapientiam
2445 5378 2942 5448 crucifigentibus,
2997 5381 3202 5434 tunicae
3261 5381 3429 5438 illius
3499 5385 3710 5446 incon-

2031 5466 2190 5522 sutili
2218 5465 2497 5521 violentas
2543 5481 2754 5520 manus
2809 5465 3052 5534 injicere
3080 5471 3138 5524 et
3195 5469 3536 5540 particulas
3596 5479 3712 5536 sibi

2029 5555 2163 5610 inde
2218 5554 2555 5610 abscindere
2613 5570 2728 5608 non
2788 5557 3087 5626 metuunt,
3149 5558 3438 5629 quodque
3505 5565 3710 5627 adhuc

2027 5647 2116 5704 est
2171 5643 2434 5722 gravius,
2491 5643 2759 5704 eamdem
2825 5643 2938 5703 sibi
3003 5647 3188 5708 totam
3227 5649 3496 5714 cessisse
3543 5657 3710 5724 urbi.
