3922 6358
57 413 204 479 103⁸7

55 554 292 607 trantur.
354 547 499 604 Cum
561 551 715 605 enim
768 568 834 604 ex
883 549 1172 622 peroichis
1232 552 1376 605 tanti
1438 523 1775 617 doctorisA

53 637 314 712 vestigari
344 638 634 705 debuerit,
687 639 783 695 isti
833 638 1179 712 particulam
1230 641 1531 695 sententiae
1579 640 1690 694 sibi

54 729 206 784 illam
234 727 547 800 arripiunt,
595 729 751 800 quod
792 727 913 783 illic
963 728 1112 784 sacri
1162 728 1396 785 ordines
1445 728 1693 785 conferri

55 819 336 887 dicuntur,
363 821 422 873 et
443 816 732 887 abjiciunt
761 817 913 889 quod
939 817 1155 872 ibidem
1176 834 1278 889 per
1298 817 1692 874 Simoniacam

54 907 307 964 heresim
335 905 564 962 inserit.
599 905 707 962 Ubi
734 905 784 962 si
823 905 1079 978 simplici
1110 906 1330 962 mentis
1353 906 1521 962 oculo
1553 923 1689 962 con-

16 1037 18 1044 ι
53 997 400 1054 siderassent
429 995 572 1067 quid
606 995 684 1050 sit
714 995 960 1051 haeresis
981 999 1038 1050 et
1064 994 1317 1050 maxime
1338 995 1688 1062 Simoniaca,

16 1099 18 1134 ι
53 1101 412 1158 nequaquam
431 1088 707 1156 putarent
726 1101 830 1157 per
851 1084 1242 1140 Simoniacam
1265 1083 1532 1140 haeresim
1554 1101 1692 1141 con-

16 1189 19 1224 ῑ
54 1175 178 1231 ferri
207 1191 423 1242 sacros,
457 1174 516 1229 id
551 1178 639 1230 est
663 1177 918 1236 sanctos,
953 1175 1052 1229 sed
1083 1173 1298 1245 potius.
1380 1217 1392 1228 .
1473 1215 1486 1227 .
1569 1215 1582 1227 .
1674 1213 1687 1228 .

54 1265 105 1320 id
136 1268 220 1321 est
238 1262 625 1320 exsecrabiles
651 1263 907 1331 ordines,
929 1266 985 1318 et
1013 1262 1141 1319 ideo
1173 1278 1278 1317 nec
1308 1262 1562 1329 ordines,
1588 1262 1689 1318 sed

17 1419 20 1422 ,
55 1370 281 1410 errores.

16 1459 22 1494 ἑ
116 1442 482 1498 Abscindunt
505 1456 742 1513 quoque
760 1445 816 1496 et
841 1439 985 1494 illud
1009 1441 1165 1511 quod
1193 1463 1220 1490 «
1253 1440 1535 1511 Spiritum
1560 1457 1690 1495 san-

16 1533 22 1584 ἒ
54 1537 199 1588 ctum
211 1532 482 1590 homines
496 1529 752 1602 praemiis
769 1534 1190 1601 assequuntur,
1210 1552 1236 1578 ››
1253 1545 1357 1584 nec
1371 1528 1690 1600 respiciunt

16 1641 24 1674 ε
54 1623 195 1695 quod
224 1621 342 1676 illic
373 1620 599 1689 inserit,
624 1641 652 1669 ‹‹
679 1635 854 1691 quem
886 1634 990 1691 per
1010 1635 1223 1674 manus
1252 1617 1687 1689 impositionem

15 1729 24 1764 :
54 1712 408 1783 omnipotens
429 1710 586 1765 Deus
617 1708 894 1765 omnibus
926 1707 1127 1780 largiri
1160 1707 1456 1779 dignatur,
1490 1707 1688 1763 divino

16 1818 24 1853 ξ
53 1817 275 1856 munere
293 1799 511 1855 habere
532 1797 894 1870 despiciunt;
919 1818 946 1847 »
980 1797 1132 1868 quod
1159 1795 1206 1851 si
1231 1795 1685 1868 perspexissent,

16 1909 21 1944 :
54 1905 410 1963 nequaquam
441 1891 718 1961 putarent
746 1885 976 1957 aliquos
1007 1885 1314 1941 hominum
1357 1902 1460 1957 per
1489 1886 1686 1956 cujus-

54 1995 265 2052 cunque
298 1994 515 2034 manus
547 1975 984 2047 impositionem
1016 1979 1471 2046 quantocunque
1502 1973 1686 2046 pretio

16 2089 21 2122 :
53 2085 204 2141 posse
217 2066 498 2138 consequi
522 2064 806 2137 Spiritum
830 2067 1313 2134 sanctum,quem
1331 2063 1531 2118 divino
1563 2079 1689 2117 mu-

16 2177 20 2212 :
54 2174 174 2213 nere
201 2156 417 2212 habere
438 2152 790 2225 despiciunt.
815 2152 1116 2217 Quomodo
1139 2151 1293 2206 enim
1318 2151 1538 2206 donum
1561 2167 1684 2206 om-

16 2266 20 2302 ε
54 2245 350 2317 nipotentis
382 2242 485 2298 Dei
525 2240 803 2313 consequi
852 2239 1064 2311 poterit
1096 2239 1196 2310 qui
1227 2238 1372 2294 illud
1404 2241 1532 2312 ejus
1562 2257 1687 2294 mu-

16 2355 20 2391 a
54 2350 174 2390 nere
193 2333 410 2389 habere
431 2329 774 2396 contemnit,
807 2329 1050 2400 insuper
1069 2333 1126 2384 et
1157 2327 1422 2400 pecuniis
1445 2327 1686 2400 prolatis

16 2446 19 2452 ·
53 2418 361 2494 expugnare
388 2425 445 2475 et
465 2417 716 2490 diripere
733 2415 1070 2473 contendit?
1087 2414 1499 2470 miserabiliter
1517 2430 1687 2470 nam-

16 2533 20 2570 7
54 2527 150 2581 que
170 2509 387 2582 desipit
422 2506 521 2579 qui
551 2509 718 2578 putat
739 2503 999 2576 aliquam
1014 2502 1348 2558 violentiam
1373 2519 1542 2574 posse
1563 2501 1685 2558 tieri

54 2606 148 2656 Deo
176 2596 591 2671 omnipotenti,
615 2598 680 2651 ut
708 2595 958 2668 gratiam
986 2611 1154 2649 suam
1179 2594 1458 2648 concedat
1485 2592 1683 2660 alicui,

53 2689 138 2761 qui
165 2689 310 2746 hanc
339 2690 502 2744 dono
535 2687 664 2757 ejus
696 2683 948 2756 despicit
991 2681 1257 2754 adipisci.
1300 2683 1384 2737 Ad
1411 2682 1553 2749 haec,
1585 2681 1686 2753 qui

54 2796 210 2850 supra
239 2776 428 2834 semel
461 2777 802 2846 conceptam
854 2771 1285 2844 blasphemiam
1324 2770 1684 2826 defendendo

54 2870 385 2940 exaggerant
399 2863 694 2936 subjungL
706 2866 789 2918 ut:
807 2863 870 2916 In
886 2860 998 2916 alio
1010 2877 1242 2932 quoque
1255 2859 1380 2915 loco
1394 2859 1686 2932 gloriosus
1736 2908 1739 2911 .

16 3017 18 3020 l
55 2957 343 3030 Gregorius
393 2968 692 3026 exponens
731 2951 908 3007 verba
952 2949 1245 3022 Evangelii
1276 2950 1428 3005 inter
1459 2953 1683 3015 caetera,

59 3045 126 3101 sic
154 3046 230 3101 ait
261 3063 274 3100 :
306 3068 334 3095 ‹‹
367 3042 554 3099 Vobis
588 3039 992 3097 sacerdotibus
1041 3038 1250 3111 lugens
1286 3037 1514 3110 loquor,
1549 3037 1688 3110 quia

649 415 1063 481 ADVERSUS
1111 409 1593 518 SIMONIACOS
1637 413 1843 480 LIBRI
1887 411 2114 480 TRES.
2147 450 2224 462 -
2257 410 2483 480 LIBER
2531 413 2852 483 PRIMUS.

3300 419 3455 484 i038

2429 553 2667 608 CAPUT
2707 549 2821 607 XV.

1875 640 1947 694 Do
1972 641 2214 712 propriis
2242 644 2294 695 ct
2324 643 2642 712 impropriis
2671 640 3018 707 dictionibus,
3053 645 3104 694 et
3137 642 3380 696 vanitate

2395 712 2582 768 Simon
2590 715 2856 768 iocorum.

1873 817 2002 873 Hac
2035 818 2214 891 igitur
2242 822 2298 874 et
2341 819 2682 891 hujusmodi
2723 819 3179 876 orthodoxorum
3211 819 3448 877 Patrum

1803 905 1954 961 dicta
1985 907 2033 962 si
2059 907 2155 978 pia
2185 924 2323 963 aure
2354 908 2657 965 audissent
2703 913 2761 964 et
2808 909 3078 964 catholici
3127 909 3322 966 cordis
3352 926 3450 966 ore

1802 994 2224 1062 ruminassent,
2268 998 2621 1069 tandemque
2652 997 2959 1053 nobiscum
2993 998 3278 1069 Spiritum
3311 1016 3446 1056 san-

1802 1087 1961 1139 ctum
1993 1100 2098 1139 nec
2130 1102 2299 1156 posse
2326 1087 2497 1141 vendi
2529 1103 2634 1142 nec
2663 1086 2990 1159 comparari
3021 1087 3445 1159 praedicarent;

1801 1173 1902 1229 sed
1924 1190 2093 1228 suam
2120 1173 2554 1231 damnationem
2572 1175 2932 1248 negligentes
2953 1181 3054 1232 aut
3070 1177 3446 1234 dissimulan-

1798 1261 2491 1334 tes,suscipiunlquidem
2506 1265 2822 1337 improprie
2834 1265 3185 1322 etusualiter
3204 1265 3444 1339 loquen-

1797 1356 1884 1408 tes
1910 1357 2142 1406 sanctos
2182 1352 2399 1420 Patres,
2433 1355 2533 1409 sed
2584 1359 2868 1425 respuunt
2899 1356 3128 1426 proprie
3159 1359 3215 1410 et
3263 1371 3442 1428 regu-

1799 1440 1998 1496 lariter
2022 1441 2249 1512 seipsos
2278 1445 2651 1513 exponentes.
2704 1442 2994 1499 Usualiter
3023 1443 3317 1515 siquidem
3349 1444 3438 1500 vel

1799 1528 2113 1601 improprie
2145 1529 2204 1584 B.
2225 1530 2538 1602 Gregorius
2571 1529 2832 1601 loquitur
2859 1531 2956 1586 ubi
2990 1532 3132 1586 dicit
3161 1533 3316 1603 quod
3349 1549 3444 1589 sa-

1798 1618 1880 1674 cri
1911 1619 2146 1674 ordines
2177 1636 2210 1673 a
2253 1618 2471 1675 talibus
2523 1620 2937 1688 conferantur;
2970 1621 3069 1676 red
3103 1620 3446 1693 regulariter

1798 1711 1854 1762 et
1877 1707 2108 1778 proprie
2140 1708 2524 1780 semetipsum
2557 1707 2791 1779 exponit
2813 1709 2956 1780 quid
2980 1709 3050 1764 de
3079 1707 3198 1764 illis
3229 1709 3446 1765 ordini-

1796 1796 1906 1851 bus
1931 1795 2175 1868 intelligi
2198 1796 2355 1864 velit,
2389 1797 2488 1852 ubi
2523 1797 2747 1865 inserit,
2773 1814 2875 1870 per
2904 1797 3296 1854 Simoniacam
3326 1798 3443 1853 hae-

1796 1885 1996 1953 resim,
2011 1902 2200 1956 neque
2215 1886 2534 1957 quidquam
2557 1885 2880 1958 spiritualis
2893 1886 3092 1958 gratiae
3109 1886 3445 1958 intervenit,

1797 1973 1898 2027 ubi
1914 1972 2172 2045 maligna
2184 1973 2422 2029 haeresis
2445 1972 2957 2028 mediatrixfuerit.
2983 1972 3076 2028 Sic
3097 1972 3243 2028 etibi
3266 1989 3444 2030 usua-

1795 2061 1927 2117 liter
1968 2061 2246 2134 loquitur,
2292 2063 2392 2116 ubi
2440 2063 2582 2117 dicit
2633 2063 2788 2134 quod
2846 2061 3116 2118 homines
3162 2061 3444 2134 Spiritum

1795 2156 2066 2207 sanctum
2093 2151 2349 2223 praemiis
2362 2155 2777 2223 assequuntur,
2803 2152 2904 2207 sed
2936 2151 3287 2224 regulariter
3315 2168 3446 2208 sese

1795 2241 2049 2313 exponit,
2083 2241 2224 2312 quid
2257 2242 2412 2313 quod
2439 2240 2686 2313 intelligi
2707 2240 2860 2309 velit,
2896 2241 2995 2296 ubi
3037 2240 3245 2297 inserit
3266 2257 3442 2314 quem

1797 2330 1994 2385 divino
2027 2346 2268 2385 munere
2297 2330 2512 2385 habere
2543 2330 2895 2402 despiciunt.
2936 2329 3077 2394 Quis
3129 2330 3285 2386 enim
3317 2330 3444 2386 sine

1795 2419 1911 2474 Deo
1943 2417 2227 2490 Spiritum
2248 2422 2542 2482 sanctum,
2565 2417 2786 2474 scilicet
2815 2419 3035 2474 donum
3056 2420 3204 2491 ejus,
3231 2420 3445 2476 habere

1795 2507 2020 2580 potest?
2051 2508 2250 2580 Neque
2273 2509 2428 2563 enim
2453 2507 2611 2563 aliud
2645 2508 2820 2576 Deus,
2847 2507 3006 2563 aliud
3037 2509 3260 2564 donum
3290 2509 3444 2580 ejus,
3485 2535 3494 2543 ε

1794 2599 1851 2653 id
1884 2602 1973 2654 est
1994 2597 2248 2668 Spiritus
2290 2600 2556 2661 sanctus,
2590 2596 2860 2667 quamvis
2890 2596 3097 2652 merito
3129 2596 3358 2651 dicatur
3387 2601 3445 2652 et

1795 2689 1873 2744 sit
1901 2686 2073 2742 alius.
2107 2686 2256 2750 Quid
2285 2685 2497 2740 modus
2517 2684 2828 2740 locutionis
2846 2687 2965 2738 tam
2988 2684 3191 2739 creber
3218 2685 3278 2739 in
3301 2685 3443 2741 divi-

1793 2777 1887 2832 nis
1906 2774 1995 2830 vel
2026 2774 2303 2829 humanis
2326 2772 2612 2844 reperitur
2631 2771 2862 2839 litteris,
2888 2788 2991 2827 seu
3017 2771 3191 2828 etiam
3214 2773 3273 2827 in
3298 2789 3439 2844 quo-

1794 2862 2031 2920 tidianis
2061 2859 2633 2917 confabulationibus
2665 2859 2904 2924 nostris,
2937 2864 3000 2914 ut
3031 2859 3207 2932 prisci
3237 2877 3438 2933 gram-

1794 2953 1991 3009 matici
2033 2950 2268 3024 proprio
2289 2955 2477 3022 tropo,
2511 2949 2611 3021 qui
2645 2949 3009 3004 catachresis
3039 2948 3272 3021 dicitur,
3304 2966 3452 3006 cum'

1795 3042 2018 3110 donari,
2050 3041 2139 3096 vel
2169 3040 2399 3096 odorari
2453 3039 2880 3094 consueverint.
2917 3039 3100 3110 Cujus
3130 3039 3307 3096 etiam
3339 3057 3439 3097 vo-

16 3189 20 3194 .
58 3133 349 3191 nonnullos
367 3135 631 3188 vestrum
661 3145 794 3185 cum
825 3127 1030 3201 pretiis
1061 3127 1247 3183 facere
1288 3127 1685 3183 ordinationes
1791 3131 1985 3189 cabuli
2013 3130 2134 3186 vim
2167 3129 2360 3185 taliter
2389 3129 2653 3185 edocent.
2705 3127 3115 3185 Cathachresis
3143 3134 3236 3186 est
3266 3146 3440 3186 usur-

16 3251 17 3285 ς
57 3224 431 3295 agnoscimus,
481 3218 850 3292 spiritualem
909 3216 1161 3289 gratiam
1212 3217 1483 3285 vendere,
1519 3220 1576 3271 et
1613 3218 1685 3271 de
1725 3292 1751 3295 _A
1791 3222 1947 3295 patio
1977 3220 2153 3278 alieni
2184 3217 2458 3287 nominis,
2501 3223 2567 3274 ut
2613 3218 2858 3290 piscina,
2913 3235 3046 3274 cum
3094 3219 3285 3291 pisces
3317 3235 3433 3274 non

16 3339 19 3374 ε
57 3292 240 3369 alienis
265 3309 681 3384 iniquitatibus
707 3324 840 3362 cum
859 3305 1079 3379 peccati
1099 3306 1315 3361 damno
1335 3304 1681 3377 temporalia
1711 3292 1753 3358 C
1791 3292 2022 3366 habeat.
2055 3309 2142 3364 Fit
2167 3323 2304 3379 ergo
2334 3311 2500 3378 tropo
2522 3307 2650 3372 hoc,
2675 3311 2741 3361 ut
2760 3323 2851 3362 res
2870 3324 2985 3363 non
3007 3306 3231 3362 habens
3261 3323 3436 3363 suum

16 3431 18 3463 ς
56 3398 199 3455 lucra
225 3399 553 3457 cumulare.
586 3419 614 3447 ››
644 3399 713 3452 Et
744 3399 874 3468 post
926 3411 1131 3467 pauca.
1169 3417 1196 3444 «
1231 3393 1514 3449 Columba
1543 3410 1677 3449 ven-

16 3533 20 3553 π
58 3489 214 3561 ditur,
245 3490 384 3563 quia
403 3504 620 3544 manus
643 3485 938 3558 impositio
961 3501 1064 3556 per
1080 3501 1257 3555 quam
1281 3486 1521 3540 sanctus
1550 3481 1679 3554 Spi-

1791 3415 2002 3456 nomen
2030 3400 2277 3468 usurpet
2305 3395 2583 3450 alienum.
2631 3396 2833 3466 Itaque
2863 3400 3093 3452 constat
3123 3395 3232 3451 hoc
3261 3397 3432 3452 modo

1793 3492 2027 3545 sanctos
2058 3486 2258 3541 Patres
2290 3487 2521 3539 nostros
2543 3483 2734 3539 aliena
2755 3485 2996 3540 nomina
3025 3485 3133 3540 rite
3150 3501 3218 3540 ex
3239 3485 3439 3556 aliqua

16 3607 20 3642 ς
57 3576 186 3635 ritus
213 3577 438 3635 caelitus
471 3575 774 3648 accipitur,
807 3573 880 3629 ad
931 3572 1181 3645 pretium
1213 3573 1522 3644 praebetur.
1558 3592 1586 3619 »
1620 3573 1683 3626 In
1789 3593 1988 3633 rerum
2010 3571 2395 3630 similitudine
2425 3589 2761 3645 usurpasse,
2796 3573 2895 3628 ubi
2925 3575 3008 3629 eis
3037 3575 3293 3646 propria,
3314 3590 3444 3647 quas

16 3699 20 3732 ε
61 3668 251 3737 quibus
295 3667 504 3740 utique
552 3665 706 3720 beati
755 3661 1015 3734 Gregorii
1063 3661 1256 3716 verbis
1299 3660 1348 3717 si
1395 3661 1686 3732 recipiunt

15 3787 20 3805 ι
62 3757 192 3827 quod
217 3757 298 3813 ait
319 3753 639 3814 nonnullos
652 3750 1015 3825 spiritualem
1031 3750 1280 3822 gratiam
1302 3750 1567 3814 vendere,
1584 3765 1688 3804 cur

16 3889 19 3894 .
61 3845 361 3919 negligunt,
381 3845 541 3918 quod
562 3841 887 3914 subjungit,
906 3857 1005 3897 eos
1030 3841 1100 3895 de
1124 3839 1333 3895 alienis
1364 3838 1689 3910 iniquitati-

16 3965 20 3998 ί
62 3932 156 3990 bus
198 3952 329 3991 cum
379 3936 619 4007 peccato
667 3928 1011 4002 temporalia
1053 3928 1215 3984 lucra
1244 3927 1590 3983 cumulare?
1621 3928 1690 3983 Et

15 4079 20 4098 9
63 4025 330 4092 quomodo
353 4019 682 4096 spiritualis
703 4017 892 4092 gratia
913 4021 1102 4090 potest
1121 4016 1242 4073 illic
1262 4017 1434 4072 vendi
1465 4023 1522 4072 et
1551 4017 1688 4084 emi,

16 4143 19 4176 ι
67 4110 152 4164 ubi
169 4111 405 4169 alterius
427 4107 1027 4182 iniquitas,emptoris
1045 4105 1520 4172 scilicet,1ucrum
1543 4111 1689 4162 tem-

68 4200 259 4272 porale,
286 4201 481 4270 alteri,
513 4200 572 4254 id
606 4202 694 4254 est
721 4197 1027 4261 venditori,
1061 4213 1194 4251 cum
1226 4201 1462 4267 peccato
1492 4213 1694 4253 cumu-

68 4284 175 4344 lat?
203 4292 333 4355 Quae
362 4290 525 4346 enim
562 4285 891 4361 spiritualis
917 4284 1104 4359 gratia
1133 4285 1343 4358 poterit
1372 4285 1498 4340 dari
1524 4290 1580 4341 et
1600 4303 1694 4342 ac-

69 4375 183 4448 cipi,
214 4381 312 4436 ubi
345 4378 655 4449 utriusque
687 4374 970 4447 iniquitas
1012 4375 1346 4430 ostenditur
1373 4374 1598 4446 operari
1623 4375 1696 4431 si-

70 4465 304 4537 quidem,
320 4472 388 4524 ut
409 4467 658 4522 dilectus
677 4463 907 4520 Domini
925 4463 1181 4519 Joannes
1194 4463 1429 4518 asserit:
1454 4483 1474 4510 σ
1492 4463 1696 4519 Omnis

70 4553 153 4622 qui
181 4555 314 4612 facit
329 4559 636 4629 peccatum
665 4558 722 4608 et
743 4551 1116 4623 iniquitatem
1142 4551 1369 4620 facit,et
1391 4555 1695 4623 peccatum

1796 3667 1997 3737 utique
2028 3681 2215 3736 pauca
2243 3666 2401 3729 sunt,
2436 3665 2494 3716 et
2518 3661 2836 3732 aliquando
2887 3665 3209 3721 narrationi
3243 3665 3444 3721 minus

1796 3759 1932 3828 apta
1964 3751 2253 3823 contingit
2283 3768 2398 3806 non
2431 3751 2653 3806 adesse.

1869 3843 2032 3899 Unde
2062 3858 2195 3896 cum
2227 3840 2465 3913 plurimi
2499 3839 2622 3908 alii,
2653 3843 2778 3895 tum
2801 3840 2976 3896 etiam
3002 3841 3063 3896 B.
3099 3857 3252 3914 papa
3280 3845 3449 3896 Inno-

1799 3933 2025 3989 centius
2057 3930 2199 3985 dicit
2229 3929 2517 4001 quosdam
2545 3929 2614 3983 ab
2646 3928 2932 3984 haereticis
2963 3929 3278 3998 ordinatos,
3312 3946 3447 3986 cum

1800 4022 2000 4079 statim
2032 4022 2256 4076 astruat
2286 4017 2433 4072 nihil
2456 4034 2524 4072 ex
2555 4015 2657 4072 illa
2676 4019 3043 4074 ordinatione
3065 4019 3179 4074 nisi
3211 4020 3451 4076 damna-

1800 4111 2018 4166 tionem
2038 4109 2298 4179 adeptos.
2325 4107 2488 4172 Quod
2510 4106 2560 4161 si
2585 4107 2816 4178 proprie
2837 4106 3086 4179 loquens
3111 4107 3356 4165 dixisset
3378 4108 3452 4164 ab

1802 4197 2088 4255 haereticis
2102 4197 2431 4266 damnatos,
2455 4199 2760 4271 putaretur
2773 4196 2991 4254 dixisse
3013 4196 3240 4270 aliquos
3253 4198 3454 4254 catho-

1803 4289 1947 4344 licos
1976 4287 2047 4341 ab
2083 4284 2367 4340 haereticis
2416 4284 2712 4356 depositos
2752 4290 2852 4340 aut
2897 4287 3453 4343 excommunicatos.

1808 4377 1957 4444 Quin
1978 4375 2155 4431 etiam
2179 4374 2301 4445 ipse
2325 4373 2385 4426 B.
2410 4372 2744 4444 Gregorius,
2763 4390 2884 4445 qua
2904 4375 3226 4431 intentione
3257 4391 3455 4431 sacros

1804 4466 2038 4524 ordines
2053 4463 2312 4520 atalibus
2325 4461 2570 4517 conferri
2583 4461 2669 4517 vel
2682 4462 3049 4533 spiritualem
3063 4464 3311 4536 gratiam
3324 4479 3458 4520 ven-

1807 4558 1888 4624 di,
1922 4559 2023 4612 aut
2043 4555 2178 4621 emi,
2207 4557 2262 4608 et
2291 4552 2632 4623 hujusmodi
2649 4557 2858 4607 caetera
2878 4552 3106 4620 dixerit,
3123 4553 3181 4607 in
3201 4552 3314 4606 ﬁne
3337 4567 3457 4607 sua:

72 4647 145 4697 est
171 4644 489 4718 iniquitas?
523 4666 552 4695 »
576 4644 622 4715 (Ι
650 4645 809 4698 εῙοαη.
845 4659 926 4710 III,
950 4640 1025 4712 4.)
1061 4640 1232 4696 Absit
1253 4657 1408 4713 ergo,
1429 4641 1601 4708 absit,
1634 4645 1701 4696 ut
1732 4661 1778 4724 Π
1811 4644 2164 4703 narrationis
2189 4642 2468 4708 ostendit,
2492 4642 2590 4697 ubi
2615 4645 2972 4714 protestatur
2989 4641 3458 4697 benedictionem

73 4727 302 4801 Spiritus
348 4737 594 4790 sanctus
647 4731 936 4787 mediator
983 4728 1354 4801 aliquatenus
1384 4731 1705 4786 aestimetur

70 4819 145 4873 vel
169 4825 285 4878 tam
315 4823 594 4896 turpibus
625 4826 682 4877 et
712 4819 978 4876 nefandis
1019 4818 1406 4888 commerciis,
1439 4819 1540 4874 ubi
1569 4819 1706 4875 hinc

72 4903 188 4964 inde
208 4911 494 4984 iniquitas
511 4911 824 4966 comitatur
845 4913 900 4964 et
921 4907 1284 4963 dominatur!
1308 4907 1431 4962 Non
1454 4924 1590 4980 ergo
1613 4925 1706 4964 co-

73 4991 255 5056 lumba
281 5000 582 5070 venditur,
617 5016 731 5054 non
753 4997 988 5066 emitur,
1023 4998 1119 5052 sed
1152 4996 1426 5052 vendivel
1461 4997 1576 5053 emi
1609 5014 1708 5068 pu-

76 5083 230 5156 tatur,
247 5089 595 5145 autvidetur
609 5106 642 5144 a
664 5085 963 5159 sacrilegis
983 5090 1039 5141 et
1060 5084 1512 5158 stultis,quoties
1530 5102 1708 5157 prava

77 5187 266 5234 manus
294 5195 502 5235 eorum
535 5175 832 5250 impositio
865 5176 938 5231 ad
970 5175 1225 5247 pretium
1259 5175 1570 5246 praebetur.
1604 5174 1710 5229 Per

77 5275 233 5331 Quam
255 5272 480 5335 tamen,
505 5265 975 5337 quandocunque
996 5264 1062 5318 fit
1083 5262 1284 5319 abillis
1302 5279 1552 5334 quorum
1571 5263 1712 5318 inte-

76 5356 197 5419 rest,
227 5356 487 5428 Spiritus
519 5358 760 5411 sanctus
779 5352 1007 5408 caelitus
1026 5350 1331 5424 accipitur,
1365 5351 1466 5422 qui
1489 5350 1710 5407 nullam

77 5451 268 5498 manus
297 5459 506 5501 eorum
555 5441 992 5515 impositionem
1043 5440 1470 5510 negotiatorum
1508 5439 1712 5511 quales

78 5525 310 5588 diximus
333 5533 538 5607 aliqua
566 5549 635 5587 ex
664 5534 826 5604 parte
847 5530 1038 5603 gratia
1059 5546 1167 5586 sua
1188 5529 1487 5601 dignatur,
1520 5529 1621 5585 sed
1644 5546 1713 5585 ex

79 5614 437 5682 damnatione
491 5621 616 5681 sola
661 5619 857 5679 taliter
903 5622 1142 5696 accepta
1188 5618 1406 5694 pariter
1449 5635 1708 5678 exsecra-

77 5705 183 5776 tur.

1813 4735 1931 4791 illis
1963 4734 2020 4788 in
2054 4731 2523 4788 maledictionem
2547 4731 2824 4798 converti,
2849 4731 2987 4786 etad
3007 4730 3114 4785 hoc
3132 4729 3461 4802 promoveri

1818 4820 2322 4879 utﬁanthmretici.
2347 4820 2434 4874 Ad
2453 4820 2607 4890 quod
2624 4819 2712 4875 fac
2732 4835 2843 4876 nus
2857 4819 3292 4876 emendandum
3307 4818 3465 4890 quis-

1816 4913 1969 4985 quis,
2021 4910 2196 4966 oflicii
2242 4910 2331 4965 sui
2392 4909 2875 4975 consideratione,
2925 4910 3300 4964 vehementer
3347 4923 3464 4964 non

1817 5001 2135 5066 exarderet,
2169 5015 2300 5054 cum
2323 5002 2558 5053 auctore
2609 4998 2787 5069 hujus
2819 4998 3107 5055 haereseos
3138 4997 3468 5069 portionem

1817 5106 1878 5145 se
1902 5088 2243 5142 habiturum
2263 5088 2669 5142 incunctanter
2690 5086 2901 5142 sciret?
2915 5087 3031 5143 Hoc
3045 5102 3278 5158 quoque
3295 5085 3468 5141 modo

1817 5176 2133 5233 locutionis
2156 5190 2299 5247 pene
2318 5175 2578 5247 quotidie
2605 5176 2820 5231 dicitur
2840 5175 3236 5247 quisvendere
3257 5175 3464 5241 Deum,

1817 5281 1950 5321 cum
1977 5263 2275 5334 justitiam
2312 5263 2530 5332 vendit,
2567 5279 2701 5319 cum
2733 5269 2960 5320 constet
2989 5270 3262 5319 neutrum
3295 5276 3470 5332 posse

1815 5352 2010 5419 vendi,
2046 5353 2148 5407 sed
2194 5356 2512 5423 utrumque
2561 5353 2745 5424 pretio
2777 5353 3030 5419 otl'endi;
3083 5364 3271 5421 neque
3305 5347 3464 5402 enim

1817 5440 2086 5497 venditor
2111 5439 2270 5494 aliud
2295 5441 2559 5495 concedit
2592 5441 2704 5496 nisi
2735 5441 3071 5506 falsitatem,
3105 5452 3209 5491 nec
3239 5438 3469 5505 emptor

1819 5529 1959 5585 diud
1993 5527 2206 5600 accipit
2247 5529 2358 5583 nisi
2410 5530 2700 5596 eamdem,
2729 5547 2831 5601 pro
2857 5545 2973 5600 qua
3001 5539 3200 5598 parem
3230 5523 3467 5594 utrique

1817 5617 2126 5673 incurrunt
2141 5617 2599 5674 damnationem.
2616 5620 2686 5674 Et
2706 5623 2899 5675 tamen
2921 5629 3055 5672 cum
3071 5615 3316 5682 uterque
3334 5627 3468 5670 vere

1821 5705 1899 5769 sit
1921 5721 2080 5780 reus,
2099 5708 2158 5767 et
2179 5723 2287 5772 sua
2306 5706 2498 5784 ipsius
2522 5706 2878 5769 conscientia
2888 5706 3033 5767 teste
3049 5703 3294 5782 uterque
3305 5701 3465 5767 dam-
