3876 6374
401 414 561 480 1039
1450 413 1856 486 HUMCERTI
1903 412 1966 474 S.
2013 411 2090 474 Η.

399 552 574 602 natus
605 561 756 600 unus
781 560 981 600 eorum
1005 544 1186 616 judex
1217 544 1451 599 abusive
1482 546 1710 609 dicitur,
1737 545 1878 599 alter
1899 561 2026 600 vero
2058 552 2106 614 Α

401 635 725 702 absolutus,
746 649 877 688 cum
901 633 1094 706 potius
1115 633 1192 688 sit
1221 633 1527 703 obligatus.
1561 634 1652 686 Sic
1673 639 1726 686 et
1745 635 1892 704 apud
1918 635 2029 687 hnc-

398 723 608 779 reticos
650 722 926 778 dicuntur
964 737 1091 777 esse
1121 721 1396 792 episcopi,
1431 722 1780 786 sacerdotes,
1813 727 1870 777 et
1901 722 2030 776 reli-

401 827 652 884 quorum
682 811 974 876 ordinum,
997 809 1152 879 cleri,
1171 808 1442 876 ecclesim,
1462 810 1878 878 ordinationes,
1897 827 2030 864 con-

402 899 772 967 secrationes,
805 897 1084 954 sacriﬁcia
1103 901 1160 952 et
1180 898 1401 968 reliqua
1424 899 1618 952 omnia
1648 899 2028 965 sacramenta,

404 990 506 1044 sed
537 987 768 1044 nomine
796 992 964 1042 tenus
994 991 1050 1040 et
1077 987 1266 1056 specie
1295 991 1466 1041 tenus
1497 992 1744 1051 tantum,
1776 1004 1890 1042 non
1924 1005 2030 1041 an-

402 1080 521 1134 tem
553 1076 748 1148 aliqua
776 1076 988 1130 virtute
1017 1079 1073 1130 et
1094 1075 1332 1130 veritate
1357 1077 1615 1146 ipsarum
1667 1092 1884 1130 rerum.
1917 1077 2029 1130 Nec

402 1165 637 1233 mirum,
652 1181 785 1220 cum
808 1168 865 1218 et
881 1164 1032 1236 apud
1051 1164 1314 1218 ethnicos
1331 1181 1474 1234 pene
1492 1163 1685 1217 omnia
1701 1169 2028 1218 nostrorum

398 1258 894 1310 sacramentorum
928 1253 1165 1307 nomina
1186 1253 1566 1323 reperiantur,
1593 1253 1805 1322 quibus
1836 1257 2027 1306 tamen

399 1342 588 1398 solum
611 1341 1000 1414 sacrilegium,
1025 1359 1138 1394 non
1158 1346 1349 1396 autem
1367 1341 1620 1410 aliquam
1642 1341 2029 1404 sanctitatem,

398 1436 500 1486 aut
520 1431 818 1486 veritatem
836 1431 1048 1498 inesse,
1091 1446 1259 1482 nemo
1284 1429 1390 1481 nisi
1420 1429 1657 1481 insanus
1681 1429 2026 1482 arbitratur:

398 1519 685 1590 quidquid
712 1519 869 1574 enim
891 1519 1015 1572 sine
1038 1519 1147 1570 ﬁde
1171 1522 1258 1571 est
1279 1522 1574 1586 peccatum
1611 1522 1698 1571 est
1717 1519 1886 1585 (Itum.
1914 1535 2027 1580 xw,

395 1609 888 1679 23.)Quapropter
909 1605 1240 1674 nullusjam
1271 1610 1606 1675 usurpatus,
1630 1610 1685 1658 ct
1709 1607 1761 1659 iu
1788 1605 2033 1676 propriis

399 1695 753 1750 dictionibus
775 1695 1048 1749 seductus
1069 1711 1102 1748 a
1124 1694 1354 1764 propria
1383 1700 1437 1747 et
1475 1693 1678 1748 intima
1702 1711 2030 1748 sacramen-

399 1788 591 1840 torum
619 1783 854 1838 veritate
885 1783 1130 1850 aberret,
1165 1787 1227 1834 ut
1263 1782 1476 1844 credat,
1523 1788 1623 1835 aut
1673 1783 1941 1852 prmdicet
1971 1799 2032 1836 se

398 1870 486 1925 vel
509 1887 860 1942 quemquam
889 1869 1064 1923 alium
1089 1869 1268 1940 gratis
1303 1875 1403 1924 aut
1426 1887 1538 1923 non
1573 1872 1750 1940 gratis
1774 1870 2032 1940 accipere
2062 1908 2110 1972 Β

401 1975 570 2029 posse
593 1957 924 2029 aquolibet,
949 1957 1088 2028 quia
1125 1959 1274 2028 quod
1311 1959 1514 2028 qurerit
1544 1975 1646 2012 nec
1667 1958 1894 2028 accipit,
1929 1975 2032 2011 nec

401 2047 592 2102 habet.
621 2045 990 2110 Quantolibet
1019 2045 1173 2100 enim
1207 2046 1402 2100 studio
1427 2045 1658 2116 piscinae
1703 2044 2030 2110 incumbas,

399 2140 500 2190 aut
529 2135 786 2202 insistas,
821 2139 887 2188 ut
919 2135 1103 2205 pisces
1135 2133 1259 2201 tibi,
1300 2150 1445 2203 quos
1492 2134 1630 2204 quia
1671 2151 1782 2187 non
1815 2135 2036 2204 accepit

401 2240 514 2278 non
535 2223 730 2290 habet,
755 2240 823 2278 ex
853 2239 918 2278 eo
957 2223 1173 2293 capias,
1217 2221 1359 2275 nihil
1399 2221 1502 2274 tibi
1543 2238 1750 2276 nomen
1792 2223 1919 2290 ejus
1949 2239 2035 2294 vel

403 2312 482 2368 rei
505 2312 826 2368 similitudo
849 2311 958 2365 nisi
982 2327 1190 2364 vanam
1215 2311 1610 2380 fatigationem
1637 2317 1891 2381 praestat,
1917 2314 2033 2367 sive

403 2401 605 2474 gratis,
638 2399 757 2456 sive
787 2415 901 2454 non
933 2399 1114 2470 gratis
1145 2399 1199 2452 id
1233 2397 1446 2469 exigas.
1484 2398 1680 2452 Restat
1709 2415 1843 2470 ergo
1869 2405 1932 2453 ut
1952 2402 2036 2454 Si-

405 2488 651 2549 moniaci
675 2487 1000 2543 sacerdotes
1021 2502 1151 2540 cum
1176 2486 1305 2540 aliis
1329 2486 1608 2540 haereticis
1632 2488 1699 2540 ad
1743 2504 2038 2560 compar-a-

405 2577 618 2632 tionem
645 2576 1008 2632 sacerdotum
1033 2575 1131 2646 qui
1155 2574 1342 2646 gratia
1363 2573 1457 2629 Dei
1482 2579 1617 2627 sunt
1641 2575 1693 2628 id
1719 2578 1870 2646 quod
1898 2583 2036 2631 sunt

406 2667 454 2738 (1
481 2668 598 2722 Cor.
625 2683 718 2731 xv,
742 2665 852 2736 10),
881 2681 992 2719 non
1033 2664 1348 2734 incongrue
1388 2663 1785 2718 assimilentur
1806 2670 2034 2720 statun-

405 2754 672 2825 culis,vel
687 2754 809 2810 auri
833 2753 1171 2825 argentique
1184 2751 1534 2819 simulacris,
1555 2770 1702 2823 qum,
1719 2753 1870 2808 sicut
1887 2755 2039 2809 Psal-

404 2844 579 2901 mista
607 2843 763 2899 canit
792 2866 812 2892 ι
839 2859 903 2897 os
942 2842 1175 2906 habent,
1218 2845 1275 2896 et
1305 2858 1420 2896 non
1451 2839 1800 2912 loquentur;
1835 2843 2034 2898 oculos

403 2933 638 2998 habent,
671 2937 729 2988 et
758 2949 871 2986 non
904 2929 1216 2996 videbunt;
1241 2945 1408 2984 aures
1442 2929 1678 2995 habent,
1703 2935 1758 2985 et
1797 2947 1909 2985 non
1935 2948 2038 2986 au-

404 3025 567 3082 dient
588 3041 602 3090 ;
626 3038 794 3078 nares
818 3019 1051 3086 habent,
1075 3022 1262 3073 etnon
1293 3018 1654 3085 odorabunt;
1678 3035 1783 3073 nec
1814 3023 1901 3074 est
1921 3021 2038 3091 spi-

405 3112 556 3168 ritus
587 3110 645 3166 iu
675 3125 772 3166 ore
801 3108 1084 3179 ipsorum.
1117 3106 1322 3160 Manus
1352 3105 1565 3159 habent
1595 3110 1651 3160 et
1690 3123 1800 3161 non
1836 3107 2042 3179 palpa-

407 3206 586 3266 sunt;
612 3198 786 3271 pedes
813 3196 1102 3250 habentet
1125 3211 1234 3248 non
1257 3192 1642 3248 ambulabunt
1667 3212 1679 3260 ;
1701 3212 1811 3249 non
1831 3195 2040 3250 clama-

406 3293 546 3346 sunt
575 3269 885 3359 ingutture
907 3300 1012 3339 suo
1047 3283 1220 3352 (I’sal.
1249 3298 1406 3351 exui,
1428 3282 1567 3351 5-7).
1597 3305 1622 3330 η
1660 3283 1854 3354 Neque
1877 3285 2030 3338 enim
2062 3269 2104 3336 C

403 3397 468 3436 ea
499 3379 663 3444 ﬁdes,
697 3375 795 3431 sed
828 3371 1072 3446 perﬁdia
1109 3370 1420 3426 adinvcnit.

469 3467 651 3533 Unde,
683 3481 815 3519 cum
861 3461 1099 3516 nomina
1128 3461 1328 3514 eadem
1378 3464 1432 3514 et
1475 3459 1729 3530 aliquam
1761 3478 2028 3515 verorum

401 3555 794 3612 membrorum
825 3548 1268 3608 similitudinem
1305 3565 1442 3603 aure
1491 3554 1681 3614 tenus,
1715 3549 1832 3604 sive
1863 3550 2028 3604 oculo

398 3649 569 3702 tenus
590 3643 861 3708 referant,
882 3637 1027 3694 nihil
1062 3642 1252 3693 tamen
1297 3637 1553 3692 veritatis
1577 3638 1631 3692 in
1663 3655 1724 3692 se
1755 3639 2024 3694 retinent.

396 3733 542 3790 Nam
570 3749 634 3788 os
664 3747 864 3786 eorum
897 3727 1000 3797 nil,
1031 3727 1144 3781 nisi
1195 3726 1312 3781 oris
1360 3725 1479 3780 veri
1528 3726 1699 3781 inane
1730 3745 1939 3782 nomen
1972 3732 2028 3782 et

398 3819 979 3896 quantulamcunque
1029 3813 1498 3884 similitudinem,
1548 3819 1739 3868 tamen
1795 3833 2025 3881 vanam,

396 3909 722 3986 praetendit,
753 3922 884 3963 cum
919 3921 986 3960 ex
1017 3903 1278 3969 materia,
1325 3903 1566 3971 factura,
1617 3907 1674 3957 et
1719 3903 2029 3960 efﬁcientia

397 3999 634 4056 omnino
664 3993 948 4051 dissimile
975 3993 1070 4059 sit,
1103 3991 1323 4046 scilicet
1353 3997 1544 4045 careat
1584 3991 1836 4059 ossibus,
1869 4009 2026 4047 com-

397 4087 666 4160 pagibus,
687 4083 899 4151 nervis,
919 4081 1101 4150 venis,
1125 4079 1428 4150 sanguine,
1451 4097 1640 4146 carne,
1667 4086 1814 4145 cute,
1838 4081 1954 4135 vita
1973 4087 2030 4137 et

398 4169 1386 4246 motu,gustandi,flandi,spuendi,
1403 4167 1518 4223 sive
1532 4170 1794 4224 screandi
1819 4169 2020 4225 effectu

395 4265 506 4320 hoc
525 4267 582 4319 et
600 4263 670 4317 de
688 4259 904 4316 caeteris
929 4257 1208 4314 membris
1235 4258 1455 4312 dictum
1486 4263 1648 4329 puta,
1685 4259 1900 4330 quibus
1924 4276 2026 4315 nec

395 4353 507 4410 sibi
526 4367 629 4407 nec
650 4349 924 4422 cuiquam
946 4345 1136 4402 valent
1158 4346 1448 4417 prodesse,
1471 4351 1569 4400 aut
1586 4345 1778 4417 aliqua
1798 4348 2026 4403 efﬁcere

394 4441 726 4500 simulacra.
761 4437 1069 4495 Simoniaci
1095 4452 1230 4508 ergo
1253 4435 1599 4500 sacerdotes,
1633 4435 1818 4490 instar
1847 4437 2025 4492 simu-

391 4532 703 4598 lacrorum,
724 4527 956 4585 nonnisi
978 4527 1148 4581 inane
1171 4542 1380 4580 nomen
1403 4524 1819 4579 catholicorum
1844 4543 2023 4581 sacer-

389 4617 991 4688 dotum,etexterioris
1005 4614 1195 4670 cultus
1207 4631 1407 4669 eorum
1430 4613 1844 4668 similitudines
1861 4632 2024 4669 usur-
2050 4635 2098 4700 D

389 4715 614 4784 pantes,
641 4708 781 4780 quia
809 4703 1143 4761 mediatrice
1173 4703 1430 4772 avaritia,
1461 4719 1584 4773 quze
1625 4701 2018 4758 estidolorum

390 4799 636 4856 servitus
661 4796 873 4868 (Eplws.
898 4811 950 4860 v,
973 4794 1050 4864 5),
1067 4808 1206 4846 auro
1220 4796 1523 4863 ctargento
1541 4791 1668 4845 facti
1687 4792 2024 4863 sunt,quasi

391 4885 707 4942 simulacra
725 4900 901 4938 aurea
919 4881 1004 4936 vcl
1023 4885 1294 4951 argentea
1336 4882 1406 4934 ab
1449 4880 1772 4935 idololatria
1793 4898 2025 4952 accepe-

391 4977 548 5030 runt.
563 4974 816 5037 Quorum
833 4967 1554 5040 quiaomniasuntfucata,
1577 4973 1730 5039 patet
1773 4971 2022 5040 profecto

393 5061 545 5135 quod
570 5059 810 5116 minimc
826 5059 1166 5112 zrstimanda
1183 5058 1298 5113 sint
1317 5075 1441 5128 quin
1462 5058 1613 5126 apud
1633 5073 1730 5112 eos
1748 5059 2024 5112 dicuntur

393 5153 778 5208 sacramenta.
798 5145 956 5202 Unde
971 5147 1338 5218 etepiseopus
1355 5145 1556 5200 talium
1576 5145 1774 5208 factor,
1791 5145 2020 5202 etiamsi

392 5240 615 5314 pridem
639 5235 1436 5308 computabaturratholicus,
1453 5232 1756 5287 accedente
1769 5233 1876 5287 sibi
1895 5252 2021 5304 pre-

391 5330 492 5398 tio,
526 5330 668 5384 ﬁtet
709 5327 830 5399 ipse
854 5325 1257 5390 statunculus;
1311 5322 1638 5393 pariterque
1685 5322 2016 5391 simulacra,

389 5420 473 5475 vel
490 5414 1012 5492 potiusidololatra)
1031 5416 1314 5485 quotquot
1343 5427 1504 5480 spem
1535 5409 1738 5463 salutis
1759 5409 1810 5463 in
1829 5412 2022 5482 cispo-

390 5512 760 5576 nentes,eoru
772 5523 824 5560 m
838 5502 1152 5558 vanitatem
1171 5499 1844 5561 reverentur,secundum
1865 5502 2017 5570 quod

391 5592 700 5650 Psalmista
722 5593 1110 5666 imprecetur:
1145 5612 1170 5637 ‹‹
1204 5585 1430 5644 Similes
1472 5584 1589 5640 illis
1639 5587 1777 5641 ﬁant
1805 5587 1902 5658 qui
1937 5590 2018 5644 fa-

391 5678 553 5742 ciunt
571 5693 660 5753 ea,
682 5685 740 5740 et
759 5695 964 5742 omnes
985 5677 1085 5755 qui
1109 5675 1406 5736 conﬁdunt
1441 5673 1498 5732 in
1532 5673 1616 5731 eis
1647 5674 1824 5748 (Psal.
1857 5693 2018 5752 exui,

2133 409 2205 474 E.
2251 405 2740 475 CARDINALIS.
3731 411 3856 472 imi

2137 549 2193 616 8)
2218 568 2242 595 ››
2273 547 2336 600 Et
2362 547 2567 600 iterum
2595 563 2607 599 :
2636 570 2660 594 ‹‹
2685 545 3138 602 Confundantur
3174 559 3412 601 omnes
3453 541 3581 616 qui
3621 544 3855 600 adorna.

2139 633 2451 704 sculptilia,
2476 640 2526 686 et
2553 634 2646 704 qui
2672 634 3070 702 glorianturin
3110 633 3497 689 simulacris
3533 633 3855 698 suis(P.m!.

2139 739 2286 788 XCVI,
2307 725 2386 790 7).
2421 744 2450 772 ››
2475 722 2675 776 Nonne
2708 722 3034 794 gloriantur
3083 725 3144 777 in
3178 721 3580 778 simulacris
3611 723 3756 778 suis
3783 741 3855 794 qu.

2139 810 2454 881 praedicant
2481 814 2637 865 ratas
2668 811 3136 867 consecrationes
3169 811 3305 867 ﬁeri
3357 828 3400 867 a
3433 811 3856 866 Bimoniacisf

2141 899 2301 954 Unde
2326 915 2558 954 necesse
2578 903 2668 954 est
2696 900 3156 968 confundantur,
3199 901 3385 972 quia,
3426 900 3619 971 quod
3646 905 3856 956 constat

2139 1004 2253 1041 non
2277 992 2604 1057 acceptum,
2637 1003 2744 1042 nec
2764 988 2948 1060 pretio
2980 989 3200 1060 poterit
3239 989 3542 1045 conferri
3572 989 3853 1061 cuiquam

2139 1075 2464 1130 hominum.
2498 1077 2565 1130 Et
2587 1075 2725 1146 quia
2753 1077 2910 1148 quod
2935 1077 3378 1150 unusquisque
3414 1076 3610 1144 colit,
3651 1077 3768 1132 hoc
3789 1081 3849 1136 ﬁ‘.

2139 1163 2513 1218 simulacrum
2540 1165 2602 1217 ﬁt
2621 1164 2720 1234 qui
2745 1163 3134 1220 simulacrum
3162 1165 3342 1234 colit,
3386 1166 3578 1221 sicut
3609 1166 3779 1222 Deus
3808 1169 3850 1221 iii

2140 1251 2235 1321 qui
2254 1251 2432 1306 Deum
2453 1251 2611 1317 colit,
2627 1253 2835 1322 gratia,
2861 1257 3055 1308 tamen
3074 1270 3190 1309 non
3212 1260 3486 1320 natura,
3506 1258 3588 1310 ut
3601 1255 3698 1309 ait
3719 1255 3850 1310 Psal-

2141 1339 2349 1393 mista:
2403 1341 2508 1406 Ego
2558 1341 2716 1394 diri:
2769 1341 2862 1394 Dii
2901 1343 3030 1395 estis
3073 1343 3235 1411 (Ι)δαί
3289 1359 3491 1398 LXXXI
3550 1345 3642 1414 6).
3707 1345 3848 1399 Unde

2140 1427 2464 1480 avarissimi
2499 1427 2784 1494 homines,
2821 1429 3127 1499 pecuniam
3172 1435 3500 1502 tauquam
3538 1433 3741 1487 deum
3775 1451 3846 1487 ce-

2140 1515 2322 1570 lentcs
2357 1515 2632 1580 alienum,
2667 1517 3131 1588 omnipotentem
3187 1534 3354 1584 eam,
3419 1521 3610 1576 sicut
3645 1525 3847 1594 pagani

2141 1621 2518 1675 quoscunque
2541 1606 2678 1659 deos
2700 1622 2859 1670 suos,
2885 1608 3204 1674 restimant,
3233 1607 3296 1662 in
3333 1611 3615 1664 tantum
3643 1617 3720 1666 ut
3745 1613 3849 1682 Spi-

2140 1693 2316 1746 ritum
2349 1698 2617 1748 sanctum
2670 1694 2780 1748 sibi
2838 1695 3127 1763 subjicere
3177 1696 3554 1766 prevaleat.
3610 1700 3692 1755 Et
3739 1718 3847 1756 sese

2140 1783 2500 1850 majostatem
2534 1782 2885 1837 immensam
2927 1783 3118 1838 metiri
3170 1791 3514 1852 conantes,
3564 1790 3705 1861 qui,
3742 1791 3848 1845 viso

2141 1887 2404 1933 nummo,
2431 1870 2538 1941 ipsi
2565 1871 2806 1941 pallent,
2827 1875 2883 1926 et
2907 1872 2977 1925 ad
2997 1873 3128 1942 ejus
3146 1878 3376 1929 nutum
3407 1876 3650 1949 fasque
3672 1880 3849 1934 nefas-

2145 1975 2256 2028 que
2273 1963 2556 2023 exercent,
2577 1959 2814 2013 omnino
2836 1961 3084 2014 credunt
3115 1961 3236 2017 Deo
3264 1963 3528 2035 placere
3549 1969 3846 2040 quaeipsis

2145 2065 2257 2101 non
2277 2051 2464 2117 potest
2483 2064 2593 2100 non
2617 2047 2841 2113 placere
2867 2066 2879 2108 :
2905 2065 3160 2120 quorum
3192 2049 3528 2110 insaniam
3555 2056 3845 2113 Satiricus

2143 2135 2316 2189 etiam
2347 2135 2640 2205 redarguit
2667 2136 2751 2190 sic
2779 2154 2792 2191 :

2329 2250 2513 2298 Curvm
2544 2250 2598 2297 in
2621 2251 2774 2299 terris
2795 2251 3006 2310 animm.
3037 2257 3089 2302 et
3118 2255 3442 2308 cmlestium
3482 2261 3717 2312 inanes.

2329 2312 2464 2384 Quid
2489 2312 2650 2384 juvat
2672 2313 2772 2361 hoc
2800 2315 3029 2384 t_emplis_
3043 2321 3261 2366 nostros
3292 2320 3623 2374 immittere
3655 2340 3838 2384 mores,

2329 2377 2390 2422 Et
2416 2376 2555 2422 bona
2583 2375 2682 2422 diis
2713 2390 2775 2424 ex
2806 2377 2906 2425 hac
2920 2375 3188 2428 scelerata
3207 2384 3424 2432 ducere
3461 2387 3650 2450 culpa
3668 2391 3697 2436 ?

2214 2489 2372 2552 Quod
2407 2488 2452 2543 si
2485 2489 2770 2552 ethnicus,
2805 2491 3028 2547 ratione
3059 2493 3313 2563 abusus,
3354 2502 3664 2560 crederet
3696 2506 3837 2562 idola

2146 2577 2282 2632 deos
2304 2594 2429 2632 esse
2451 2579 2898 2649 omnipotentes,
2924 2586 2979 2634 et
3014 2583 3201 2637 totius
3225 2585 3374 2640 boni
3420 2597 3742 2662 auctores,
3767 2603 3835 2652 ta-

2148 2682 2300 2732 men,
2327 2671 2604 2737 tanquam
2629 2667 2910 2722 rationale
2931 2669 3174 2737 animal,
3193 2673 3442 2731 ratione
3457 2680 3543 2734 ad
3563 2679 3682 2738 hoc
3698 2691 3835 2740 trac-

2147 2760 2240 2810 tus
2261 2760 2346 2809 est
2369 2759 2432 2809 ut
2452 2772 2598 2825 quos
2621 2756 2891 2810 credebat
2904 2774 3136 2814 summe
3149 2760 3370 2832 bonos,
3388 2779 3836 2842 consequenter

2147 2859 2377 2913 quoque
2405 2845 2660 2898 crederet
2681 2861 2795 2898 non
2828 2861 2999 2916 posse
3037 2848 3124 2904 eis
3155 2848 3402 2920 placere
3440 2857 3712 2918 vitiosas
3740 2863 3828 2918 ho-

2150 2932 2374 2986 minum
2423 2933 2757 2987 affectiones
2805 2933 2926 2989 sive
2971 2936 3327 3008 passiones;
3367 2959 3641 3004 summa
3689 2951 3824 3006 enim

2145 3019 2329 3076 virtus
2361 3037 2594 3076 necesse
2625 3027 2712 3076 est
2753 3023 2932 3077 totius
2980 3024 3105 3078 vitii
3159 3026 3240 3081 sit
3291 3045 3551 3103 expers.
3587 3037 3827 3095 Putasne

2146 3109 2459 3164 Christiani
2491 3109 2626 3176 sint,
2661 3111 2758 3182 qui
2794 3111 3020 3166 Patrem
3052 3111 3388 3187 luminum,
3426 3139 3464 3176 a
3508 3141 3638 3196 quo
3668 3134 3752 3183 est
3779 3135 3826 3184 et

2148 3198 2446 3252 descendit
2475 3215 2645 3253 omne
2671 3199 2873 3254 datum
2905 3201 3222 3272 Optimum,
3273 3212 3334 3261 et
3389 3227 3584 3270 omne
3617 3217 3826 3272 donum

2144 3287 2460 3357 perfectum
2503 3289 2616 3358 (Jac
2665 3305 2701 3354 ι,
2756 3289 2866 3355 l7),
2917 3289 3146 3345 ducunt
3191 3294 3348 3350 adeo
3404 3299 3828 3374 imperfectum

2140 3381 2204 3430 ut
2234 3375 2513 3446 pecuniis,
2559 3393 2709 3430 uuas
2757 3394 2934 3448 super
2983 3379 3182 3436 omnia
3233 3383 3540 3460 diligunt,
3597 3395 3829 3450 credant

2137 3481 2198 3518 se
2231 3480 2394 3534 posse
2425 3463 2535 3519 sibi
2563 3464 2894 3530 conciliare,
2929 3471 2986 3521 et
3027 3471 3394 3542 conquirere
3431 3478 3638 3550 ipsius
3670 3501 3825 3539 sum-

2137 3568 2299 3606 mum
2323 3552 2562 3616 donum,
2594 3569 2696 3608 nec
2719 3571 2887 3624 posse
2906 3555 3022 3610 Deo
3045 3574 3159 3612 non
3182 3559 3453 3635 placere,
3485 3572 3657 3640 quod
3683 3573 3822 3646 ipsis

2137 3639 2219 3696 sic
2252 3639 2434 3712 placet
2465 3641 2760 3712 negotium
2781 3643 2809 3697 ‘I

2763 3748 2990 3804 CAPUT
3030 3752 3179 3808 XVI.

2136 3834 2414 3890 Sententia
2461 3837 2634 3890 sancti
2679 3838 2954 3920 Ambrosii
3001 3840 3068 3895 de
3111 3843 3584 3908 ordinationibus
3643 3857 3822 3914 Simo-

2806 3925 3117 3967 murorum.

2207 3995 2314 4050 Sed
2351 3994 2484 4088 hinc
2521 3997 2647 4066 jam
2684 3995 2901 4088 aliqua
2953 4003 3154 4074 magni
3205 4006 3512 4064 Ambrosii
3559 4015 3821 4088 subjun-

2134 4088 2348 4155 gantur
2375 4084 2546 4151 dicta,
2597 4085 2813 4156 quibus
2857 4087 3198 4158 Simoniaci,
3243 4094 3389 4164 quia
3423 4104 3628 4172 avari,
3669 4084 3822 4162 com-

2134 4173 2452 4266 probentur
2480 4173 2654 4228 etiam
2689 4176 2962 4244 usurarii,
3007 4183 3065 4233 et
3108 4180 3240 4236 ideo
3270 4187 3632 4247 secundum
3668 4197 3818 4266 quod

2135 4261 2416 4353 scriptum
2445 4266 2552 4353 est,
2587 4279 2763 4334 super
2812 4280 3021 4321 omnes
3073 4268 3378 4328 maledicti
3416 4275 3628 4346 (Eccli.
3663 4261 3723 4349 x',
3748 4287 3815 4353 9).

2133 4348 2334 4404 Omnis
2357 4351 2571 4422 quippe
2585 4367 2792 4406 avarus
2811 4370 2918 4408 usu
2928 4353 3143 4423 riarus,
3157 4362 3213 4412 et
3229 4363 3566 4422 usurarius
3581 4348 3812 4427 avarus.

2133 4437 2193 4491 B.
2229 4454 2373 4530 ergo
2394 4439 2756 4530 Ambrosius,
2789 4441 3022 4530 devita
3053 4449 3111 4498 et
3159 4447 3558 4510 ordinatione
3589 4459 3813 4530 episco-

2131 4543 2338 4597 porum
2362 4525 2628 4598 loquens,
2663 4527 2813 4583 inter
2842 4529 2957 4584 alia
2984 4530 3064 4586 ait
3089 4549 3102 4586 :
3142 4556 3164 4582 ι
3200 4534 3366 4592 Licet
3388 4539 3537 4609 jam
3561 4525 3812 4604 coarctat

2130 4632 2234 4670 nos
2264 4613 2445 4709 lib-elli
2477 4614 2654 4709 huius
2681 4615 2996 4709 prolixitas,
3031 4625 3088 4676 et
3133 4625 3372 4696 tempus
3427 4645 3550 4688 nos
3585 4643 3807 4709 urgeat,

2129 4708 2192 4758 ut
2221 4704 2292 4758 ad
2327 4704 2500 4758 ﬁnem
2532 4705 2710 4775 hujus
2740 4705 2932 4776 operis
2953 4709 3283 4776 veniamus,
3310 4704 3694 4780 sollicitudd
3715 4728 3810 4781 fra-

2135 4793 2280 4847 terni
2302 4809 2408 4847 nos
2432 4794 2685 4848 retardat
2705 4794 2946 4863 amoris,
2965 4795 3200 4854 illorum
3218 4804 3535 4878 praecipue
3553 4817 3809 4871 sacerdo-

2133 4886 2250 4936 tam
2265 4881 2386 4953 qui,
2405 4882 2618 4936 mentis
2636 4885 2863 4954 torpore
2899 4883 3152 4942 hebetati
3186 4893 3650 4957 sacerdotalem
3675 4905 3804 4960 infa-

2131 4975 2292 5024 mant
2316 4970 2616 5038 honorem,
2643 4975 2698 5024 et
2720 4972 2817 5042 qui
2847 4989 3054 5028 novam
3092 4977 3520 5050 prodigialiter
3545 4993 3803 5063 regulam

2131 5058 2277 5112 hanc
2295 5063 2693 5128 tempestatem
2717 5061 3011 5130 peperisse
3043 5072 3404 5133 noscuntur,
3425 5078 3491 5128 et
3512 5058 3680 5136 Gielvi
3695 5099 3802 5137 sec.

2127 5151 2314 5202 tantes
2337 5147 2658 5202 etSimonis
2671 5148 3040 5216 sententiam,
3059 5154 3244 5208 sancti
3261 5157 3674 5235 episcopatus
3691 5187 3802 5243 gra-

2129 5235 2267 5289 tiam
2291 5235 2548 5306 pecuniis
2565 5240 2920 5302 coemerunt,
2941 5255 3318 5313 nequaquam
3337 5245 3664 5324 timentes,
3681 5235 3796 5314 dum

2130 5323 2546 5378 sacerdotalem
2573 5324 2845 5379 honorem
2872 5327 3136 5396 pecuniis
3159 5341 3463 5408 emerent,
3491 5343 3614 5400 aB.
3650 5323 3795 5403 Petro

2128 5413 2386 5482 apostolo
2422 5430 2482 5466 se
2503 5429 2634 5466 cum
2673 5413 2905 5468 Simone
2939 5415 3118 5472 fuisse
3149 5419 3482 5484 damnatos
3513 5433 3795 5492 sicutait:

2131 5522 2158 5550 α
2184 5500 2452 5569 pecunia,
2475 5500 2687 5571 inquit,
2711 5506 2809 5556 tua
2843 5507 3036 5559 tecum
3057 5505 3136 5560 sit
3157 5507 3214 5562 in
3241 5513 3684 5586 perditionem,
3708 5525 3790 5596 qui

2127 5589 2346 5688 donum
2363 5589 2820 5688 saneti‘Spiritus
2835 5595 2888 5688 te
2900 5593 3198 5688 credidisti
3213 5605 3486 5669 pecunia
3506 5589 3790 5688 compare

2128 5693 2188 5734 re
2211 5678 2460 5756 (Actvm,
2483 5677 2597 5752 20).
2616 5699 2644 5730 η
2662 5677 2807 5737 Nam
2832 5681 2888 5738 et
2917 5679 3141 5754 lepram
3177 5701 3321 5748 cum
3354 5691 3530 5756 Giezi
3551 5717 3587 5762 a
3606 5677 3788 5768 sancto
