3898 6466
125 574 244 636 237

1230 546 1239 547 ί
1347 573 1760 636 exrosmo
1802 573 2309 639 PSALMORUM.

3401 586 3518 647 238

122 706 384 764 nominis
416 708 688 765 atl‘ectum
739 707 844 782 piae
892 708 1313 782 deprecationis
1365 707 1637 764 ostendit.
1685 708 1769 763 Ad
1800 707 1853 774 Α
1884 705 1980 762 hia
1997 707 2609 768 exsultationiszsicca
2629 710 2783 769 labia
2824 712 3517 789 ariditatepeccatiDeum

117 796 322 869 ipsum
350 796 646 870 vigilatur,
676 798 906 869 quoties
946 798 1005 853 in
1038 798 1243 853 mundi
1287 797 1608 854 ambitione
1637 797 1769 852 dor-

117 885 508 941 miturJtddit
536 886 1058 959 diluculo,quando
1080 886 1387 942 Dominicm
1405 886 1770 942 resurrectio-

113 972 210 1030 nis
242 977 479 1047 tempus
509 973 712 1042 eluxit,
743 978 811 1030 ut
838 979 977 1031 tunc
1015 974 1221 1031 laudes
1251 977 1498 1043 caneret,
1533 974 1767 1047 quando

112 1077 304 1135 genus
332 1062 665 1120 humanum
715 1062 979 1137 exemplo
1009 1081 1127 1121 suae
1170 1063 1610 1121 resurrectionis
1642 1062 1765 1119 ani-

113 1150 328 1209 mavit.

141 1241 178 1293 2
255 1239 443 1295 Silivit
470 1240 527 1295 in
550 1248 600 1295 te
627 1242 817 1296 anima
845 1257 965 1297 mea
993 1260 1011 1296 :

256 1330 443 1399 Quam
467 1328 855 1401 multiplicitee
880 1330 983 1385 tibi
1007 1345 1134 1386 caro
1163 1346 1303 1386 mea.

176 1415 222 1472 Ο
254 1415 392 1470 Sitit
414 1432 552 1490 ergo
581 1417 779 1472 anima
809 1416 1073 1473 ﬁdelium
1100 1418 1306 1486 Deum,
1341 1418 1575 1490 quando
1602 1434 1768 1473 man-

108 1502 247 1558 data
279 1504 408 1575 eius
437 1508 496 1559 et
526 1504 772 1561 virtutes
803 1504 1047 1561 eximias
1077 1504 1456 1577 concupiscit,
1488 1511 1544 1560 et
1573 1506 1768 1578 ipsum

105 1590 409 1648 desiderat
454 1592 671 1661 videre,
704 1610 738 1647 a
767 1610 884 1665 quo
929 1593 1218 1649 bonorum
1258 1592 1523 1649 omnium
1555 1594 1770 1651 ﬂuenta

106 1683 345 1735 constat
373 1697 667 1738 emanare.
706 1682 769 1737 ll.
805 1681 938 1736 Ideo
983 1681 1384 1754 multipliciter
1421 1698 1553 1738 caro
1584 1682 1766 1739 Deum

107 1766 352 1839 qumrit,
388 1767 528 1840 quia
557 1768 760 1823 multis
792 1768 1045 1824 afﬁcitur
1070 1768 1324 1840 injuriis.

136 1856 171 1909 3
252 1847 435 1925 Iri-X-
457 1862 610 1911 terra
649 1861 665 1921 ζ
705 1856 987 1921 -:-deserta
1028 1863 1043 1922 ζ
1086 1858 1238 1912 invia
1285 1865 1336 1913 et
1384 1858 1645 1929 inaquosa
1690 1859 1770 1913 sic

254 1946 327 1998 in
355 1951 545 1999 sancto
574 1945 842 2015 apparrui
872 1945 973 2000 tibi
999 1962 1021 1999 :

258 2033 331 2088 Ut
366 2036 395 2097 ῒ
428 2032 668 2089 viderem
696 2033 948 2089 virtutem
977 2042 1125 2088 tuam
1155 2040 1207 2088 et
1231 2033 1464 2103 gloriam
1484 2038 1656 2089 tuam.

171 2122 215 2175 C
244 2119 316 2174 In
349 2122 505 2176 terra
535 2120 767 2176 deserta
797 2121 951 2175 sicut
979 2120 1187 2177 titulus
1216 2120 1444 2187 dixit,id
1475 2126 1566 2177 est
1610 2121 1760 2178 indi-

101 2207 305 2281 gentia
340 2207 521 2278 hujus
551 2208 759 2264 mundi
790 2212 845 2264 et
873 2207 1178 2264 sterilitate
1210 2208 1435 2282 jejuna.
1468 2214 1533 2265 In
1586 2208 1762 2281 invia,

102 2298 241 2369 quia
254 2296 523 2352 mundus
545 2297 603 2352 in
623 2314 685 2353 se
704 2314 816 2353 non
831 2296 1005 2354 habet
1020 2298 1170 2353 viam
1192 2298 1303 2353 nisi
1322 2300 1634 2355 Dominum
1648 2300 1767 2359 Sal-

100 2385 495 2457 vatorem,qui
512 2384 625 2441 iter
636 2389 723 2442 est
735 2386 1489 2459 caecorum.Etinaquosa,id
1503 2389 1766 2446 cstarida

101 2479 273 2546 atque
289 2471 560 2539 infertili,
597 2476 661 2529 ut
700 2473 906 2529 merito
928 2475 1056 2545 ejus
1078 2475 1275 2530 anima
1302 2475 1483 2531 nimia
1501 2477 1763 2534 siccitate

104 2563 402 2618 durescat.
429 2560 594 2617 Unde
633 2578 736 2633 per
756 2560 877 2618 haec
899 2563 1017 2618 tria
1063 2564 1321 2629 nomina,
1354 2565 1560 2620 mundi
1591 2565 1763 2623 istius

107 2650 432 2707 necessitas
455 2648 933 2706 indicatur.'l‘unc
960 2668 1021 2707 se
1044 2653 1383 2724 apparuisse
1400 2652 1764 2711 diciteancta

104 2736 359 2795 Ecclesia
420 2737 481 2792 in
552 2742 755 2795 sancto
814 2736 1089 2812 fidelique
1147 2739 1466 2812 proposito,
1525 2732 1760 2815 qu'ando

105 2826 406 2882 Christum
437 2843 642 2883 verum
698 2831 880 2883 Deum
928 2844 1057 2885 esse
1085 2829 1372 2900 cognovit.
1406 2829 1555 2885 Dicit
1584 2847 1715 2888 vero
1743 2847 1759 2888 :

103 2914 359 2987 Apparui
395 2913 597 2983 tibi,ut
625 2914 885 2997 viderem
915 2914 1187 2971 virtutem
1215 2920 1274 2972 et
1292 2916 1539 2989 gloriam
1574 2921 1758 2987 tuam,

107 3002 241 3072 quia
272 3019 453 3058 nemo
481 3001 786 3057 veritatem
817 3001 1114 3070 videt,nisi
1146 3007 1259 3059 Deo
1284 3003 1451 3075 prius
1484 3021 1762 3077 apparere

103 3090 377 3161 potuerit.
414 3090 562 3147 Nam
614 3090 664 3146 si
700 3090 787 3146 sol
817 3090 926 3146 iste
956 3089 1150 3146 videre
1200 3108 1307 3147 nos
1337 3091 1494 3160 facit,
1528 3094 1762 3164 quando

111 3178 277 3234 nobis
303 3177 791 3251 fulserit,quanto
822 3178 1011 3251 magis
1041 3178 1223 3235 virtus
1252 3178 1448 3235 divina
1468 3179 1618 3248 (sine
1649 3198 1765 3255 qua

111 3283 209 3322 nec
237 3266 512 3341 accipere
542 3283 646 3324 nec
677 3270 870 3323 tenere
900 3265 1120 3339 aliquid
1152 3267 1284 3323 boni
1316 3269 1655 3343 possumus)
1686 3270 1765 3325 vi-

1877 793 2113 865 laudare
2144 813 2258 852 non
2291 800 2661 869 possunt,sed
2692 816 2823 855 cum
2856 802 3269 875 pinguedinem
3308 804 3516 860 divina:

1878 882 2283 939 misericordiae
2310 890 2512 941 autma
2557 888 3083 960 percepcﬁt,labiis
3113 893 3517 950 exsultationis

1876 970 2232 1028 laudabit.H.
2265 972 2386 1042 Hic,
2416 973 2740 1044 orationes;
2774 976 2832 1031 in
2877 970 3063 1051 patria
3099 979 3515 1040 exsultationes

1876 1062 1933 1114 et
1952 1058 2153 1116 laetitia
2178 1061 2532 1133 sempiterna
2561 1066 2719 1119 sunt.
3166 1112 3171 1117 .

1909 1148 1944 1201 7
2015 1147 2108 1204 Sic
2133 1164 2341 1205 memor
2367 1152 2456 1221 fui
2482 1152 2567 1207 tui
2591 1167 2754 1224 super
2779 1160 3014 1210 stratum
3037 1160 3305 1226 meum,in
3332 1167 3510 1217 matu-

2086 1238 2220 1292 tinis
2236 1237 2538 1296 meditabor
2564 1240 2625 1294 in
2652 1246 2702 1296 te
2729 1256 2751 1296 :

2016 1324 2156 1393 Quia
2182 1326 2344 1396 fuisti
2367 1326 2588 1399 adjutor
2602 1344 2774 1385 meus.

1948 1411 1990 1466 C
2018 1413 2162 1468 Nam
2216 1430 2349 1469 cum
2404 1414 2544 1471 dicit
2588 1416 2863 1488 Ecclesia,
2913 1419 2998 1476 sic
3041 1437 3264 1479 memor
3294 1422 3374 1479 fui
3403 1425 3510 1490 tui,

1876 1501 2131 1556 ostendit
2155 1518 2216 1557 se
2238 1502 2687 1560 recordationem
2714 1505 2945 1562 Domini
2969 1524 3199 1582 semper
3216 1510 3511 1583 habuisse,

1876 1605 1981 1644 nec
2010 1587 2247 1645 oblitam
2276 1591 2458 1647 fuisse
2484 1592 2543 1648 in
2577 1593 2750 1651 rebus
2789 1596 3106 1669 prosperis,
3139 1601 3372 1671 quando
3419 1619 3512 1658 so-

1875 1676 1996 1733 lent
2017 1677 2274 1734 humana
2292 1680 2466 1734 corda
2490 1679 2697 1737 collata
2716 1682 2999 1740 beneﬁcia
3014 1684 3075 1741 in
3095 1689 3377 1749 memoria
3398 1707 3513 1747 non

1876 1765 2221 1822 habere.Per
2249 1772 2498 1823 stratum
2529 1768 2821 1843 significat
2850 1772 3230 1844 quietem,ubi
3257 1764 3515 1836 solemus

1875 1869 2116 1925 corpora
2145 1857 2344 1911 nostra
2373 1854 2432 1912 in
2463 1873 2701 1913 somnos
2747 1860 3061 1918 remittere.
3088 1862 3159 1925 In
3208 1856 3516 1925 matutinis

1872 1940 2055 2037 etiam
2066 1941 2270 2037 ﬁdelis
2283 1942 2523 2037 _vigil‘at,
2530 1946 2812 2037 quoniam
2841 1964 2946 2006 nec
2975 1949 3034 2005 in
3066 1948 3362 2037 prosperis
3390 1954 3517 2012 suis

1874 2026 2084 2101 poterit
2126 2030 2383 2087 oblivisci
2430 2030 2579 2089 lucis
2627 2037 2943 2094 auctorem.
2970 2038 3039 2094 In
3068 2026 3358 2112 'periculis
3404 2044 3517 2101 fuit

1870 2116 2363 2191 adjutor,quando
2395 2120 2505 2176 fuit
2533 2122 2592 2178 in
2614 2122 2769 2180 invio
2799 2125 3047 2181 deserto.
3152 2170 3155 2175 .
3302 2120 3315 2175 Ϊ

1905 2206 1940 2259 8
2011 2207 2087 2262 Et
2115 2208 2176 2262 in
2220 2209 2518 2266 velamento
2547 2210 2766 2267 alarum
2802 2218 3025 2269 tuarum
3059 2217 3340 2275 exsultabo
3359 2240 3380 2288 ,-
3408 2219 3511 2276 ad-

2081 2295 2241 2352 hwsit
2271 2299 2461 2353 animo
2487 2314 2607 2354 mea
2633 2305 2756 2370 post
2777 2308 2828 2355 te
2848 2318 2868 2357 :

2016 2387 2101 2440 Me
2126 2385 2363 2456 suscepit
2390 2384 2615 2442 dextera
2644 2394 2760 2443 tua.

1942 2469 1987 2524 Η
2023 2471 2087 2525 Et
2115 2470 2175 2526 in
2206 2470 2612 2542 velamento,id
2645 2479 2735 2530 est
2773 2474 2831 2531 in
2862 2479 3217 2549 protectione
3263 2482 3513 2545 ccelestis

1870 2556 2067 2613 auxilii
2096 2575 2159 2615 se
2190 2559 2332 2616 dicit
2362 2560 2614 2617 Ecclesia
2643 2562 2996 2621 exsultare.C
3025 2567 3093 2623 Et
3111 2585 3174 2625 se
3198 2570 3515 2630 adhaesisse

1869 2645 2114 2701 Domino
2136 2646 2368 2715 dicit,ut
2388 2666 2689 2721 nunquam
2712 2652 2942 2709 recedat
2969 2672 3002 2709 a
3022 2655 3174 2713 bono
3194 2661 3511 2733 proposito.

1870 2738 2113 2824 Dextera
2139 2735 2326 2824 Patris
2356 2736 2621 2795 Christus
2664 2743 2753 2795 est
2780 2740 3084 2811 Dominus,
3116 2747 3216 2819 qui
3256 2750 3515 2824 suscepit

1868 2821 2181 2878 Ecclesiam
2214 2822 2441 2881 alarum
2459 2842 2699 2882 suarum
2723 2828 3045 2887 velamento
3066 2821 3512 2915 protegendum.

1902 2911 1938 2963 9
1975 2912 2088 2981 Ipsi
2115 2927 2236 2967 vero
2267 2913 2327 2967 in
2358 2928 2556 2969 vanum
2579 2917 2918 2987 quaesierunt
2943 2921 3191 2978 animam
3219 2911 3395 2980 meam
3420 2943 3444 2982 .·

2009 3000 2322 3055 Introibunt
2351 3002 2410 3055 in
2442 3003 2706 3073 inferiora
2737 3012 2902 3063 terra:
2928 3025 2947 3061 :

2016 3088 2316 3143 Tractentur
2344 3090 2404 3143 in
2429 3105 2623 3145 manus
2659 3091 2837 3160 gladii
2857 3101 3039 3165 partes
3062 3096 3311 3169 vulpium
3330 3107 3509 3155 erunt.

1943 3172 1987 3228 H
2018 3177 2058 3228 C
2088 3175 2202 3247 Ipsi
2231 3192 2388 3242 vero,
2420 3174 2528 3232 hoc
2566 3179 2655 3233 est
2685 3178 2931 3249 inimici,
2964 3182 3023 3236 in
3072 3199 3220 3239 vano
3268 3186 3511 3256 quasie-

1871 3266 2010 3317 runt
2037 3262 2293 3319 animam
2306 3262 2517 3321 Christi
2542 3283 2555 3321 :
2580 3267 2816 3338 quando
2836 3267 3000 3325 falsis
3015 3270 3363 3329 criminibus
3377 3290 3512 3330 san-

107 3355 235 3412 ἀει-θ
263 3373 327 3414 se
362 3356 583 3427 τεοίινεί
615 3360 751 3413 ante
798 3373 905 3412 nos
954 3355 1314 3425 illuminans,
1341 3357 1454 3414 sibi
1486 3375 1764 3431 apparere
1801 3425 1834 3433 _
1871 3350 2108 3423 guinem
2134 3368 2196 3408 se
2224 3352 2517 3409 effundere
2546 3354 2940 3412 decreverunt.
2964 3360 3005 3413 Ο
3032 3358 3310 3431 Sequitur
3334 3376 3347 3416 :
3367 3362 3512 3433 Quia

109 3442 314 3501 faciat?

139 3534 170 3587 4
242 3534 526 3602 Quoniam
550 3534 752 3592 melior
778 3539 856 3591 est
876 3534 1251 3591 misericordia
1272 3542 1365 3591 tua
1393 3552 1556 3608 super
1584 3537 1763 3604 vitas;

239 3623 421 3679 Labia
448 3639 573 3679 mea
604 3622 911 3679 laudabunt
931 3632 999 3679 te.

170 3713 209 3766 (Ξ
264 3711 747 3768 Misericordiam
816 3712 976 3779 dicit,
1037 3713 1277 3785 praemia
1330 3712 1585 3782 Domini,
1637 3730 1763 3787 qua:

100 3800 311 3858 sanctis
358 3799 497 3862 suis
543 3800 834 3874 promittit
880 3801 1042 3874 larga
1089 3803 1299 3874 pietate
1351 3819 1523 3875 ;quae
1584 3802 1756 3876 longe

110 3889 309 3945 melior
335 3895 434 3949 est
464 3889 587 3945 vita
611 3890 903 3963 praesenti.
939 3890 1117 3946 Labia
1169 3907 1299 3946 mea
1336 3890 1659 3947 laudabunt
1685 3897 1761 3957 te,

110 3984 228 4046 post
259 3978 559 4036 beneﬁcia
605 3997 734 4052 quae
766 3978 1054 4051 promisit,
1088 3980 1304 4035 devotae
1355 3978 1546 4035 laudis
1598 3981 1762 4037 obse-

110 4065 303 4132 quium
361 4065 705 4139 pollicetur,
734 4066 888 4138 quod
919 4065 1034 4121 Deo
1067 4070 1301 4122 noverat
1345 4082 1471 4122 esse
1501 4067 1763 4140 gratissi-

112 4166 284 4209 mum.
308 4154 355 4209 Η
412 4153 827 4212 Misericordia
867 4158 968 4209 tua
997 4153 1175 4211 vitam
1206 4158 1439 4226 praestat
1464 4158 1762 4222 aeternam,

113 4238 217 4297 vita
243 4258 514 4313 praesens
548 4258 702 4314 saepe
730 4245 981 4299 mortem
1016 4247 1307 4314 operatur.
1332 4244 1376 4297 (ἓ
1405 4242 1526 4311 Vel,
1559 4242 1767 4299 melior

114 4333 188 4381 est
214 4330 634 4387 misericordia
661 4334 766 4387 tua
792 4347 971 4404 quam
999 4330 1200 4401 vita,id
1234 4335 1322 4386 est
1353 4330 1511 4386 modi
1538 4331 1764 4387 vivendi

114 4423 640 4494 quantumcunque
672 4419 884 4488 sancti,
917 4421 1057 4492 quia
1097 4418 1297 4475 nullus
1328 4436 1437 4475 sua
1460 4419 1766 4475 sanctitate

114 4504 306 4562 salvari
338 4508 636 4581 posset,si
669 4507 1071 4564 misericordia
1099 4508 1330 4565 deesset
1350 4507 1471 4565 Dei.

145 4592 175 4645 5
235 4597 331 4653 Sic
363 4597 698 4654 benedicam
728 4605 779 4653 te
810 4599 869 4653 in
892 4598 1005 4653 vita
1032 4613 1150 4652 mea
1184 4613 1197 4652 :

237 4687 388 4746 ἐκεῖ
428 4694 446 4752 ζ
493 4689 559 4742 in
590 4686 813 4742 nomine
839 4693 929 4741 tuo
955 4685 1137 4741 levabo
1164 4702 1367 4741 manus
1394 4701 1562 4743 meas.

1792 3425 1835 3492 C
1874 3456 1987 3494 non
2019 3440 2090 3495 ad
2122 3439 2295 3496 caelos
2326 3438 2504 3497 evecti
2534 3447 2694 3511 sunt,
2727 3444 2827 3500 sed
2859 3425 3143 3503 deorsum.
3163 3463 3261 3504 eos
3289 3425 3512 3507 viscera

1869 3532 2032 3583 terra:
2064 3528 2511 3585 absorbuerunt.
2541 3531 2782 3588 Tradita
2826 3537 2916 3589 est
2961 3533 3020 3589 in
3069 3551 3282 3593 manus
3328 3538 3509 3611 gladii

1869 3632 2012 3688 gens
2040 3616 2259 3686 Judzea,
2312 3619 2548 3690 quando
2590 3636 2718 3676 eam
2776 3620 3069 3696 principes
3115 3624 3509 3684 Romanorum

1868 3704 2264 3777 Vespasianus
2295 3711 2353 3761 et
2382 3706 2546 3763 Titus
2576 3708 2729 3765 caede
2770 3709 3154 3785 incendioque
3182 3714 3508 3773 vastabant.

1869 3794 2054 3850 Judaei
2105 3812 2336 3868 quoque
2386 3794 2644 3853 ccelestia
2688 3799 2919 3856 credere
2970 3799 3257 3872 nolentes,
3315 3807 3512 3877 partes

1870 3882 2133 3954 vulpium
2165 3884 2297 3939 facti
2329 3889 2468 3941 sunt
2500 3902 2513 3941 :
2548 3886 2685 3942 dum
2721 3904 2782 3943 se
2806 3887 3025 3946 dolosis
3045 3894 3102 3946 et
3124 3891 3512 3950 fraudulentis

1872 3987 2047 4042 prava
2068 3971 2359 4027 voluntate
2389 3974 2834 4044 coniunxerunt,
2868 3980 2969 4031 aut
2997 3977 3054 4032 in
3085 3977 3291 4033 talium
3321 3984 3513 4052 potes-

1870 4062 2051 4113 tatem
2084 4058 2300 4113 redacti
2331 4065 2489 4114 sunt.
2535 4061 2665 4116 Sive
2711 4077 2843 4116 cum
2904 4063 2961 4117 in
2994 4063 3515 4138 Hierosolymitana

1872 4146 2192 4202 vastatione
2220 4146 2501 4203 cadavera
2544 4165 2745 4204 eorum
2797 4164 2940 4207 escas.
2987 4150 3224 4208 fuerunt
3250 4151 3514 4226 vulpium

1872 4235 2245 4306 ferarumque
2274 4233 2653 4306 reliquarum.

1873 4323 1940 4377 10
2013 4323 2125 4378 Rex
2151 4339 2273 4424 vero
2304 4323 2590 4438 Laetabitur
2627 4326 2688 4380 in
2732 4326 2838 4381 Deo
2869 4344 2889 4382 :
2920 4326 3291 4438 laudabunt"
3336 4346 3518 4389 omnes

2082 4412 2179 4483 qui
2196 4412 2398 4483 jurant
2425 4413 2485 4467 in
2508 4427 2568 4468 eo
2602 4429 2616 4467 :
3217 4412 3277 4438 ’τ’

2009 4498 2064 4565 —:—’-
2085 4500 2225 4567 Quia
2254 4500 2582 4557 obstructum
2609 4509 2687 4558 est
2717 4517 2774 4558 os
2803 4503 3140 4575 loquentium
3167 4507 3363 4580 iniqua
3406 4514 3421 4575 ζ

1943 4587 2246 4661 CRegem,
2292 4588 2433 4646 dicit
2479 4589 2857 4659 Salvatorem,
2908 4591 3033 4666 ipse
3097 4594 3252 4651 enim
3310 4613 3408 4653 rex
3453 4596 3513 4653 in

1874 4680 2176 4747 aaternum,
2209 4676 2311 4749 qui
2360 4676 2652 4734 laetabitur
2682 4678 2741 4735 in
2771 4680 3013 4737 Domino
3039 4685 3153 4738 Deo
3183 4683 3369 4740 Patre.
3400 4685 3517 4741 Ad-

178 4771 213 4826 C
239 4774 550 4831 Benedicit
580 4774 739 4831 enim
771 4774 832 4830 in
852 4774 974 4829 vita
1004 4790 1111 4829 sua
1132 4774 1381 4846 perfecte
1429 4774 1636 4840 Deum,
1666 4771 1763 4843 qui
1797 4786 1842 4851 D
1865 4764 2009 4838 jecit
2056 4764 2455 4822 laudabuntur
2508 4783 2731 4837 omnes,
2778 4769 2870 4825 cui
2926 4768 3170 4827 laudant
3221 4770 3516 4830 Christum

123 4854 270 4917 bonis
297 4863 593 4936 operibus
623 4863 683 4918 in
717 4861 828 4919 hac
876 4861 1004 4918 luce
1032 4866 1315 4919 versatur,
1351 4862 1525 4919 Levat
1557 4878 1768 4918 manus
1874 4853 2061 4910 sancti
2087 4852 2187 4909 Dei
2215 4870 2228 4909 :
2260 4853 2372 4927 ipsi
2414 4854 2565 4911 fiunt
2607 4857 2732 4913 sine
2772 4856 3133 4915 dubitatione
3170 4857 3515 4931 laudabiles,

126 4958 243 5005 suas
268 4949 326 5006 in
359 4944 616 5009 nomine
644 4950 902 5018 Domini,
935 4950 1034 5023 qui
1065 4951 1339 5023 operibus
1381 4949 1600 5007 sanctis
1626 4950 1768 5006 insi-

130 5037 528 5107 stendo,tensis
563 5039 847 5096 manibus
869 5042 996 5095 orat
1025 5038 1359 5105 Dominum,
1391 5042 1456 5093 ut
1485 5039 1614 5112 ipsa
1640 5054 1769 5094 ora-

132 5123 193 5175 ho
221 5125 480 5203 designet
507 5128 775 5202 efﬁgiem
807 5135 1020 5185 sancta:
1052 5127 1260 5183 crucis.

160 5210 189 5262 6
247 5215 393 5273 Sicut
421 5221 598 5292 apipe
628 5226 681 5274 et
700 5216 1041 5290 pinguedine
1068 5216 1343 5288 repleatur
1370 5216 1559 5271 anima
1603 5232 1721 5272 mea
1752 5233 1771 5271 :

248 5304 305 5359 Et
332 5306 500 5365 labiis
528 5307 927 5365 exsultationis
956 5304 1206 5361 laudabit
1236 5320 1292 5359 os
1318 5321 1517 5359 meum.

194 5387 454 5469 CAdipes
510 5400 665 5454 sunt
714 5395 1008 5451 viscerum
1057 5409 1256 5448 crassa
1302 5391 1612 5459 velamina,
1644 5410 1770 5465 qua:

143 5468 330 5537 interna
347 5468 575 5555 iecoris
608 5483 912 5557 operiunt.
926 5480 1223 5555 Pinguedo
1235 5497 1370 5536 vero
1382 5486 1472 5537 est
1495 5480 1772 5553 saginatas

147 5569 344 5629 Decedis
388 5575 624 5631 nutrita
667 5572 817 5627 cibis
865 5569 1159 5636 obesitas;
1192 5568 1304 5625 ista
1356 5570 1590 5625 luerunt
1638 5571 1774 5641 apta

152 5655 407 5719 sacrificiis
436 5660 731 5720 olim.Sed
765 5659 1057 5733 pinguedo
1088 5656 1297 5713 animae
1322 5656 1652 5713 divinarum
1683 5671 1773 5712 reo

157 5752 255 5798 mm
282 5748 514 5810 scientia
534 5754 725 5821 est,et
749 5752 910 5805 recta
930 5746 1072 5804 ﬁdes
1095 5761 1161 5802 ac
1183 5744 1531 5802 inconcussa
1550 5744 1773 5818 patien-

160 5825 234 5895 li'd,
259 5840 353 5895 etc.
386 5839 550 5905 Unde
583 5836 792 5900 smculi
826 5835 997 5897 istius
1026 5831 1244 5893 macies
1269 5831 1668 5908 superatur.Et
1695 5830 1775 5893 la-

1878 4941 2015 5014 quia
2043 4959 2156 4997 non
2190 4946 2435 5013 possunt
2479 4941 2685 5001 laudes
2728 4946 2857 5017 ejus
2906 4945 3078 5019 digne
3117 4965 3374 5017 narrare,
3405 4948 3519 5007 nisi

1878 5031 1977 5102 qui
2011 5030 2080 5085 ad
2115 5029 2368 5102 palmam
2402 5030 2777 5105 indulgentiae
2823 5040 3163 5092 meruerunt
3199 5032 3515 5111 pervenire.

1880 5117 1968 5172 Illi
1984 5119 2187 5189 jurant
2210 5119 2265 5172 in
2283 5134 2348 5173 eo
2366 5135 2377 5173 :
2395 5118 2557 5190 quici
2580 5121 2794 5177 mentis
2816 5122 3163 5195 obsequium
3187 5125 3518 5184 inviolabile

1881 5206 2251 5279 promittunt.
2269 5205 2312 5260 Η
2334 5206 2711 5265 Obstructum
2744 5200 2832 5266 est
2853 5227 2918 5267 os
2938 5211 3273 5271 Judaaorum
3291 5220 3349 5272 et
3366 5216 3523 5289 prin-

1881 5295 2076 5367 cipum
2108 5294 2846 5370 sacerdotum,resurgente
2874 5301 3201 5371 Domino,et
3229 5308 3522 5361 crescente

1882 5380 2216 5439 testimonio
2271 5382 2548 5439 veritatis.
2583 5388 2624 5440 C
2654 5385 2721 5442 Et
2766 5403 2832 5443 os
2888 5390 3151 5447 omnium
3182 5392 3520 5467 iniquorum

1880 5473 2216 5527 obstruetur
2246 5469 2303 5523 in
2327 5470 2571 5541 judicio,
2605 5490 2720 5530 non
2750 5473 2809 5530 in
2840 5474 2950 5533 isto
2979 5479 3212 5537 saeculo.

2357 5575 2558 5616 ORATIO
2597 5578 2667 5616 EX
2707 5579 2862 5620 PSAL.
2909 5582 3039 5621 LXII.

1951 5647 2033 5703 Ad
2068 5652 2121 5703 te
2151 5644 2408 5702 diluculo
2437 5646 2813 5721 vigilantibus
2850 5650 3048 5708 lumen
3077 5653 3287 5728 largire
3316 5662 3520 5727 perpe-

1882 5741 2047 5795 tuum
2074 5735 2282 5791 ductor
2310 5733 2458 5792 lucis
2502 5741 2747 5807 aeternis,
2780 5741 2847 5794 ut
2889 5744 2945 5795 te
2974 5738 3130 5797 labia
3161 5746 3358 5798 nostra
3385 5741 3516 5796 lau-

1883 5827 2042 5895 dent,
2070 5826 2126 5883 te
2156 5822 2275 5881 vita
2304 5822 2627 5898 benedicat,
2660 5829 2717 5884 te
2741 5824 3041 5889 meditatio
3077 5827 3363 5889 matutina
3390 5824 3516 5900 glo-
