3876 6362
27 486 172 551 40M

624 481 1037 548 ADVERSUS
1083 477 1553 546 SIMONIACOS
1599 479 1804 543 LIBRI
1849 480 2078 545 TRES.
2111 516 2186 530 -—-
2220 482 2455 549 LIBER
2500 484 2820 552 PRIMUS.

3261 478 3417 550 1013

26 638 133 678 suo
162 620 385 695 cepisse
417 620 653 677 credant
684 620 889 686 Eliseo,
913 620 1012 692 qui
1058 619 1304 689 gradum
1353 617 1676 674 sacerdota-
1702 615 1759 682 Α
1791 628 1855 679 ut
1876 640 2023 687 reor,
2049 639 2150 694 pro
2172 638 2238 679 eo
2252 623 2406 695 quod
2420 619 3424 697 gratisdatur,ideogratiavocatur,

26 710 137 765 lem
186 728 247 766 se
302 711 640 766 existimant
690 709 953 782 pecuniis
1016 725 1403 779 comparasse.
1450 707 1673 773 Quibus

28 816 160 855 cum
190 800 300 855 ista
332 801 676 866 dixerimus,
709 800 975 855 sufficere
1006 799 1207 853 debuit
1241 815 1406 852 suam
1440 814 1673 867 compa-

30 891 211 943 rando
246 889 467 961 lepram
518 889 832 960 possidere.
887 890 1054 954 Nam,
1102 888 1255 942 sicut
1295 886 1677 940 validioribus

29 980 250 1033 morbis
274 977 458 1049 capite
483 978 701 1041 vitiato,
728 976 1016 1048 reliquum
1039 993 1273 1030 necesse
1291 981 1442 1030 esset
1464 991 1676 1045 corpus

29 1068 411 1121 inundatione
437 1067 752 1137 superioris
779 1067 960 1119 morbi
988 1064 1275 1119 lethaliter
1308 1063 1572 1133 irrigari:
1599 1065 1679 1116 ita

29 1163 85 1211 et
109 1157 164 1210 hi
193 1157 292 1228 qui
317 1162 489 1227 caput
515 1156 783 1209 videntur
805 1171 926 1208 esse
950 1154 1237 1217 Ecclesia),
1264 1154 1466 1207 morbo
1502 1152 1675 1223 pesti-

29 1247 147 1300 fero
176 1248 499 1300 fraternum
525 1244 729 1298 vitiant
755 1262 983 1314 corpus,
1006 1249 1063 1297 ut
1088 1242 1230 1297 nihil
1260 1260 1326 1296 cx
1348 1247 1467 1296 tota
1483 1257 1679 1311 corpo-

29 1336 109 1389 ris
128 1353 254 1390 Com
268 1353 407 1406 page
425 1335 813 1388 insauciatum
836 1333 1019 1403 possit
1038 1333 1299 1397 evadere,
1325 1332 1477 1402 quod
1505 1329 1681 1401 negli-

27 1426 226 1495 gentia
241 1443 293 1478 m
311 1424 674 1478 sacerdotum
692 1423 1021 1477 vitiositatis
1038 1421 1279 1476 mortale
1295 1438 1403 1475 non
1422 1418 1681 1473 infecerit

27 1515 298 1577 virus,ita
314 1520 371 1567 ut
389 1513 581 1566 videas
598 1511 1142 1582 inEcclcsiapassim
1159 1528 1305 1580 quos
1320 1526 1432 1563 non
1451 1508 1676 1571 merita,

24 1604 123 1657 sed
154 1602 406 1673 pecuniae
431 1601 499 1654 ad
537 1601 909 1671 cpisCOpatus
950 1600 1214 1653 ordinem
1254 1600 1676 1669 provexerunt;

26 1708 333 1762 nugacem,
360 1690 639 1761 populum
668 1695 725 1743 et
749 1690 1071 1749 indoctum,
1095 1688 1195 1758 qui
1221 1686 1389 1741 talem
1413 1686 1521 1739 sibi
1542 1684 1683 1739 asci-

23 1787 229 1833 verunt
256 1780 650 1845 sacerdotem;
676 1795 824 1848 quos
842 1778 889 1831 si
913 1776 1241 1848 pereontari
1278 1775 1522 1829 ﬁdeliter
1544 1772 1683 1827 velis

28 1868 162 1939 quis
194 1885 294 1921 eos
325 1866 642 1937 przefecerit
684 1867 1036 1928 sacerdotes,
1087 1865 1524 1935 respondebunt
1556 1878 1686 1915 mox

1784 716 1928 787 Ergo
1959 715 2006 769 si
2040 714 2225 785 gratia
2254 715 2439 786 gratis
2468 715 2662 780 datur,
2695 718 2750 769 et
2771 731 2911 770 auro
2935 730 3054 769 non
3078 712 3424 781 existimatur,

1786 822 1820 860 a
1849 810 1904 860 te
1934 822 2038 859 cur
2075 803 2261 876 gratia
2290 804 2555 875 pecuniis
2586 803 3010 875 comparatur?
3055 802 3425 875 Respondet:

1783 895 1928 959 Non,
1956 893 2167 964 inquit,
2193 893 2333 947 mihi
2359 895 2613 959 daretur,
2640 893 2968 965 sipecuniis
2984 910 3101 948 non
3114 894 3426 958 emeretur,

1787 1000 1890 1037 nec
1921 983 2227 1053 episcopus
2261 982 2501 1037 fuissem
2533 982 2859 1049 ordinatus,
2909 982 2958 1036 si
3004 982 3283 1053 pecunias
3311 996 3427 1036 non

1788 1073 2101 1126 dedissem.
2135 1073 2300 1141 Ergo,
2331 1076 2394 1125 ut
2423 1077 2662 1142 apparet
2682 1090 2748 1127 ex
2775 1070 3259 1142 responsionibus
3278 1070 3424 1138 tuis,

1788 1161 2033 1231 gratiam
2047 1177 2179 1214 cum
2192 1160 2539 1215 ordinareris
2553 1177 2665 1214 non
2681 1158 3157 1231 suscepisti,quia
3172 1158 3428 1231 gratuita

1789 1266 1919 1304 eam
1960 1266 2074 1303 non
2116 1249 2399 1303 meruisti.
2430 1250 2499 1302 Et
2530 1249 2677 1311 ideo,
2712 1249 2908 1312 frater,
2944 1248 2992 1303 si
3024 1247 3272 1319 gratiam
3303 1263 3422 1302 non

1789 1338 2084 1409 accepisti,
2109 1339 2399 1407 quomodo
2420 1338 2726 1409 episcopus
2747 1337 2894 1392 efﬁci
2922 1336 3351 1408 potuisti?nam
3369 1339 3427 1391 et

1787 1427 1859 1481 ad
1892 1426 2211 1497 discipulos
2243 1426 2527 1480 Dominus
2563 1426 2743 1480 dicit:
2790 1450 2816 1475 (ι
2850 1425 3040 1481 Gratis
3062 1424 3426 1496 accepiestis,

1787 1515 1971 1586 gratis
1991 1517 2122 1571 date
2163 1516 2375 1579 (Matth.
2401 1533 2454 1582 x,
2478 1516 2552 1585 8).
2580 1537 2607 1563 ››
2630 1516 2745 1570 Cur
2773 1531 2910 1586 ergo
2950 1513 3261 1585 gratuitam
3297 1529 3427 1584 gra-

1788 1605 1930 1658 tiam
1964 1605 2267 1659 aestimasti
2290 1608 2343 1658 te
2364 1605 2548 1673 pretio
2608 1602 2902 1675 possidere
2920 1603 2947 1658 ‘I
2966 1603 3133 1667 Nam,
3156 1606 3223 1657 ut
3240 1602 3429 1665 video,

1790 1710 1999 1747 aurum
2049 1694 2195 1747 dans
2246 1692 2572 1763 perdidisti,
2623 1697 2679 1747 et
2727 1696 2986 1747 sanctam
3039 1691 3285 1763 gratiam
3316 1705 3432 1744 non

1793 1782 2116 1853 acquisisti.
2150 1782 2352 1837 Adhuc
2400 1787 2595 1837 tamen
2641 1781 2820 1838 semel
2863 1780 3146 1852 adjiciens
3193 1781 3432 1835 fratrem

1794 1870 2083 1942 perquiro,
2115 1888 2186 1925 ne
2216 1870 2356 1942 quid
2388 1872 2459 1926 de
2501 1871 2978 1943 approbamentis
3024 1869 3294 1925 veridicis
3323 1884 3432 1923 nos

28 1957 449 2012 etdicentzAb
480 1955 916 2025 archiepiscopo
963 1971 1093 2007 sum
1147 1970 1331 2023 nuper
1382 1952 1685 2005 ordinatus

1898 1960 2238 2015 itermisisse
2268 1960 2585 2016 videamur.
2611 1961 2750 2024 Quis
2774 1960 2891 2027 dat,
2913 1960 3108 2025 frater,
3133 1957 3429 2030 episcopa-

31 2047 364 2118 episcopus,
401 2049 755 2115 centumque
787 2044 871 2097 eis
895 2043 1113 2096 solidos
1137 2043 1292 2106 dedi,
1318 2042 1686 2111 utepiscopa—

32 2137 143 2191 lem
179 2134 429 2206 gratiam
465 2132 743 2202 consequi
779 2132 1124 2187 meruissem
1156 2149 1167 2197 ;
1202 2148 1347 2201 quos
1378 2131 1424 2185 si
1447 2130 1684 2183 minime

31 2224 346 2287 dedissem,
372 2222 543 2276 hodie
564 2222 871 2292 cpiscopus
896 2239 1009 2275 non
1043 2237 1258 2275 essem.
1293 2220 1453 2274 Unde
1477 2218 1683 2272 melius

32 2313 174 2368 mihi
192 2318 281 2367 est
304 2328 513 2367 aurum
538 2312 605 2365 de
630 2310 841 2365 sacello
868 2311 1134 2365 invehere
1158 2327 1332 2380 quam
1352 2313 1577 2363 tantum
1596 2324 1683 2361 sa-

30 2401 352 2457 cerdotium
406 2401 663 2471 perdere.
716 2406 940 2454 Aurum
997 2400 1127 2452 dedi
1177 2404 1231 2452 et
1280 2400 1682 2467 episc0patum

32 2490 383 2561 Comparavi.
419 2492 572 2553 Quos
598 2494 789 2543 tamen
809 2489 1047 2551 solidos,
1075 2486 1120 2540 si
1149 2488 1682 2556 vivo,rccepturum

33 2598 123 2635 me
155 2579 309 2633 illico
348 2595 461 2631 non
501 2578 721 2633 diflido.
750 2579 888 2631 Ecce
916 2582 972 2631 et
1004 2594 1213 2631 aurum
1248 2576 1401 2647 quod
1435 2575 1590 2642 dedi,
1624 2573 1681 2627 in

37 2686 159 2723 meo
195 2665 409 2722 sacello
445 2666 651 2736 recepi,
701 2670 755 2719 et
804 2667 1200 2736 episc0piitum
1254 2663 1433 2735 gratis
1467 2661 1679 2733 accepi.

34 2757 253 2827 Nempe
300 2755 406 2809 hoc
440 2760 526 2808 est
576 2755 728 2825 quod
782 2754 967 2818 doleo,
1023 2754 1160 2824 quia
1208 2751 1681 2822 archiepiscopus

35 2845 346 2900 carnaliter
376 2844 715 2914 episc0pum
749 2843 901 2897 fecit.
944 2844 1087 2896 Nam
1144 2847 1378 2912 propter
1410 2841 1682 2911 pecunias

33 2932 366 3004 specialiter
403 2930 697 3000 leprosum
750 2931 1054 2984 ordinavit.
1103 2954 1125 2977 ‹‹
1166 2930 1435 2993 Pecunia,
1474 2928 1683 2997 inquit,

35 3028 132 3076 tua
160 3029 356 3075 tecum
386 3020 461 3074 sit
492 3019 545 3072 in
585 3019 992 3089 perditionem,
1045 3019 1182 3089 quia
1232 3020 1448 3072 donum
1501 3015 1686 3070 sancti

32 3110 282 3182 Spiritus
307 3108 506 3180 gratia:
533 3109 715 3179 pretio
739 3108 1111 3178 comparasti,
1142 3132 1167 3155 ››
1192 3113 1247 3161 et
1273 3106 1685 3161 commercium

32 3198 390 3256 miscrabilie
418 3198 471 3250 in
500 3198 829 3251 animarum
856 3198 1093 3251 exitium
1114 3196 1409 3267 peregisti.
1436 3193 1688 3248 Etuescii

34 3288 297 3342 homines
318 3291 378 3339 et
400 3285 615 3339 indocti
641 3286 693 3338 in
732 3284 1198 3339 ordinationibus
1222 3301 1422 3337 eorum
1461 3282 1684 3353 procla-

1797 2049 1907 2103 lem
1926 2049 2171 2120 gratiam
2184 2049 2212 2103 ?
2224 2050 2399 2116 Deus,
2415 2067 2486 2104 an
2502 2048 3058 2120 homo‘2Respondcs
3072 2048 3199 2102 sine
3210 2046 3390 2102 dubio
3410 2061 3423 2099 :

1794 2138 1980 2203 Deus;
2014 2139 2111 2192 sed
2145 2141 2340 2193 tamen
2374 2155 2475 2209 per
2504 2138 2770 2193 homines
2795 2138 2895 2192 dat
2927 2138 3098 2201 Deus,
3128 2135 3305 2192 homo
3336 2135 3427 2191 in-

1794 2226 1954 2297 ponit
1976 2243 2205 2291 manus,
2230 2226 2383 2280 Deus
2403 2225 2650 2297 largitur
2666 2225 2914 2298 gratiam
2931 2243 2943 2281 :
2959 2225 3232 2280 sacerdos
3246 2223 3433 2295 impo-

1794 2315 1880 2369 nit
1911 2314 2234 2385 supplicem
2265 2316 2580 2379 dexteram,
2613 2319 2668 2369 et
2698 2314 2852 2369 Deus
2893 2312 3188 2368 benedicit
3213 2311 3434 2384 potenti

1794 2405 2026 2458 dextera
2049 2422 2061 2467 ;
2097 2404 2406 2474 episcopus
2440 2403 2630 2457 initiat
2653 2403 2940 2469 ordinem,
2963 2405 3020 2456 et
3046 2401 3204 2455 Deus
3230 2399 3439 2454 tribuit

1794 2493 2158 2563 dignitatem.
2184 2492 2497 2561 Ojustitia,
2522 2509 2554 2546 ο
2575 2492 2817 2562 aequitas
2841 2490 2853 2544 !
2878 2491 2927 2546 si
2949 2489 3171 2544 homini
3194 2487 3442 2560 pecunia

1794 2582 1986 2644 datur,
2022 2580 2120 2651 qui
2154 2580 2300 2635 nihil
2349 2581 2407 2634 in
2449 2580 2649 2636 ordine
2697 2579 2951 2651 amplius
3000 2582 3291 2650 operatur,
3324 2576 3441 2633 nisi

1794 2670 1986 2724 solum
2021 2670 2320 2724 servitium
2353 2670 2505 2740 quod
2537 2670 2586 2724 ei
2621 2670 2904 2735 creditur;
2957 2685 3062 2723 cur
3089 2668 3203 2723 Deo
3250 2669 3436 2722 totum

1795 2763 2060 2826 negatur,
2093 2758 2189 2829 qui
2218 2758 2408 2827 ipsum
2428 2756 3435 2827 ordinemtibilargitur?Justumne

1793 2846 1896 2900 tibi
1912 2846 2137 2900 videtur
2153 2852 2429 2902 utservus
2444 2846 2762 2901 honoretur
2782 2850 2838 2899 et
2858 2842 3433 2914 Dominusinjuriam

1794 2936 2074 3006 patiatur,
2106 2940 2163 2989 et
2193 2935 2410 3003 injuste
2441 2935 2688 3006 accipiat
2717 2935 2990 2989 sacerdos
3043 2933 3349 3005 pecuniam
3378 2933 3438 2985 et

1796 3024 1947 3078 Deus
1974 3024 2229 3093 patiatur
2274 3025 2343 3077 ab
2366 3023 2603 3077 homine
2635 3022 2961 3092 injuriam?
3011 3022 3119 3077 Sed
3168 3019 3309 3092 quia
3333 3034 3437 3090 pro

1796 3129 2070 3167 concesso
2102 3113 2304 3166 ordine
2338 3113 2489 3167 Deus
2520 3130 2553 3167 a
2590 3117 2647 3167 te
2677 3111 2824 3166 nihil
2866 3114 3153 3183 expectat,
3195 3126 3296 3165 cur
3325 3125 3359 3164 a
3385 3111 3443 3163 te

1794 3202 2066 3256 sacerdos
2089 3202 2397 3272 pecuniam
2423 3202 2795 3272 impudenter
2815 3203 3106 3272 exspectat
3121 3197 3442 3254 ?Dominus

1798 3290 2020 3345 homini
2044 3292 2358 3344 concedere
2380 3289 2557 3344 voluit
2595 3289 2777 3359 gratis
2803 3308 2816 3353 ;
2840 3293 2897 3343 et
2925 3288 3233 3359 episcopus
3264 3298 3442 3355 rapax

32 3380 213 3445 mant,
247 3380 305 3431 et
344 3374 581 3428 dicunt:
621 3374 840 3441 Dignus
872 3392 955 3437 es,
991 3379 1047 3428 et
1092 3375 1294 3441 justus
1339 3389 1438 3437 es;
1475 3376 1529 3425 et
1560 3388 1687 3424 con-
1717 3351 1759 3417 C
1803 3378 2108 3448 pecuniam
2143 3378 2211 3431 ab
2238 3376 2468 3432 homine
2506 3376 2719 3446 expetit
2751 3376 2975 3447 gratis;
3013 3380 3162 3429 Deus
3192 3370 3440 3438 homini,

33 3465 280 3521 scientia
316 3462 580 3517 misera:
620 3463 902 3533 Indignus
936 3480 1016 3523 es,
1047 3468 1102 3516 et
1134 3461 1390 3530 injustus
1418 3477 1501 3522 es,
1532 3458 1688 3512 dicit.

38 3554 391 3609 l’ronuntiat
421 3552 577 3606 enim
611 3552 916 3622 episcopus
946 3550 1284 3619 hujusmodi
1317 3550 1387 3603 ad
1414 3547 1691 3619 populum

44 3643 281 3697 dicens:
318 3647 433 3695 Pax
458 3640 641 3695 vobis.
674 3640 869 3694 Oculis
902 3639 1138 3709 quidem
1172 3638 1508 3692 carnalibus
1541 3636 1698 3690 vide-

41 3737 133 3786 tur
170 3730 341 3802 quasi
384 3729 697 3800 episcopus
749 3744 1018 3797 magnus,
1043 3733 1097 3782 et
1140 3727 1351 3781 divinis
1395 3726 1693 3780 obtutibus

45 3817 637 3892 iuspiciturleprosus
663 3834 929 3888 magnus.
947 3817 1051 3870 Per
1066 3814 1367 3887 pecuniam
1390 3814 1698 3885 acquisivit

46 3909 375 3964 indebitum
400 3906 687 3975 ordinem,
712 3911 767 3960 et
797 3905 950 3977 apud
995 3904 1298 3959 dominmn
1338 3904 1695 3975 perdiditin-

48 3998 321 4053 teriorem
368 3994 685 4050 hominem.
732 3996 876 4049 Caro
921 3993 1177 4064 suscepit
1226 3993 1591 4065 dignitatem,
1642 3997 1699 4047 et

44 4088 242 4142 anima
276 4084 534 4158 perdidit
581 4083 968 4137 honestatem.
1017 4082 1161 4136 Caro
1211 4082 1420 4136 ancilla
1464 4082 1703 4136 domina

44 4176 192 4230 facta
222 4180 313 4230 est
343 4173 576 4241 animae,
611 4174 809 4226 anima
853 4189 980 4242 quae
1014 4176 1137 4226 erat
1169 4172 1408 4225 domina
1438 4173 1586 4225 facta
1616 4175 1704 4225 est

43 4264 266 4320 famula
297 4262 510 4317 carnis.
544 4266 684 4315 Caro
731 4261 1071 4314 dominatur
1119 4259 1351 4330 populis
1406 4265 1463 4314 et
1509 4260 1706 4313 anima

49 4352 225 4407 servit
256 4349 531 4406 deemoui.
580 4349 751 4404 Carni
799 4348 1191 4403 sacerdotium
1240 4349 1618 4419 comparavit,
1653 4352 1708 4402 et

46 4442 257 4495 animae
290 4438 711 4495 detrimentum
746 4437 986 4508 paravit.
1024 4458 1049 4484 ‹‹
1082 4436 1151 4489 Et
1183 4437 1322 4506 quid
1348 4436 1707 4507 prodesthu-

38 4530 305 4599 jusmodi
324 4526 545 4583 homini
565 4528 609 4581 si
630 4533 814 4581 totum
834 4524 1416 4589 mundumlucretur,
1432 4526 1706 4579 etanima:

44 4636 165 4674 sua:
191 4616 617 4673 detrimentum
644 4615 917 4687 patiatur.
942 4615 968 4667 ?
1011 4619 1127 4668 Aut
1152 4631 1329 4684 quam
1355 4614 1514 4668 dabit
1534 4615 1707 4668 homo

1805 3474 1866 3521 ut
1888 3471 2038 3520 certe
2060 3466 2368 3534 benignus,
2393 3465 2574 3535 gratis
2597 3463 2871 3518 donavit:
2889 3466 2945 3517 et
2978 3462 3252 3517 sacerdos
3287 3457 3438 3514 indi-

1801 3571 1952 3625 gnus
1982 3570 2115 3609 eum
2147 3552 2273 3607 sine
2293 3569 2470 3607 causa
2495 3551 2790 3623 .praedavit.
2835 3572 2864 3602 «
2894 3549 3043 3614 Quid
3073 3548 3229 3605 enim
3259 3547 3442 3604 habes

1804 3644 1959 3714 quod
1992 3660 2105 3696 non
2139 3640 2457 3712 accepisti?
2489 3640 2534 3696 si
2566 3645 2760 3695 autem
2806 3637 3101 3711 accepisti,
3142 3636 3282 3708 quid
3316 3635 3442 3708 glo-

1804 3732 1972 3786 riaris
2004 3730 2170 3801 quasi
2202 3747 2315 3784 non
2347 3728 2683 3800 acceperis?
2715 3728 2759 3799 (Ι
2778 3731 2900 3787 Cor.
2936 3745 3011 3795 1v,
3042 3726 3123 3798 7.)
3157 3748 3183 3775 ››
3207 3727 3350 3781 Ecce
3370 3724 3442 3781 ad

1805 3838 1931 3891 quae
1956 3818 2110 3873 mala
2130 3818 2377 3873 volvitur
2395 3819 2639 3873 deiﬁcus
2653 3819 2790 3874 ordo
2811 3835 2823 3871 :
2848 3834 2978 3873 ecce
2995 3817 3065 3873 ad
3086 3834 3209 3887 quae
3232 3814 3447 3887 probra

1809 3908 2059 3980 prolapsi
2094 3912 2229 3962 sunt
2277 3907 2604 3962 sacerdotes
2648 3906 2748 3978 qui
2796 3906 2998 3962 audire
3045 3905 3445 3960 meruerunta

1807 3999 2012 4053 Judice
2035 3996 2266 4051 mundi:
2293 4019 2319 4045 «
2344 3994 2722 4051 Vosestislux
2745 3995 2950 4050 mundi
2974 3993 3251 4064 (Matth.v,
3275 3991 3386 4062 44).
3416 4013 3443 4039 ››

1814 4088 1953 4140 Ecce
1973 4085 2186 4156 quibus
2202 4084 2596 4153 subjiciuntur
2608 4088 2827 4155 gentes,
2844 4083 3060 4154 quibus
3074 4079 3355 4136 adomino
3367 4078 3451 4134 di-

1812 4182 1969 4229 ctum
2004 4180 2126 4228 est:
2164 4196 2189 4221 ‹‹
2224 4172 2339 4227 Vos
2370 4173 2511 4227 estis
2543 4172 2627 4227 sal
2669 4177 2832 4227 terrae
2877 4171 3063 4243 (lbid.,
3098 4170 3210 4240 13).
3244 4192 3272 4219 »
3304 4169 3450 4240 Ergo

1813 4263 1859 4318 si
1893 4263 1992 4316 lux
2021 4267 2109 4317 est
2140 4260 2405 4316 Ecclesiae
2437 4261 2768 4332 episcopus,
2800 4278 2833 4315 a
2862 4259 3108 4315 Domino
3129 4257 3454 4323 ordinatur,

1814 4352 1894 4405 ita
1926 4357 1988 4405 ut
2010 4349 2311 4421 imperitiae
2339 4350 2608 4404 tenebras
2632 4348 3057 4420 praedicationis
3088 4364 3206 4402 suae
3228 4344 3457 4416 eloquio

1815 4439 2094 4494 rutilante
2140 4437 2629 4492 conscientiarum
2679 4438 2948 4493 tenebras
2996 4435 3307 4501 illuminat,
3354 4448 3459 4488 cur

1816 4530 1942 4600 ipse
1962 4526 2350 4599 palpabilibus
2365 4527 2617 4581 tenebris
2635 4531 2862 4582 tenetur
2880 4524 3196 4581 obstrictus
3212 4522 3316 4577 ?Et
3337 4538 3454 4576 non

1817 4616 2007 4671 solum
2040 4616 2179 4687 quia
2209 4616 2331 4687 ipse
2361 4615 2501 4669 dum
2552 4614 2703 4669 male
2751 4614 2890 4686 agit,
2939 4613 3115 4685 digne
3165 4610 3334 4682 perit,
3364 4609 3456 4664 in-

43 4704 576 4763 commutationem
599 4722 701 4775 pro
735 4704 930 4758 anima
952 4721 1057 4757 sua
1091 4703 1117 4755 ?
1140 4724 1165 4749 ››
1211 4703 1423 4773 (Matth.
1448 4721 1562 4772 xw,
1595 4704 1711 4772 26.)
1740 4717 1786 4781 Ι)
1820 4723 1999 4776 ευριπ-
2030 4708 2084 4757 ot
2114 4704 2261 4758 alios
2305 4720 2501 4758 secum
2551 4704 2723 4771 digne
2773 4703 2980 4774 perdit.
3029 4701 3086 4757 Si
3142 4699 3300 4755 enim
3327 4715 3455 4754 me-

36 4796 196 4860 Quod
229 4796 396 4851 dedit
418 4810 552 4848 cum
577 4795 889 4865 episcopus
912 4792 1304 4853 ordinaretur,
1332 4809 1540 4845 aurum
1569 4793 1704 4846 fuit:

42 4890 97 4938 et
134 4886 291 4956 quod
328 4882 606 4955 perdidit,
641 4881 968 4936 animal'uit
993 4897 1003 4933 :
1031 4885 1170 4933 Cum
1201 4880 1377 4933 alium
1398 4880 1712 4945 ordinaret,

40 4973 197 5043 quod
248 4970 500 5043 accepit,
552 4970 801 5042 pecunia
842 4969 987 5024 fuit:
1038 4972 1094 5023 et
1141 4968 1298 5039 quod
1344 4968 1522 5033 dedit,
1557 4968 1716 5039 lepra

51 5059 181 5116 fuit.

118 5264 143 5287 ‹‹
181 5240 314 5294 Haec
334 5240 480 5292 sunt
504 5235 882 5292 mercimonia
906 5235 1241 5306 iniquorum
1264 5235 1317 5287 in
1339 5234 1592 5305 pernicie
1618 5253 1712 5290 eo-

48 5345 199 5384 rum.
240 5327 549 5397 Interrogo
585 5330 777 5380 tamen
811 5325 1049 5379 fratrem
1081 5328 1138 5378 ct
1169 5322 1579 5394 coepiscopum
1607 5342 1709 5378 no-

46 5421 259 5485 strum,
298 5415 443 5487 quia
474 5421 533 5470 et
553 5432 657 5487 ego
686 5414 994 5486 episCOpus
1022 5430 1176 5479 sum,
1202 5417 1259 5466 et
1281 5428 1414 5466 cum
1440 5414 1709 5482 episcono

45 5505 276 5578 loquor.
313 5503 420 5560 Dic
454 5520 592 5575 ergo
639 5504 783 5557 mihi
832 5502 1150 5573 paulisper,
1200 5502 1375 5554 frater
1418 5502 1709 5573 episcope,

49 5612 183 5651 cum
216 5595 392 5649 dares
426 5593 757 5663 pecuniam,
792 5592 930 5662 quid
964 5588 1275 5661 accepisti?
1305 5588 1559 5644 Gratiam
1588 5591 1708 5662 epi-

48 5684 347 5757 scopalem
369 5681 589 5753 accepi.
618 5682 764 5753 Ergo
790 5680 1078 5749 interrogo
1112 5686 1165 5733 te
1195 5696 1207 5733 :
1246 5679 1371 5733 llam
1396 5679 1582 5750 gratia
1604 5697 1710 5735 cur

50 5772 153 5829 tali
174 5767 468 5830 vocabulo
493 5774 866 5841 nuncupatur
886 5768 913 5823 ?
937 5767 1301 5838 Respondet:
1328 5767 1441 5824 Cur
1464 5768 1708 5840 inquis?

1822 4795 1987 4849 ruisti
2008 4792 2147 4847 salis
2169 4810 2433 4863 saporem
2457 4789 3241 4862 possidereutinsipientium
3265 4788 3459 4860 possis

1824 4884 1997 4938 Corda
2028 4882 2282 4945 condire,
2315 4899 2416 4934 cur
2444 4880 2791 4935 intatuatum
2822 4881 2922 4935 tali
2966 4879 3103 4934 vitio
3134 4876 3465 4933 immundis

1823 4977 1879 5025 te
1928 4987 2231 5041 porcorum
2282 4968 2744 5023 conculcandum
2809 4969 3057 5040 pedibus
3124 4965 3467 5038 praebuisti;

1823 5060 1904 5114 ita
1935 5062 1998 5113 ut
2027 5074 2130 5112 nec
2152 5063 2209 5112 te
2231 5056 2444 5128 ipsum,
2472 5074 2575 5112 nec
2599 5056 2741 5113 alios
2763 5057 2956 5129 possis
2982 5056 3220 5113 condire
3239 5056 3267 5111 ?
3304 5076 3333 5105 »
3356 5058 3467 5110 etc.

1898 5150 2040 5203 Item
2074 5161 2307 5217 quoque
2336 5150 2396 5199 Β.
2432 5147 2773 5203 Ambrosius
2803 5146 2927 5216 (lib.
2959 5164 3017 5200 v1
3049 5148 3111 5200 in
3140 5162 3195 5200 ιν
3224 5145 3378 5215 Luc.)
3400 5144 3472 5199 de

1825 5234 2135 5306 Evangelio
2165 5251 2460 5305 exponens
2491 5234 2635 5290 illud
2668 5236 2825 5307 quod
2848 5235 3072 5291 dictum
3114 5239 3233 5290 est:
3259 5230 3468 5287 «Multi

1822 5325 2037 5397 leprosi
2071 5330 2238 5377 erant
2268 5323 2323 5376 in
2356 5323 2531 5379 Israel
2563 5325 2671 5379 sub
2696 5324 2885 5380 Eliseo
2923 5322 3202 5396 propheta
3220 5322 3275 5374 et
3295 5334 3467 5373 nemo

1822 5414 2144 5469 mundatus
2174 5417 2262 5465 est
2294 5412 2406 5467 nisi
2436 5413 2723 5468 Naamam
2772 5414 2952 5486 Syrus
3002 5413 3149 5482 (Luc.
3184 5424 3258 5474 Iv,
3287 5406 3399 5475 27),
3432 5428 3462 5456 ››

1822 5510 1951 5575 post
1979 5501 2171 5571 aliqua
2205 5501 2324 5555 ait:
2370 5501 2600 5557 «Disce
2644 5503 2822 5558 etiam
2869 5514 3134 5570 congrua:
3181 5498 3468 5566 praecepta

1817 5591 2072 5645 virtutis.
2124 5590 2401 5643 Prohaliit
2450 5592 2644 5660 (idem,
2711 5591 2810 5662 qui
2866 5586 3102 5661 praemia
3147 5583 3465 5639 recusabit.

1819 5681 1988 5736 Disce
2024 5683 2270 5749 utroque
2310 5679 2600 5734 dictorum
2650 5682 3050 5747 factorumque
3100 5672 3467 5744 magisterio,

1817 5768 1956 5841 quid
1972 5767 2259 5840 sequaris.
2276 5767 2466 5824 Habes
2481 5768 2707 5825 Domini
2724 5769 3096 5840 praeceptum,
3112 5761 3263 5819 vatis
3275 5777 3471 5819 exem-
