  <div class='ocr_page' id='page_1' title='image "/cluster/home/n/w/nwhite01/storage/ocr_20150623/142-143/uc1.31175018423130/1261.png"; bbox 0 0 3876 6370; ppageno 0'>
   <div class='ocr_carea' id='block_1_1' title="bbox 403 480 1934 563">
    <p class='ocr_par' dir='ltr' id='par_1_1' title="bbox 403 480 1934 563">
     <span class='ocr_line' id='line_1_1' title="bbox 403 480 1934 563; baseline 0.003 -8"><span class='ocrx_word' id='word_1_1' title='bbox 403 480 561 563; x_wconf 67' lang='grc'><strong>1043</strong></span> <span class='ocrx_word' id='word_1_2' title='bbox 1450 490 1857 561; x_wconf 80' lang='lat' dir='ltr'><strong>HUMBERTI</strong></span> <span class='ocrx_word' id='word_1_3' title='bbox 1902 492 1934 559; x_wconf 80' lang='grc' dir='ltr'>ε</span> 
     </span>
    </p>
   </div>
   <div class='ocr_carea' id='block_1_2' title="bbox 2334 480 3865 563">
    <p class='ocr_par' dir='ltr' id='par_1_2' title="bbox 2334 491 3865 563">
     <span class='ocr_line' id='line_1_2' title="bbox 2334 491 3865 563; baseline 0.001 -3"><span class='ocrx_word' id='word_1_4' title='bbox 2334 496 2751 563; x_wconf 68' lang='lat' dir='ltr'><strong>lRDINALIS.</strong></span> <span class='ocrx_word' id='word_1_5' title='bbox 3759 491 3865 557; x_wconf 60' lang='lat'><strong>10“</strong></span> 
     </span>
    </p>
   </div>
   <div class='ocr_carea' id='block_1_3' title="bbox 399 626 3862 705">
    <p class='ocr_par' dir='ltr' id='par_1_3' title="bbox 399 626 3862 705">
     <span class='ocr_line' id='line_1_3' title="bbox 399 626 3862 705; baseline -0.001 -18"><span class='ocrx_word' id='word_1_6' title='bbox 399 631 586 705; x_wconf 91' lang='lat' dir='ltr'><strong>plum,</strong></span> <span class='ocrx_word' id='word_1_7' title='bbox 636 627 816 703; x_wconf 89' lang='lat' dir='ltr'><strong>gratis</strong></span> <span class='ocrx_word' id='word_1_8' title='bbox 861 626 1140 701; x_wconf 90' lang='lat' dir='ltr'><strong>accipere,</strong></span> <span class='ocrx_word' id='word_1_9' title='bbox 1208 628 1387 703; x_wconf 78' lang='lat' dir='ltr'><strong>gratis</strong></span> <span class='ocrx_word' id='word_1_10' title='bbox 1434 631 1590 696; x_wconf 89' lang='lat' dir='ltr'><strong>dare,</strong></span> <span class='ocrx_word' id='word_1_11' title='bbox 1641 646 1747 686; x_wconf 89' lang='lat' dir='ltr'><strong>nec</strong></span> <span class='ocrx_word' id='word_1_12' title='bbox 1786 630 2033 686; x_wconf 78' lang='lat' dir='ltr'><strong>vendere</strong></span> <span class='ocrx_word' id='word_1_13' title='bbox 2060 629 2117 696; x_wconf 76' lang='grc' dir='ltr'><strong>Α</strong></span> <span class='ocrx_word' id='word_1_14' title='bbox 2144 634 2261 686; x_wconf 91' lang='lat' dir='ltr'><strong>tem</strong></span> <span class='ocrx_word' id='word_1_15' title='bbox 2292 636 2525 703; x_wconf 78' lang='lat' dir='ltr'>patrum</span> <span class='ocrx_word' id='word_1_16' title='bbox 2556 632 2615 688; x_wconf 90' lang='lat' dir='ltr'><strong>in</strong></span> <span class='ocrx_word' id='word_1_17' title='bbox 2648 631 2799 689; x_wconf 82' lang='lat' dir='ltr'><strong>filios</strong></span> <span class='ocrx_word' id='word_1_18' title='bbox 2828 646 3016 704; x_wconf 90' lang='lat' dir='ltr'><strong>usque</strong></span> <span class='ocrx_word' id='word_1_19' title='bbox 3046 630 3109 687; x_wconf 90' lang='lat' dir='ltr'><strong>in</strong></span> <span class='ocrx_word' id='word_1_20' title='bbox 3150 627 3430 688; x_wconf 79' lang='lat' dir='ltr'><strong>tertiam</strong></span> <span class='ocrx_word' id='word_1_21' title='bbox 3495 629 3571 684; x_wconf 89' lang='lat' dir='ltr'><strong>et</strong></span> <span class='ocrx_word' id='word_1_22' title='bbox 3610 631 3862 698; x_wconf 76' lang='lat' dir='ltr'><strong>quarta:</strong></span> 
     </span>
    </p>
   </div>
   <div class='ocr_carea' id='block_1_4' title="bbox 402 719 3857 793">
    <p class='ocr_par' dir='ltr' id='par_1_4' title="bbox 402 719 3857 793">
     <span class='ocr_line' id='line_1_4' title="bbox 402 719 3857 793; baseline -0.002 -15"><span class='ocrx_word' id='word_1_23' title='bbox 402 720 813 787; x_wconf 77' lang='lat' dir='ltr'><strong>ministerium,</strong></span> <span class='ocrx_word' id='word_1_24' title='bbox 846 722 945 775; x_wconf 89' lang='lat' dir='ltr'><strong>sed</strong></span> <span class='ocrx_word' id='word_1_25' title='bbox 978 721 1204 777; x_wconf 75' lang='lat' dir='ltr'><strong>offerre.</strong></span> <span class='ocrx_word' id='word_1_26' title='bbox 1244 722 1365 775; x_wconf 91' lang='lat' dir='ltr'><strong>Non</strong></span> <span class='ocrx_word' id='word_1_27' title='bbox 1414 720 1567 774; x_wconf 89' lang='lat' dir='ltr'><strong>enim</strong></span> <span class='ocrx_word' id='word_1_28' title='bbox 1601 720 1782 789; x_wconf 91' lang='lat' dir='ltr'><strong>pretio</strong></span> <span class='ocrx_word' id='word_1_29' title='bbox 1812 722 2043 774; x_wconf 78' lang='lat' dir='ltr'><strong>taxatur</strong></span> <span class='ocrx_word' id='word_1_30' title='bbox 2149 721 2578 792; x_wconf 82' lang='lat' dir='ltr'><strong>generationem</strong></span> <span class='ocrx_word' id='word_1_31' title='bbox 2599 721 2628 775; x_wconf 85' lang='lat'><strong>?</strong></span> <span class='ocrx_word' id='word_1_32' title='bbox 2654 720 2844 791; x_wconf 69' lang='lat' dir='ltr'><strong>(Exod.</strong></span> <span class='ocrx_word' id='word_1_33' title='bbox 2876 739 2972 784; x_wconf 82' lang='lat' dir='ltr'><strong>xx.</strong></span> <span class='ocrx_word' id='word_1_34' title='bbox 3003 720 3089 793; x_wconf 90' lang='lat'><strong>5.)</strong></span> <span class='ocrx_word' id='word_1_35' title='bbox 3121 742 3151 771; x_wconf 81' lang='lat'>»</span> <span class='ocrx_word' id='word_1_36' title='bbox 3197 721 3275 776; x_wconf 88' lang='lat' dir='ltr'><strong>Et</strong></span> <span class='ocrx_word' id='word_1_37' title='bbox 3330 723 3583 775; x_wconf 87' lang='lat' dir='ltr'><strong>tamen</strong></span> <span class='ocrx_word' id='word_1_38' title='bbox 3646 719 3857 788; x_wconf 54' lang='lat' dir='ltr'><strong>utraqu-</strong></span> 
     </span>
    </p>
   </div>
   <div class='ocr_carea' id='block_1_5' title="bbox 403 806 3865 882">
    <p class='ocr_par' dir='ltr' id='par_1_5' title="bbox 403 806 3865 882">
     <span class='ocr_line' id='line_1_5' title="bbox 403 806 3865 882; baseline -0.002 -16"><span class='ocrx_word' id='word_1_39' title='bbox 403 811 505 866; x_wconf 91' lang='lat' dir='ltr'><strong>Dei</strong></span> <span class='ocrx_word' id='word_1_40' title='bbox 536 809 741 882; x_wconf 86' lang='lat' dir='ltr'><strong>gratia,</strong></span> <span class='ocrx_word' id='word_1_41' title='bbox 790 826 892 863; x_wconf 89' lang='lat' dir='ltr'><strong>nec</strong></span> <span class='ocrx_word' id='word_1_42' title='bbox 943 809 1000 863; x_wconf 91' lang='lat' dir='ltr'><strong>in</strong></span> <span class='ocrx_word' id='word_1_43' title='bbox 1050 810 1431 865; x_wconf 84' lang='lat' dir='ltr'><strong>sacramentis</strong></span> <span class='ocrx_word' id='word_1_44' title='bbox 1475 808 1705 863; x_wconf 90' lang='lat' dir='ltr'><strong>lucrum</strong></span> <span class='ocrx_word' id='word_1_45' title='bbox 1740 808 2039 879; x_wconf 76' lang='lat' dir='ltr'><strong>qumritur,</strong></span> <span class='ocrx_word' id='word_1_46' title='bbox 2150 808 2433 864; x_wconf 81' lang='lat' dir='ltr'><strong>sententia</strong></span> <span class='ocrx_word' id='word_1_47' title='bbox 2461 826 2595 865; x_wconf 91' lang='lat' dir='ltr'><strong>vera</strong></span> <span class='ocrx_word' id='word_1_48' title='bbox 2618 813 2724 876; x_wconf 90' lang='lat' dir='ltr'><strong>est,</strong></span> <span class='ocrx_word' id='word_1_49' title='bbox 2759 809 2897 881; x_wconf 92' lang='lat' dir='ltr'><strong>quia</strong></span> <span class='ocrx_word' id='word_1_50' title='bbox 2928 809 3167 865; x_wconf 87' lang='lat' dir='ltr'><strong>Domini</strong></span> <span class='ocrx_word' id='word_1_51' title='bbox 3199 811 3303 864; x_wconf 89' lang='lat' dir='ltr'><strong>est</strong></span> <span class='ocrx_word' id='word_1_52' title='bbox 3340 826 3356 877; x_wconf 91' lang='lat'><strong>;</strong></span> <span class='ocrx_word' id='word_1_53' title='bbox 3398 806 3529 863; x_wconf 89' lang='lat' dir='ltr'><strong>sed</strong></span> <span class='ocrx_word' id='word_1_54' title='bbox 3594 822 3722 878; x_wconf 87' lang='lat' dir='ltr'><strong>pro</strong></span> <span class='ocrx_word' id='word_1_55' title='bbox 3766 823 3865 877; x_wconf 77' lang='lat' dir='ltr'><strong>qua-</strong></span> 
     </span>
    </p>
   </div>
   <div class='ocr_carea' id='block_1_6' title="bbox 406 896 3861 970">
    <p class='ocr_par' dir='ltr' id='par_1_6' title="bbox 406 896 3861 970">
     <span class='ocr_line' id='line_1_6' title="bbox 406 896 3861 970; baseline -0.002 -15"><span class='ocrx_word' id='word_1_56' title='bbox 406 900 507 955; x_wconf 89' lang='lat' dir='ltr'><strong>sed</strong></span> <span class='ocrx_word' id='word_1_57' title='bbox 539 898 883 969; x_wconf 87' lang='lat' dir='ltr'><strong>obsequium</strong></span> <span class='ocrx_word' id='word_1_58' title='bbox 934 899 1269 953; x_wconf 89' lang='lat' dir='ltr'><strong>sacerdotis.</strong></span> <span class='ocrx_word' id='word_1_59' title='bbox 1312 899 1433 952; x_wconf 89' lang='lat' dir='ltr'><strong>Non</strong></span> <span class='ocrx_word' id='word_1_60' title='bbox 1484 900 1678 951; x_wconf 88' lang='lat' dir='ltr'><strong>tamen</strong></span> <span class='ocrx_word' id='word_1_61' title='bbox 1732 899 1819 950; x_wconf 91' lang='lat' dir='ltr'><strong>sat</strong></span> <span class='ocrx_word' id='word_1_62' title='bbox 1850 900 1957 961; x_wconf 90' lang='lat' dir='ltr'><strong>est,</strong></span> <span class='ocrx_word' id='word_1_63' title='bbox 1991 896 2039 950; x_wconf 91' lang='lat' dir='ltr'><strong>si</strong></span> <span class='ocrx_word' id='word_1_64' title='bbox 2148 896 2307 953; x_wconf 85' lang='lat' dir='ltr'><strong>litate</strong></span> <span class='ocrx_word' id='word_1_65' title='bbox 2337 913 2721 968; x_wconf 89' lang='lat' dir='ltr'><strong>personarum</strong></span> <span class='ocrx_word' id='word_1_66' title='bbox 2768 896 2833 952; x_wconf 76' lang='lat' dir='ltr'><strong>et</strong></span> <span class='ocrx_word' id='word_1_67' title='bbox 2874 897 3189 970; x_wconf 88' lang='lat' dir='ltr'><strong>culparum</strong></span> <span class='ocrx_word' id='word_1_68' title='bbox 3242 901 3308 952; x_wconf 90' lang='lat' dir='ltr'><strong>et</strong></span> <span class='ocrx_word' id='word_1_69' title='bbox 3369 896 3861 951; x_wconf 67' lang='lat' dir='ltr'><strong>circumstantiis</strong></span> 
     </span>
    </p>
   </div>
   <div class='ocr_carea' id='block_1_7' title="bbox 409 983 3853 1059">
    <p class='ocr_par' dir='ltr' id='par_1_7' title="bbox 409 983 3853 1059">
     <span class='ocr_line' id='line_1_7' title="bbox 409 983 3853 1059; baseline -0.002 -16"><span class='ocrx_word' id='word_1_70' title='bbox 409 987 636 1043; x_wconf 88' lang='lat' dir='ltr'><strong>lucrum</strong></span> <span class='ocrx_word' id='word_1_71' title='bbox 661 986 1314 1056; x_wconf 74' lang='lat' dir='ltr'><strong>ipsequaeras;familia3</strong></span> <span class='ocrx_word' id='word_1_72' title='bbox 1337 984 2040 1057; x_wconf 75' lang='lat' dir='ltr'><strong>quoquetumcohibondm</strong></span> <span class='ocrx_word' id='word_1_73' title='bbox 2152 985 2277 1041; x_wconf 87' lang='lat' dir='ltr'><strong>suis</strong></span> <span class='ocrx_word' id='word_1_74' title='bbox 2324 989 2717 1057; x_wconf 88' lang='lat' dir='ltr'><strong>competenter</strong></span> <span class='ocrx_word' id='word_1_75' title='bbox 2782 985 3168 1059; x_wconf 88' lang='lat' dir='ltr'><strong>intelligenda</strong></span> <span class='ocrx_word' id='word_1_76' title='bbox 3242 989 3371 1041; x_wconf 86' lang='lat' dir='ltr'><strong>est.</strong></span> <span class='ocrx_word' id='word_1_77' title='bbox 3435 983 3690 1055; x_wconf 85' lang='lat' dir='ltr'><strong>Neque</strong></span> <span class='ocrx_word' id='word_1_78' title='bbox 3741 986 3853 1038; x_wconf 61' lang='lat' dir='ltr'><strong>eoi:</strong></span> 
     </span>
    </p>
   </div>
   <div class='ocr_carea' id='block_1_8' title="bbox 412 1072 3857 1146">
    <p class='ocr_par' dir='ltr' id='par_1_8' title="bbox 412 1072 3857 1146">
     <span class='ocr_line' id='line_1_8' title="bbox 412 1072 3857 1146; baseline -0.002 -14"><span class='ocrx_word' id='word_1_79' title='bbox 412 1092 622 1132; x_wconf 90' lang='lat' dir='ltr'><strong>manus</strong></span> <span class='ocrx_word' id='word_1_80' title='bbox 652 1079 804 1130; x_wconf 90' lang='lat' dir='ltr'><strong>sunt.</strong></span> <span class='ocrx_word' id='word_1_81' title='bbox 840 1075 953 1129; x_wconf 91' lang='lat' dir='ltr'><strong>Nec</strong></span> <span class='ocrx_word' id='word_1_82' title='bbox 984 1075 1091 1129; x_wconf 90' lang='lat' dir='ltr'><strong>hoc</strong></span> <span class='ocrx_word' id='word_1_83' title='bbox 1112 1074 1301 1130; x_wconf 89' lang='lat' dir='ltr'><strong>solum</strong></span> <span class='ocrx_word' id='word_1_84' title='bbox 1324 1073 1673 1146; x_wconf 83' lang='lat' dir='ltr'><strong>exposcitur,</strong></span> <span class='ocrx_word' id='word_1_85' title='bbox 1700 1077 1833 1127; x_wconf 91' lang='lat' dir='ltr'><strong>utte</strong></span> <span class='ocrx_word' id='word_1_86' title='bbox 1850 1072 2039 1127; x_wconf 89' lang='lat' dir='ltr'><strong>solum</strong></span> <span class='ocrx_word' id='word_1_87' title='bbox 2150 1073 2458 1128; x_wconf 85' lang='lat' dir='ltr'><strong>uniformis</strong></span> <span class='ocrx_word' id='word_1_88' title='bbox 2480 1073 2767 1128; x_wconf 89' lang='lat' dir='ltr'><strong>sententia</strong></span> <span class='ocrx_word' id='word_1_89' title='bbox 2782 1073 3148 1146; x_wconf 88' lang='lat' dir='ltr'><strong>blasphemis</strong></span> <span class='ocrx_word' id='word_1_90' title='bbox 3167 1074 3499 1129; x_wconf 87' lang='lat' dir='ltr'><strong>omnibus</strong></span> <span class='ocrx_word' id='word_1_91' title='bbox 3526 1076 3641 1127; x_wconf 86' lang='lat' dir='ltr'><strong>est</strong></span> <span class='ocrx_word' id='word_1_92' title='bbox 3670 1072 3857 1127; x_wconf 44' lang='lat' dir='ltr'><strong>danda.</strong></span> 
     </span>
    </p>
   </div>
   <div class='ocr_carea' id='block_1_9' title="bbox 411 1160 3855 1234">
    <p class='ocr_par' dir='ltr' id='par_1_9' title="bbox 411 1160 3855 1234">
     <span class='ocr_line' id='line_1_9' title="bbox 411 1160 3855 1234; baseline -0.002 -13"><span class='ocrx_word' id='word_1_93' title='bbox 411 1168 635 1221; x_wconf 87' lang='lat' dir='ltr'><strong>castum</strong></span> <span class='ocrx_word' id='word_1_94' title='bbox 662 1162 1222 1234; x_wconf 86' lang='lat' dir='ltr'><strong>immaculatumque</strong></span> <span class='ocrx_word' id='word_1_95' title='bbox 1245 1163 1556 1217; x_wconf 83' lang='lat' dir='ltr'><strong>custodias.</strong></span> <span class='ocrx_word' id='word_1_96' title='bbox 1578 1160 1878 1227; x_wconf 89' lang='lat' dir='ltr'><strong>Non_enim</strong></span> <span class='ocrx_word' id='word_1_97' title='bbox 1900 1161 2043 1216; x_wconf 83' lang='lat' dir='ltr'><strong>dixit</strong></span> <span class='ocrx_word' id='word_1_98' title='bbox 2151 1162 2288 1232; x_wconf 86' lang='lat' dir='ltr'><strong>quia</strong></span> <span class='ocrx_word' id='word_1_99' title='bbox 2312 1179 2415 1216; x_wconf 87' lang='lat' dir='ltr'><strong>nec</strong></span> <span class='ocrx_word' id='word_1_100' title='bbox 2436 1161 2747 1217; x_wconf 81' lang='lat' dir='ltr'><strong>uniformis</strong></span> <span class='ocrx_word' id='word_1_101' title='bbox 2772 1166 2862 1217; x_wconf 89' lang='lat' dir='ltr'><strong>est</strong></span> <span class='ocrx_word' id='word_1_102' title='bbox 2878 1161 3279 1234; x_wconf 84' lang='lat' dir='ltr'><strong>blasphemia,</strong></span> <span class='ocrx_word' id='word_1_103' title='bbox 3307 1165 3697 1217; x_wconf 83' lang='lat' dir='ltr'><strong>attestante</strong></span> <span class='ocrx_word' id='word_1_104' title='bbox 3731 1161 3855 1215; x_wconf 72' lang='lat' dir='ltr'><strong>Veri-</strong></span> 
     </span>
    </p>
   </div>
   <div class='ocr_carea' id='block_1_10' title="bbox 412 1250 3853 1325">
    <p class='ocr_par' dir='ltr' id='par_1_10' title="bbox 412 1250 3853 1325">
     <span class='ocr_line' id='line_1_10' title="bbox 412 1250 3853 1325; baseline -0.001 -16"><span class='ocrx_word' id='word_1_105' title='bbox 412 1252 716 1325; x_wconf 84' lang='lat' dir='ltr'><strong>Apostolus</strong></span> <span class='ocrx_word' id='word_1_106' title='bbox 746 1255 801 1306; x_wconf 90' lang='lat' dir='ltr'><strong>te</strong></span> <span class='ocrx_word' id='word_1_107' title='bbox 832 1250 1042 1317; x_wconf 91' lang='lat' dir='ltr'><strong>solum,</strong></span> <span class='ocrx_word' id='word_1_108' title='bbox 1078 1254 1176 1306; x_wconf 86' lang='lat' dir='ltr'><strong>sed</strong></span> <span class='ocrx_word' id='word_1_109' title='bbox 1211 1276 1237 1300; x_wconf 83' lang='lat'><strong><em>«</em></strong></span> <span class='ocrx_word' id='word_1_110' title='bbox 1262 1256 1317 1306; x_wconf 90' lang='lat' dir='ltr'><strong>te</strong></span> <span class='ocrx_word' id='word_1_111' title='bbox 1339 1252 1536 1322; x_wconf 88' lang='lat' dir='ltr'><strong>ipsum</strong></span> <span class='ocrx_word' id='word_1_112' title='bbox 1562 1254 1787 1305; x_wconf 88' lang='lat' dir='ltr'><strong>castum</strong></span> <span class='ocrx_word' id='word_1_113' title='bbox 1814 1250 2038 1304; x_wconf 88' lang='lat' dir='ltr'><strong>custodi</strong></span> <span class='ocrx_word' id='word_1_114' title='bbox 2148 1253 2266 1304; x_wconf 91' lang='lat' dir='ltr'><strong>tate</strong></span> <span class='ocrx_word' id='word_1_115' title='bbox 2295 1252 2456 1321; x_wconf 89' lang='lat' dir='ltr'><strong>ipsa:</strong></span> <span class='ocrx_word' id='word_1_116' title='bbox 2488 1273 2516 1300; x_wconf 89' lang='grc'><strong>‹‹</strong></span> <span class='ocrx_word' id='word_1_117' title='bbox 2549 1250 2752 1317; x_wconf 89' lang='lat' dir='ltr'><strong>Omne,</strong></span> <span class='ocrx_word' id='word_1_118' title='bbox 2787 1250 3001 1323; x_wconf 88' lang='lat' dir='ltr'><strong>inquit,</strong></span> <span class='ocrx_word' id='word_1_119' title='bbox 3025 1254 3352 1323; x_wconf 88' lang='lat' dir='ltr'><strong>peccatum</strong></span> <span class='ocrx_word' id='word_1_120' title='bbox 3381 1254 3451 1307; x_wconf 90' lang='lat' dir='ltr'><strong>et</strong></span> <span class='ocrx_word' id='word_1_121' title='bbox 3482 1250 3853 1323; x_wconf 63' lang='lat' dir='ltr'><strong>blasphemi~</strong></span> 
     </span>
    </p>
   </div>
   <div class='ocr_carea' id='block_1_11' title="bbox 410 1337 3857 1415">
    <p class='ocr_par' dir='ltr' id='par_1_11' title="bbox 410 1337 3857 1415">
     <span class='ocr_line' id='line_1_11' title="bbox 410 1337 3857 1415; baseline -0.002 -16"><span class='ocrx_word' id='word_1_122' title='bbox 410 1344 460 1415; x_wconf 88' lang='grc'><strong>(1</strong></span> <span class='ocrx_word' id='word_1_123' title='bbox 485 1344 616 1397; x_wconf 90' lang='lat' dir='ltr'><strong>Tim.</strong></span> <span class='ocrx_word' id='word_1_124' title='bbox 647 1359 704 1397; x_wconf 93' lang='lat' dir='ltr'><strong>v.</strong></span> <span class='ocrx_word' id='word_1_125' title='bbox 734 1342 843 1411; x_wconf 91' lang='lat'>22).</span> <span class='ocrx_word' id='word_1_126' title='bbox 881 1362 907 1389; x_wconf 85' lang='lat'>»</span> <span class='ocrx_word' id='word_1_127' title='bbox 949 1340 1235 1402; x_wconf 63' lang='lat' dir='ltr'><strong>Quaeritur</strong></span> <span class='ocrx_word' id='word_1_128' title='bbox 1281 1356 1416 1410; x_wconf 83' lang='lat' dir='ltr'><strong>ergo</strong></span> <span class='ocrx_word' id='word_1_129' title='bbox 1457 1356 1571 1394; x_wconf 91' lang='lat' dir='ltr'><strong>non</strong></span> <span class='ocrx_word' id='word_1_130' title='bbox 1610 1338 1798 1392; x_wconf 89' lang='lat' dir='ltr'><strong>solum</strong></span> <span class='ocrx_word' id='word_1_131' title='bbox 1840 1341 1939 1392; x_wconf 91' lang='lat' dir='ltr'><strong>tua</strong></span> <span class='ocrx_word' id='word_1_132' title='bbox 1969 1337 2040 1392; x_wconf 91' lang='lat' dir='ltr'><strong>ab</strong></span> <span class='ocrx_word' id='word_1_133' title='bbox 2151 1338 2479 1393; x_wconf 85' lang='lat' dir='ltr'><strong>remittetur</strong></span> <span class='ocrx_word' id='word_1_134' title='bbox 2508 1339 2893 1406; x_wconf 89' lang='lat' dir='ltr'><strong>hominibus;</strong></span> <span class='ocrx_word' id='word_1_135' title='bbox 2925 1338 3182 1410; x_wconf 89' lang='lat' dir='ltr'><strong>Spiritus</strong></span> <span class='ocrx_word' id='word_1_136' title='bbox 3214 1343 3446 1395; x_wconf 86' lang='lat' dir='ltr'><strong>autem</strong></span> <span class='ocrx_word' id='word_1_137' title='bbox 3478 1338 3857 1411; x_wconf 73' lang='lat' dir='ltr'><strong>blasphemi;</strong></span> 
     </span>
    </p>
   </div>
   <div class='ocr_carea' id='block_1_12' title="bbox 409 1426 3854 1501">
    <p class='ocr_par' dir='ltr' id='par_1_12' title="bbox 409 1426 3854 1501">
     <span class='ocr_line' id='line_1_12' title="bbox 409 1426 3854 1501; baseline -0.002 -14"><span class='ocrx_word' id='word_1_138' title='bbox 409 1429 818 1501; x_wconf 89' lang='lat' dir='ltr'><strong>hujuscemodi</strong></span> <span class='ocrx_word' id='word_1_139' title='bbox 851 1428 1147 1496; x_wconf 89' lang='lat' dir='ltr'><strong>nundinis,</strong></span> <span class='ocrx_word' id='word_1_140' title='bbox 1178 1429 1277 1483; x_wconf 89' lang='lat' dir='ltr'><strong>sed</strong></span> <span class='ocrx_word' id='word_1_141' title='bbox 1311 1428 1483 1483; x_wconf 88' lang='lat' dir='ltr'><strong>etiam</strong></span> <span class='ocrx_word' id='word_1_142' title='bbox 1507 1429 1715 1483; x_wconf 90' lang='lat' dir='ltr'><strong>domus</strong></span> <span class='ocrx_word' id='word_1_143' title='bbox 1736 1430 1845 1480; x_wconf 83' lang='lat' dir='ltr'><strong>tuae</strong></span> <span class='ocrx_word' id='word_1_144' title='bbox 1868 1426 2039 1481; x_wconf 89' lang='lat' dir='ltr'><strong>casti-</strong></span> <span class='ocrx_word' id='word_1_145' title='bbox 2151 1443 2264 1481; x_wconf 92' lang='lat' dir='ltr'><strong>non</strong></span> <span class='ocrx_word' id='word_1_146' title='bbox 2298 1427 2628 1482; x_wconf 84' lang='lat' dir='ltr'><strong>remittetur</strong></span> <span class='ocrx_word' id='word_1_147' title='bbox 2657 1427 2861 1497; x_wconf 83' lang='lat' dir='ltr'><strong>(Matth.</strong></span> <span class='ocrx_word' id='word_1_148' title='bbox 2884 1444 2988 1497; x_wconf 81' lang='lat' dir='ltr'><strong>xu,</strong></span> <span class='ocrx_word' id='word_1_149' title='bbox 3014 1428 3127 1499; x_wconf 88' lang='grc'>31).</span> <span class='ocrx_word' id='word_1_150' title='bbox 3148 1449 3176 1477; x_wconf 87' lang='grc'><strong>››</strong></span> <span class='ocrx_word' id='word_1_151' title='bbox 3218 1428 3458 1483; x_wconf 85' lang='lat' dir='ltr'><strong>Nonne</strong></span> <span class='ocrx_word' id='word_1_152' title='bbox 3488 1444 3707 1500; x_wconf 83' lang='lat' dir='ltr'><strong>super</strong></span> <span class='ocrx_word' id='word_1_153' title='bbox 3735 1427 3854 1482; x_wconf 69' lang='lat' dir='ltr'><strong>haz&#39;</strong></span> 
     </span>
    </p>
   </div>
   <div class='ocr_carea' id='block_1_13' title="bbox 409 1513 3855 1589">
    <p class='ocr_par' dir='ltr' id='par_1_13' title="bbox 409 1513 3855 1589">
     <span class='ocr_line' id='line_1_13' title="bbox 409 1513 3855 1589; baseline -0.002 -14"><span class='ocrx_word' id='word_1_154' title='bbox 409 1524 520 1575; x_wconf 88' lang='lat' dir='ltr'><strong>tas.</strong></span> <span class='ocrx_word' id='word_1_155' title='bbox 545 1542 573 1569; x_wconf 84' lang='lat'><strong>«</strong></span> <span class='ocrx_word' id='word_1_156' title='bbox 594 1518 831 1589; x_wconf 87' lang='lat' dir='ltr'><strong>Oportet</strong></span> <span class='ocrx_word' id='word_1_157' title='bbox 848 1516 1001 1572; x_wconf 91' lang='lat' dir='ltr'><strong>enim</strong></span> <span class='ocrx_word' id='word_1_158' title='bbox 1024 1516 1589 1587; x_wconf 90' lang='lat' dir='ltr'><strong>irreprehensibilem</strong></span> <span class='ocrx_word' id='word_1_159' title='bbox 1612 1532 1738 1571; x_wconf 83' lang='lat' dir='ltr'><strong>esse</strong></span> <span class='ocrx_word' id='word_1_160' title='bbox 1772 1515 2041 1569; x_wconf 90' lang='lat' dir='ltr'><strong>sacerdo-</strong></span> <span class='ocrx_word' id='word_1_161' title='bbox 2152 1515 2401 1586; x_wconf 87' lang='lat' dir='ltr'><strong>Spiritus</strong></span> <span class='ocrx_word' id='word_1_162' title='bbox 2432 1513 2861 1587; x_wconf 88' lang='lat' dir='ltr'><strong>blasphemiam</strong></span> <span class='ocrx_word' id='word_1_163' title='bbox 2893 1515 3200 1588; x_wconf 85' lang='lat' dir='ltr'><strong>propheta,</strong></span> <span class='ocrx_word' id='word_1_164' title='bbox 3252 1515 3647 1589; x_wconf 77' lang='lat' dir='ltr'><strong>apostolus,</strong></span> <span class='ocrx_word' id='word_1_165' title='bbox 3682 1516 3855 1571; x_wconf 48' lang='lat' dir='ltr'><strong>docti.&quot;</strong></span> 
     </span>
    </p>
   </div>
   <div class='ocr_carea' id='block_1_14' title="bbox 410 1603 3852 1676">
    <p class='ocr_par' dir='ltr' id='par_1_14' title="bbox 410 1603 3852 1676">
     <span class='ocr_line' id='line_1_14' title="bbox 410 1603 3852 1676; baseline -0.001 -14"><span class='ocrx_word' id='word_1_166' title='bbox 410 1610 551 1672; x_wconf 87' lang='lat' dir='ltr'><strong>tem,</strong></span> <span class='ocrx_word' id='word_1_167' title='bbox 585 1605 675 1661; x_wconf 91' lang='lat' dir='ltr'><strong>sui</strong></span> <span class='ocrx_word' id='word_1_168' title='bbox 707 1603 905 1659; x_wconf 89' lang='lat' dir='ltr'><strong>domui</strong></span> <span class='ocrx_word' id='word_1_169' title='bbox 933 1605 1079 1659; x_wconf 84' lang='lat' dir='ltr'><strong>bene</strong></span> <span class='ocrx_word' id='word_1_170' title='bbox 1110 1604 1502 1676; x_wconf 74' lang='lat' dir='ltr'><strong>praepositum,</strong></span> <span class='ocrx_word' id='word_1_171' title='bbox 1538 1604 1687 1659; x_wconf 84' lang='lat' dir='ltr'><strong>ﬁlios</strong></span> <span class='ocrx_word' id='word_1_172' title='bbox 1731 1603 2041 1657; x_wconf 86' lang='lat' dir='ltr'><strong>habentem</strong></span> <span class='ocrx_word' id='word_1_173' title='bbox 2152 1605 2416 1660; x_wconf 89' lang='lat' dir='ltr'><strong>eamdem</strong></span> <span class='ocrx_word' id='word_1_174' title='bbox 2438 1603 2756 1676; x_wconf 88' lang='lat' dir='ltr'><strong>quamipse</strong></span> <span class='ocrx_word' id='word_1_175' title='bbox 2777 1603 3063 1661; x_wconf 91' lang='lat' dir='ltr'><strong>Dominus</strong></span> <span class='ocrx_word' id='word_1_176' title='bbox 3078 1620 3314 1672; x_wconf 91' lang='lat' dir='ltr'><strong>eorum,</strong></span> <span class='ocrx_word' id='word_1_177' title='bbox 3341 1604 3852 1676; x_wconf 70' lang='lat' dir='ltr'><strong>uniformemque</strong></span> 
     </span>
    </p>
   </div>
   <div class='ocr_carea' id='block_1_15' title="bbox 412 1690 3857 1766">
    <p class='ocr_par' dir='ltr' id='par_1_15' title="bbox 412 1690 3857 1766">
     <span class='ocr_line' id='line_1_15' title="bbox 412 1690 3857 1766; baseline -0.001 -16"><span class='ocrx_word' id='word_1_178' title='bbox 412 1694 680 1751; x_wconf 89' lang='lat' dir='ltr'><strong>subditos</strong></span> <span class='ocrx_word' id='word_1_179' title='bbox 709 1709 839 1748; x_wconf 89' lang='lat' dir='ltr'><strong>cum</strong></span> <span class='ocrx_word' id='word_1_180' title='bbox 874 1692 1029 1748; x_wconf 90' lang='lat' dir='ltr'><strong>omni</strong></span> <span class='ocrx_word' id='word_1_181' title='bbox 1062 1694 1341 1748; x_wconf 85' lang='lat' dir='ltr'><strong>castitate.</strong></span> <span class='ocrx_word' id='word_1_182' title='bbox 1376 1694 1430 1746; x_wconf 90' lang='lat' dir='ltr'><strong>Si</strong></span> <span class='ocrx_word' id='word_1_183' title='bbox 1464 1692 1593 1764; x_wconf 90' lang='lat' dir='ltr'><strong>quis</strong></span> <span class='ocrx_word' id='word_1_184' title='bbox 1616 1696 1815 1746; x_wconf 89' lang='lat' dir='ltr'><strong>autem</strong></span> <span class='ocrx_word' id='word_1_185' title='bbox 1843 1690 2043 1746; x_wconf 91' lang='lat' dir='ltr'><strong>domui</strong></span> <span class='ocrx_word' id='word_1_186' title='bbox 2153 1693 2615 1764; x_wconf 88' lang='lat' dir='ltr'><strong>comprnbantur</strong></span> <span class='ocrx_word' id='word_1_187' title='bbox 2662 1693 2915 1749; x_wconf 89' lang='lat' dir='ltr'><strong>dictasse</strong></span> <span class='ocrx_word' id='word_1_188' title='bbox 2962 1693 3331 1749; x_wconf 89' lang='lat' dir='ltr'><strong>sententiam</strong></span> <span class='ocrx_word' id='word_1_189' title='bbox 3354 1693 3386 1747; x_wconf 70' lang='lat'><strong>‘2</strong></span> <span class='ocrx_word' id='word_1_190' title='bbox 3442 1693 3782 1766; x_wconf 82' lang='lat' dir='ltr'><strong>Propheta</strong></span> <span class='ocrx_word' id='word_1_191' title='bbox 3809 1712 3857 1748; x_wconf 66' lang='lat' dir='ltr'><strong>si-</strong></span> 
     </span>
    </p>
   </div>
   <div class='ocr_carea' id='block_1_16' title="bbox 412 1779 3853 1855">
    <p class='ocr_par' dir='ltr' id='par_1_16' title="bbox 412 1779 3853 1855">
     <span class='ocr_line' id='line_1_16' title="bbox 412 1779 3853 1855; baseline -0.001 -17"><span class='ocrx_word' id='word_1_192' title='bbox 412 1799 530 1839; x_wconf 76' lang='lat' dir='ltr'><strong>suae</strong></span> <span class='ocrx_word' id='word_1_193' title='bbox 552 1797 797 1853; x_wconf 64' lang='lat' dir='ltr'><strong>praeesse</strong></span> <span class='ocrx_word' id='word_1_194' title='bbox 818 1780 1020 1849; x_wconf 89' lang='lat' dir='ltr'><strong>nescit,</strong></span> <span class='ocrx_word' id='word_1_195' title='bbox 1041 1781 1330 1852; x_wconf 90' lang='lat' dir='ltr'><strong>quomodo</strong></span> <span class='ocrx_word' id='word_1_196' title='bbox 1366 1780 1631 1835; x_wconf 71' lang='lat' dir='ltr'><strong>Ecclesiae</strong></span> <span class='ocrx_word' id='word_1_197' title='bbox 1674 1780 1765 1834; x_wconf 91' lang='lat' dir='ltr'><strong>Dei</strong></span> <span class='ocrx_word' id='word_1_198' title='bbox 1797 1779 2044 1851; x_wconf 88' lang='lat' dir='ltr'><strong>diligen-</strong></span> <span class='ocrx_word' id='word_1_199' title='bbox 2154 1782 2387 1854; x_wconf 90' lang='lat' dir='ltr'><strong>quidem</strong></span> <span class='ocrx_word' id='word_1_200' title='bbox 2420 1783 2536 1837; x_wconf 89' lang='lat' dir='ltr'><strong>ait:</strong></span> <span class='ocrx_word' id='word_1_201' title='bbox 2572 1804 2598 1831; x_wconf 94' lang='grc'><strong>‹‹</strong></span> <span class='ocrx_word' id='word_1_202' title='bbox 2633 1782 2816 1854; x_wconf 91' lang='lat' dir='ltr'><strong>Lepra</strong></span> <span class='ocrx_word' id='word_1_203' title='bbox 2843 1783 3127 1837; x_wconf 88' lang='lat' dir='ltr'><strong>Naamam</strong></span> <span class='ocrx_word' id='word_1_204' title='bbox 3156 1782 3290 1855; x_wconf 84' lang='lat' dir='ltr'><strong>Syri</strong></span> <span class='ocrx_word' id='word_1_205' title='bbox 3346 1782 3725 1839; x_wconf 75' lang='lat' dir='ltr'><strong>adhaerebit</strong></span> <span class='ocrx_word' id='word_1_206' title='bbox 3754 1784 3853 1838; x_wconf 65' lang='lat' dir='ltr'><strong>tibi,</strong></span> 
     </span>
    </p>
   </div>
   <div class='ocr_carea' id='block_1_17' title="bbox 412 1868 3856 1941">
    <p class='ocr_par' dir='ltr' id='par_1_17' title="bbox 412 1868 3856 1941">
     <span class='ocr_line' id='line_1_17' title="bbox 412 1868 3856 1941; baseline -0.001 -15"><span class='ocrx_word' id='word_1_207' title='bbox 412 1871 557 1927; x_wconf 89' lang='lat' dir='ltr'><strong>tiam</strong></span> <span class='ocrx_word' id='word_1_208' title='bbox 580 1870 886 1939; x_wconf 89' lang='lat' dir='ltr'><strong>habebit(I</strong></span> <span class='ocrx_word' id='word_1_209' title='bbox 914 1871 1044 1923; x_wconf 87' lang='lat' dir='ltr'><strong>Tim.</strong></span> <span class='ocrx_word' id='word_1_210' title='bbox 1084 1886 1164 1923; x_wconf 87' lang='lat' dir='ltr'><strong>III.</strong></span> <span class='ocrx_word' id='word_1_211' title='bbox 1205 1870 1401 1938; x_wconf 79' lang='lat'><strong>2-5.)»</strong></span> <span class='ocrx_word' id='word_1_212' title='bbox 1446 1871 1672 1923; x_wconf 91' lang='lat' dir='ltr'><strong>Instrue</strong></span> <span class='ocrx_word' id='word_1_213' title='bbox 1711 1884 1845 1939; x_wconf 88' lang='lat' dir='ltr'><strong>ergo</strong></span> <span class='ocrx_word' id='word_1_214' title='bbox 1871 1868 2043 1923; x_wconf 89' lang='lat' dir='ltr'><strong>fami-</strong></span> <span class='ocrx_word' id='word_1_215' title='bbox 2152 1873 2209 1924; x_wconf 92' lang='lat' dir='ltr'><strong>et</strong></span> <span class='ocrx_word' id='word_1_216' title='bbox 2229 1868 2437 1924; x_wconf 90' lang='lat' dir='ltr'><strong>semini</strong></span> <span class='ocrx_word' id='word_1_217' title='bbox 2463 1872 2564 1923; x_wconf 91' lang='lat' dir='ltr'><strong>tuo</strong></span> <span class='ocrx_word' id='word_1_218' title='bbox 2614 1886 2801 1940; x_wconf 88' lang='lat' dir='ltr'><strong>usque</strong></span> <span class='ocrx_word' id='word_1_219' title='bbox 2823 1868 2885 1924; x_wconf 90' lang='lat' dir='ltr'><strong>in</strong></span> <span class='ocrx_word' id='word_1_220' title='bbox 2931 1873 3217 1925; x_wconf 68' lang='lat' dir='ltr'><strong>aeternum</strong></span> <span class='ocrx_word' id='word_1_221' title='bbox 3254 1870 3362 1941; x_wconf 80' lang='lat' dir='ltr'><strong>(IV</strong></span> <span class='ocrx_word' id='word_1_222' title='bbox 3386 1870 3538 1941; x_wconf 78' lang='lat' dir='ltr'><strong>Reg.</strong></span> <span class='ocrx_word' id='word_1_223' title='bbox 3583 1871 3812 1940; x_wconf 81' lang='lat' dir='ltr'><strong>v,27);</strong></span> <span class='ocrx_word' id='word_1_224' title='bbox 3842 1898 3856 1915; x_wconf 79' lang='grc' dir='ltr'>τι</span> 
     </span>
    </p>
   </div>
   <div class='ocr_carea' id='block_1_18' title="bbox 412 1955 3857 2054">
    <p class='ocr_par' dir='ltr' id='par_1_18' title="bbox 412 1955 3857 2054">
     <span class='ocr_line' id='line_1_18' title="bbox 412 1955 3857 2054; baseline -0.001 -40"><span class='ocrx_word' id='word_1_225' title='bbox 412 1959 573 2024; x_wconf 87' lang='lat' dir='ltr'><strong>liam,</strong></span> <span class='ocrx_word' id='word_1_226' title='bbox 595 1959 843 2022; x_wconf 89' lang='lat' dir='ltr'><strong>hortare,</strong></span> <span class='ocrx_word' id='word_1_227' title='bbox 867 1958 1113 2011; x_wconf 88' lang='lat' dir='ltr'><strong>custodi.</strong></span> <span class='ocrx_word' id='word_1_228' title='bbox 1139 1957 1423 2012; x_wconf 85' lang='lat' dir='ltr'><strong>Fefellerit</strong></span> <span class='ocrx_word' id='word_1_229' title='bbox 1445 1955 2042 2026; x_wconf 85' lang='lat' dir='ltr'><strong>servulus?(hominis</strong></span> <span class='ocrx_word' id='word_1_230' title='bbox 2078 1990 2125 2054; x_wconf 81' lang='grc' dir='ltr'><strong>Β</strong></span> <span class='ocrx_word' id='word_1_231' title='bbox 2155 1956 2454 2029; x_wconf 87' lang='lat' dir='ltr'><strong>apostolus</strong></span> <span class='ocrx_word' id='word_1_232' title='bbox 2485 1961 2679 2012; x_wconf 89' lang='lat' dir='ltr'><strong>autem</strong></span> <span class='ocrx_word' id='word_1_233' title='bbox 2706 1974 2718 2013; x_wconf 89' lang='lat'><strong>:</strong></span> <span class='ocrx_word' id='word_1_234' title='bbox 2746 1981 2774 2007; x_wconf 85' lang='lat'><strong>«</strong></span> <span class='ocrx_word' id='word_1_235' title='bbox 2808 1958 3079 2026; x_wconf 87' lang='lat' dir='ltr'><strong>Pecunia,</strong></span> <span class='ocrx_word' id='word_1_236' title='bbox 3114 1956 3341 2030; x_wconf 85' lang='lat' dir='ltr'><strong>inquit,</strong></span> <span class='ocrx_word' id='word_1_237' title='bbox 3392 1961 3517 2014; x_wconf 87' lang='lat' dir='ltr'><strong>tua</strong></span> <span class='ocrx_word' id='word_1_238' title='bbox 3550 1962 3773 2015; x_wconf 81' lang='lat' dir='ltr'><strong>tecum</strong></span> <span class='ocrx_word' id='word_1_239' title='bbox 3803 1961 3857 2013; x_wconf 83' lang='lat' dir='ltr'><strong>si:</strong></span> 
     </span>
    </p>
   </div>
   <div class='ocr_carea' id='block_1_19' title="bbox 414 2044 3854 2121">
    <p class='ocr_par' dir='ltr' id='par_1_19' title="bbox 414 2044 3854 2121">
     <span class='ocr_line' id='line_1_19' title="bbox 414 2044 3854 2121; baseline -0.001 -17"><span class='ocrx_word' id='word_1_240' title='bbox 414 2047 570 2104; x_wconf 90' lang='lat' dir='ltr'><strong>enim</strong></span> <span class='ocrx_word' id='word_1_241' title='bbox 594 2064 709 2102; x_wconf 92' lang='lat' dir='ltr'><strong>non</strong></span> <span class='ocrx_word' id='word_1_242' title='bbox 732 2046 979 2117; x_wconf 84' lang='lat' dir='ltr'><strong>excipito</strong></span> <span class='ocrx_word' id='word_1_243' title='bbox 1001 2046 1358 2116; x_wconf 81' lang='lat' dir='ltr'><strong>facultatem)</strong></span> <span class='ocrx_word' id='word_1_244' title='bbox 1383 2044 1714 2117; x_wconf 88' lang='lat' dir='ltr'><strong>prophetico</strong></span> <span class='ocrx_word' id='word_1_245' title='bbox 1737 2044 2122 2115; x_wconf 71' lang='lat' dir='ltr'><strong>deprchen-&quot;</strong></span> <span class='ocrx_word' id='word_1_246' title='bbox 2157 2046 2217 2100; x_wconf 88' lang='lat' dir='ltr'><strong>in</strong></span> <span class='ocrx_word' id='word_1_247' title='bbox 2265 2046 2646 2117; x_wconf 86' lang='lat' dir='ltr'><strong>perditionem</strong></span> <span class='ocrx_word' id='word_1_248' title='bbox 2690 2047 2831 2117; x_wconf 76' lang='lat' dir='ltr'><strong>(Act.</strong></span> <span class='ocrx_word' id='word_1_249' title='bbox 2884 2063 3007 2113; x_wconf 86' lang='lat' dir='ltr'><strong>vm,</strong></span> <span class='ocrx_word' id='word_1_250' title='bbox 3055 2047 3173 2114; x_wconf 90' lang='lat'><strong>20).</strong></span> <span class='ocrx_word' id='word_1_251' title='bbox 3210 2068 3234 2096; x_wconf 76' lang='grc' dir='ltr'><strong>ι</strong></span> <span class='ocrx_word' id='word_1_252' title='bbox 3291 2048 3371 2102; x_wconf 89' lang='lat' dir='ltr'><strong>Et</strong></span> <span class='ocrx_word' id='word_1_253' title='bbox 3421 2051 3585 2119; x_wconf 88' lang='lat' dir='ltr'><strong>post</strong></span> <span class='ocrx_word' id='word_1_254' title='bbox 3641 2065 3854 2121; x_wconf 83' lang='lat' dir='ltr'><strong>pauca:</strong></span> 
     </span>
    </p>
   </div>
   <div class='ocr_carea' id='block_1_20' title="bbox 418 2132 3853 2208">
    <p class='ocr_par' dir='ltr' id='par_1_20' title="bbox 418 2132 3853 2208">
     <span class='ocr_line' id='line_1_20' title="bbox 418 2132 3853 2208; baseline -0.001 -15"><span class='ocrx_word' id='word_1_255' title='bbox 418 2135 861 2208; x_wconf 89' lang='lat' dir='ltr'><strong>susrepudietur</strong></span> <span class='ocrx_word' id='word_1_256' title='bbox 916 2134 1217 2206; x_wconf 80' lang='lat' dir='ltr'><strong>exemplo;</strong></span> <span class='ocrx_word' id='word_1_257' title='bbox 1246 2134 1359 2189; x_wconf 92' lang='lat' dir='ltr'><strong>cito</strong></span> <span class='ocrx_word' id='word_1_258' title='bbox 1415 2139 1644 2205; x_wconf 90' lang='lat' dir='ltr'><strong>turpem</strong></span> <span class='ocrx_word' id='word_1_259' title='bbox 1677 2133 1941 2204; x_wconf 85' lang='lat' dir='ltr'><strong>sequitur</strong></span> <span class='ocrx_word' id='word_1_260' title='bbox 1967 2132 2048 2187; x_wconf 91' lang='lat' dir='ltr'><strong>le-</strong></span> <span class='ocrx_word' id='word_1_261' title='bbox 2160 2157 2188 2185; x_wconf 84' lang='lat'><strong><em>«</em></strong></span> <span class='ocrx_word' id='word_1_262' title='bbox 2221 2134 2622 2190; x_wconf 78' lang='lat' dir='ltr'><strong>Pmnitentiam</strong></span> <span class='ocrx_word' id='word_1_263' title='bbox 2652 2136 2850 2207; x_wconf 89' lang='lat' dir='ltr'><strong>itaque</strong></span> <span class='ocrx_word' id='word_1_264' title='bbox 2880 2151 2987 2207; x_wconf 89' lang='lat' dir='ltr'><strong>age</strong></span> <span class='ocrx_word' id='word_1_265' title='bbox 3017 2136 3089 2190; x_wconf 91' lang='lat' dir='ltr'><strong>ab</strong></span> <span class='ocrx_word' id='word_1_266' title='bbox 3121 2134 3236 2190; x_wconf 90' lang='lat' dir='ltr'><strong>hac</strong></span> <span class='ocrx_word' id='word_1_267' title='bbox 3289 2136 3606 2208; x_wconf 88' lang='lat' dir='ltr'><strong>nequitia</strong></span> <span class='ocrx_word' id='word_1_268' title='bbox 3654 2141 3785 2205; x_wconf 90' lang='lat' dir='ltr'><strong>tua,</strong></span> <span class='ocrx_word' id='word_1_269' title='bbox 3814 2154 3853 2192; x_wconf 81' lang='lat' dir='ltr'><strong>e&#39;.</strong></span> 
     </span>
    </p>
   </div>
   <div class='ocr_carea' id='block_1_21' title="bbox 417 2220 3852 2299">
    <p class='ocr_par' dir='ltr' id='par_1_21' title="bbox 417 2220 3852 2299">
     <span class='ocr_line' id='line_1_21' title="bbox 417 2220 3852 2299; baseline 0 -18"><span class='ocrx_word' id='word_1_270' title='bbox 417 2242 523 2299; x_wconf 90' lang='lat' dir='ltr'><strong>pra</strong></span> <span class='ocrx_word' id='word_1_271' title='bbox 551 2224 897 2294; x_wconf 86' lang='lat' dir='ltr'><strong>mercedem,</strong></span> <span class='ocrx_word' id='word_1_272' title='bbox 921 2228 976 2279; x_wconf 90' lang='lat' dir='ltr'><strong>et</strong></span> <span class='ocrx_word' id='word_1_273' title='bbox 992 2224 1240 2295; x_wconf 91' lang='lat' dir='ltr'><strong>pecunia</strong></span> <span class='ocrx_word' id='word_1_274' title='bbox 1262 2239 1471 2293; x_wconf 89' lang='lat' dir='ltr'><strong>corpus</strong></span> <span class='ocrx_word' id='word_1_275' title='bbox 1502 2223 1883 2294; x_wconf 90' lang='lat' dir='ltr'><strong>animumque</strong></span> <span class='ocrx_word' id='word_1_276' title='bbox 1901 2220 2052 2276; x_wconf 91' lang='lat' dir='ltr'><strong>male</strong></span> <span class='ocrx_word' id='word_1_277' title='bbox 2159 2240 2298 2295; x_wconf 86' lang='lat' dir='ltr'><strong>roga</strong></span> <span class='ocrx_word' id='word_1_278' title='bbox 2318 2224 2631 2279; x_wconf 90' lang='lat' dir='ltr'><strong>Dominum</strong></span> <span class='ocrx_word' id='word_1_279' title='bbox 2655 2224 2703 2279; x_wconf 90' lang='lat' dir='ltr'><strong>si</strong></span> <span class='ocrx_word' id='word_1_280' title='bbox 2732 2224 2877 2279; x_wconf 88' lang='lat' dir='ltr'><strong>forte</strong></span> <span class='ocrx_word' id='word_1_281' title='bbox 2897 2223 3238 2279; x_wconf 89' lang='lat' dir='ltr'><strong>remittatur</strong></span> <span class='ocrx_word' id='word_1_282' title='bbox 3270 2224 3386 2279; x_wconf 89' lang='lat' dir='ltr'><strong>tibi</strong></span> <span class='ocrx_word' id='word_1_283' title='bbox 3414 2224 3562 2281; x_wconf 60' lang='lat' dir='ltr'><strong>hac</strong></span> <span class='ocrx_word' id='word_1_284' title='bbox 3585 2227 3852 2298; x_wconf 71' lang='lat' dir='ltr'><strong>cogitatio</strong></span> 
     </span>
    </p>
   </div>
   <div class='ocr_carea' id='block_1_22' title="bbox 419 2309 3850 2388">
    <p class='ocr_par' dir='ltr' id='par_1_22' title="bbox 419 2309 3850 2388">
     <span class='ocr_line' id='line_1_22' title="bbox 419 2309 3850 2388; baseline 0.001 -18"><span class='ocrx_word' id='word_1_285' title='bbox 419 2314 663 2387; x_wconf 77' lang='lat' dir='ltr'><strong>quaesita</strong></span> <span class='ocrx_word' id='word_1_286' title='bbox 682 2311 1089 2367; x_wconf 89' lang='lat' dir='ltr'><strong>commaculat.</strong></span> <span class='ocrx_word' id='word_1_287' title='bbox 1117 2332 1145 2360; x_wconf 85' lang='lat'><strong>«</strong></span> <span class='ocrx_word' id='word_1_288' title='bbox 1170 2310 1474 2382; x_wconf 81' lang='lat' dir='ltr'><strong>Accepisti,</strong></span> <span class='ocrx_word' id='word_1_289' title='bbox 1513 2311 1721 2382; x_wconf 92' lang='lat' dir='ltr'><strong>inquit,</strong></span> <span class='ocrx_word' id='word_1_290' title='bbox 1745 2309 2050 2382; x_wconf 90' lang='lat' dir='ltr'><strong>pecuniam</strong></span> <span class='ocrx_word' id='word_1_291' title='bbox 2160 2310 2459 2367; x_wconf 84' lang='lat' dir='ltr'><strong>cordistui</strong></span> <span class='ocrx_word' id='word_1_292' title='bbox 2489 2312 2673 2380; x_wconf 66' lang='lat' dir='ltr'><strong>(Ibid,</strong></span> <span class='ocrx_word' id='word_1_293' title='bbox 2704 2313 2818 2383; x_wconf 91' lang='lat'><strong>22).</strong></span> <span class='ocrx_word' id='word_1_294' title='bbox 2854 2334 2882 2361; x_wconf 87' lang='lat'>»</span> <span class='ocrx_word' id='word_1_295' title='bbox 2916 2313 3179 2376; x_wconf 88' lang='lat' dir='ltr'><strong>Quorum</strong></span> <span class='ocrx_word' id='word_1_296' title='bbox 3229 2314 3701 2372; x_wconf 84' lang='lat' dir='ltr'><strong>auctoritatem</strong></span> <span class='ocrx_word' id='word_1_297' title='bbox 3738 2333 3850 2388; x_wconf 45' lang='lat' dir='ltr'><strong>pro.</strong></span> 
     </span>
    </p>
   </div>
   <div class='ocr_carea' id='block_1_23' title="bbox 419 2398 3846 2473">
    <p class='ocr_par' dir='ltr' id='par_1_23' title="bbox 419 2398 3846 2473">
     <span class='ocr_line' id='line_1_23' title="bbox 419 2398 3846 2473; baseline -0.001 -14"><span class='ocrx_word' id='word_1_298' title='bbox 419 2407 477 2459; x_wconf 85' lang='lat' dir='ltr'><strong>et</strong></span> <span class='ocrx_word' id='word_1_299' title='bbox 504 2401 829 2473; x_wconf 88' lang='lat' dir='ltr'><strong>possidebis</strong></span> <span class='ocrx_word' id='word_1_300' title='bbox 859 2416 927 2455; x_wconf 82' lang='lat' dir='ltr'><strong>ex</strong></span> <span class='ocrx_word' id='word_1_301' title='bbox 956 2417 1024 2455; x_wconf 90' lang='lat' dir='ltr'><strong>ea</strong></span> <span class='ocrx_word' id='word_1_302' title='bbox 1050 2416 1275 2471; x_wconf 84' lang='lat' dir='ltr'><strong>agrum,</strong></span> <span class='ocrx_word' id='word_1_303' title='bbox 1308 2403 1365 2454; x_wconf 91' lang='lat' dir='ltr'><strong>et</strong></span> <span class='ocrx_word' id='word_1_304' title='bbox 1392 2399 1640 2464; x_wconf 88' lang='lat' dir='ltr'><strong>vineam,</strong></span> <span class='ocrx_word' id='word_1_305' title='bbox 1675 2403 1731 2453; x_wconf 92' lang='lat' dir='ltr'><strong>et</strong></span> <span class='ocrx_word' id='word_1_306' title='bbox 1765 2399 1972 2454; x_wconf 90' lang='lat' dir='ltr'><strong>oliveta</strong></span> <span class='ocrx_word' id='word_1_307' title='bbox 2000 2401 2055 2453; x_wconf 90' lang='lat' dir='ltr'><strong>et</strong></span> <span class='ocrx_word' id='word_1_308' title='bbox 2160 2398 2305 2453; x_wconf 87' lang='lat' dir='ltr'><strong>fecto</strong></span> <span class='ocrx_word' id='word_1_309' title='bbox 2337 2401 2570 2453; x_wconf 89' lang='lat' dir='ltr'><strong>secutus</strong></span> <span class='ocrx_word' id='word_1_310' title='bbox 2601 2399 2821 2464; x_wconf 83' lang='lat' dir='ltr'><strong>doctor,</strong></span> <span class='ocrx_word' id='word_1_311' title='bbox 2856 2398 2937 2453; x_wconf 90' lang='lat' dir='ltr'><strong>ait</strong></span> <span class='ocrx_word' id='word_1_312' title='bbox 2963 2416 2977 2454; x_wconf 90' lang='lat'><strong>:</strong></span> <span class='ocrx_word' id='word_1_313' title='bbox 3016 2421 3037 2449; x_wconf 74' lang='grc' dir='ltr'><strong><em>α</em></strong></span> <span class='ocrx_word' id='word_1_314' title='bbox 3074 2399 3486 2473; x_wconf 85' lang='lat' dir='ltr'><strong>Inexpiabilis</strong></span> <span class='ocrx_word' id='word_1_315' title='bbox 3515 2407 3623 2459; x_wconf 91' lang='lat' dir='ltr'><strong>est</strong></span> <span class='ocrx_word' id='word_1_316' title='bbox 3644 2404 3846 2459; x_wconf 65' lang='lat' dir='ltr'><strong>venditi</strong></span> 
     </span>
    </p>
   </div>
   <div class='ocr_carea' id='block_1_24' title="bbox 420 2486 3851 2564">
    <p class='ocr_par' dir='ltr' id='par_1_24' title="bbox 420 2486 3851 2564">
     <span class='ocr_line' id='line_1_24' title="bbox 420 2486 3851 2564; baseline 0 -19"><span class='ocrx_word' id='word_1_317' title='bbox 420 2505 662 2564; x_wconf 81' lang='lat' dir='ltr'><strong>greges;</strong></span> <span class='ocrx_word' id='word_1_318' title='bbox 705 2490 805 2545; x_wconf 89' lang='lat' dir='ltr'><strong>sed</strong></span> <span class='ocrx_word' id='word_1_319' title='bbox 856 2493 913 2543; x_wconf 91' lang='lat' dir='ltr'><strong>et</strong></span> <span class='ocrx_word' id='word_1_320' title='bbox 959 2488 1119 2560; x_wconf 90' lang='lat' dir='ltr'><strong>lepra</strong></span> <span class='ocrx_word' id='word_1_321' title='bbox 1164 2489 1442 2542; x_wconf 89' lang='lat' dir='ltr'><strong>Naamam</strong></span> <span class='ocrx_word' id='word_1_322' title='bbox 1498 2487 1819 2542; x_wconf 76' lang='lat' dir='ltr'><strong>adhzerebit</strong></span> <span class='ocrx_word' id='word_1_323' title='bbox 1864 2487 1967 2541; x_wconf 88' lang='lat' dir='ltr'><strong>tibi</strong></span> <span class='ocrx_word' id='word_1_324' title='bbox 2000 2490 2055 2541; x_wconf 91' lang='lat' dir='ltr'><strong>et</strong></span> <span class='ocrx_word' id='word_1_325' title='bbox 2161 2486 2333 2559; x_wconf 89' lang='lat' dir='ltr'><strong>culpa</strong></span> <span class='ocrx_word' id='word_1_326' title='bbox 2377 2486 2659 2559; x_wconf 86' lang='lat' dir='ltr'><strong>mysterii.</strong></span> <span class='ocrx_word' id='word_1_327' title='bbox 2715 2509 2736 2535; x_wconf 78' lang='grc' dir='ltr'><strong>ι</strong></span> <span class='ocrx_word' id='word_1_328' title='bbox 2788 2487 2852 2541; x_wconf 92' lang='grc' dir='ltr'><strong>Β.</strong></span> <span class='ocrx_word' id='word_1_329' title='bbox 2913 2503 3150 2560; x_wconf 89' lang='lat' dir='ltr'><strong>quoque</strong></span> <span class='ocrx_word' id='word_1_330' title='bbox 3213 2489 3661 2561; x_wconf 81' lang='lat' dir='ltr'><strong>Augustinus,</strong></span> <span class='ocrx_word' id='word_1_331' title='bbox 3715 2493 3851 2547; x_wconf 71' lang='lat' dir='ltr'><strong>unde.</strong></span> 
     </span>
    </p>
   </div>
   <div class='ocr_carea' id='block_1_25' title="bbox 419 2574 3848 2650">
    <p class='ocr_par' dir='ltr' id='par_1_25' title="bbox 419 2574 3848 2650">
     <span class='ocr_line' id='line_1_25' title="bbox 419 2574 3848 2650; baseline -0.001 -15"><span class='ocrx_word' id='word_1_332' title='bbox 419 2578 629 2635; x_wconf 88' lang='lat' dir='ltr'><strong>semini</strong></span> <span class='ocrx_word' id='word_1_333' title='bbox 662 2583 763 2633; x_wconf 94' lang='lat' dir='ltr'><strong>tuo</strong></span> <span class='ocrx_word' id='word_1_334' title='bbox 795 2594 980 2648; x_wconf 91' lang='lat' dir='ltr'><strong>usque</strong></span> <span class='ocrx_word' id='word_1_335' title='bbox 1023 2577 1083 2630; x_wconf 93' lang='lat' dir='ltr'><strong>in</strong></span> <span class='ocrx_word' id='word_1_336' title='bbox 1131 2581 1413 2630; x_wconf 72' lang='lat' dir='ltr'><strong>aaternum</strong></span> <span class='ocrx_word' id='word_1_337' title='bbox 1464 2576 1555 2646; x_wconf 81' lang='lat' dir='ltr'><strong>(IV</strong></span> <span class='ocrx_word' id='word_1_338' title='bbox 1600 2576 1728 2642; x_wconf 85' lang='lat' dir='ltr'><strong>Reg.</strong></span> <span class='ocrx_word' id='word_1_339' title='bbox 1777 2593 1831 2644; x_wconf 89' lang='lat' dir='ltr'><strong>v,</strong></span> <span class='ocrx_word' id='word_1_340' title='bbox 1879 2576 1990 2645; x_wconf 87' lang='lat'><strong>27).</strong></span> <span class='ocrx_word' id='word_1_341' title='bbox 2028 2598 2049 2624; x_wconf 77' lang='grc' dir='ltr'><strong>ι</strong></span> <span class='ocrx_word' id='word_1_342' title='bbox 2163 2592 2341 2647; x_wconf 90' lang='lat' dir='ltr'><strong>supra</strong></span> <span class='ocrx_word' id='word_1_343' title='bbox 2412 2576 2468 2630; x_wconf 92' lang='lat' dir='ltr'><strong>in</strong></span> <span class='ocrx_word' id='word_1_344' title='bbox 2536 2574 2894 2647; x_wconf 86' lang='lat' dir='ltr'><strong>expositione</strong></span> <span class='ocrx_word' id='word_1_345' title='bbox 2954 2575 3258 2650; x_wconf 88' lang='lat' dir='ltr'><strong>Evangelii</strong></span> <span class='ocrx_word' id='word_1_346' title='bbox 3307 2578 3525 2633; x_wconf 83' lang='lat' dir='ltr'><strong>sancti</strong></span> <span class='ocrx_word' id='word_1_347' title='bbox 3582 2580 3848 2636; x_wconf 85' lang='lat' dir='ltr'><strong>Joannis.</strong></span> 
     </span>
    </p>
   </div>
   <div class='ocr_carea' id='block_1_26' title="bbox 416 2661 3852 2738">
    <p class='ocr_par' dir='ltr' id='par_1_26' title="bbox 416 2661 3852 2738">
     <span class='ocr_line' id='line_1_26' title="bbox 416 2661 3852 2738; baseline 0.001 -15"><span class='ocrx_word' id='word_1_348' title='bbox 416 2668 589 2723; x_wconf 87' lang='lat' dir='ltr'><strong>Vides</strong></span> <span class='ocrx_word' id='word_1_349' title='bbox 616 2667 755 2738; x_wconf 89' lang='lat' dir='ltr'><strong>quia</strong></span> <span class='ocrx_word' id='word_1_350' title='bbox 784 2669 1018 2737; x_wconf 87' lang='lat' dir='ltr'><strong>propter</strong></span> <span class='ocrx_word' id='word_1_351' title='bbox 1054 2666 1206 2719; x_wconf 85' lang='lat' dir='ltr'><strong>facta</strong></span> <span class='ocrx_word' id='word_1_352' title='bbox 1249 2664 1524 2731; x_wconf 90' lang='lat' dir='ltr'><strong>auctoris,</strong></span> <span class='ocrx_word' id='word_1_353' title='bbox 1569 2663 1859 2719; x_wconf 89' lang='lat' dir='ltr'><strong>successio</strong></span> <span class='ocrx_word' id='word_1_354' title='bbox 1890 2664 2056 2718; x_wconf 89' lang='lat' dir='ltr'><strong>dam-</strong></span> <span class='ocrx_word' id='word_1_355' title='bbox 2169 2684 2190 2712; x_wconf 77' lang='grc' dir='ltr'><strong>ι</strong></span> <span class='ocrx_word' id='word_1_356' title='bbox 2224 2662 2423 2718; x_wconf 90' lang='lat' dir='ltr'><strong>Simon</strong></span> <span class='ocrx_word' id='word_1_357' title='bbox 2456 2661 2553 2717; x_wconf 91' lang='lat' dir='ltr'><strong>ille</strong></span> <span class='ocrx_word' id='word_1_358' title='bbox 2582 2662 2711 2718; x_wconf 90' lang='lat' dir='ltr'><strong>ideo</strong></span> <span class='ocrx_word' id='word_1_359' title='bbox 2740 2661 2967 2718; x_wconf 90' lang='lat' dir='ltr'><strong>volebat</strong></span> <span class='ocrx_word' id='word_1_360' title='bbox 2985 2678 3183 2719; x_wconf 88' lang='lat' dir='ltr'><strong>emere</strong></span> <span class='ocrx_word' id='word_1_361' title='bbox 3211 2662 3536 2735; x_wconf 87' lang='lat' dir='ltr'><strong>Spiritum</strong></span> <span class='ocrx_word' id='word_1_362' title='bbox 3561 2671 3852 2727; x_wconf 82' lang='lat' dir='ltr'><strong>sanctum.</strong></span> 
     </span>
    </p>
   </div>
   <div class='ocr_carea' id='block_1_27' title="bbox 417 2749 3851 2829">
    <p class='ocr_par' dir='ltr' id='par_1_27' title="bbox 417 2749 3851 2829">
     <span class='ocr_line' id='line_1_27' title="bbox 417 2749 3851 2829; baseline -0 -16"><span class='ocrx_word' id='word_1_363' title='bbox 417 2760 592 2813; x_wconf 90' lang='lat' dir='ltr'><strong>natur</strong></span> <span class='ocrx_word' id='word_1_364' title='bbox 611 2754 898 2810; x_wconf 64' lang='lat' dir='ltr'><strong>heredis?</strong></span> <span class='ocrx_word' id='word_1_365' title='bbox 919 2753 1293 2826; x_wconf 89' lang='lat' dir='ltr'><strong>Inexpiabilis</strong></span> <span class='ocrx_word' id='word_1_366' title='bbox 1315 2757 1403 2808; x_wconf 92' lang='lat' dir='ltr'><strong>est</strong></span> <span class='ocrx_word' id='word_1_367' title='bbox 1428 2752 1647 2808; x_wconf 89' lang='lat' dir='ltr'><strong>venditi</strong></span> <span class='ocrx_word' id='word_1_368' title='bbox 1666 2752 1835 2824; x_wconf 91' lang='lat' dir='ltr'><strong>culpa</strong></span> <span class='ocrx_word' id='word_1_369' title='bbox 1851 2754 2058 2824; x_wconf 74' lang='lat' dir='ltr'><strong>myste-</strong></span> <span class='ocrx_word' id='word_1_370' title='bbox 2164 2750 2302 2822; x_wconf 91' lang='lat' dir='ltr'><strong>quia</strong></span> <span class='ocrx_word' id='word_1_371' title='bbox 2328 2751 2575 2806; x_wconf 86' lang='lat' dir='ltr'><strong>vendere</strong></span> <span class='ocrx_word' id='word_1_372' title='bbox 2610 2749 2842 2806; x_wconf 90' lang='lat' dir='ltr'><strong>volebat</strong></span> <span class='ocrx_word' id='word_1_373' title='bbox 2871 2750 3156 2823; x_wconf 88' lang='lat' dir='ltr'><strong>Spiritum</strong></span> <span class='ocrx_word' id='word_1_374' title='bbox 3209 2755 3540 2823; x_wconf 88' lang='lat' dir='ltr'><strong>sanctum,</strong></span> <span class='ocrx_word' id='word_1_375' title='bbox 3605 2759 3671 2812; x_wconf 89' lang='lat' dir='ltr'><strong>et</strong></span> <span class='ocrx_word' id='word_1_376' title='bbox 3699 2762 3851 2829; x_wconf 86' lang='lat' dir='ltr'><strong>puta-</strong></span> 
     </span>
    </p>
   </div>
   <div class='ocr_carea' id='block_1_28' title="bbox 419 2838 3847 2915">
    <p class='ocr_par' dir='ltr' id='par_1_28' title="bbox 419 2838 3847 2915">
     <span class='ocr_line' id='line_1_28' title="bbox 419 2838 3847 2915; baseline 0 -16"><span class='ocrx_word' id='word_1_377' title='bbox 419 2844 512 2911; x_wconf 91' lang='lat' dir='ltr'><strong>rii,</strong></span> <span class='ocrx_word' id='word_1_378' title='bbox 535 2848 593 2899; x_wconf 90' lang='lat' dir='ltr'><strong>et</strong></span> <span class='ocrx_word' id='word_1_379' title='bbox 614 2843 865 2899; x_wconf 77' lang='lat' dir='ltr'><strong>coelestia</strong></span> <span class='ocrx_word' id='word_1_380' title='bbox 898 2842 1094 2915; x_wconf 68' lang='lat' dir='ltr'><strong>gratim</strong></span> <span class='ocrx_word' id='word_1_381' title='bbox 1133 2841 1390 2897; x_wconf 89' lang='lat' dir='ltr'><strong>vindicta</strong></span> <span class='ocrx_word' id='word_1_382' title='bbox 1422 2841 1635 2897; x_wconf 87' lang='lat' dir='ltr'><strong>transit</strong></span> <span class='ocrx_word' id='word_1_383' title='bbox 1663 2842 1733 2896; x_wconf 89' lang='lat' dir='ltr'><strong>ad</strong></span> <span class='ocrx_word' id='word_1_384' title='bbox 1774 2844 2054 2912; x_wconf 89' lang='lat' dir='ltr'><strong>posteros.</strong></span> <span class='ocrx_word' id='word_1_385' title='bbox 2164 2839 2263 2895; x_wconf 88' lang='lat' dir='ltr'><strong>bat</strong></span> <span class='ocrx_word' id='word_1_386' title='bbox 2283 2838 2577 2910; x_wconf 89' lang='lat' dir='ltr'><strong>apostolos</strong></span> <span class='ocrx_word' id='word_1_387' title='bbox 2598 2843 2952 2895; x_wconf 87' lang='lat' dir='ltr'><strong>mercatores</strong></span> <span class='ocrx_word' id='word_1_388' title='bbox 2971 2838 3122 2896; x_wconf 86' lang='lat' dir='ltr'><strong>tales</strong></span> <span class='ocrx_word' id='word_1_389' title='bbox 3152 2856 3287 2897; x_wconf 85' lang='lat' dir='ltr'><strong>esse</strong></span> <span class='ocrx_word' id='word_1_390' title='bbox 3307 2840 3547 2913; x_wconf 89' lang='lat' dir='ltr'><strong>quales</strong></span> <span class='ocrx_word' id='word_1_391' title='bbox 3571 2844 3847 2901; x_wconf 86' lang='lat' dir='ltr'><strong>Dominus</strong></span> 
     </span>
    </p>
   </div>
   <div class='ocr_carea' id='block_1_29' title="bbox 418 2927 3844 3004">
    <p class='ocr_par' dir='ltr' id='par_1_29' title="bbox 418 2927 3844 3004">
     <span class='ocr_line' id='line_1_29' title="bbox 418 2927 3844 3004; baseline 0 -17"><span class='ocrx_word' id='word_1_392' title='bbox 418 2931 681 3004; x_wconf 90' lang='lat' dir='ltr'><strong>Denique</strong></span> <span class='ocrx_word' id='word_1_393' title='bbox 718 2931 984 2986; x_wconf 73' lang='lat' dir='ltr'><strong>Moabitae</strong></span> <span class='ocrx_word' id='word_1_394' title='bbox 1007 2934 1062 2985; x_wconf 90' lang='lat' dir='ltr'><strong>et</strong></span> <span class='ocrx_word' id='word_1_395' title='bbox 1084 2930 1272 2985; x_wconf 67' lang='lat' dir='ltr'><strong>caeteri</strong></span> <span class='ocrx_word' id='word_1_396' title='bbox 1296 2947 1409 2985; x_wconf 91' lang='lat' dir='ltr'><strong>non</strong></span> <span class='ocrx_word' id='word_1_397' title='bbox 1447 2928 1751 2984; x_wconf 90' lang='lat' dir='ltr'><strong>intrabunt</strong></span> <span class='ocrx_word' id='word_1_398' title='bbox 1775 2929 1832 2983; x_wconf 91' lang='lat' dir='ltr'><strong>in</strong></span> <span class='ocrx_word' id='word_1_399' title='bbox 1863 2928 2056 2985; x_wconf 87' lang='lat' dir='ltr'><strong>Eccle-</strong></span> <span class='ocrx_word' id='word_1_400' title='bbox 2165 2928 2236 2983; x_wconf 92' lang='lat' dir='ltr'><strong>de</strong></span> <span class='ocrx_word' id='word_1_401' title='bbox 2263 2927 2478 2999; x_wconf 91' lang='lat' dir='ltr'><strong>templo</strong></span> <span class='ocrx_word' id='word_1_402' title='bbox 2510 2927 2736 3000; x_wconf 86' lang='lat' dir='ltr'><strong>ﬂagello</strong></span> <span class='ocrx_word' id='word_1_403' title='bbox 2784 2928 2974 2999; x_wconf 89' lang='lat' dir='ltr'><strong>ejecit.</strong></span> <span class='ocrx_word' id='word_1_404' title='bbox 3021 2928 3184 2984; x_wconf 90' lang='lat' dir='ltr'><strong>Talis</strong></span> <span class='ocrx_word' id='word_1_405' title='bbox 3234 2928 3407 2985; x_wconf 89' lang='lat' dir='ltr'><strong>enim</strong></span> <span class='ocrx_word' id='word_1_406' title='bbox 3463 2930 3581 2988; x_wconf 87' lang='lat' dir='ltr'><strong>ille</strong></span> <span class='ocrx_word' id='word_1_407' title='bbox 3628 2937 3773 3001; x_wconf 85' lang='lat' dir='ltr'><strong>erat,</strong></span> <span class='ocrx_word' id='word_1_408' title='bbox 3800 2940 3844 2989; x_wconf 86' lang='lat' dir='ltr'><strong>et</strong></span> 
     </span>
    </p>
   </div>
   <div class='ocr_carea' id='block_1_30' title="bbox 424 3016 3843 3094">
    <p class='ocr_par' dir='ltr' id='par_1_30' title="bbox 424 3016 3843 3094">
     <span class='ocr_line' id='line_1_30' title="bbox 424 3016 3843 3094; baseline 0.001 -21"><span class='ocrx_word' id='word_1_409' title='bbox 424 3018 572 3074; x_wconf 90' lang='lat' dir='ltr'><strong>siam</strong></span> <span class='ocrx_word' id='word_1_410' title='bbox 603 3017 705 3072; x_wconf 91' lang='lat' dir='ltr'><strong>Dei</strong></span> <span class='ocrx_word' id='word_1_411' title='bbox 735 3033 922 3087; x_wconf 90' lang='lat' dir='ltr'><strong>usque</strong></span> <span class='ocrx_word' id='word_1_412' title='bbox 954 3018 1014 3071; x_wconf 90' lang='lat' dir='ltr'><strong>in</strong></span> <span class='ocrx_word' id='word_1_413' title='bbox 1043 3018 1273 3072; x_wconf 89' lang='lat' dir='ltr'><strong>tertiam</strong></span> <span class='ocrx_word' id='word_1_414' title='bbox 1317 3021 1374 3071; x_wconf 91' lang='lat' dir='ltr'><strong>et</strong></span> <span class='ocrx_word' id='word_1_415' title='bbox 1422 3020 1689 3088; x_wconf 88' lang='lat' dir='ltr'><strong>quartam</strong></span> <span class='ocrx_word' id='word_1_416' title='bbox 1737 3017 2056 3089; x_wconf 86' lang='lat' dir='ltr'><strong>generatio-</strong></span> <span class='ocrx_word' id='word_1_417' title='bbox 2167 3016 2321 3088; x_wconf 90' lang='lat' dir='ltr'><strong>quod</strong></span> <span class='ocrx_word' id='word_1_418' title='bbox 2344 3017 2613 3072; x_wconf 87' lang='lat' dir='ltr'><strong>venderet</strong></span> <span class='ocrx_word' id='word_1_419' title='bbox 2628 3033 2818 3073; x_wconf 89' lang='lat' dir='ltr'><strong>emere</strong></span> <span class='ocrx_word' id='word_1_420' title='bbox 2856 3016 3109 3074; x_wconf 88' lang='lat' dir='ltr'><strong>volebat.</strong></span> <span class='ocrx_word' id='word_1_421' title='bbox 3143 3017 3227 3072; x_wconf 90' lang='lat' dir='ltr'><strong>De</strong></span> <span class='ocrx_word' id='word_1_422' title='bbox 3268 3016 3401 3075; x_wconf 90' lang='lat' dir='ltr'><strong>illis</strong></span> <span class='ocrx_word' id='word_1_423' title='bbox 3436 3024 3586 3077; x_wconf 88' lang='lat' dir='ltr'><strong>erat</strong></span> <span class='ocrx_word' id='word_1_424' title='bbox 3619 3023 3726 3094; x_wconf 88' lang='lat' dir='ltr'><strong>qui</strong></span> <span class='ocrx_word' id='word_1_425' title='bbox 3764 3039 3843 3078; x_wconf 84' lang='lat' dir='ltr'><strong>co-</strong></span> 
     </span>
    </p>
   </div>
   <div class='ocr_carea' id='block_1_31' title="bbox 429 3103 3842 3183">
    <p class='ocr_par' dir='ltr' id='par_1_31' title="bbox 429 3103 3842 3183">
     <span class='ocr_line' id='line_1_31' title="bbox 429 3103 3842 3183; baseline 0.001 -22"><span class='ocrx_word' id='word_1_426' title='bbox 429 3121 586 3171; x_wconf 89' lang='lat' dir='ltr'><strong>nem,</strong></span> <span class='ocrx_word' id='word_1_427' title='bbox 602 3104 808 3160; x_wconf 90' lang='lat' dir='ltr'><strong>tandiu</strong></span> <span class='ocrx_word' id='word_1_428' title='bbox 828 3104 1116 3172; x_wconf 86' lang='lat' dir='ltr'><strong>videlicet,</strong></span> <span class='ocrx_word' id='word_1_429' title='bbox 1145 3108 1211 3159; x_wconf 93' lang='lat' dir='ltr'><strong>ut</strong></span> <span class='ocrx_word' id='word_1_430' title='bbox 1238 3104 1566 3175; x_wconf 90' lang='lat' dir='ltr'><strong>simplicius</strong></span> <span class='ocrx_word' id='word_1_431' title='bbox 1590 3105 2056 3177; x_wconf 86' lang='lat' dir='ltr'><strong>interpretemur,</strong></span> <span class='ocrx_word' id='word_1_432' title='bbox 2166 3103 2398 3160; x_wconf 91' lang='lat' dir='ltr'><strong>lumbas</strong></span> <span class='ocrx_word' id='word_1_433' title='bbox 2422 3105 2785 3172; x_wconf 89' lang='lat' dir='ltr'><strong>vendebant;</strong></span> <span class='ocrx_word' id='word_1_434' title='bbox 2813 3104 3028 3161; x_wconf 89' lang='lat' dir='ltr'><strong>etenim</strong></span> <span class='ocrx_word' id='word_1_435' title='bbox 3060 3103 3121 3160; x_wconf 91' lang='lat' dir='ltr'><strong>in</strong></span> <span class='ocrx_word' id='word_1_436' title='bbox 3137 3104 3435 3164; x_wconf 86' lang='lat' dir='ltr'><strong>columba</strong></span> <span class='ocrx_word' id='word_1_437' title='bbox 3457 3111 3718 3181; x_wconf 87' lang='lat' dir='ltr'><strong>aparuit</strong></span> <span class='ocrx_word' id='word_1_438' title='bbox 3734 3111 3842 3183; x_wconf 85' lang='lat' dir='ltr'><strong>Spi-</strong></span> 
     </span>
    </p>
   </div>
   <div class='ocr_carea' id='block_1_32' title="bbox 427 3192 3844 3268">
    <p class='ocr_par' dir='ltr' id='par_1_32' title="bbox 427 3192 3844 3268">
     <span class='ocr_line' id='line_1_32' title="bbox 427 3192 3844 3268; baseline 0.001 -18"><span class='ocrx_word' id='word_1_439' title='bbox 427 3194 609 3250; x_wconf 90' lang='lat' dir='ltr'><strong>donec</strong></span> <span class='ocrx_word' id='word_1_440' title='bbox 639 3192 870 3265; x_wconf 89' lang='lat' dir='ltr'><strong>culpam</strong></span> <span class='ocrx_word' id='word_1_441' title='bbox 892 3198 1193 3248; x_wconf 90' lang='lat' dir='ltr'><strong>auctorum</strong></span> <span class='ocrx_word' id='word_1_442' title='bbox 1215 3192 1555 3264; x_wconf 87' lang='lat' dir='ltr'><strong>multiplicis</strong></span> <span class='ocrx_word' id='word_1_443' title='bbox 1577 3194 1867 3249; x_wconf 89' lang='lat' dir='ltr'><strong>successio</strong></span> <span class='ocrx_word' id='word_1_444' title='bbox 1887 3209 2059 3265; x_wconf 89' lang='lat' dir='ltr'><strong>gene-</strong></span> <span class='ocrx_word' id='word_1_445' title='bbox 2167 3193 2314 3249; x_wconf 89' lang='lat' dir='ltr'><strong>ritus</strong></span> <span class='ocrx_word' id='word_1_446' title='bbox 2340 3196 2596 3249; x_wconf 90' lang='lat' dir='ltr'><strong>sanctus.</strong></span> <span class='ocrx_word' id='word_1_447' title='bbox 2617 3194 2721 3260; x_wconf 89' lang='lat' dir='ltr'><strong>Qui</strong></span> <span class='ocrx_word' id='word_1_448' title='bbox 2744 3210 2881 3265; x_wconf 88' lang='lat' dir='ltr'><strong>ergo</strong></span> <span class='ocrx_word' id='word_1_449' title='bbox 2896 3193 3164 3250; x_wconf 89' lang='lat' dir='ltr'><strong>vendunt</strong></span> <span class='ocrx_word' id='word_1_450' title='bbox 3184 3194 3580 3268; x_wconf 87' lang='lat' dir='ltr'><strong>columbam,</strong></span> <span class='ocrx_word' id='word_1_451' title='bbox 3611 3199 3844 3255; x_wconf 80' lang='lat' dir='ltr'><strong>fratres?</strong></span> 
     </span>
    </p>
   </div>
   <div class='ocr_carea' id='block_1_33' title="bbox 430 3280 3843 3355">
    <p class='ocr_par' dir='ltr' id='par_1_33' title="bbox 430 3280 3843 3355">
     <span class='ocr_line' id='line_1_33' title="bbox 430 3280 3843 3355; baseline 0.002 -18"><span class='ocrx_word' id='word_1_452' title='bbox 430 3282 673 3337; x_wconf 87' lang='lat' dir='ltr'><strong>rationis</strong></span> <span class='ocrx_word' id='word_1_453' title='bbox 695 3281 970 3337; x_wconf 90' lang='lat' dir='ltr'><strong>aboleret.</strong></span> <span class='ocrx_word' id='word_1_454' title='bbox 996 3282 1109 3337; x_wconf 87' lang='lat' dir='ltr'><strong>Sed</strong></span> <span class='ocrx_word' id='word_1_455' title='bbox 1133 3297 1265 3336; x_wconf 90' lang='lat' dir='ltr'><strong>cum</strong></span> <span class='ocrx_word' id='word_1_456' title='bbox 1290 3280 1373 3335; x_wconf 92' lang='lat' dir='ltr'><strong>illi</strong></span> <span class='ocrx_word' id='word_1_457' title='bbox 1391 3281 1489 3352; x_wconf 90' lang='lat' dir='ltr'><strong>qui</strong></span> <span class='ocrx_word' id='word_1_458' title='bbox 1513 3283 1570 3336; x_wconf 91' lang='lat' dir='ltr'><strong>in</strong></span> <span class='ocrx_word' id='word_1_459' title='bbox 1597 3286 1775 3337; x_wconf 91' lang='lat' dir='ltr'><strong>Deum</strong></span> <span class='ocrx_word' id='word_1_460' title='bbox 1819 3281 2057 3337; x_wconf 92' lang='lat' dir='ltr'><strong>idolola—</strong></span> <span class='ocrx_word' id='word_1_461' title='bbox 2101 3352 2130 3355; x_wconf 76' lang='lat'>_</span> <span class='ocrx_word' id='word_1_462' title='bbox 2170 3282 2272 3353; x_wconf 91' lang='lat' dir='ltr'><strong>qui</strong></span> <span class='ocrx_word' id='word_1_463' title='bbox 2302 3282 2521 3338; x_wconf 89' lang='lat' dir='ltr'><strong>dicunt.</strong></span> <span class='ocrx_word' id='word_1_464' title='bbox 2552 3282 2669 3338; x_wconf 91' lang='lat' dir='ltr'><strong>Nos</strong></span> <span class='ocrx_word' id='word_1_465' title='bbox 2717 3283 2929 3338; x_wconf 91' lang='lat' dir='ltr'><strong>damus</strong></span> <span class='ocrx_word' id='word_1_466' title='bbox 2970 3282 3261 3355; x_wconf 88' lang='lat' dir='ltr'><strong>Spiritum</strong></span> <span class='ocrx_word' id='word_1_467' title='bbox 3305 3290 3633 3343; x_wconf 88' lang='lat' dir='ltr'><strong>sanctum.</strong></span> <span class='ocrx_word' id='word_1_468' title='bbox 3668 3290 3843 3354; x_wconf 79' lang='lat' dir='ltr'><strong>Quare</strong></span> 
     </span>
    </p>
   </div>
   <div class='ocr_carea' id='block_1_34' title="bbox 427 3352 3843 3445">
    <p class='ocr_par' dir='ltr' id='par_1_34' title="bbox 427 3352 3843 3445">
     <span class='ocr_line' id='line_1_34' title="bbox 427 3352 3843 3445; baseline 0.002 -20"><span class='ocrx_word' id='word_1_469' title='bbox 427 3370 550 3426; x_wconf 62' lang='lat' dir='ltr'><strong>tria;</strong></span> <span class='ocrx_word' id='word_1_470' title='bbox 580 3386 771 3426; x_wconf 90' lang='lat' dir='ltr'><strong>errore</strong></span> <span class='ocrx_word' id='word_1_471' title='bbox 802 3369 1172 3441; x_wconf 90' lang='lat' dir='ltr'><strong>deliquerunt</strong></span> <span class='ocrx_word' id='word_1_472' title='bbox 1217 3370 1276 3424; x_wconf 92' lang='lat' dir='ltr'><strong>in</strong></span> <span class='ocrx_word' id='word_1_473' title='bbox 1328 3372 1595 3440; x_wconf 87' lang='lat' dir='ltr'><strong>quartam</strong></span> <span class='ocrx_word' id='word_1_474' title='bbox 1626 3370 2056 3441; x_wconf 88' lang='lat' dir='ltr'><strong>generationem</strong></span> <span class='ocrx_word' id='word_1_475' title='bbox 2089 3352 2131 3417; x_wconf 63' lang='grc' dir='ltr'><strong>(ἶ</strong></span> <span class='ocrx_word' id='word_1_476' title='bbox 2168 3352 2322 3426; x_wconf 79' lang='lat' dir='ltr'><strong>enim</strong></span> <span class='ocrx_word' id='word_1_477' title='bbox 2354 3370 2463 3426; x_wconf 92' lang='lat' dir='ltr'><strong>hoc</strong></span> <span class='ocrx_word' id='word_1_478' title='bbox 2490 3370 2739 3426; x_wconf 87' lang='lat' dir='ltr'><strong>dicunt?</strong></span> <span class='ocrx_word' id='word_1_479' title='bbox 2765 3375 2823 3427; x_wconf 91' lang='lat' dir='ltr'><strong>et</strong></span> <span class='ocrx_word' id='word_1_480' title='bbox 2842 3388 2956 3443; x_wconf 92' lang='lat' dir='ltr'><strong>quo</strong></span> <span class='ocrx_word' id='word_1_481' title='bbox 2986 3352 3176 3445; x_wconf 78' lang='lat' dir='ltr'><strong>pretio</strong></span> <span class='ocrx_word' id='word_1_482' title='bbox 3215 3372 3555 3431; x_wconf 83' lang='lat' dir='ltr'><strong>vendunt?</strong></span> <span class='ocrx_word' id='word_1_483' title='bbox 3589 3352 3843 3434; x_wconf 83' lang='lat' dir='ltr'><strong>Pretium</strong></span> 
     </span>
    </p>
   </div>
   <div class='ocr_carea' id='block_1_35' title="bbox 424 3457 3841 3538">
    <p class='ocr_par' dir='ltr' id='par_1_35' title="bbox 424 3457 3841 3538">
     <span class='ocr_line' id='line_1_35' title="bbox 424 3457 3841 3538; baseline 0.003 -25"><span class='ocrx_word' id='word_1_484' title='bbox 424 3457 732 3514; x_wconf 88' lang='lat' dir='ltr'><strong>videantur</strong></span> <span class='ocrx_word' id='word_1_485' title='bbox 750 3474 877 3513; x_wconf 91' lang='lat' dir='ltr'><strong>esse</strong></span> <span class='ocrx_word' id='word_1_486' title='bbox 901 3457 1188 3524; x_wconf 90' lang='lat' dir='ltr'><strong>mulctati,</strong></span> <span class='ocrx_word' id='word_1_487' title='bbox 1211 3458 1462 3530; x_wconf 90' lang='lat' dir='ltr'><strong>profecto</strong></span> <span class='ocrx_word' id='word_1_488' title='bbox 1476 3458 1913 3514; x_wconf 88' lang='lat' dir='ltr'><strong>duriorvidetur</strong></span> <span class='ocrx_word' id='word_1_489' title='bbox 1930 3475 2058 3515; x_wconf 90' lang='lat' dir='ltr'><strong>esse</strong></span> <span class='ocrx_word' id='word_1_490' title='bbox 2165 3458 2402 3515; x_wconf 89' lang='lat' dir='ltr'><strong>honoris</strong></span> <span class='ocrx_word' id='word_1_491' title='bbox 2414 3458 2504 3515; x_wconf 92' lang='lat' dir='ltr'><strong>sui</strong></span> <span class='ocrx_word' id='word_1_492' title='bbox 2516 3459 3445 3533; x_wconf 88' lang='lat' dir='ltr'><strong>accipiunt,pretium,cathedras</strong></span> <span class='ocrx_word' id='word_1_493' title='bbox 3458 3465 3841 3538; x_wconf 85' lang='lat' dir='ltr'><strong>temporales,</strong></span> 
     </span>
    </p>
   </div>
   <div class='ocr_carea' id='block_1_36' title="bbox 426 3546 3841 3620">
    <p class='ocr_par' dir='ltr' id='par_1_36' title="bbox 426 3546 3841 3620">
     <span class='ocr_line' id='line_1_36' title="bbox 426 3546 3841 3620; baseline 0.002 -17"><span class='ocrx_word' id='word_1_494' title='bbox 426 3547 713 3603; x_wconf 88' lang='lat' dir='ltr'><strong>sententia</strong></span> <span class='ocrx_word' id='word_1_495' title='bbox 733 3563 848 3618; x_wconf 92' lang='lat' dir='ltr'><strong>qua</strong></span> <span class='ocrx_word' id='word_1_496' title='bbox 866 3547 1019 3602; x_wconf 87' lang='lat' dir='ltr'><strong>Giezi</strong></span> <span class='ocrx_word' id='word_1_497' title='bbox 1045 3563 1276 3619; x_wconf 89' lang='lat' dir='ltr'><strong>semper</strong></span> <span class='ocrx_word' id='word_1_498' title='bbox 1312 3563 1498 3617; x_wconf 91' lang='lat' dir='ltr'><strong>usque</strong></span> <span class='ocrx_word' id='word_1_499' title='bbox 1542 3546 1600 3601; x_wconf 91' lang='lat' dir='ltr'><strong>in</strong></span> <span class='ocrx_word' id='word_1_500' title='bbox 1636 3551 1915 3603; x_wconf 68' lang='lat' dir='ltr'><strong>aeternum</strong></span> <span class='ocrx_word' id='word_1_501' title='bbox 1953 3565 2055 3619; x_wconf 91' lang='lat' dir='ltr'><strong>pro</strong></span> <span class='ocrx_word' id='word_1_502' title='bbox 2165 3550 2229 3603; x_wconf 91' lang='lat' dir='ltr'><strong>ut</strong></span> <span class='ocrx_word' id='word_1_503' title='bbox 2247 3548 2557 3603; x_wconf 90' lang='lat' dir='ltr'><strong>videantur</strong></span> <span class='ocrx_word' id='word_1_504' title='bbox 2580 3548 2690 3620; x_wconf 90' lang='lat' dir='ltr'><strong>ipsi</strong></span> <span class='ocrx_word' id='word_1_505' title='bbox 2717 3549 2970 3604; x_wconf 82' lang='lat' dir='ltr'><strong>vendere</strong></span> <span class='ocrx_word' id='word_1_506' title='bbox 3001 3546 3338 3605; x_wconf 85' lang='lat' dir='ltr'><strong>columbas.</strong></span> <span class='ocrx_word' id='word_1_507' title='bbox 3373 3553 3656 3609; x_wconf 85' lang='lat' dir='ltr'><strong>Caveant</strong></span> <span class='ocrx_word' id='word_1_508' title='bbox 3687 3555 3841 3610; x_wconf 82' lang='lat' dir='ltr'><strong>afla-</strong></span> 
     </span>
    </p>
   </div>
   <div class='ocr_carea' id='block_1_37' title="bbox 423 3634 3843 3716">
    <p class='ocr_par' dir='ltr' id='par_1_37' title="bbox 423 3634 3843 3716">
     <span class='ocr_line' id='line_1_37' title="bbox 423 3634 3843 3716; baseline 0.003 -26"><span class='ocrx_word' id='word_1_509' title='bbox 423 3634 739 3706; x_wconf 89' lang='lat' dir='ltr'><strong>cupiditate</strong></span> <span class='ocrx_word' id='word_1_510' title='bbox 769 3634 1021 3690; x_wconf 89' lang='lat' dir='ltr'><strong>habendi</strong></span> <span class='ocrx_word' id='word_1_511' title='bbox 1053 3634 1389 3707; x_wconf 88' lang='lat' dir='ltr'><strong>pr0phetica</strong></span> <span class='ocrx_word' id='word_1_512' title='bbox 1436 3634 1778 3690; x_wconf 88' lang='lat' dir='ltr'><strong>auctoritate</strong></span> <span class='ocrx_word' id='word_1_513' title='bbox 1809 3636 2051 3691; x_wconf 89' lang='lat' dir='ltr'><strong>damna-</strong></span> <span class='ocrx_word' id='word_1_514' title='bbox 2161 3636 2312 3707; x_wconf 81' lang='lat' dir='ltr'><strong>gello</strong></span> <span class='ocrx_word' id='word_1_515' title='bbox 2342 3636 2413 3692; x_wconf 91' lang='lat' dir='ltr'><strong>de</strong></span> <span class='ocrx_word' id='word_1_516' title='bbox 2442 3636 2759 3693; x_wconf 86' lang='lat' dir='ltr'><strong>resticulis.</strong></span> <span class='ocrx_word' id='word_1_517' title='bbox 2790 3636 3080 3693; x_wconf 88' lang='lat' dir='ltr'><strong>Columba</strong></span> <span class='ocrx_word' id='word_1_518' title='bbox 3110 3654 3229 3692; x_wconf 90' lang='lat' dir='ltr'><strong>non</strong></span> <span class='ocrx_word' id='word_1_519' title='bbox 3261 3642 3357 3694; x_wconf 89' lang='lat' dir='ltr'><strong>est</strong></span> <span class='ocrx_word' id='word_1_520' title='bbox 3376 3640 3646 3710; x_wconf 90' lang='lat' dir='ltr'><strong>venalis,</strong></span> <span class='ocrx_word' id='word_1_521' title='bbox 3671 3644 3843 3716; x_wconf 86' lang='lat' dir='ltr'><strong>gratis</strong></span> 
     </span>
    </p>
   </div>
   <div class='ocr_carea' id='block_1_38' title="bbox 421 3722 3096 3797">
    <p class='ocr_par' dir='ltr' id='par_1_38' title="bbox 421 3722 3096 3797">
     <span class='ocr_line' id='line_1_38' title="bbox 421 3722 3096 3797; baseline -0.001 -20"><span class='ocrx_word' id='word_1_522' title='bbox 421 3726 535 3792; x_wconf 89' lang='lat' dir='ltr'><strong>tur,</strong></span> <span class='ocrx_word' id='word_1_523' title='bbox 569 3722 890 3795; x_wconf 72' lang='lat' dir='ltr'><strong>praesertim</strong></span> <span class='ocrx_word' id='word_1_524' title='bbox 922 3740 1055 3778; x_wconf 91' lang='lat' dir='ltr'><strong>cum</strong></span> <span class='ocrx_word' id='word_1_525' title='bbox 1078 3724 1359 3779; x_wconf 89' lang='lat' dir='ltr'><strong>Dominus</strong></span> <span class='ocrx_word' id='word_1_526' title='bbox 1381 3727 1578 3779; x_wconf 86' lang='lat' dir='ltr'><strong>noster</strong></span> <span class='ocrx_word' id='word_1_527' title='bbox 1594 3723 1766 3779; x_wconf 88' lang='lat' dir='ltr'><strong>Jesus</strong></span> <span class='ocrx_word' id='word_1_528' title='bbox 1789 3723 2051 3780; x_wconf 87' lang='lat' dir='ltr'><strong>Christus</strong></span> <span class='ocrx_word' id='word_1_529' title='bbox 2160 3724 2351 3791; x_wconf 88' lang='lat' dir='ltr'><strong>datur,</strong></span> <span class='ocrx_word' id='word_1_530' title='bbox 2384 3724 2521 3796; x_wconf 90' lang='lat' dir='ltr'><strong>quia</strong></span> <span class='ocrx_word' id='word_1_531' title='bbox 2550 3724 2739 3797; x_wconf 89' lang='lat' dir='ltr'><strong>gratia</strong></span> <span class='ocrx_word' id='word_1_532' title='bbox 2768 3728 3028 3781; x_wconf 88' lang='lat' dir='ltr'><strong>vocatur.</strong></span> <span class='ocrx_word' id='word_1_533' title='bbox 3068 3747 3096 3775; x_wconf 86' lang='grc'><strong>››</strong></span> 
     </span>
    </p>
   </div>
   <div class='ocr_carea' id='block_1_39' title="bbox 419 3810 3837 3893">
    <p class='ocr_par' dir='ltr' id='par_1_39' title="bbox 419 3810 3837 3893">
     <span class='ocr_line' id='line_1_39' title="bbox 419 3810 3837 3893; baseline 0.003 -27"><span class='ocrx_word' id='word_1_534' title='bbox 419 3828 522 3884; x_wconf 92' lang='lat' dir='ltr'><strong>per</strong></span> <span class='ocrx_word' id='word_1_535' title='bbox 551 3810 760 3867; x_wconf 87' lang='lat' dir='ltr'><strong>lavacri</strong></span> <span class='ocrx_word' id='word_1_536' title='bbox 792 3811 1287 3883; x_wconf 87' lang='lat' dir='ltr'><strong>regenerationem</strong></span> <span class='ocrx_word' id='word_1_537' title='bbox 1318 3810 1591 3867; x_wconf 90' lang='lat' dir='ltr'><strong>omnibus</strong></span> <span class='ocrx_word' id='word_1_538' title='bbox 1644 3812 2047 3869; x_wconf 89' lang='lat' dir='ltr'><strong>remissionem</strong></span> <span class='ocrx_word' id='word_1_539' title='bbox 2227 3813 2386 3871; x_wconf 90' lang='lat' dir='ltr'><strong>Idem</strong></span> <span class='ocrx_word' id='word_1_540' title='bbox 2416 3814 2571 3869; x_wconf 91' lang='lat' dir='ltr'><strong>unde</strong></span> <span class='ocrx_word' id='word_1_541' title='bbox 2599 3830 2779 3887; x_wconf 92' lang='lat' dir='ltr'><strong>supra</strong></span> <span class='ocrx_word' id='word_1_542' title='bbox 2827 3815 2885 3869; x_wconf 90' lang='lat' dir='ltr'><strong>in</strong></span> <span class='ocrx_word' id='word_1_543' title='bbox 2934 3815 3144 3871; x_wconf 89' lang='lat' dir='ltr'><strong>eadem</strong></span> <span class='ocrx_word' id='word_1_544' title='bbox 3190 3815 3601 3888; x_wconf 80' lang='lat' dir='ltr'><strong>expositione.</strong></span> <span class='ocrx_word' id='word_1_545' title='bbox 3647 3820 3837 3893; x_wconf 66' lang='lat' dir='ltr'><strong>(Aua,</strong></span> 
     </span>
    </p>
   </div>
   <div class='ocr_carea' id='block_1_40' title="bbox 415 3899 3836 3977">
    <p class='ocr_par' dir='ltr' id='par_1_40' title="bbox 415 3899 3836 3977">
     <span class='ocr_line' id='line_1_40' title="bbox 415 3899 3836 3977; baseline 0.004 -22"><span class='ocrx_word' id='word_1_546' title='bbox 415 3899 642 3956; x_wconf 91' lang='lat' dir='ltr'><strong>dederit</strong></span> <span class='ocrx_word' id='word_1_547' title='bbox 670 3903 1057 3972; x_wconf 89' lang='lat' dir='ltr'><strong>peccatorum.</strong></span> <span class='ocrx_word' id='word_1_548' title='bbox 1092 3920 1120 3948; x_wconf 89' lang='lat'>»</span> <span class='ocrx_word' id='word_1_549' title='bbox 2159 3905 2323 3958; x_wconf 90' lang='lat' dir='ltr'><strong>tract.</strong></span> <span class='ocrx_word' id='word_1_550' title='bbox 2345 3904 2400 3973; x_wconf 89' lang='lat'><strong>6,</strong></span> <span class='ocrx_word' id='word_1_551' title='bbox 2431 3904 2492 3956; x_wconf 84' lang='lat' dir='ltr'><strong>in</strong></span> <span class='ocrx_word' id='word_1_552' title='bbox 2519 3904 2674 3959; x_wconf 87' lang='lat' dir='ltr'><strong>Joan.</strong></span> <span class='ocrx_word' id='word_1_553' title='bbox 2712 3920 2774 3969; x_wconf 89' lang='grc' dir='ltr'>ιι,</span> <span class='ocrx_word' id='word_1_554' title='bbox 2805 3903 2919 3975; x_wconf 80' lang='grc'>48.)</span> <span class='ocrx_word' id='word_1_555' title='bbox 2964 3924 2992 3954; x_wconf 84' lang='grc'><strong>‹‹</strong></span> <span class='ocrx_word' id='word_1_556' title='bbox 3019 3903 3086 3959; x_wconf 88' lang='lat' dir='ltr'><strong>In</strong></span> <span class='ocrx_word' id='word_1_557' title='bbox 3127 3904 3374 3960; x_wconf 83' lang='lat' dir='ltr'><strong>Actibus</strong></span> <span class='ocrx_word' id='word_1_558' title='bbox 3406 3907 3836 3977; x_wconf 86' lang='lat' dir='ltr'><strong>apostolorum</strong></span> 
     </span>
    </p>
   </div>
   <div class='ocr_carea' id='block_1_41' title="bbox 2153 3988 3834 4066">
    <p class='ocr_par' dir='ltr' id='par_1_41' title="bbox 2153 3988 3834 4066">
     <span class='ocr_line' id='line_1_41' title="bbox 2153 3988 3834 4066; baseline 0.008 -23"><span class='ocrx_word' id='word_1_559' title='bbox 2153 3988 2406 4063; x_wconf 90' lang='lat' dir='ltr'><strong>legimus</strong></span> <span class='ocrx_word' id='word_1_560' title='bbox 2429 3990 2645 4047; x_wconf 91' lang='lat' dir='ltr'><strong>multos</strong></span> <span class='ocrx_word' id='word_1_561' title='bbox 2664 3990 2981 4048; x_wconf 90' lang='lat' dir='ltr'><strong>credidisse</strong></span> <span class='ocrx_word' id='word_1_562' title='bbox 3003 3991 3065 4048; x_wconf 89' lang='lat' dir='ltr'><strong>in</strong></span> <span class='ocrx_word' id='word_1_563' title='bbox 3091 3991 3353 4050; x_wconf 87' lang='lat' dir='ltr'><strong>Samaria</strong></span> <span class='ocrx_word' id='word_1_564' title='bbox 3387 4008 3502 4063; x_wconf 87' lang='lat' dir='ltr'><strong>per</strong></span> <span class='ocrx_word' id='word_1_565' title='bbox 3534 3999 3834 4066; x_wconf 58' lang='lat' dir='ltr'><strong>pradica-</strong></span> 
     </span>
    </p>
   </div>
   <div class='ocr_carea' id='block_1_42' title="bbox 993 4077 3831 4153">
    <p class='ocr_par' dir='ltr' id='par_1_42' title="bbox 993 4077 3831 4153">
     <span class='ocr_line' id='line_1_42' title="bbox 993 4077 3831 4153; baseline 0.001 -13"><span class='ocrx_word' id='word_1_566' title='bbox 993 4084 1229 4141; x_wconf 83' lang='lat' dir='ltr'><strong>GAPUT</strong></span> <span class='ocrx_word' id='word_1_567' title='bbox 1268 4084 1462 4140; x_wconf 85' lang='lat' dir='ltr'><strong>XVIII.</strong></span> <span class='ocrx_word' id='word_1_568' title='bbox 2150 4077 2370 4135; x_wconf 90' lang='lat' dir='ltr'><strong>tionem</strong></span> <span class='ocrx_word' id='word_1_569' title='bbox 2403 4077 2657 4151; x_wconf 89' lang='lat' dir='ltr'><strong>Philippi</strong></span> <span class='ocrx_word' id='word_1_570' title='bbox 2683 4078 2819 4149; x_wconf 81' lang='lat' dir='ltr'><strong>(Act.</strong></span> <span class='ocrx_word' id='word_1_571' title='bbox 2869 4096 2994 4148; x_wconf 83' lang='lat' dir='ltr'><strong>vm,</strong></span> <span class='ocrx_word' id='word_1_572' title='bbox 3048 4080 3163 4153; x_wconf 86' lang='grc'>12).</span> <span class='ocrx_word' id='word_1_573' title='bbox 3215 4077 3600 4153; x_wconf 88' lang='lat' dir='ltr'><strong>lntelligitur</strong></span> <span class='ocrx_word' id='word_1_574' title='bbox 3633 4092 3831 4144; x_wconf 83' lang='lat' dir='ltr'><strong>autem</strong></span> 
     </span>
    </p>
   </div>
   <div class='ocr_carea' id='block_1_43' title="bbox 503 4165 3825 4272">
    <p class='ocr_par' dir='ltr' id='par_1_43' title="bbox 503 4165 3825 4272">
     <span class='ocr_line' id='line_1_43' title="bbox 503 4165 3825 4272; baseline -0.001 -16"><span class='ocrx_word' id='word_1_575' title='bbox 503 4199 893 4271; x_wconf 81' lang='lat' dir='ltr'><strong>Recapitulatio</strong></span> <span class='ocrx_word' id='word_1_576' title='bbox 940 4199 1085 4255; x_wconf 83' lang='lat' dir='ltr'><strong>unde</strong></span> <span class='ocrx_word' id='word_1_577' title='bbox 1111 4216 1311 4271; x_wconf 81' lang='lat' dir='ltr'><strong>supra;</strong></span> <span class='ocrx_word' id='word_1_578' title='bbox 1345 4198 1538 4256; x_wconf 80' lang='lat' dir='ltr'><strong>deinde</strong></span> <span class='ocrx_word' id='word_1_579' title='bbox 1569 4202 1629 4255; x_wconf 84' lang='grc' dir='ltr'>Β.</span> <span class='ocrx_word' id='word_1_580' title='bbox 1663 4200 1956 4272; x_wconf 75' lang='lat' dir='ltr'><strong>Augustini</strong></span> <span class='ocrx_word' id='word_1_581' title='bbox 2147 4165 2267 4272; x_wconf 51' lang='lat' dir='ltr'><strong>sive</strong></span> <span class='ocrx_word' id='word_1_582' title='bbox 2287 4166 2852 4272; x_wconf 35' lang='lat' dir='ltr'><strong>unusfiapwtons’</strong></span> <span class='ocrx_word' id='word_1_583' title='bbox 2878 4167 2999 4272; x_wconf 53' lang='grc' dir='ltr'><strong>ῗῗνθ</strong></span> <span class='ocrx_word' id='word_1_584' title='bbox 3015 4184 3085 4272; x_wconf 46' lang='lat' dir='ltr'><strong>Px</strong></span> <span class='ocrx_word' id='word_1_585' title='bbox 3104 4167 3391 4272; x_wconf 44' lang='lat'><strong>@9011“:</strong></span> <span class='ocrx_word' id='word_1_586' title='bbox 3417 4170 3579 4241; x_wconf 63' lang='lat' dir='ltr'><strong>quia</strong></span> 
     </span>
    </p>
   </div>
   <div class='ocr_carea' id='block_1_44' title="bbox 1091 4253 3821 4329">
    <p class='ocr_par' dir='ltr' id='par_1_44' title="bbox 1091 4253 3821 4329">
     <span class='ocr_line' id='line_1_44' title="bbox 1091 4253 3821 4329; baseline -0.003 -10"><span class='ocrx_word' id='word_1_587' title='bbox 1091 4253 1424 4326; x_wconf 49' lang='grc' dir='ltr'><strong>δενίιεὴιὶῖιξ</strong></span> <span class='ocrx_word' id='word_1_588' title='bbox 1570 4253 1627 4255; x_wconf 64' lang='grc'><strong>“’</strong></span> <span class='ocrx_word' id='word_1_589' title='bbox 2147 4254 2422 4311; x_wconf 85' lang='lat' dir='ltr'><strong>diaconos</strong></span> <span class='ocrx_word' id='word_1_590' title='bbox 2438 4255 2516 4311; x_wconf 90' lang='lat' dir='ltr'><strong>ibi</strong></span> <span class='ocrx_word' id='word_1_591' title='bbox 2534 4253 2785 4327; x_wconf 88' lang='lat' dir='ltr'><strong>legimus</strong></span> <span class='ocrx_word' id='word_1_592' title='bbox 2804 4256 3128 4324; x_wconf 88' lang='lat' dir='ltr'><strong>ordinatos,</strong></span> <span class='ocrx_word' id='word_1_593' title='bbox 3153 4256 3310 4313; x_wconf 90' lang='lat' dir='ltr'><strong>inter</strong></span> <span class='ocrx_word' id='word_1_594' title='bbox 3345 4273 3508 4329; x_wconf 86' lang='lat' dir='ltr'><strong>quos</strong></span> <span class='ocrx_word' id='word_1_595' title='bbox 3529 4265 3633 4317; x_wconf 78' lang='lat' dir='ltr'><strong>est</strong></span> <span class='ocrx_word' id='word_1_596' title='bbox 3653 4263 3821 4319; x_wconf 63' lang='lat' dir='ltr'><strong>etiam</strong></span> 
     </span>
    </p>
   </div>
   <div class='ocr_carea' id='block_1_45' title="bbox 2146 4342 3821 4425">
    <p class='ocr_par' dir='ltr' id='par_1_45' title="bbox 2146 4342 3821 4425">
     <span class='ocr_line' id='line_1_45' title="bbox 2146 4342 3821 4425; baseline 0.006 -27"><span class='ocrx_word' id='word_1_597' title='bbox 2146 4358 2358 4398; x_wconf 91' lang='lat' dir='ltr'><strong>nomen</strong></span> <span class='ocrx_word' id='word_1_598' title='bbox 2384 4342 2631 4416; x_wconf 90' lang='lat' dir='ltr'><strong>Philippi</strong></span> <span class='ocrx_word' id='word_1_599' title='bbox 2662 4344 2797 4411; x_wconf 79' lang='lat' dir='ltr'><strong>(Act.</strong></span> <span class='ocrx_word' id='word_1_600' title='bbox 2828 4361 2885 4410; x_wconf 90' lang='lat' dir='ltr'><strong>v,</strong></span> <span class='ocrx_word' id='word_1_601' title='bbox 2916 4345 2994 4417; x_wconf 92' lang='lat'><strong>6).</strong></span> <span class='ocrx_word' id='word_1_602' title='bbox 3027 4345 3138 4401; x_wconf 88' lang='lat' dir='ltr'><strong>Per</strong></span> <span class='ocrx_word' id='word_1_603' title='bbox 3184 4344 3452 4418; x_wconf 90' lang='lat' dir='ltr'><strong>Philippi</strong></span> <span class='ocrx_word' id='word_1_604' title='bbox 3486 4363 3643 4422; x_wconf 86' lang='lat' dir='ltr'><strong>ergo</strong></span> <span class='ocrx_word' id='word_1_605' title='bbox 3676 4369 3821 4425; x_wconf 64' lang='lat' dir='ltr'><strong>pre-</strong></span> 
     </span>
    </p>
   </div>
   <div class='ocr_carea' id='block_1_46' title="bbox 480 4430 3821 4513">
    <p class='ocr_par' dir='ltr' id='par_1_46' title="bbox 480 4430 3821 4513">
     <span class='ocr_line' id='line_1_46' title="bbox 480 4430 3821 4513; baseline 0.003 -26"><span class='ocrx_word' id='word_1_606' title='bbox 480 4432 642 4498; x_wconf 92' lang='lat' dir='ltr'><strong>Ecce,</strong></span> <span class='ocrx_word' id='word_1_607' title='bbox 667 4447 735 4486; x_wconf 84' lang='lat' dir='ltr'><strong>ex</strong></span> <span class='ocrx_word' id='word_1_608' title='bbox 765 4430 1084 4503; x_wconf 67' lang='lat' dir='ltr'><strong>praemissis</strong></span> <span class='ocrx_word' id='word_1_609' title='bbox 1112 4430 1261 4487; x_wconf 88' lang='lat' dir='ltr'><strong>tanti</strong></span> <span class='ocrx_word' id='word_1_610' title='bbox 1307 4432 1546 4502; x_wconf 89' lang='lat' dir='ltr'><strong>tamque</strong></span> <span class='ocrx_word' id='word_1_611' title='bbox 1596 4430 1901 4502; x_wconf 90' lang='lat' dir='ltr'><strong>prudentis</strong></span> <span class='ocrx_word' id='word_1_612' title='bbox 1929 4431 2037 4487; x_wconf 91' lang='lat' dir='ltr'><strong>viri</strong></span> <span class='ocrx_word' id='word_1_613' title='bbox 2143 4431 2490 4488; x_wconf 86' lang='lat' dir='ltr'><strong>dicationem</strong></span> <span class='ocrx_word' id='word_1_614' title='bbox 2522 4431 2894 4489; x_wconf 87' lang='lat' dir='ltr'><strong>crediderunt</strong></span> <span class='ocrx_word' id='word_1_615' title='bbox 2922 4433 3229 4490; x_wconf 66' lang='lat' dir='ltr'><strong>Samarites</strong></span> <span class='ocrx_word' id='word_1_616' title='bbox 3256 4452 3271 4502; x_wconf 91' lang='lat'><strong>;</strong></span> <span class='ocrx_word' id='word_1_617' title='bbox 3323 4435 3622 4494; x_wconf 86' lang='lat' dir='ltr'><strong>Samaria</strong></span> <span class='ocrx_word' id='word_1_618' title='bbox 3654 4442 3821 4513; x_wconf 66' lang='grc' dir='ltr'><strong>σαερῆ</strong></span> 
     </span>
    </p>
   </div>
   <div class='ocr_carea' id='block_1_47' title="bbox 406 4517 3821 4599">
    <p class='ocr_par' dir='ltr' id='par_1_47' title="bbox 406 4517 3821 4599">
     <span class='ocr_line' id='line_1_47' title="bbox 406 4517 3821 4599; baseline 0.002 -22"><span class='ocrx_word' id='word_1_619' title='bbox 406 4518 845 4589; x_wconf 88' lang='lat' dir='ltr'><strong>assertionibus,</strong></span> <span class='ocrx_word' id='word_1_620' title='bbox 877 4517 1260 4575; x_wconf 87' lang='lat' dir='ltr'><strong>multifariam</strong></span> <span class='ocrx_word' id='word_1_621' title='bbox 1282 4518 1556 4574; x_wconf 91' lang='lat' dir='ltr'><strong>docemur</strong></span> <span class='ocrx_word' id='word_1_622' title='bbox 1580 4518 1764 4590; x_wconf 89' lang='lat' dir='ltr'><strong>pretio</strong></span> <span class='ocrx_word' id='word_1_623' title='bbox 1786 4519 2034 4590; x_wconf 88' lang='lat' dir='ltr'><strong>gratiam</strong></span> <span class='ocrx_word' id='word_1_624' title='bbox 2143 4519 2438 4575; x_wconf 89' lang='lat' dir='ltr'><strong>abundare</strong></span> <span class='ocrx_word' id='word_1_625' title='bbox 2461 4518 2753 4576; x_wconf 83' lang='lat' dir='ltr'><strong>fidelibus.</strong></span> <span class='ocrx_word' id='word_1_626' title='bbox 2777 4520 2863 4577; x_wconf 91' lang='lat' dir='ltr'><strong>Ibi</strong></span> <span class='ocrx_word' id='word_1_627' title='bbox 2883 4524 3011 4577; x_wconf 88' lang='lat' dir='ltr'><strong>erat</strong></span> <span class='ocrx_word' id='word_1_628' title='bbox 3031 4521 3241 4578; x_wconf 91' lang='lat' dir='ltr'><strong>Simon</strong></span> <span class='ocrx_word' id='word_1_629' title='bbox 3260 4521 3374 4578; x_wconf 89' lang='lat' dir='ltr'><strong>iste</strong></span> <span class='ocrx_word' id='word_1_630' title='bbox 3396 4522 3697 4599; x_wconf 82' lang='lat' dir='ltr'><strong>Magnus.</strong></span> <span class='ocrx_word' id='word_1_631' title='bbox 3720 4533 3821 4586; x_wconf 82' lang='lat' dir='ltr'><strong>Per</strong></span> 
     </span>
    </p>
   </div>
   <div class='ocr_carea' id='block_1_48' title="bbox 402 4606 3818 4686">
    <p class='ocr_par' dir='ltr' id='par_1_48' title="bbox 402 4606 3818 4686">
     <span class='ocr_line' id='line_1_48' title="bbox 402 4606 3818 4686; baseline 0.001 -21"><span class='ocrx_word' id='word_1_632' title='bbox 402 4607 791 4681; x_wconf 88' lang='lat' dir='ltr'><strong>episcopalem</strong></span> <span class='ocrx_word' id='word_1_633' title='bbox 815 4625 928 4664; x_wconf 93' lang='lat' dir='ltr'><strong>non</strong></span> <span class='ocrx_word' id='word_1_634' title='bbox 951 4624 1123 4680; x_wconf 89' lang='lat' dir='ltr'><strong>posse</strong></span> <span class='ocrx_word' id='word_1_635' title='bbox 1153 4606 1359 4677; x_wconf 91' lang='lat' dir='ltr'><strong>accipi,</strong></span> <span class='ocrx_word' id='word_1_636' title='bbox 1382 4607 1482 4662; x_wconf 91' lang='lat' dir='ltr'><strong>sed</strong></span> <span class='ocrx_word' id='word_1_637' title='bbox 1504 4606 1747 4678; x_wconf 90' lang='lat' dir='ltr'><strong>lepram.</strong></span> <span class='ocrx_word' id='word_1_638' title='bbox 1774 4608 1840 4662; x_wconf 91' lang='lat' dir='ltr'><strong>Et</strong></span> <span class='ocrx_word' id='word_1_639' title='bbox 1861 4608 2036 4664; x_wconf 92' lang='lat' dir='ltr'><strong>audet</strong></span> <span class='ocrx_word' id='word_1_640' title='bbox 2141 4607 2399 4679; x_wconf 86' lang='lat' dir='ltr'><strong>magicas</strong></span> <span class='ocrx_word' id='word_1_641' title='bbox 2428 4608 2703 4665; x_wconf 88' lang='lat' dir='ltr'><strong>factiones</strong></span> <span class='ocrx_word' id='word_1_642' title='bbox 2733 4624 2872 4665; x_wconf 86' lang='lat' dir='ltr'><strong>suas</strong></span> <span class='ocrx_word' id='word_1_643' title='bbox 2904 4610 3350 4666; x_wconf 87' lang='lat' dir='ltr'><strong>dementaverat</strong></span> <span class='ocrx_word' id='word_1_644' title='bbox 3394 4614 3726 4686; x_wconf 84' lang='lat' dir='ltr'><strong>populum,</strong></span> <span class='ocrx_word' id='word_1_645' title='bbox 3758 4623 3818 4673; x_wconf 85' lang='lat' dir='ltr'><strong>ut</strong></span> 
     </span>
    </p>
   </div>
   <div class='ocr_carea' id='block_1_49' title="bbox 401 4693 3815 4779">
    <p class='ocr_par' dir='ltr' id='par_1_49' title="bbox 401 4693 3815 4779">
     <span class='ocr_line' id='line_1_49' title="bbox 401 4693 3815 4779; baseline 0.003 -26"><span class='ocrx_word' id='word_1_646' title='bbox 401 4696 535 4768; x_wconf 90' lang='lat' dir='ltr'><strong>quis</strong></span> <span class='ocrx_word' id='word_1_647' title='bbox 556 4701 755 4753; x_wconf 89' lang='lat' dir='ltr'><strong>contra</strong></span> <span class='ocrx_word' id='word_1_648' title='bbox 774 4696 998 4753; x_wconf 88' lang='lat' dir='ltr'><strong>hiscere</strong></span> <span class='ocrx_word' id='word_1_649' title='bbox 1018 4700 1073 4752; x_wconf 92' lang='lat' dir='ltr'><strong>et</strong></span> <span class='ocrx_word' id='word_1_650' title='bbox 1094 4693 1333 4768; x_wconf 89' lang='lat' dir='ltr'><strong>gannire</strong></span> <span class='ocrx_word' id='word_1_651' title='bbox 1354 4695 1463 4750; x_wconf 87' lang='lat' dir='ltr'><strong>sibi</strong></span> <span class='ocrx_word' id='word_1_652' title='bbox 1486 4699 1588 4749; x_wconf 89' lang='lat' dir='ltr'><strong>aut</strong></span> <span class='ocrx_word' id='word_1_653' title='bbox 1606 4693 1844 4750; x_wconf 91' lang='lat' dir='ltr'><strong>cuilibet</strong></span> <span class='ocrx_word' id='word_1_654' title='bbox 1863 4712 2033 4767; x_wconf 87' lang='lat' dir='ltr'><strong>posse</strong></span> <span class='ocrx_word' id='word_1_655' title='bbox 2065 4713 2108 4777; x_wconf 72' lang='grc' dir='ltr'>Ι)</span> <span class='ocrx_word' id='word_1_656' title='bbox 2139 4712 2272 4751; x_wconf 91' lang='lat' dir='ltr'><strong>eum</strong></span> <span class='ocrx_word' id='word_1_657' title='bbox 2292 4696 2563 4752; x_wconf 89' lang='lat' dir='ltr'><strong>virtutem</strong></span> <span class='ocrx_word' id='word_1_658' title='bbox 2588 4697 2685 4753; x_wconf 89' lang='lat' dir='ltr'><strong>Dei</strong></span> <span class='ocrx_word' id='word_1_659' title='bbox 2708 4701 3000 4769; x_wconf 90' lang='lat' dir='ltr'><strong>putarent.</strong></span> <span class='ocrx_word' id='word_1_660' title='bbox 3026 4699 3378 4754; x_wconf 87' lang='lat' dir='ltr'><strong>Commotus</strong></span> <span class='ocrx_word' id='word_1_661' title='bbox 3396 4702 3616 4759; x_wconf 85' lang='lat' dir='ltr'><strong>tamen</strong></span> <span class='ocrx_word' id='word_1_662' title='bbox 3635 4706 3815 4779; x_wconf 85' lang='lat' dir='ltr'><strong>signis</strong></span> 
     </span>
    </p>
   </div>
   <div class='ocr_carea' id='block_1_50' title="bbox 399 4781 3810 4858">
    <p class='ocr_par' dir='ltr' id='par_1_50' title="bbox 399 4781 3810 4858">
     <span class='ocr_line' id='line_1_50' title="bbox 399 4781 3810 4858; baseline 0.003 -18"><span class='ocrx_word' id='word_1_663' title='bbox 399 4785 526 4840; x_wconf 89' lang='lat' dir='ltr'><strong>dari</strong></span> <span class='ocrx_word' id='word_1_664' title='bbox 557 4785 629 4841; x_wconf 91' lang='lat' dir='ltr'><strong>ab</strong></span> <span class='ocrx_word' id='word_1_665' title='bbox 651 4783 991 4856; x_wconf 83' lang='lat' dir='ltr'><strong>huiusmodi</strong></span> <span class='ocrx_word' id='word_1_666' title='bbox 1012 4781 1279 4856; x_wconf 87' lang='lat' dir='ltr'><strong>leprosis,</strong></span> <span class='ocrx_word' id='word_1_667' title='bbox 1299 4782 1517 4838; x_wconf 88' lang='lat' dir='ltr'><strong>scilicet</strong></span> <span class='ocrx_word' id='word_1_668' title='bbox 1538 4782 1901 4849; x_wconf 90' lang='lat' dir='ltr'><strong>Simouiacis,</strong></span> <span class='ocrx_word' id='word_1_669' title='bbox 1925 4783 2027 4838; x_wconf 90' lang='lat' dir='ltr'><strong>ali-</strong></span> <span class='ocrx_word' id='word_1_670' title='bbox 2138 4800 2265 4855; x_wconf 65' lang='lat' dir='ltr'><strong>quae</strong></span> <span class='ocrx_word' id='word_1_671' title='bbox 2297 4783 2513 4839; x_wconf 84' lang='lat' dir='ltr'><strong>fiebant</strong></span> <span class='ocrx_word' id='word_1_672' title='bbox 2550 4801 2584 4839; x_wconf 91' lang='lat' dir='ltr'><strong>a</strong></span> <span class='ocrx_word' id='word_1_673' title='bbox 2631 4783 2917 4857; x_wconf 92' lang='lat' dir='ltr'><strong>Philippo,</strong></span> <span class='ocrx_word' id='word_1_674' title='bbox 2968 4785 3149 4841; x_wconf 88' lang='lat' dir='ltr'><strong>etiam</strong></span> <span class='ocrx_word' id='word_1_675' title='bbox 3193 4785 3323 4858; x_wconf 90' lang='lat' dir='ltr'><strong>ipse</strong></span> <span class='ocrx_word' id='word_1_676' title='bbox 3362 4789 3658 4849; x_wconf 89' lang='lat' dir='ltr'><strong>credidit.</strong></span> <span class='ocrx_word' id='word_1_677' title='bbox 3706 4795 3810 4850; x_wconf 89' lang='lat' dir='ltr'><strong>Sed</strong></span> 
     </span>
    </p>
   </div>
   <div class='ocr_carea' id='block_1_51' title="bbox 399 4870 3810 4946">
    <p class='ocr_par' dir='ltr' id='par_1_51' title="bbox 399 4870 3810 4946">
     <span class='ocr_line' id='line_1_51' title="bbox 399 4870 3810 4946; baseline 0.003 -19"><span class='ocrx_word' id='word_1_678' title='bbox 399 4888 575 4943; x_wconf 89' lang='lat' dir='ltr'><strong>quam</strong></span> <span class='ocrx_word' id='word_1_679' title='bbox 605 4876 937 4929; x_wconf 90' lang='lat' dir='ltr'><strong>sanctorum</strong></span> <span class='ocrx_word' id='word_1_680' title='bbox 967 4871 1241 4928; x_wconf 91' lang='lat' dir='ltr'><strong>ordinum</strong></span> <span class='ocrx_word' id='word_1_681' title='bbox 1272 4886 1448 4942; x_wconf 90' lang='lat' dir='ltr'><strong>quam</strong></span> <span class='ocrx_word' id='word_1_682' title='bbox 1496 4887 1612 4927; x_wconf 91' lang='lat' dir='ltr'><strong>non</strong></span> <span class='ocrx_word' id='word_1_683' title='bbox 1655 4870 1872 4927; x_wconf 89' lang='lat' dir='ltr'><strong>habent</strong></span> <span class='ocrx_word' id='word_1_684' title='bbox 1898 4887 2029 4944; x_wconf 91' lang='lat' dir='ltr'><strong>gra-</strong></span> <span class='ocrx_word' id='word_1_685' title='bbox 2137 4872 2428 4942; x_wconf 89' lang='lat' dir='ltr'><strong>quomodo</strong></span> <span class='ocrx_word' id='word_1_686' title='bbox 2453 4871 2780 4940; x_wconf 87' lang='lat' dir='ltr'><strong>crediderit,</strong></span> <span class='ocrx_word' id='word_1_687' title='bbox 2808 4873 3134 4944; x_wconf 80' lang='lat' dir='ltr'><strong>posteriora</strong></span> <span class='ocrx_word' id='word_1_688' title='bbox 3172 4876 3499 4946; x_wconf 86' lang='lat' dir='ltr'><strong>sequentia</strong></span> <span class='ocrx_word' id='word_1_689' title='bbox 3532 4878 3810 4939; x_wconf 87' lang='lat' dir='ltr'><strong>demons-</strong></span> 
     </span>
    </p>
   </div>
   <div class='ocr_carea' id='block_1_52' title="bbox 397 4958 3808 5031">
    <p class='ocr_par' dir='ltr' id='par_1_52' title="bbox 397 4958 3808 5031">
     <span class='ocr_line' id='line_1_52' title="bbox 397 4958 3808 5031; baseline 0.004 -17"><span class='ocrx_word' id='word_1_690' title='bbox 397 4958 563 5026; x_wconf 84' lang='lat' dir='ltr'><strong>tiam,</strong></span> <span class='ocrx_word' id='word_1_691' title='bbox 603 4964 660 5015; x_wconf 90' lang='lat' dir='ltr'><strong>et</strong></span> <span class='ocrx_word' id='word_1_692' title='bbox 707 4976 822 5014; x_wconf 90' lang='lat' dir='ltr'><strong>non</strong></span> <span class='ocrx_word' id='word_1_693' title='bbox 870 4960 1065 5031; x_wconf 91' lang='lat' dir='ltr'><strong>potius</strong></span> <span class='ocrx_word' id='word_1_694' title='bbox 1116 4958 1299 5014; x_wconf 85' lang='lat' dir='ltr'><strong>solam</strong></span> <span class='ocrx_word' id='word_1_695' title='bbox 1349 4975 1527 5031; x_wconf 91' lang='lat' dir='ltr'><strong>quam</strong></span> <span class='ocrx_word' id='word_1_696' title='bbox 1578 4963 1942 5029; x_wconf 89' lang='lat' dir='ltr'><strong>acceperunt,</strong></span> <span class='ocrx_word' id='word_1_697' title='bbox 1976 4963 2032 5015; x_wconf 90' lang='lat' dir='ltr'><strong>et</strong></span> <span class='ocrx_word' id='word_1_698' title='bbox 2136 4963 2452 5015; x_wconf 90' lang='lat' dir='ltr'><strong>traverunt.</strong></span> <span class='ocrx_word' id='word_1_699' title='bbox 2487 4960 2823 5031; x_wconf 88' lang='lat' dir='ltr'><strong>Baptizatus</strong></span> <span class='ocrx_word' id='word_1_700' title='bbox 2852 4965 2942 5017; x_wconf 90' lang='lat' dir='ltr'><strong>est</strong></span> <span class='ocrx_word' id='word_1_701' title='bbox 2970 4966 3030 5018; x_wconf 88' lang='lat' dir='ltr'><strong>et</strong></span> <span class='ocrx_word' id='word_1_702' title='bbox 3060 4961 3288 5018; x_wconf 91' lang='lat' dir='ltr'><strong>Simon.</strong></span> <span class='ocrx_word' id='word_1_703' title='bbox 3322 4964 3683 5025; x_wconf 80' lang='lat' dir='ltr'><strong>Audierunt</strong></span> <span class='ocrx_word' id='word_1_704' title='bbox 3706 4970 3808 5027; x_wconf 85' lang='lat' dir='ltr'><strong>hoc</strong></span> 
     </span>
    </p>
   </div>
   <div class='ocr_carea' id='block_1_53' title="bbox 396 5045 3807 5121">
    <p class='ocr_par' dir='ltr' id='par_1_53' title="bbox 396 5045 3807 5121">
     <span class='ocr_line' id='line_1_53' title="bbox 396 5045 3807 5121; baseline 0.004 -20"><span class='ocrx_word' id='word_1_705' title='bbox 396 5046 615 5103; x_wconf 87' lang='lat' dir='ltr'><strong>habent</strong></span> <span class='ocrx_word' id='word_1_706' title='bbox 641 5045 902 5118; x_wconf 87' lang='lat' dir='ltr'><strong>lepram?</strong></span> <span class='ocrx_word' id='word_1_707' title='bbox 930 5049 1159 5103; x_wconf 89' lang='lat' dir='ltr'><strong>Etcum</strong></span> <span class='ocrx_word' id='word_1_708' title='bbox 1214 5047 1367 5103; x_wconf 90' lang='lat' dir='ltr'><strong>idem</strong></span> <span class='ocrx_word' id='word_1_709' title='bbox 1420 5046 1783 5103; x_wconf 89' lang='lat' dir='ltr'><strong>clarissimus</strong></span> <span class='ocrx_word' id='word_1_710' title='bbox 1832 5048 2031 5103; x_wconf 91' lang='lat' dir='ltr'><strong>doctor</strong></span> <span class='ocrx_word' id='word_1_711' title='bbox 2137 5047 2403 5120; x_wconf 90' lang='lat' dir='ltr'><strong>apostoli,</strong></span> <span class='ocrx_word' id='word_1_712' title='bbox 2428 5048 2527 5119; x_wconf 91' lang='lat' dir='ltr'><strong>qui</strong></span> <span class='ocrx_word' id='word_1_713' title='bbox 2551 5052 2718 5104; x_wconf 89' lang='lat' dir='ltr'><strong>erant</strong></span> <span class='ocrx_word' id='word_1_714' title='bbox 2736 5048 3157 5121; x_wconf 86' lang='lat' dir='ltr'><strong>Hierosolymis</strong></span> <span class='ocrx_word' id='word_1_715' title='bbox 3180 5069 3194 5118; x_wconf 92' lang='lat'><strong>;</strong></span> <span class='ocrx_word' id='word_1_716' title='bbox 3220 5050 3393 5107; x_wconf 88' lang='lat' dir='ltr'><strong>missi</strong></span> <span class='ocrx_word' id='word_1_717' title='bbox 3419 5058 3668 5113; x_wconf 89' lang='lat' dir='ltr'><strong>suntad</strong></span> <span class='ocrx_word' id='word_1_718' title='bbox 3683 5058 3807 5116; x_wconf 86' lang='lat' dir='ltr'><strong>illos</strong></span> 
     </span>
    </p>
   </div>
   <div class='ocr_carea' id='block_1_54' title="bbox 396 5134 3805 5217">
    <p class='ocr_par' dir='ltr' id='par_1_54' title="bbox 396 5134 3805 5217">
     <span class='ocr_line' id='line_1_54' title="bbox 396 5134 3805 5217; baseline 0.004 -27"><span class='ocrx_word' id='word_1_719' title='bbox 396 5134 795 5190; x_wconf 90' lang='lat' dir='ltr'><strong>indubitanter</strong></span> <span class='ocrx_word' id='word_1_720' title='bbox 840 5135 1109 5208; x_wconf 68' lang='lat' dir='ltr'><strong>praedicet</strong></span> <span class='ocrx_word' id='word_1_721' title='bbox 1169 5134 1577 5206; x_wconf 80' lang='lat' dir='ltr'><strong>inexpiabilem</strong></span> <span class='ocrx_word' id='word_1_722' title='bbox 1646 5150 1772 5189; x_wconf 90' lang='lat' dir='ltr'><strong>esse</strong></span> <span class='ocrx_word' id='word_1_723' title='bbox 1811 5136 2029 5191; x_wconf 89' lang='lat' dir='ltr'><strong>venditi</strong></span> <span class='ocrx_word' id='word_1_724' title='bbox 2136 5135 2340 5191; x_wconf 89' lang='lat' dir='ltr'><strong>Petrus</strong></span> <span class='ocrx_word' id='word_1_725' title='bbox 2364 5140 2423 5192; x_wconf 89' lang='lat' dir='ltr'><strong>et</strong></span> <span class='ocrx_word' id='word_1_726' title='bbox 2448 5136 2726 5204; x_wconf 87' lang='lat' dir='ltr'><strong>Joannes,</strong></span> <span class='ocrx_word' id='word_1_727' title='bbox 2748 5137 3098 5194; x_wconf 87' lang='lat' dir='ltr'><strong>invenerunt</strong></span> <span class='ocrx_word' id='word_1_728' title='bbox 3117 5138 3339 5195; x_wconf 89' lang='lat' dir='ltr'><strong>multos</strong></span> <span class='ocrx_word' id='word_1_729' title='bbox 3364 5140 3733 5217; x_wconf 85' lang='lat' dir='ltr'><strong>baptizatos,</strong></span> <span class='ocrx_word' id='word_1_730' title='bbox 3754 5154 3805 5204; x_wconf 83' lang='lat' dir='ltr'><strong>et</strong></span> 
     </span>
    </p>
   </div>
   <div class='ocr_carea' id='block_1_55' title="bbox 393 5220 3802 5304">
    <p class='ocr_par' dir='ltr' id='par_1_55' title="bbox 393 5220 3802 5304">
     <span class='ocr_line' id='line_1_55' title="bbox 393 5220 3802 5304; baseline 0.002 -24"><span class='ocrx_word' id='word_1_731' title='bbox 393 5222 627 5296; x_wconf 91' lang='lat' dir='ltr'><strong>culpam</strong></span> <span class='ocrx_word' id='word_1_732' title='bbox 651 5222 1289 5279; x_wconf 82' lang='lat' dir='ltr'><strong>ministeriietcoelestis</strong></span> <span class='ocrx_word' id='word_1_733' title='bbox 1309 5220 1827 5294; x_wconf 70' lang='lat' dir='ltr'><strong>gratimvindictam</strong></span> <span class='ocrx_word' id='word_1_734' title='bbox 1846 5225 2032 5280; x_wconf 88' lang='lat' dir='ltr'><strong>trans-</strong></span> <span class='ocrx_word' id='word_1_735' title='bbox 2136 5223 2274 5296; x_wconf 92' lang='lat' dir='ltr'><strong>quia</strong></span> <span class='ocrx_word' id='word_1_736' title='bbox 2321 5222 2519 5279; x_wconf 89' lang='lat' dir='ltr'><strong>nullus</strong></span> <span class='ocrx_word' id='word_1_737' title='bbox 2572 5223 2834 5295; x_wconf 88' lang='lat' dir='ltr'><strong>ipsorum</strong></span> <span class='ocrx_word' id='word_1_738' title='bbox 2895 5230 3200 5298; x_wconf 89' lang='lat' dir='ltr'><strong>acceperat</strong></span> <span class='ocrx_word' id='word_1_739' title='bbox 3258 5226 3461 5284; x_wconf 88' lang='lat' dir='ltr'><strong>adhuc</strong></span> <span class='ocrx_word' id='word_1_740' title='bbox 3512 5230 3802 5304; x_wconf 86' lang='lat' dir='ltr'><strong>Spiritum</strong></span> 
     </span>
    </p>
   </div>
   <div class='ocr_carea' id='block_1_56' title="bbox 390 5307 3797 5385">
    <p class='ocr_par' dir='ltr' id='par_1_56' title="bbox 390 5307 3797 5385">
     <span class='ocr_line' id='line_1_56' title="bbox 390 5307 3797 5385; baseline 0.004 -17"><span class='ocrx_word' id='word_1_741' title='bbox 390 5312 475 5369; x_wconf 89' lang='lat' dir='ltr'><strong>ire</strong></span> <span class='ocrx_word' id='word_1_742' title='bbox 496 5312 566 5367; x_wconf 89' lang='lat' dir='ltr'><strong>ad</strong></span> <span class='ocrx_word' id='word_1_743' title='bbox 599 5316 880 5385; x_wconf 86' lang='lat' dir='ltr'><strong>posteros,</strong></span> <span class='ocrx_word' id='word_1_744' title='bbox 903 5312 1047 5367; x_wconf 86' lang='lat' dir='ltr'><strong>adeo</strong></span> <span class='ocrx_word' id='word_1_745' title='bbox 1086 5313 1152 5364; x_wconf 90' lang='lat' dir='ltr'><strong>ut</strong></span> <span class='ocrx_word' id='word_1_746' title='bbox 1186 5308 1514 5380; x_wconf 86' lang='lat' dir='ltr'><strong>exemplum</strong></span> <span class='ocrx_word' id='word_1_747' title='bbox 1550 5307 1709 5363; x_wconf 89' lang='lat' dir='ltr'><strong>Giezi</strong></span> <span class='ocrx_word' id='word_1_748' title='bbox 1731 5308 2021 5366; x_wconf 69' lang='lat' dir='ltr'><strong>adhaereat</strong></span> <span class='ocrx_word' id='word_1_749' title='bbox 2128 5316 2414 5377; x_wconf 89' lang='lat' dir='ltr'><strong>sanctum,</strong></span> <span class='ocrx_word' id='word_1_750' title='bbox 2448 5312 2604 5368; x_wconf 91' lang='lat' dir='ltr'><strong>sicut</strong></span> <span class='ocrx_word' id='word_1_751' title='bbox 2634 5317 2773 5368; x_wconf 91' lang='lat' dir='ltr'><strong>tunc</strong></span> <span class='ocrx_word' id='word_1_752' title='bbox 2804 5314 3202 5371; x_wconf 88' lang='lat' dir='ltr'><strong>descendebat</strong></span> <span class='ocrx_word' id='word_1_753' title='bbox 3230 5316 3305 5371; x_wconf 86' lang='lat' dir='ltr'><strong>ad</strong></span> <span class='ocrx_word' id='word_1_754' title='bbox 3356 5320 3797 5381; x_wconf 86' lang='lat' dir='ltr'><strong>ostendendam</strong></span> 
     </span>
    </p>
   </div>
   <div class='ocr_carea' id='block_1_57' title="bbox 393 5397 3795 5486">
    <p class='ocr_par' dir='ltr' id='par_1_57' title="bbox 393 5397 3795 5486">
     <span class='ocr_line' id='line_1_57' title="bbox 393 5397 3795 5486; baseline 0.004 -30"><span class='ocrx_word' id='word_1_755' title='bbox 393 5400 676 5458; x_wconf 89' lang='lat' dir='ltr'><strong>venditori</strong></span> <span class='ocrx_word' id='word_1_756' title='bbox 707 5404 763 5454; x_wconf 92' lang='lat' dir='ltr'><strong>et</strong></span> <span class='ocrx_word' id='word_1_757' title='bbox 790 5398 999 5455; x_wconf 89' lang='lat' dir='ltr'><strong>semini</strong></span> <span class='ocrx_word' id='word_1_758' title='bbox 1028 5398 1156 5467; x_wconf 89' lang='lat' dir='ltr'><strong>ejus</strong></span> <span class='ocrx_word' id='word_1_759' title='bbox 1183 5397 1242 5451; x_wconf 92' lang='lat' dir='ltr'><strong>in</strong></span> <span class='ocrx_word' id='word_1_760' title='bbox 1284 5400 1649 5468; x_wconf 88' lang='lat' dir='ltr'><strong>perpetuum,</strong></span> <span class='ocrx_word' id='word_1_761' title='bbox 1696 5398 1865 5468; x_wconf 89' lang='lat' dir='ltr'><strong>cujus</strong></span> <span class='ocrx_word' id='word_1_762' title='bbox 1895 5415 2018 5454; x_wconf 89' lang='lat' dir='ltr'><strong>mo-</strong></span> <span class='ocrx_word' id='word_1_763' title='bbox 2126 5399 2611 5473; x_wconf 83' lang='lat' dir='ltr'><strong>signiﬁcationem</strong></span> <span class='ocrx_word' id='word_1_764' title='bbox 2641 5401 2906 5473; x_wconf 88' lang='lat' dir='ltr'><strong>gentium</strong></span> <span class='ocrx_word' id='word_1_765' title='bbox 2944 5401 3396 5472; x_wconf 90' lang='lat' dir='ltr'><strong>crediturarum,</strong></span> <span class='ocrx_word' id='word_1_766' title='bbox 3456 5411 3530 5463; x_wconf 89' lang='lat' dir='ltr'><strong>ut</strong></span> <span class='ocrx_word' id='word_1_767' title='bbox 3574 5407 3795 5486; x_wconf 88' lang='lat' dir='ltr'><strong>linguis</strong></span> 
     </span>
    </p>
   </div>
   <div class='ocr_carea' id='block_1_58' title="bbox 394 5484 3793 5570">
    <p class='ocr_par' dir='ltr' id='par_1_58' title="bbox 394 5484 3793 5570">
     <span class='ocr_line' id='line_1_58' title="bbox 394 5484 3793 5570; baseline 0.004 -26"><span class='ocrx_word' id='word_1_768' title='bbox 394 5488 575 5544; x_wconf 88' lang='lat' dir='ltr'><strong>menti</strong></span> <span class='ocrx_word' id='word_1_769' title='bbox 607 5493 743 5543; x_wconf 90' lang='lat' dir='ltr'><strong>sunt</strong></span> <span class='ocrx_word' id='word_1_770' title='bbox 772 5505 900 5559; x_wconf 75' lang='lat' dir='ltr'><strong>qum</strong></span> <span class='ocrx_word' id='word_1_771' title='bbox 941 5504 971 5542; x_wconf 91' lang='lat' dir='ltr'><strong>e</strong></span> <span class='ocrx_word' id='word_1_772' title='bbox 1013 5485 1235 5541; x_wconf 81' lang='lat' dir='ltr'><strong>diverso</strong></span> <span class='ocrx_word' id='word_1_773' title='bbox 1282 5484 1703 5539; x_wconf 89' lang='lat' dir='ltr'><strong>contradicunt.</strong></span> <span class='ocrx_word' id='word_1_774' title='bbox 1752 5508 1779 5534; x_wconf 87' lang='grc'><strong><em>‹‹</em></strong></span> <span class='ocrx_word' id='word_1_775' title='bbox 1810 5487 2020 5543; x_wconf 90' lang='lat' dir='ltr'><strong>Anima</strong></span> <span class='ocrx_word' id='word_1_776' title='bbox 2125 5487 2502 5560; x_wconf 89' lang='lat' dir='ltr'><strong>loquerentur</strong></span> <span class='ocrx_word' id='word_1_777' title='bbox 2530 5487 2589 5543; x_wconf 90' lang='lat' dir='ltr'><strong>in</strong></span> <span class='ocrx_word' id='word_1_778' title='bbox 2623 5505 2769 5559; x_wconf 91' lang='lat' dir='ltr'><strong>quos</strong></span> <span class='ocrx_word' id='word_1_779' title='bbox 2799 5490 3194 5546; x_wconf 84' lang='lat' dir='ltr'><strong>descendebat</strong></span> <span class='ocrx_word' id='word_1_780' title='bbox 3222 5491 3492 5563; x_wconf 89' lang='lat' dir='ltr'><strong>Spiritus</strong></span> <span class='ocrx_word' id='word_1_781' title='bbox 3527 5484 3793 5570; x_wconf 78' lang='lat' dir='ltr'><strong>sanctus,</strong></span> 
     </span>
    </p>
   </div>
   <div class='ocr_carea' id='block_1_59' title="bbox 393 5571 3790 5652">
    <p class='ocr_par' dir='ltr' id='par_1_59' title="bbox 393 5571 3790 5652">
     <span class='ocr_line' id='line_1_59' title="bbox 393 5571 3790 5652; baseline 0.006 -24"><span class='ocrx_word' id='word_1_782' title='bbox 393 5591 521 5645; x_wconf 64' lang='lat' dir='ltr'><strong>qua:</strong></span> <span class='ocrx_word' id='word_1_783' title='bbox 554 5576 867 5645; x_wconf 80' lang='lat' dir='ltr'><strong>peccaverit</strong></span> <span class='ocrx_word' id='word_1_784' title='bbox 896 5575 1024 5647; x_wconf 90' lang='lat' dir='ltr'><strong>ipsa</strong></span> <span class='ocrx_word' id='word_1_785' title='bbox 1056 5573 1351 5641; x_wconf 90' lang='lat' dir='ltr'><strong>morietur,</strong></span> <span class='ocrx_word' id='word_1_786' title='bbox 1376 5576 1432 5627; x_wconf 85' lang='lat' dir='ltr'><strong>et</strong></span> <span class='ocrx_word' id='word_1_787' title='bbox 1454 5571 1607 5627; x_wconf 85' lang='lat' dir='ltr'><strong>filius</strong></span> <span class='ocrx_word' id='word_1_788' title='bbox 1630 5590 1743 5628; x_wconf 92' lang='lat' dir='ltr'><strong>non</strong></span> <span class='ocrx_word' id='word_1_789' title='bbox 1767 5574 2020 5645; x_wconf 89' lang='lat' dir='ltr'><strong>portabit</strong></span> <span class='ocrx_word' id='word_1_790' title='bbox 2125 5575 2530 5649; x_wconf 91' lang='lat' dir='ltr'><strong>imposuerunt</strong></span> <span class='ocrx_word' id='word_1_791' title='bbox 2558 5575 2675 5632; x_wconf 90' lang='lat' dir='ltr'><strong>illis</strong></span> <span class='ocrx_word' id='word_1_792' title='bbox 2707 5594 2919 5634; x_wconf 90' lang='lat' dir='ltr'><strong>manus</strong></span> <span class='ocrx_word' id='word_1_793' title='bbox 2949 5582 3184 5635; x_wconf 85' lang='lat' dir='ltr'><strong>orantes</strong></span> <span class='ocrx_word' id='word_1_794' title='bbox 3227 5596 3335 5652; x_wconf 86' lang='lat' dir='ltr'><strong>pro</strong></span> <span class='ocrx_word' id='word_1_795' title='bbox 3384 5582 3503 5649; x_wconf 85' lang='lat' dir='ltr'><strong>eis,</strong></span> <span class='ocrx_word' id='word_1_796' title='bbox 3537 5591 3601 5643; x_wconf 91' lang='lat' dir='ltr'><strong>et</strong></span> <span class='ocrx_word' id='word_1_797' title='bbox 3634 5605 3790 5647; x_wconf 83' lang='lat' dir='ltr'><strong>acco-</strong></span> 
     </span>
    </p>
   </div>
   <div class='ocr_carea' id='block_1_60' title="bbox 394 5659 3791 5742">
    <p class='ocr_par' dir='ltr' id='par_1_60' title="bbox 394 5659 3791 5742">
     <span class='ocr_line' id='line_1_60' title="bbox 394 5659 3791 5742; baseline 0.006 -32"><span class='ocrx_word' id='word_1_798' title='bbox 394 5659 738 5730; x_wconf 86' lang='lat' dir='ltr'><strong>inquitatem</strong></span> <span class='ocrx_word' id='word_1_799' title='bbox 778 5661 957 5733; x_wconf 87' lang='lat' dir='ltr'><strong>patris</strong></span> <span class='ocrx_word' id='word_1_800' title='bbox 996 5660 1206 5731; x_wconf 72' lang='lat' dir='ltr'><strong>(Ezech.</strong></span> <span class='ocrx_word' id='word_1_801' title='bbox 1256 5676 1415 5726; x_wconf 84' lang='lat' dir='ltr'><strong>xvm,</strong></span> <span class='ocrx_word' id='word_1_802' title='bbox 1462 5659 1571 5730; x_wconf 90' lang='lat'><strong>20),</strong></span> <span class='ocrx_word' id='word_1_803' title='bbox 1624 5681 1651 5709; x_wconf 87' lang='lat'>»</span> <span class='ocrx_word' id='word_1_804' title='bbox 1697 5662 2017 5731; x_wconf 69' lang='lat' dir='ltr'><strong>praesertim</strong></span> <span class='ocrx_word' id='word_1_805' title='bbox 2127 5667 2338 5736; x_wconf 91' lang='lat' dir='ltr'><strong>perunt</strong></span> <span class='ocrx_word' id='word_1_806' title='bbox 2360 5663 2641 5736; x_wconf 89' lang='lat' dir='ltr'><strong>Spiritum</strong></span> <span class='ocrx_word' id='word_1_807' title='bbox 2670 5669 2962 5724; x_wconf 89' lang='lat' dir='ltr'><strong>sanctum.</strong></span> <span class='ocrx_word' id='word_1_808' title='bbox 2993 5666 3195 5722; x_wconf 90' lang='lat' dir='ltr'><strong>Simon</strong></span> <span class='ocrx_word' id='word_1_809' title='bbox 3228 5668 3327 5724; x_wconf 90' lang='lat' dir='ltr'><strong>ille</strong></span> <span class='ocrx_word' id='word_1_810' title='bbox 3374 5669 3482 5742; x_wconf 88' lang='lat' dir='ltr'><strong>qui</strong></span> <span class='ocrx_word' id='word_1_811' title='bbox 3515 5689 3643 5733; x_wconf 86' lang='lat' dir='ltr'><strong>non</strong></span> <span class='ocrx_word' id='word_1_812' title='bbox 3677 5686 3791 5736; x_wconf 73' lang='lat' dir='ltr'><strong>erat</strong></span> 
     </span>
    </p>
   </div>
   <div class='ocr_carea' id='block_1_61' title="bbox 393 5746 3787 5835">
    <p class='ocr_par' dir='ltr' id='par_1_61' title="bbox 393 5746 3787 5835">
     <span class='ocr_line' id='line_1_61' title="bbox 393 5746 3787 5835; baseline 0.006 -35"><span class='ocrx_word' id='word_1_813' title='bbox 393 5761 527 5801; x_wconf 89' lang='lat' dir='ltr'><strong>cum</strong></span> <span class='ocrx_word' id='word_1_814' title='bbox 552 5747 830 5803; x_wconf 89' lang='lat' dir='ltr'><strong>Dominus</strong></span> <span class='ocrx_word' id='word_1_815' title='bbox 859 5750 928 5804; x_wconf 92' lang='lat' dir='ltr'><strong>de</strong></span> <span class='ocrx_word' id='word_1_816' title='bbox 959 5748 1148 5820; x_wconf 87' lang='lat' dir='ltr'><strong>seipso</strong></span> <span class='ocrx_word' id='word_1_817' title='bbox 1178 5747 1366 5803; x_wconf 88' lang='lat' dir='ltr'><strong>dicat:</strong></span> <span class='ocrx_word' id='word_1_818' title='bbox 1407 5770 1426 5797; x_wconf 79' lang='grc' dir='ltr'><strong>α</strong></span> <span class='ocrx_word' id='word_1_819' title='bbox 1465 5747 1719 5803; x_wconf 84' lang='lat' dir='ltr'><strong>Reddam</strong></span> <span class='ocrx_word' id='word_1_820' title='bbox 1747 5746 2019 5822; x_wconf 87' lang='lat' dir='ltr'><strong>iniquita-</strong></span> <span class='ocrx_word' id='word_1_821' title='bbox 2128 5752 2188 5807; x_wconf 91' lang='lat' dir='ltr'><strong>in</strong></span> <span class='ocrx_word' id='word_1_822' title='bbox 2219 5751 2475 5810; x_wconf 87' lang='lat' dir='ltr'><strong>Ecclesia</strong></span> <span class='ocrx_word' id='word_1_823' title='bbox 2504 5752 2795 5826; x_wconf 89' lang='lat' dir='ltr'><strong>columba,</strong></span> <span class='ocrx_word' id='word_1_824' title='bbox 2825 5755 2925 5811; x_wconf 89' lang='lat' dir='ltr'><strong>sed</strong></span> <span class='ocrx_word' id='word_1_825' title='bbox 2957 5771 3185 5825; x_wconf 87' lang='lat' dir='ltr'><strong>corvus,</strong></span> <span class='ocrx_word' id='word_1_826' title='bbox 3216 5756 3358 5830; x_wconf 87' lang='lat' dir='ltr'><strong>quia</strong></span> <span class='ocrx_word' id='word_1_827' title='bbox 3390 5775 3485 5830; x_wconf 88' lang='lat' dir='ltr'><strong>ea,</strong></span> <span class='ocrx_word' id='word_1_828' title='bbox 3522 5776 3665 5835; x_wconf 70' lang='lat' dir='ltr'><strong>quae</strong></span> <span class='ocrx_word' id='word_1_829' title='bbox 3691 5786 3787 5827; x_wconf 80' lang='lat' dir='ltr'><strong>sua</strong></span> 
     </span>
    </p>
   </div>
  </div>
