3876 6356
146 455 329 532 1045
772 467 1185 534 ADVERSUS
1230 467 1704 534 SIMONIACOS
1747 467 1958 534 LIBRI
2000 470 2224 536 TRES.
2260 504 2337 521 —
2368 473 2605 539 LIBER
2650 476 2970 544 PRIMUS.
3408 479 3565 549 1046

141 606 326 670 runt,
364 603 678 676 quaerebat,
740 621 854 660 non
915 622 1043 676 quae
1087 606 1224 661 Iesu
1280 604 1514 673 Christi,
1561 604 1715 661 unde
1752 604 1811 660 in
1841 604 1897 672 Α
1997 608 2125 663 30.‹‹
2145 609 2202 665 Si
2226 612 2359 682 quis
2380 611 3268 689 episcopus,autpresbyter,aut
3288 614 3564 676 diaconus

141 688 519 779 Christianis
550 695 869 765 potentiam
896 695 1081 765 magis
1112 699 1406 750 amaverat
1435 711 1613 767 quam
1630 694 1809 766 justi-
1918 713 2021 768 per
2048 700 2356 769 pecuniam
2380 701 2531 758 hanc
2559 703 2835 759 obtinerit
2864 688 3233 778 dignitatem,
3259 705 3566 779 dejiciatur

138 777 335 847 tiam,
393 782 538 836 vidit
594 800 696 854 per
753 784 1191 855 impositionem
1260 801 1546 840 manuum
1574 789 1804 858 aposto-
1917 785 2039 858 ipse
2069 793 2126 843 et
2154 788 2452 845 ordinator
2480 793 2629 862 ejus,
2659 797 2717 848 et
2738 777 3204 853 acommunione
3230 777 3423 854 modis
3444 813 3565 854 om-

136 865 357 925 lorum
424 871 547 925 dari
607 872 888 944 Spiritum
946 877 1237 938 sanctum,
1300 892 1413 929 non
1473 874 1609 946 quia
1694 873 1803 945 ipsi
1915 876 2089 931 nibus
2116 877 2509 947 abscindatur,
2543 880 2695 937 sicut
2726 882 2923 939 Simon
2956 886 3490 959 MagnusaPetro.
3531 908 3559 937 η

132 958 403 1026 dabant,
466 960 566 1014 sed
623 962 782 1031 quia,
844 962 988 1032 ipsis
1047 963 1372 1032 orantibus,
1422 963 1595 1017 datus
1679 966 1800 1029 est;

128 1050 201 1101 et
272 1048 355 1103 ait
412 1049 719 1120 apostolis:
756 1073 783 1098 «
843 1051 991 1113 Quid
1048 1051 1224 1106 vultis
1271 1069 1304 1106 a
1364 1070 1455 1107 me
1543 1052 1802 1122 accipere

126 1137 442 1205 pecunia),
480 1143 541 1192 ut
592 1156 693 1209 per
743 1138 1174 1210 impositionem
1234 1156 1478 1194 manum
1536 1156 1799 1194 mearum

130 1224 330 1280 detur
352 1228 603 1297 Spiritus
636 1229 911 1283 sanctus?
938 1252 962 1275 ››
998 1230 1060 1282 Et
1091 1229 1169 1282 ait
1228 1229 1309 1282 illi
1369 1230 1606 1285 Petrus:
1642 1252 1669 1278 ‹‹
1700 1233 1799 1284 Pe-

121 1316 331 1370 cunia
372 1322 473 1371 tua
506 1322 699 1371 tecum
734 1319 806 1372 sit
840 1318 895 1371 in
930 1318 1338 1389 perditionem,
1372 1320 1649 1389 quoniam
1695 1319 1795 1372 do-

126 1419 297 1459 num
335 1406 431 1460 Dei
466 1407 681 1477 putasti
718 1408 965 1477 pecunia
996 1408 1457 1479 comparandum
1500 1408 1634 1479 (Art.
1669 1425 1791 1475 vni,

132 1494 370 1564 18-24)).
410 1519 430 1543 ιι
465 1495 566 1550 Cui
593 1495 760 1551 dicit:
798 1522 823 1545 ‹‹
862 1497 1108 1552 Pecunia
1142 1502 1243 1551 tua
1275 1503 1459 1552 terum
1486 1498 1561 1553 sit
1584 1499 1637 1552 in
1664 1515 1793 1569 per-

121 1583 470 1639 ditionem?
502 1608 527 1631 »
554 1586 1217 1656 utiquebaptizato.Jam
1238 1588 1594 1657 baptismum
1611 1588 1789 1642 habe-

119 1672 255 1739 bat,
296 1675 399 1728 sed
434 1674 716 1729 columbre
750 1674 1075 1730 visceribus
1134 1693 1249 1729 non
1308 1676 1579 1731 haerebat.
1640 1675 1789 1730 Audi

118 1762 279 1831 quia
317 1780 429 1817 non
462 1763 740 1829 haarebat,
773 1768 829 1818 et
859 1765 1034 1818 verba
1062 1764 1190 1835 ipsa
1214 1764 1362 1818 Petri
1393 1763 1639 1836 apostoli
1689 1764 1788 1818 ad-
1970 1762 2103 1831 ξ⁶⁶¹¹⁶
2135 1762 2277 1797 mm”
2313 1762 2381 1788 (⁵⁸
2408 1762 2637 1836 ⁸⁰¹¹⁰Ῐ⁸¹⁰
2662 1762 3014 1839 ξ’ωίίῖἦαυηζζ
3039 1762 3140 1839 "af

114 1826 320 1905 verte.
351 1852 627 1922 Sequitur
658 1826 844 1907 enim:
871 1877 895 1901 ‹‹
932 1854 1056 1907 Νοη
1089 1826 1194 1907 ἐει
1225 1853 1327 1907 tibi
1395 1826 1549 1924 pars,
1603 1870 1788 1924 neque
1898 1826 2322 1924 θρίῗῗθρυῗρθτ
2343 1826 2651 1924 Ριθουηξὲω
2672 1826 2870 1881 fecerit
2891 1827 3406 1924 ordingatignemgf’t
3431 1829 3543 1924 mlh

115 1955 266 1994 sors
301 1938 358 1992 in
394 1940 501 1993 hac
525 1942 635 1993 ﬁde
658 1959 670 2007 ;
696 1941 751 1995 in
785 1940 913 1995 felle
934 1942 1090 1996 enim
1114 1942 1521 1996 amaritudinis
1543 1943 1703 1997 video
1725 1945 1780 1997 te
1815 1979 1863 2043 B
1895 1912 3166 2043 ἓξξῖἶῗίῃῗῖῗίέῗὶωίῖἓῗξὲἓξὲξῗί
3180 1919 3541 2043 ἔξῖιάὲνῖἶᾞι·

115 2044 265 2083 esse
310 2028 1235 2099 (Ibid.21-23).vColumbafelnon
1254 2031 1423 2086 habet
1445 2049 1457 2085 :
1479 2032 1678 2086 Simon
1694 2032 1787 2086 ha—
1815 2006 1863 2043 D
1895 2006 2233 2099 naveritqu
2263 2018 2363 2072 per
2394 2006 3131 2099 P?°9”ia’P.Presl’Yte’“m
3178 2011 3278 2063 aut
3334 2007 3538 2099 diae?-

112 2116 339 2182 bebat;
376 2117 502 2171 ideo
528 2122 833 2187 separatus
861 2135 893 2172 a
915 2118 1199 2173 columba:
1224 2119 1567 2175 visceribus.
1594 2120 1783 2191 Bapti-
1896 2106 2059 2195 n‘um’
2092 2089 2192 2195 vel.
2215 2091 2630 2195 queml'bmfx
2662 2093 2753 2148 h's
2781 2111 2879 2166 (ἶυι
2931 2101 3441 2195 ,θοηηειξωθτθοηξυτ
3470 2114 3531 2152 ¹η

112 2217 304 2261 smus
331 2178 417 2259 mi
453 2178 939 2277 quid'pmdemt?
976 2232 994 2255 ,
1676 2178 1691 2191 ⁸
1894 2178 2064 2277 clero,
2098 2184 2200 2277 aut
2232 2182 2580 2277 promoverit
2610 2199 2711 2253 per
2740 2182 3045 2277 pecuniam
3068 2184 3533 2277 dispensatorem

200 2296 272 2349 In
310 2295 526 2365 quibus
549 2295 1017 2366 eloquentissimi
1050 2302 1105 2352 et
1137 2297 1625 2368 perspicacissimi
1676 2299 1782 2353 do-
1894 2272 1994 2323 aut
2018 2269 2401 2372 (1,9{0’19‘3'f’m’
2430 2269 2903 2372 Fel-q‘fe‘mq‘fam
2935 2272 3034 2345 qui
3077 2274 3393 2372 ιευίῖιίθθωῗ
3423 2279 3536 2372 ,θεῖ

1893 2357 2127 2431 regulae,
2162 2359 2270 2413 sub
2294 2359 2624 2431 turpissimi
2657 2360 2801 2416 lucri
2827 2363 3156 2429 commodo,
3190 2363 3240 2419 is
3279 2363 3375 2419 cui
3423 2363 3534 2420 hoc

1892 2449 2189 2504 attestanti
2222 2448 2531 2519 probatum
2562 2449 2736 2503 fuerit
2766 2451 2983 2523 proprii
3015 2452 3234 2524 gradus
3280 2452 3537 2525 periculo

1893 2538 2236 2608 subjacebit.
2263 2538 2329 2591 Et
2352 2536 2451 2608 qui
2474 2538 2777 2593 ordinatus
2795 2543 2886 2594 est
2908 2539 3053 2595 nihil
3072 2557 3140 2596 ex
3165 2540 3276 2596 hac
3304 2542 3537 2598 ordina-

1891 2627 2069 2693 tione,
2102 2625 2190 2682 vel
2224 2626 2590 2697 promotione
2621 2644 2749 2699 quae
2778 2632 2867 2683 est
2922 2645 3027 2700 per
3082 2629 3534 2702 negotiationem

1890 2716 2039 2771 facta
2070 2714 2355 2786 proﬁciat,
2390 2715 2489 2769 sed
2512 2715 2589 2769 sit
2618 2714 2843 2771 alienus
2864 2734 2932 2772 ea
2948 2717 3350 2789 dignitate,vel
3379 2718 3534 2775 solli-

1887 2804 2142 2859 citudine
2174 2818 2348 2874 quam
2384 2802 2647 2873 pecuniis
2678 2804 2958 2875 quaesivit.
2995 2806 3052 2861 Si
3087 2805 3221 2877 quis
3241 2822 3374 2862 vero
3405 2822 3526 2863 me-

1886 2892 2077 2948 diator
2108 2896 2226 2947 tam
2260 2891 2532 2963 turpibus
2564 2896 2621 2947 et
2644 2892 2911 2948 nefandis
2942 2894 3097 2949 datis
3126 2894 3215 2950 vel
3271 2896 3528 2968 acceptis

1885 2981 2188 3045 exstiterit,
2223 2981 2271 3034 si
2304 2979 2538 3051 quidem
2572 2981 2817 3036 clericus
2850 2981 3044 3050 fuerit,
3076 2983 3310 3056 proprio
3342 2984 3527 3057 gradu

1886 3070 2136 3135 decidat,
2168 3068 2215 3123 si
2248 3085 2379 3124 vero
2428 3067 2612 3124 laicus
2645 3073 2744 3124 aut
2774 3070 3121 3142 monachus,
3184 3072 3526 3128 anathema-

1884 3158 2113 3215 tizetur.
2152 3181 2177 3206 ››

1983 992 2139 1060 Item,
2169 1010 2237 1048 ea:
2265 996 2483 1062 eisdem,
2509 1014 2628 1067 cap,
2656 998 2743 1053 31.
2780 1022 2807 1048 «
2835 1000 2893 1055 Si
2925 1000 3060 1071 quis
3081 1001 3392 1074 episcopus
3444 1021 3557 1060 ste-

1911 1080 2209 1138 cularibus
2234 1085 2614 1155 potestatibus
2637 1104 2780 1144 usus
2802 1088 3106 1145 ecclesiam
3130 1106 3234 1162 per
3256 1092 3417 1163 ipsos
3449 1092 3555 1149 ob-

1911 1168 2113 1235 tineat,
2146 1172 2467 1242 deponatur
2498 1174 2618 1245 ipse
2649 1180 2705 1230 et
2734 1176 3043 1248 ejiciantur
3070 1196 3276 1236 omnes
3307 1180 3408 1253 qui
3457 1180 3547 1236 illi

1909 1260 2793 1336 communicant.»Contraquod
2815 1267 3136 1339 capitulum
3160 1270 3258 1341 qui
3282 1270 3393 1325 sibi
3418 1286 3551 1343 pre-

1906 1347 1986 1401 tio
2018 1352 2334 1418 potestates
2366 1352 2692 1420 conciliant,
2723 1355 2949 1411 etiamsi
2977 1356 3376 1414 ecclesiasticas
3398 1359 3542 1428 sint,

1904 1436 2109 1508 procul
2144 1438 2319 1493 dubio
2346 1440 2651 1497 saeculares
2675 1443 2841 1508 ﬁunt,
2864 1444 3016 1499 sicut
3036 1445 3117 1500 ait
3136 1446 3541 1519 B.Gregorius,

1906 1548 1933 1576 «
1966 1526 2025 1580 Si
2044 1526 2102 1580 in
2128 1528 2539 1585 ecclesiasticis
2561 1531 2768 1586 officiis
2781 1548 3137 1605 quemquam
3154 1534 3328 1590 habet
3347 1536 3541 1592 locum

1901 1616 2165 1687 pecunia,
2202 1619 2265 1672 tit
2295 1619 2571 1674 sazculare
2598 1621 2752 1691 quod
2786 1638 3021 1678 sacrum
3053 1626 3161 1679 est.
3197 1646 3224 1673 ››

1970 1733 2103 1786 Item
2134 1733 2277 1797 inde,
2313 1751 2382 1788 ea:
2408 1737 2637 1790 concilio
2662 1736 3006 1805 Chalcedon”
3039 1742 3233 1811 cap.2.
3269 1762 3297 1789 ‹‹
3323 1739 3539 1813 Siquis

117 2385 319 2439 ctoris
360 2384 532 2438 dictis
590 2384 1053 2440 animadvertant
1104 2402 1337 2441 necesse
1396 2393 1483 2442 est
1528 2387 1627 2458 qui
1673 2387 1781 2442 im-

115 2474 430 2547 pudenter
460 2478 515 2527 et
549 2474 723 2545 impie
782 2480 1041 2530 astruere
1089 2483 1375 2531 conantur
1422 2476 1778 2545 columbam,

116 2562 216 2619 vel
251 2562 623 2634 spiritualem
647 2564 897 2633 gratiam
921 2565 1115 2629 vendi,
1149 2564 1290 2619 illud
1308 2565 1461 2636 quod
1487 2566 1596 2620 ait:
1632 2589 1658 2614 ‹‹
1686 2565 1783 2619 Co-

116 2651 340 2708 lumba
372 2668 485 2705 non
510 2655 601 2705 est
630 2652 869 2718 venalis,
903 2652 1083 2722 gratis
1104 2653 1295 2719 datur,
1320 2652 1458 2724 quia
1479 2654 1666 2724 gratia
1682 2671 1777 2709 vo-

114 2745 326 2806 catur;
358 2782 375 2796 .
407 2756 629 2795 necnon
656 2740 818 2808 illud,
841 2741 977 2812 quia
1000 2766 1025 2789 ‹‹
1048 2742 1401 2797 viditSimon
1422 2758 1523 2814 per
1543 2743 1778 2814 imposi-

111 2832 347 2887 tionem
384 2846 596 2885 manus
615 2830 1013 2901 apostolorum
1036 2831 1460 2902 dariSpiritum
1481 2836 1771 2897 sanctum,

110 2940 235 2979 non
271 2921 415 2993 quia
437 2921 545 2992 ipsi
573 2921 808 2987 dabant,
835 2921 934 2975 sed
960 2922 1098 2991 quia
1121 2923 1263 2993 ipsis
1286 2922 1775 2977 orantibusdatus

109 3016 225 3069 est.
249 3034 277 3060 ››
299 3009 921 3081 DeusenimSpiritnm
944 3016 1215 3064 sanctum
1240 3027 1413 3065 suum
1434 3010 1777 3065 hominibus

109 3098 395 3175 largitur,
418 3099 518 3153 sed
534 3100 794 3153 oratione
821 3104 877 3153 et
905 3098 1645 3171 invocationeillorum,qui
1669 3098 1774 3153 bu-

105 3192 210 3263 jus
244 3187 563 3244 ministerii
596 3186 680 3241 vel
713 3187 887 3240 officii
922 3188 1352 3242 ordinationem
1394 3206 1428 3243 a
1472 3186 1774 3243 catholicis

112 3280 307 3353 gratis
341 3276 633 3347 accepisse
661 3276 1443 3347 noscuntur,etiamsipravaa
1466 3293 1769 3331 conversa-
1814 3348 1845 3353 _
1956 3278 2089 3331 Item
2120 3274 2266 3340 inde,
2313 3275 2563 3345 erempla
2610 3275 2909 3331 Hormisdae
2950 3292 3115 3348 papae
3169 3278 3345 3349 (epist.
3407 3279 3519 3350 25).

112 3348 302 3425 tionis
336 3366 396 3420 in
429 3366 612 3421 oculis
642 3364 949 3419 hominum
975 3365 1317 3420 habeantur.
1348 3366 1406 3421 In
1432 3383 1548 3436 qua
1569 3366 1772 3436 utique
1803 3348 1845 3413 C
1884 3387 1911 3413 ‹‹
1948 3366 2102 3433 Quos
2118 3362 2723 3435 constiteritindignos
2748 3348 3516 3422 meritissacramentamer-

117 3458 238 3514 fide
269 3455 364 3511 vel
399 3454 745 3520 ministerio,
782 3471 895 3508 non
927 3459 1015 3508 est
1048 3454 1333 3509 haereticis
1383 3472 1535 3525 pars,
1589 3469 1774 3525 neque

115 3564 279 3611 sors,
336 3544 477 3615 quia
526 3560 628 3597 nec
704 3542 958 3597 ministri
1045 3543 1280 3607 Christi,
1368 3543 1470 3598 sed
1546 3544 1771 3597 Satanae

118 3636 320 3709 portio
403 3633 775 3698 efﬁciuntur;
836 3648 907 3686 ne
971 3631 1231 3704 ipsorum
1316 3633 1574 3687 oratione
1676 3634 1777 3685 aut

117 3723 494 3781 invocatione
543 3722 796 3792 Spiritus
844 3726 1083 3775 sanctus
1135 3721 1325 3785 datur,
1392 3722 1531 3792 quia
1606 3720 1777 3775 mini-

118 3812 376 3870 sterium
440 3826 663 3879 eorum,
695 3809 925 3865 etiamsi
956 3814 1121 3863 rectae
1181 3810 1637 3865 conversationis
1690 3809 1771 3864 vi-

119 3903 403 3965 deantur,
434 3917 468 3954 a
498 3899 612 3954 Deo
644 3916 758 3953 non
792 3898 1250 3969 recognoscitur,
1293 3903 1349 3954 et
1406 3899 1534 3955 ideo
1593 3901 1775 3955 oratio

120 4007 333 4048 eorum
358 3991 422 4043 ﬁt
443 3989 501 4043 in
524 3989 951 4059 peccatum(Ps.
976 4005 1170 4042 cxvni.
1188 3988 1264 4057 7),
1282 3988 1604 4043 secundum
1620 3989 1773 4060 quod

120 4081 194 4137 de
226 4080 346 4137 alio
377 4078 633 4150 pessimo
665 4081 985 4132 mercatore
1017 4094 1050 4131 a
1079 4076 1386 4131 Psalmista
1417 4082 1644 4133 constat
1672 4077 1777 4132 im-

121 4168 422 4242 precando
454 4165 883 4238 prophetatum.
908 4166 1054 4220 Nam
1084 4170 1149 4220 ut
1170 4167 1231 4220 B.
1254 4166 1566 4238 Apostolus
1584 4167 1779 4222 Corin-

119 4257 268 4314 thiis
300 4257 408 4311 ait:
445 4276 466 4306 ι
497 4254 799 4325 Ejusmodi
839 4259 977 4309 sunt
1032 4255 1527 4326 pseudoapostoli,
1570 4272 1771 4326 Opera-

121 4345 195 4401 rii
228 4343 486 4411 subdoli,
521 4344 1008 4414 transﬁgurantes
1041 4359 1100 4397 se
1133 4343 1189 4396 in
1214 4343 1507 4414 apostolos
1537 4344 1772 4400 Christi.

122 4434 194 4489 Et
224 4451 344 4490 non
376 4432 614 4487 mirum.
640 4432 935 4503 Ipseenim
959 4436 1205 4487 Satanas
1233 4434 1612 4504 transﬁgurat
1632 4451 1692 4488 se
1716 4434 1771 4486 in

124 4522 406 4595 angelum
440 4520 607 4576 lucis.
640 4521 761 4575 Non
787 4526 873 4575 est
900 4538 1033 4591 ergo
1069 4537 1372 4592 magnum,
1422 4521 1469 4575 si
1522 4522 1775 4576 ministri

124 4611 256 4681 ejus
286 4610 805 4681 transﬁgurentur,
839 4609 995 4663 velut
1023 4608 1276 4664 ministri
1299 4610 1565 4679 justitize,
1629 4627 1771 4682 quo-

1883 3459 2041 3509 catos
2054 3468 2181 3506 esse
2193 3451 2377 3522 pretio
2393 3450 3055 3522 dignitatem,convictos
3068 3458 3294 3525 oportet
3306 3455 3512 3523 arceri,

1883 3541 2021 3613 quia
2033 3541 2268 3595 dantem
2288 3539 2503 3610 pariter
2517 3539 2633 3593 acci
2642 3540 3013 3612 pientemque
3025 3542 3321 3599 damnatio
3335 3543 3519 3599 Simo-

1885 3630 1976 3685 nis
2006 3646 2184 3700 quam
2219 3644 2385 3683 sacra
2415 3625 2583 3682 lectio
2616 3631 2863 3683 testatur
2890 3628 3146 3685 involvit.
3178 3632 3293 3687 Hoc
3324 3631 3521 3705 itaque

1885 3720 1954 3774 ad
1987 3718 2251 3791 proxima
2268 3716 2704 3787 conjungimus,
2726 3733 2796 3771 ne
2813 3717 3140 3774 benedictio
3162 3737 3267 3792 per
3283 3719 3524 3793 imposi-

1886 3809 2103 3863 tionem
2164 3822 2396 3875 manus,
2452 3821 2577 3875 quae
2610 3805 2787 3861 aDeo
2841 3822 2969 3862 esse
3027 3807 3285 3863 creditur
3342 3808 3523 3881 pretio

1886 3901 2275 3968 comparetur,
2309 3886 2449 3965 quia
2468 3894 2690 3962 Simon,
2716 3911 2816 3966 per
2846 3896 3126 3967 Spiritum
3150 3902 3525 3953 sanctumvo-

1887 3985 2011 4042 lens
2026 3985 2208 4057 pretio
2242 3983 2508 4052 mercari,
2538 3982 2784 4055 apostoli
2837 3982 2944 4039 fuit
2973 3984 3357 4041 detestatione
3387 4000 3522 4058 per-

1887 4092 2114 4131 CUSSUS.
2144 4096 2169 4123 ))

1954 4193 2083 4246 Item
2118 4188 2267 4255 inde,
2298 4205 2368 4244 ea:
2395 4188 2742 4260 Expositione
2774 4190 3024 4259 Remigii.
3059 4212 3087 4239 «
3123 4189 3411 4246 Dominus
3460 4195 3525 4247 ut

1887 4280 2217 4336 ostenderet
2247 4294 2449 4332 omnes
2468 4278 2821 4344 venditores,
2854 4282 2911 4334 et
2938 4283 3231 4351 emptores
3278 4278 3525 4337 ccelestis

1884 4367 2079 4441 gratiae
2104 4367 2503 4422 eleminandos
2517 4384 2643 4422 esse
2661 4384 2694 4422 a
2714 4367 2989 4423 societate
3006 4372 3218 4423 sanctae
3240 4367 3523 4436 Ecclesiae,

1886 4456 2101 4513 idcirco
2132 4455 2305 4526 ccepit
2335 4454 2541 4525 ejicere
2572 4455 2886 4511 vendentes
2914 4460 2971 4511 et
2999 4461 3255 4512 ementes
3284 4457 3356 4512 de
3377 4462 3521 4512 tem-

1888 4544 2002 4616 plo,
2037 4549 2093 4600 et
2123 4543 2429 4599 cathedras
2461 4543 2834 4598 vendentium
2869 4542 3174 4600 columbas
3203 4544 3425 4610 evertit,
3460 4548 3524 4600 ut

1887 4634 2116 4689 doceret
2145 4632 2284 4703 quia
2314 4631 2515 4687 talium
2549 4632 2939 4688 sacerdotium
2973 4633 3399 4705 negotiatorum
3423 4633 3522 4688 de-

124 4698 925 4794 Γυωίίημίξθτίίεβθθυθδυιω
958 4715 1133 4794 ρρξτεῖι
1181 4698 1444 4769 ipsorum
1496 4701 1571 4794 μί
1631 4700 1775 4767 Cor"
1809 4706 1855 4771 D
1888 4698 2438 4786 struiturbuamvis
2471 4720 2625 4775 enim
2658 4720 2777 4775 sint
2805 4698 3523 4794 nonnulliquicorporali-

124 4805 228 4857 xu,
265 4788 471 4858 13-15).
506 4808 532 4837 ››
568 4786 788 4858 ltaque,
823 4788 975 4843 sicut
1027 4788 1273 4843 Satanas
1321 4789 1776 4860 transﬁguratus

123 4875 183 4931 in
218 4876 499 4949 angelum
530 4875 679 4931 lucis
710 4893 825 4930 non
860 4880 1049 4947 potest
1072 4894 1183 4931 non
1207 4893 1334 4932 esse
1358 4878 1773 4949 angelustene-

124 4964 394 5032 brarum,
428 4968 589 5020 tanto
625 4964 947 5037 perversior
970 4968 1187 5035 quanto
1219 4966 1773 5036 praesumptuosior;

126 5053 210 5110 ita
240 5059 299 5111 et
329 5053 584 5109 ministri
616 5054 767 5124 ejus,
802 5054 1198 5125 transtigurati
1230 5054 1289 5109 in
1321 5054 1619 5111 ministros
1676 5056 1774 5126 ju-

126 5143 448 5208 stitiaa,non
469 5147 718 5215 possunt
739 5160 850 5197 non
865 5160 992 5197 esse
1017 5142 1271 5197 ministri
1291 5143 1776 5213 injustitize,tanto

125 5231 599 5288 detestabiliores
629 5237 847 5304 quanto
879 5232 1255 5299 audaciores;
1300 5232 1670 5287 mentiuntur
1715 5251 1777 5288 se

126 5334 255 5377 esse
286 5322 443 5392 quod
476 5338 581 5377 nec
600 5325 761 5387 sunt,
785 5338 887 5376 nec
922 5320 1042 5375 fieri
1076 5324 1341 5391 possunt.

717 5454 948 5511 CAPUT
989 5454 1178 5510 XVIII.

126 5558 201 5617 De
227 5563 599 5617 mercantibus
630 5563 1053 5617 ecclesiasticam
1086 5560 1410 5630 dignitatem
1458 5572 1771 5619 sanctorum

664 5634 893 5687 Patrum
930 5635 1237 5688 sententh.

201 5766 353 5835 Item,
376 5766 522 5824 unde
549 5784 734 5840 supra,
768 5783 837 5822 ac
868 5767 1180 5823 (Iunonibus
1209 5769 1594 5839 apostolorum,
1648 5787 1769 5843 cap.

1889 4818 1976 4867 ter
2014 4828 2047 4866 a
2078 4811 2350 4866 societate
2398 4813 2610 4864 sancta:
2668 4809 2932 4865 Ecclesiae
2989 4827 3106 4866 non
3148 4810 3530 4883 repellantur,

1890 4904 2293 4956 verumtamen
2325 4897 2707 4970 spiritualiter
2734 4899 2889 4970 apud
2925 4899 3105 4955 Deum
3129 4899 3347 4973 repulsi
3371 4903 3532 4965 sunt,

1894 4993 1952 5046 et
1979 4988 2211 5061 proprio
2241 4988 2459 5043 honore
2489 4986 2720 5059 privati.
2755 5009 2783 5037 ››

2501 5148 2726 5203 CAPUT
2765 5149 2912 5205 ΧΙΧ.

1887 5274 2143 5347 Repulsio
2172 5275 2481 5347 eorumqui
2509 5274 2692 5327 dicunt
2718 5274 3141 5347 iSimoniaconos
3166 5276 3403 5343 gratiam
3431 5273 3528 5326 ha-

2357 5344 2477 5398 bere
2505 5362 2538 5399 a
2561 5361 2677 5416 qua.
2695 5346 3055 5417 deponantur.

1882 5505 2099 5560 Verum
2131 5503 2272 5575 quia
2302 5503 2755 5561 trutinatoribus
2785 5507 3090 5562 verborum
3130 5504 3186 5557 et
3234 5500 3522 5573 neglecto-

1884 5593 2049 5648 ribus
2084 5593 2377 5647 rationum
2400 5610 2582 5666 supra
2611 5611 2954 5667 responsum
2975 5590 3333 5647 sufﬁcienter
3353 5594 3524 5663 puta-

1884 5688 2000 5747 tur,
2033 5698 2100 5735 ex
2131 5681 2484 5753 quibusdam
2518 5684 2867 5739 dictionibus
2898 5696 3022 5753 quae
3054 5678 3112 5732 in
3172 5679 3528 5750 supradictis

1886 5770 2161 5844 capitulis
2173 5771 2594 5842 usurpative,et
2608 5773 2684 5828 im
2691 5766 3522 5845 proprie,secundumtropum
