3876 6372
340 463 497 531 1047

1420 467 1830 537 HUMBERTI
1874 468 1938 533 S.
1984 466 2059 531 R.
2105 466 2178 531 E.
2222 467 2665 534 CADINALIS.

3642 456 3800 528 1048

342 600 745 672 catachresim,
773 608 1089 675 ponuntur,
1122 603 1272 660 sicut
1290 604 1605 660 obtinuerit
1625 603 1965 675 dignitatem
1994 603 2049 669 Α
2079 603 2362 659 Cornibus
2392 603 2547 659 enim
2579 601 2986 676 phantasticus
3007 601 3110 659 ille
3126 598 3573 676 syllogismus
3597 598 3803 655 mina-

343 690 549 762 pretio,
565 691 653 747 vel
686 693 879 747 fecerit
899 693 1340 762 ordinationem,
1387 698 1444 748 et
1473 692 1813 763 hujusmodi
1862 707 1968 745 cae-

340 782 485 847 tera,
517 779 661 835 illud
692 791 884 836 tamen
918 798 1071 836 nunc
1099 781 1404 836 ventilatur
1425 782 1575 852 quod
1604 781 1770 835 nobis
1789 796 1967 851 oppo-

343 884 480 924 nere
508 869 724 923 frustra
754 869 1037 924 nituntur.
1071 869 1250 923 Aiunt
1265 870 1448 925 enim:

412 1001 700 1055 OBJsc'rIo.
726 1001 864 1056 Ecce
888 1018 986 1073 per
1006 1001 1305 1073 pecuniam
1330 1001 1579 1056 ordinati
1601 1001 1808 1072 deponi
1832 1018 1969 1071 prae-

339 1088 650 1160 cipiuntur.
684 1089 922 1145 Constat
977 1106 1110 1161 ergo
1142 1106 1239 1144 eos
1296 1090 1658 1160 spiritualcm
1715 1090 1964 1159 gratiam

340 1178 598 1248 adeptos,
630 1182 685 1233 et
707 1178 775 1232 ad
798 1179 1041 1250 gradum
1077 1178 1311 1232 honoris
1335 1182 1626 1248 promotos
1657 1195 1690 1231 a
1719 1195 1831 1248 quo
1862 1177 1965 1232 de-

339 1266 472 1336 poni
498 1266 800 1336 jubontur.
836 1268 1061 1321 Etenim
1086 1266 1388 1338 dispositio
1410 1266 1591 1320 habiti
1616 1267 1851 1320 honoris
1878 1269 1967 1321 est

340 1355 580 1410 amissio
612 1355 696 1410 vol
731 1356 994 1427 privatio.

410 1488 707 1542 Rspunsm.
751 1488 1108 1553 Quibusdam
1142 1488 1409 1560 superius
1443 1492 1830 1542 monstratum
1891 1488 1967 1543 sit

341 1575 627 1646 piscinam
644 1575 757 1629 dici
788 1580 844 1630 et
864 1591 985 1647 qua:
1006 1576 1196 1647 pisces
1218 1593 1332 1631 non
1355 1577 1719 1647 habet,tropo
1736 1576 1958 1644 eodem,

339 1661 387 1716 si
414 1662 737 1733 partinaces
754 1680 879 1718 esse
901 1665 1122 1731 nolunt,
1149 1664 1491 1735 quantocius
1506 1666 1962 1721 animadvertere

340 1755 588 1822 possunt
616 1752 1034 1822 depositionem
1057 1770 1287 1824 quoque
1309 1754 1414 1807 rite
1447 1753 1556 1807 dici
1581 1771 1706 1825 quae
1739 1754 1959 1809 nullam

338 1839 757 1910 promotionem
788 1844 844 1895 et
874 1841 1109 1896 honoris
1139 1842 1383 1913 gradum
1415 1842 1709 1909 habuisse,
1744 1842 1856 1897 nisi
1898 1859 1966 1898 ex

2074 690 2347 757 bundus;
2381 690 2723 747 utrumlibet
2752 692 3057 763 presseris,
3121 692 3197 746 ab
3263 687 3609 746 utrolibet
3666 704 3801 744 mox

2074 781 2374 850 premeris.
2408 781 2551 835 Nam
2583 780 2633 836 si
2654 781 3028 852 deponendos
3049 778 3490 843 concesseris,
3520 776 3798 849 dignita-

2075 871 2190 922 tem
2223 886 2453 940 quoque
2473 885 2571 924 eos
2600 868 2925 925 obtinuisse
2945 886 2981 925 a
3000 885 3119 941 qua
3140 870 3583 940 deponantur
3599 881 3800 921 neces-

2074 956 2225 1011 sario
2256 957 2542 1012 concedis.
2570 957 2625 1011 Si
2657 957 3000 1028 dignitatem
3059 973 3163 1013 eos
3219 955 3622 1011 obtinuisse
3667 970 3802 1010 con-

2073 1045 2336 1112 cesseris,
2370 1046 2656 1101 constabit
2684 1045 2964 1117 Spiritum
2988 1049 3280 1101 sanctum
3317 1059 3610 1117 quoque
3658 1060 3802 1098 ven-

2073 1134 2262 1188 ditum
2291 1139 2348 1189 et
2376 1138 2640 1206 emptum
2671 1135 2742 1190 ab
2768 1134 2873 1190 eis.
2898 1135 3062 1198 Quod
3086 1134 3136 1190 si
3159 1133 3799 1198 constiterit,neces-

2073 1222 2225 1278 sario
2254 1238 2482 1293 quoque
2524 1222 2807 1292 Spiritum
2866 1227 3143 1278 sanctum
3191 1221 3454 1287 haberi,
3529 1221 3679 1277 dari
3743 1225 3793 1276 et

2072 1311 2253 1383 accipi
2295 1312 2366 1366 ab
2396 1311 2480 1366 eis
2508 1310 2818 1377 constabit,
2840 1328 2907 1366 ac
2938 1328 3043 1383 per
3072 1311 3184 1367 hoc
3209 1311 3684 1367 ordinationes
3708 1309 3789 1366 vel

2071 1399 2555 1465 consecrationes,
2589 1400 2771 1471 gratis
2800 1399 2887 1455 vel
2920 1417 3034 1455 non
3066 1400 3256 1471 gratis
3292 1398 3793 1456 factasaSimo-

2072 1487 2274 1554 niacis,
2308 1487 2511 1559 utique
2563 1487 2874 1553 haereticis,
2931 1504 3034 1559 per
3089 1487 3303 1543 omnia
3370 1492 3566 1543 ratas
3629 1504 3784 1552 esse,

2070 1575 2328 1647 nibilque
2356 1576 2552 1632 minus
2573 1576 2786 1632 habere
2811 1592 3129 1648 quamquae
3162 1576 3333 1632 ﬁunt
3376 1593 3417 1630 a
3455 1575 3785 1632 catholicis

2072 1664 2393 1720 necessario
2425 1664 2811 1720 conﬁteberis.
2870 1665 3047 1721 Porro
3106 1665 3155 1719 si
3217 1664 3631 1737 dignitatem
3686 1682 3783 1722 eos

2071 1753 2391 1807 obtinuisse
2422 1753 2739 1824 negaveris,
2773 1753 3148 1825 deponendos
3192 1769 3321 1809 non
3388 1770 3548 1811 esse
3602 1755 3684 1810 ab
3714 1770 3780 1810 ea

2072 1858 2248 1913 quam
2279 1858 2581 1914 nunquam
2615 1842 2876 1898 obtinere
2931 1841 3287 1915 dignitatem
3356 1859 3637 1899 necesse
3687 1849 3777 1899 est

339 1927 534 1998 aliqua
565 1928 946 1984 similitudine
978 1930 1282 2001 superficie
1312 1935 1482 1984 tenus
1527 1931 1961 2001 comprobatur,
1996 1968 2043 2032 B
2072 1931 2413 2002 proﬁtearis.
2448 1930 2715 1986 Siautem
2746 1930 2990 1986 minime
3011 1931 3414 2002 deponendos
3437 1948 3772 1988 concesse-

338 2017 655 2087 praesertim
685 2034 817 2071 cum
849 2021 903 2072 et
933 2019 1294 2089 propositum
1323 2018 1805 2074 Chalcedonensis
1836 2036 1965 2074 con-

339 2103 451 2158 cilii
483 2105 801 2177 capitulum
834 2106 1123 2162 evidenter
1154 2111 1363 2161 nostrze
1400 2108 1547 2179 parti
1578 2109 1959 2179 suffragetur:

337 2192 395 2247 in
428 2194 553 2264 ejus
575 2194 738 2249 initio
768 2195 850 2249 sic
881 2195 1093 2267 legitur
1122 2197 1312 2257 (Cone.
1346 2197 1525 2251 Chalc.
1543 2212 1669 2252 can.
1703 2197 1795 2266 2):
1833 2218 1860 2245 ‹‹
1905 2196 1962 2249 Si

339 2282 471 2352 quis
495 2282 803 2354 episcopus
835 2301 936 2354 per
965 2284 1271 2354 pecuniam
1304 2283 1499 2339 iecerit
1516 2284 1961 2350 ordinationem,

337 2374 393 2424 et
423 2371 531 2425 sub
570 2371 752 2441 pretio
792 2372 1075 2442 redegerit
1102 2372 1369 2443 gratiam,
1430 2389 1556 2442 quae
1614 2389 1727 2427 non
1776 2375 1966 2442 potest

335 2458 560 2523 vendi,»
586 2459 1057 2531 etc.Quapropter
1073 2464 1191 2514 tam
1211 2476 1462 2515 consono
1477 2464 1532 2514 et
1545 2460 1805 2514 unanimi
1821 2459 1964 2514 toni-

337 2550 430 2601 tru
448 2552 849 2603 sexcentorum
890 2547 1128 2618 triginta
1178 2553 1513 2603 sanctorum
1555 2548 1961 2619 episcoporum

337 2635 809 2706 praevaricatores
823 2637 892 2690 ad
921 2652 1017 2690 cor
1038 2637 1270 2703 reversi,
1312 2636 1538 2692 discant
1567 2637 1813 2708 gratiam
1850 2654 1961 2692 non

336 2741 505 2797 posse
524 2724 713 2779 vendi.
731 2724 874 2779 Nam
898 2724 1006 2795 ipsi
1026 2724 1210 2780 sancti
1231 2726 1426 2780 Patres
1450 2726 1596 2780 hanc
1610 2742 1777 2781 suam
1792 2743 1962 2797 syno-

336 2814 476 2868 dum
497 2814 765 2884 usquead
789 2814 1131 2885 sanguinem
1155 2813 1485 2869 defensores
1499 2815 1747 2885 professi
1766 2813 1964 2885 legun-

334 2906 448 2956 tur.
473 2902 730 2956 Tandem
760 2901 1038 2957 inusitato
1071 2903 1306 2972 quidem
1342 2903 1534 2968 modo,
1570 2903 1671 2957 sed
1729 2903 1960 2973 proprio

335 2989 652 3060 loquimur,
682 2990 732 3044 si
760 2990 1181 3060 depositionem
1198 2990 1533 3059 hujusmodi
1555 2989 1962 3045 revelationem

338 3077 607 3143 dicimus,
635 3077 833 3132 sicuta
863 3078 1130 3132 Simeone
1155 3078 1621 3133 DominusJesus
1641 3079 1699 3132 in
1727 3078 1963 3133 ruinam

334 3170 390 3220 et
419 3165 901 3220 resurrectionem
936 3164 1252 3219 multorum
1286 3165 1712 3237 evangelizatur
1741 3168 1963 3237 positus

334 3255 481 3325 (Luc.
517 3271 579 3318 II,
612 3253 976 3323 34).Ruendo
1006 3253 1161 3309 enim
1182 3254 1712 3325 resurgitquisque,
1737 3254 1957 3310 malum

2074 2019 2155 2075 ris
2184 2023 2519 2074 sanctorum
2550 2019 2786 2074 Patrum
2808 2020 3058 2086 decreta,
3081 2036 3213 2091 quas
3242 2021 3774 2078 venditoresesse

2073 2107 2295 2178 prolata
2324 2123 2558 2162 necesse
2587 2107 2909 2163 arbitreris.
2942 2107 3210 2163 Restabit
3239 2124 3392 2180 ergo
3454 2112 3573 2164 aut
3624 2125 3772 2166 con-

2073 2212 2237 2251 cessa
2285 2195 2644 2267 depositione
2710 2196 3204 2263 Simoniacorum,
3265 2196 3469 2253 etiam
3522 2201 3767 2265 caetera,

2074 2301 2199 2356 qua:
2213 2285 2482 2356 superius
2495 2284 2732 2339 omnino
2746 2285 3002 2340 absurda
3015 2285 3261 2340 concedi
3290 2284 3777 2355 videntur,con-

2073 2373 2372 2439 cedantur,
2406 2376 2462 2427 et
2492 2372 2574 2427 sic
2612 2372 2870 2444 capitula
2914 2371 3018 2427 illa
3075 2378 3443 2429 sanctorum
3516 2375 3773 2431 Patrum

2073 2461 2571 2531 approbabuntur,
2604 2465 2704 2515 aut
2733 2461 3095 2516 contradicta
3115 2461 3518 2532 depositione
3553 2480 3771 2537 repro-

2073 2547 2387 2603 babuntur.
2410 2549 2540 2614 Sed,
2573 2548 2841 2620 quamvis
2873 2548 3049 2605 latius
3093 2565 3281 2621 supra
3333 2556 3772 2609 monstratum

2073 2636 2151 2691 sit
2181 2636 2461 2708 Spiritum
2492 2642 2763 2693 sanctum
2794 2653 2899 2693 nec
2917 2653 3090 2709 posse
3118 2638 3298 2694 vendi
3322 2655 3442 2695 nec
3461 2641 3624 2710 emi,
3643 2643 3771 2699 sine

2073 2743 2186 2796 quo
2218 2726 2608 2781 sacerdotium
2641 2742 2756 2782 non
2787 2729 2979 2797 potest
3008 2726 3236 2799 acquiri
3263 2733 3377 2783 aut
3394 2728 3653 2798 haberi,
3678 2730 3767 2787 vel

2073 2814 2427 2869 consecratio
2452 2814 2654 2885 aliqua
2683 2814 2829 2880 ﬁeri,
2862 2818 2920 2869 et
2978 2814 3108 2870 ideo
3166 2814 3546 2885 hujusmodi
3615 2836 3762 2891 pra:-

2072 2908 2403 2974 sumptores
2432 2903 2640 2958 debere
2662 2902 2870 2973 deponi
2894 2904 2968 2958 ab
2996 2918 3066 2957 ea
3086 2904 3655 2976 transﬁguratione
3673 2908 3763 2964 vel

2072 2991 2283 3062 specie,
2304 3007 2500 3062 quam,
2532 2990 2691 3045 velut
2720 2989 2971 3046 ministri
2997 2990 3271 3061 justitiae,
3308 2993 3558 3063 injuste
3591 3012 3765 3052 usub

2073 3078 2262 3150 pando
2293 3082 2566 3150 arrogant
2597 3078 2728 3146 sibi,
2764 3078 3117 3135 concedatur
3146 3084 3354 3135 tamen
3388 3080 3565 3138 inter
3616 3085 3764 3140 ven-

2070 3167 2315 3221 ditorem
2334 3171 2390 3221 et
2404 3170 2724 3238 emptorem
2738 3183 2861 3222 rem
2878 3167 3097 3238 negotii
3121 3169 3480 3225 necessario
3498 3174 3757 3241 versari,

2072 3255 2208 3326 quia
2226 3271 2331 3311 nec
2359 3255 2454 3311 ille
2484 3255 2765 3320 venditor,
2799 3271 2905 3310 nec
2932 3255 3044 3311 iste
3060 3261 3296 3328 emptor
3318 3257 3507 3315 aliter
3532 3262 3761 3332 poterit

333 3319 627 3409 deserens,
656 3319 727 3397 ad
760 3342 979 3397 bonum
1011 3358 1072 3397 se
1101 3319 1378 3413 accingit:
1406 3319 1565 3397 Unde
1592 3319 1728 3413 quia
1754 3343 1956 3399 multis
1991 3319 2033 3385 (ἶ
2063 3319 2197 3415 jure
2228 3343 2359 3399 dici.
2391 3345 2500 3399 Sed
2521 3361 2589 3399 ea
2616 3344 2871 3416 Spiritus
2890 3348 3133 3400 sanctus
3160 3319 3296 3402 esse
3333 3363 3464 3403 non
3527 3319 3756 3420 potest,

332 3431 535 3486 divinae
569 3430 926 3485 auctoritatis
954 3429 1302 3484 testimoniis
1332 3429 1522 3501 palam
1554 3434 1643 3485 est
1676 3430 1957 3502 Spiritum

332 3525 599 3575 sanctum
632 3536 745 3574 non
777 3535 945 3589 posse
974 3518 1162 3585 vendi,
1187 3520 1312 3590 jam
1335 3518 1488 3573 sicut
1534 3519 1729 3573 deﬁcit
1759 3520 1957 3577 fumus

330 3608 499 3675 (Psal.
543 3624 712 3675 vau,
741 3607 818 3674 3),
875 3607 1149 3661 deﬁciant
1194 3611 1342 3661 tetra
1388 3605 1507 3673 illa,
1564 3611 1620 3662 et
1675 3608 1957 3665 nebulosa

331 3699 689 3764 argumenta,
723 3694 840 3750 imo
873 3695 1286 3766 phantasmata
1342 3692 1489 3749 nihil
1520 3694 1799 3764 veritatis,
1852 3700 1953 3753 sed

327 3787 513 3839 totum
544 3782 816 3840 vanitatis
848 3783 1140 3850 habentia,
1201 3783 1415 3854 quibus
1470 3788 1952 3856 argumentamur

324 3871 481 3928 talia.

391 4004 681 4059 OBJECTIO.
713 4004 771 4058 Si
792 4004 865 4071 is,
890 4004 1104 4075 quipro
1121 4020 1405 4060 manuum
1424 4004 1794 4075 impositione
1821 4022 1952 4078 pre-

320 4092 468 4146 tium
504 4091 731 4162 accipit,
765 4091 816 4146 ei
848 4107 1019 4161 quem
1051 4108 1154 4163 per
1176 4092 1425 4162 pretium
1447 4098 1744 4148 consecrat
1766 4094 1949 4165 Spiri-

321 4184 445 4235 tum
461 4182 728 4233 sanctum
741 4194 854 4233 non
880 4179 1103 4245 tribuit,
1118 4181 1371 4251 profecto
1384 4179 1662 4251 Spiritum
1679 4186 1945 4239 sanctum

321 4283 424 4322 nec
446 4266 541 4322 ille
568 4265 847 4330 vendidit,
878 4282 979 4320 nec
1002 4266 1112 4322 iste
1138 4268 1509 4339 comparavit.
1543 4269 1943 4328 Sacerdotium

316 4371 449 4411 vero
480 4354 605 4410 sine
637 4352 869 4409 datione
900 4355 1085 4409 sancti
1117 4355 1370 4427 Spiritus
1402 4373 1505 4411 nec
1534 4357 1814 4413 tribuitur
1841 4376 1944 4415 nec

316 4444 616 4514 accipitur.
652 4444 860 4515 Liquet
878 4442 1058 4514 igitur
1073 4445 1428 4517 sacerdotem
1453 4461 1565 4499 non
1585 4461 1711 4502 esse
1731 4447 1831 4518 qui
1845 4464 1947 4519 per

315 4548 596 4587 manuum
627 4531 1059 4603 impositionem
1105 4532 1496 4588 sacerdotium
1546 4535 1938 4606 consequitur.

316 4621 683 4693 Relinquitur
735 4637 869 4676 vero
927 4625 991 4676 ut
1033 4637 1266 4676 necesse
1297 4638 1411 4675 non
1444 4622 1520 4676 sit
1575 4638 1708 4677 eum
1740 4624 1809 4678 ab
1840 4623 1940 4680 illo

313 4709 514 4765 ordine
543 4709 772 4779 deponi,
807 4724 980 4780 quem
1029 4725 1329 4780 nunquam
1388 4709 1655 4765 obtinuit.
1702 4711 1941 4768 Frustra

309 4796 503 4867 itaque
532 4796 870 4867 hujusmodi
902 4799 1119 4852 statuta
1148 4814 1460 4861 canonum,
1492 4815 1525 4852 a
1583 4799 1800 4854 sanctis
1840 4799 1940 4855 Pa-

306 4882 496 4938 tribus
526 4885 698 4951 edita,
732 4883 1125 4956 proferuntur,
1159 4900 1285 4956 quze
1316 4885 1463 4942 tales
1486 4886 1695 4958 deponi
1741 4888 1936 4943 decer-

310 4973 478 5025 nunt

378 5102 683 5157 REPULsm.
709 5103 849 5156 Tam
872 5102 1216 5172 sophistisco
1233 5109 1288 5160 et
1318 5104 1583 5177 perplexo
1597 5105 1933 5178 syllogismo

304 5190 585 5246 subversa
612 5189 958 5262 perversitas
976 5196 1167 5262 aperte
1183 5193 1451 5248 resistere
1469 5193 1709 5264 Spiritui
1733 5199 1928 5250 sancto

304 5296 419 5334 non
449 5278 652 5347 verita,
686 5278 824 5349 quia
854 5294 1119 5349 perverse
1163 5280 1343 5334 credit
1373 5281 1643 5335 eumdem
1676 5280 1847 5335 vendi
1877 5286 1933 5338 et

300 5367 435 5434 emi,
469 5368 567 5422 ubi
608 5366 922 5422 venditoris
954 5373 1009 5422 et
1028 5366 1305 5437 emptoris
1331 5368 1652 5421 audiuntur
1669 5369 1926 5437 nomina,

298 5454 516 5510 ironice
545 5455 837 5511 concludit
869 5470 1101 5511 necesse
1133 5471 1245 5508 non
1289 5471 1417 5509 esse
1446 5471 1579 5510 eum
1620 5456 1827 5528 deponi
1855 5458 1927 5513 ab

298 5542 701 5611 ordine,quem
724 5559 1024 5613 nunquam
1051 5540 1429 5609 obtinuit,aut
1459 5542 1506 5596 si
1538 5548 1929 5614 consequatur

2071 3434 2347 3504 quoniam
2377 3432 2503 3504 ipse
2532 3433 2786 3503 Spiritus
2810 3440 3049 3488 sanctus
3068 3432 3263 3504 gratia
3284 3434 3522 3491 dicitur
3545 3440 3612 3493 et
3640 3442 3757 3494 est.

2066 3521 2263 3577 Gratia
2291 3526 2506 3587 autem,
2538 3520 2653 3576 nisi
2677 3521 2861 3592 gratis
2895 3521 3219 3593 accipiatur
3248 3527 3310 3579 et
3339 3524 3553 3591 detur,
3608 3542 3755 3599 gra-

2064 3610 2147 3665 tia
2177 3627 2280 3666 nec
2307 3615 2414 3676 est,
2448 3625 2552 3665 nec
2583 3624 2710 3664 vere
2739 3608 2973 3664 dicitur.
3024 3610 3175 3665 Nam
3236 3609 3290 3666 si
3321 3613 3622 3668 venditur
3693 3619 3757 3671 et

2064 3698 2276 3754 emitur
2303 3697 2507 3770 gratia,
2533 3698 2658 3768 jam
2691 3713 2806 3752 non
2864 3713 2994 3753 esse
3048 3697 3243 3770 gratia
3318 3700 3544 3757 merito
3611 3719 3758 3759 con-

2062 3786 2336 3842 cluditur.
2385 3785 2622 3842 Constat
2669 3785 2849 3857 igitur
2896 3785 3185 3857 Spiritum
3248 3792 3567 3854 sanctum,
3641 3796 3760 3848 aut

2061 3879 2212 3931 certe
2240 3874 2509 3948 gratiam,
2538 3890 2660 3931 rem
2691 3874 3043 3931 venditionis
3100 3879 3160 3931 et
3227 3876 3568 3948 emptionis
3621 3896 3753 3936 non

2060 3980 2209 4020 8886.

2128 4142 2486 4212 Quapropter
2514 4137 2696 4194 altera
2724 4142 3019 4209 queratur
3059 4156 3154 4197 res
3201 4143 3460 4212 oportet,
3517 4160 3746 4216 quam,

2056 4245 2129 4284 ne
2158 4226 2378 4283 diutius
2407 4230 2465 4282 et
2493 4225 2712 4297 passim
2729 4227 3043 4298 quaerenda
3066 4227 3533 4301 fatigemur,aut
3574 4242 3746 4293 certe

2055 4317 2411 4385 aberremus,
2444 4315 2507 4370 B.
2538 4315 2914 4371 Ambrosium
2936 4315 3109 4371 nobis
3129 4332 3261 4372 eam
3285 4318 3743 4381 demonstran-

2053 4408 2170 4459 tem
2190 4404 2579 4459 advertamus.
2598 4425 2626 4452 ‹‹
2650 4404 2812 4468 Quod
2825 4403 3377 4476 dedit,inquit,cum
3394 4409 3741 4485 episcopus

2051 4493 2654 4559 ordinaretur,aurum
2673 4491 2808 4559 fuit;
2838 4493 2993 4563 quod
3009 4494 3519 4565 perdidit,anima
3536 4500 3681 4558 fuit.
3709 4526 3739 4554 ι)

2050 4581 2129 4634 Ex
2158 4596 2273 4651 qua
2300 4584 2421 4634 tam
2452 4578 2667 4651 egregii
2701 4579 2807 4635 viri
2840 4582 3132 4637 sententia
3163 4582 3292 4639 sine
3308 4584 3739 4659 ambiguitate

1971 4680 2016 4744 Ι)
2047 4668 2326 4724 docemur
2343 4684 2465 4723 rem
2486 4666 2722 4722 nefandi
2742 4667 2923 4739 hujus
2943 4669 3284 4726 commercii
3306 4674 3738 4742 perditionem

2048 4760 2104 4811 et
2134 4756 2567 4811 damnationem
2589 4754 2941 4824 animarum,
2964 4756 3262 4830 etlepram
3284 4761 3736 4828 tantummodo

2046 4849 2198 4900 recte
2228 4843 2341 4899 dici
2370 4847 2426 4898 et
2438 4859 2566 4898 vere
2580 4859 2728 4898 esse.
2762 4844 3234 4916 Etperditionem
3251 4848 3515 4918 quidem
3539 4856 3735 4917 etiam

2044 4949 2176 4989 secu
2186 4931 2367 4986 ndum
2379 4930 2698 5004 principem
2714 4932 3617 5003 apostolorum,damnationem
3631 4962 3737 5002 au-

2042 5021 2337 5092 temjuxta
2374 5019 2435 5074 B.
2471 5020 2897 5089 Innocentium,
2930 5021 3157 5094 lepram
3198 5039 3334 5080 vero
3359 5031 3728 5092 secundum

2041 5109 2311 5165 eumdem
2325 5108 2721 5164 Ambrosium.
2755 5108 2918 5165 Unde
2940 5110 3278 5184 ubicunque
3294 5115 3571 5185 perditio
3635 5123 3731 5180 vel

2039 5198 2334 5252 damnatio
2364 5200 2612 5265 taxatur,
2627 5198 2954 5254 necessario
2972 5207 3175 5256 auctor
3203 5203 3606 5278 perditionis,
3631 5213 3727 5270 vel

2039 5284 2432 5340 damnationis
2444 5284 2712 5341 diabolus
2726 5287 2968 5343 taxeotis
2983 5287 3083 5360 huj
3095 5290 3328 5346 usmodi
3343 5303 3730 5366 cooperatur

2036 5377 2094 5427 et
2124 5372 2661 5445 principatur,sicut
2690 5372 3077 5432 nihilominus
3099 5377 3257 5433 idem
3290 5378 3424 5451 ipse
3450 5384 3727 5456 spiritus

2035 5458 2380 5515 immundus
2410 5460 2505 5515 ubi
2537 5459 2697 5531 lepra
2735 5462 2927 5517 datur.
2960 5464 3160 5535 Neque
3189 5466 3353 5522 enim
3388 5471 3481 5526 rei
3537 5479 3726 5548 cujus

2036 5552 2236 5602 auctor
2257 5552 2344 5603 est
2400 5547 2715 5619 principari
2770 5556 2873 5605 aut
2930 5552 3223 5611 dominari
3302 5571 3424 5612 non
3484 5547 3720 5632 potest,

299 5627 925 5697 nondcponendum,ac
949 5628 1179 5700 perhoc
1206 5631 1556 5685 cessandum
1590 5637 1925 5687 sanctorum
2032 5635 2255 5699 Quibus
2284 5641 2480 5694 autem
2541 5637 2785 5708 spiritus
2836 5640 3202 5711 perditionis,
3254 5627 3720 5728 damnationis,

305 5713 540 5769 Patrum
572 5715 909 5786 capitulum,
944 5717 1223 5774 adversus
1244 5716 1602 5776 Simoniacos
1634 5719 1923 5790 prolatum

2031 5722 2417 5780 immunditiis
2442 5724 2822 5797 principatur,
2858 5728 3112 5800 Spiritus
3169 5730 3467 5795 salutaris
3514 5722 3721 5804 nostri
