3876 6352
39 482 226 555 1049

668 487 1082 555 ADVERSUS
1128 485 1600 554 SIMONIACOS
1641 486 1853 554 LIBRI
1894 486 2122 555 TRES.
2149 490 2489 556 -LIBER
2531 489 2853 558 PRIMUS.

3302 483 3460 555 {050

44 624 307 682 Domini
338 623 559 682 scilicet
577 625 737 689 Jesu,
759 626 856 696 qui
872 630 959 681 est
972 629 1169 680 auctor
1182 626 1361 681 totius
1380 625 1705 696 munditiis,
1738 626 1791 691 Α
1823 625 2045 697 quitur,
2061 649 2088 676 ‹‹
2106 625 2261 682 aliud
2286 644 2455 683 nemo
2477 631 2664 699 potest
2677 644 2892 699 ponere
2905 625 3182 700 praterid
3200 626 3353 699 quod
3371 643 3468 700 po-

41 715 272 786 procul
305 716 378 771 ab
432 716 516 770 eis
562 720 985 785 sequestratur.
1036 715 1180 769 Nam
1227 732 1353 785 quas
1403 715 1709 770 conventio

40 804 280 860 Christi
315 805 385 859 ad
402 803 581 859 Belial
596 805 679 858 ?A
692 803 906 875 quibus
925 820 1058 874 ergo
1073 804 1313 874 perditio
1328 808 1382 858 et
1397 804 1711 858 immundi-

38 894 137 949 tia
162 896 523 966 possidetur,
552 910 816 964 quosque
831 893 1087 947 vicissim
1116 892 1241 964 ipsa
1261 894 1539 964 possidet,
1565 894 1705 964 quid

36 984 172 1037 nisi
214 983 460 1055 perditio
478 982 564 1036 vel
587 981 981 1045 immunditia,
1007 998 1181 1052 quam
1212 981 1394 1036 solam
1417 983 1708 1053 acquisie-

38 1080 200 1127 runt
232 1073 357 1127 dari
389 1076 444 1125 et
474 1071 655 1141 accipi
690 1070 925 1141 potest?
958 1072 1152 1141 Itaque
1205 1070 1343 1141 quia
1374 1072 1705 1126 necessario

38 1162 439 1216 concluditur
486 1161 868 1231 perditionem
921 1164 977 1213 et
1026 1159 1245 1229 lepram
1296 1160 1590 1216 venditam
1652 1165 1709 1215 et

33 1256 343 1322 emptam,
406 1254 585 1304 restat
616 1248 957 1317 hujusmodi
992 1254 1339 1303 mercatores
1388 1248 1705 1321 improprie

32 1338 166 1393 dici
208 1340 539 1394 sacerdotes
568 1344 625 1392 et
654 1337 912 1405 clericos,
948 1339 1173 1408 proprie
1203 1344 1398 1393 autem
1451 1338 1703 1409 perditos

28 1432 93 1482 et
127 1428 400 1499 leprosos
430 1446 442 1493 ;
477 1444 724 1498 quorum
757 1444 933 1498 prava
964 1443 1177 1482 manus
1209 1426 1527 1498 impositio,
1577 1444 1700 1482 ma-

28 1515 173 1572 lum
211 1518 367 1589 quod
402 1516 591 1573 solum
625 1516 934 1587 acquisivit
964 1516 1189 1580 tribuit,
1226 1516 1454 1571 nullum
1502 1521 1698 1572 autem

30 1607 276 1661 bonum
309 1604 589 1670 concedit,
641 1606 779 1676 quia
828 1603 1058 1659 nullum
1118 1603 1311 1659 taliter
1351 1605 1701 1675 negotiando

32 1694 383 1765 acquisivit.
433 1694 747 1765 Nunquam
796 1694 954 1748 enim
986 1694 1151 1763 juste
1211 1693 1511 1761 tribuitur,
1546 1694 1702 1764 quod

1820 714 1999 769 situm
2035 721 2144 781 est,
2179 718 2334 788 quod
2382 721 2469 771 est
2493 716 2759 771 Christus
2782 717 2957 771 Jesus
2990 718 3036 787 (I
3056 717 3174 772 Cor.
3202 734 3262 771 ιιι
3294 718 3402 787 14).
3435 736 3463 767 »

1819 808 1993 858 Porro
2020 804 2284 860 Christus
2314 806 2487 861 Jesus
2510 805 2736 860 habitat
2766 806 2824 860 in
2856 807 3132 861 cordibus
3166 824 3266 877 per
3285 806 3467 877 Spiri-

1818 897 1945 947 tum
1966 898 2229 949 sanctum
2250 895 2657 961 corroboratis,
2680 896 2831 949 sicut
2853 895 2978 966 ipse
3002 895 3263 951 insinuat
3285 896 3469 968 Ephe-

1819 981 1960 1037 siis:
2001 1006 2028 1032 «
2063 983 2252 1038 Flecte
2283 1001 2471 1055 genua
2503 1000 2631 1038 mea
2666 984 2734 1038 ad
2766 985 2996 1038 Patrem
3049 984 3281 1039 Domini
3320 986 3466 1041 Jesu

1817 1071 2055 1140 Christi,
2090 1088 2157 1125 ex
2188 1089 2301 1144 quo
2328 1074 2519 1127 omnis
2539 1072 2856 1144 paternitas
2874 1072 2931 1126 in
2956 1072 3119 1129 ccelis
3142 1077 3197 1129 et
3221 1075 3277 1128 in
3309 1079 3467 1131 terra

1819 1160 2180 1224 nominatur,
2214 1167 2278 1215 ut
2306 1163 2402 1215 det
2429 1162 2592 1217 vobis
2627 1162 2949 1216 secundum
3001 1163 3236 1218 divitias
3262 1162 3463 1235 gloriae

1817 1266 1935 1303 sua:
1949 1250 2162 1304 virtute
2176 1251 2531 1305 corroborari
2554 1267 2655 1321 per
2672 1251 2953 1322 Spiritum
2976 1252 3103 1321 ejus
3121 1252 3177 1305 in
3198 1252 3461 1306 interiori

1816 1337 2073 1404 homine,
2094 1338 2357 1393 habitare
2381 1340 2674 1394 Christum
2694 1357 2795 1411 per
2816 1340 3059 1394 ﬁdemin
3075 1341 3351 1395 cordibus
3370 1359 3463 1397 ve-

1814 1428 1952 1481 stris
1968 1427 2177 1497 (Ephes.
2200 1445 2285 1493 ιιι,
2301 1428 2322 1482 l
2340 1429 2411 1499 ’i).
2433 1427 2526 1481 nSi
2539 1444 2674 1499 ergo
2689 1428 3009 1483 secundum
3022 1433 3142 1483 tam
3162 1429 3458 1501 egregium

1813 1517 2195 1586 Symmistam
2209 1521 2282 1579 ,et
2300 1533 2482 1587 usque
2500 1517 2570 1571 ad
2586 1518 2820 1571 tertium
2836 1516 3044 1572 caelum
3061 1519 3131 1588 (11
3143 1518 3259 1573 Cor.
3276 1521 3459 1589 x11,2),

1812 1604 1900 1659 vel
1925 1605 1983 1658 in
2006 1604 2203 1676 ipsum
2230 1604 2570 1677 paradisum
2597 1610 2824 1677 raptum
2852 1605 2995 1659 ﬁdes
3019 1605 3465 1663 christianitatis

1813 1692 2263 1748 fundamentum
2310 1698 2421 1759 est,
2470 1694 2922 1749 fundamentum
2971 1698 3167 1750 autem
3198 1694 3468 1752 Christus

28 1783 274 1852 injuste
298 1783 525 1838 colitur.
562 1783 723 1838 Unde
756 1798 955 1837 secum
989 1782 1137 1836 alios
1170 1798 1402 1853 quoque
1428 1783 1618 1853 perdit
1648 1788 1705 1838 et
1810 1781 2120 1846 Jesus,est,
2146 1786 2324 1837 restat
2355 1787 2420 1837 ut
2452 1784 2595 1838 ﬁdes
2645 1783 2918 1839 Christus
2967 1783 3064 1853 sit,
3085 1784 3183 1855 qui
3218 1801 3325 1839 nos
3368 1802 3471 1856 per

35 1872 344 1935 sordidat,
379 1888 491 1925 non
516 1870 1336 1936 sanctiﬁcatautmundiﬁcat,
1353 1871 1702 1941 sicutScrip-

1812 1870 2095 1940 Spiritum
2129 1871 2228 1926 Dei
2262 1872 2448 1928 Patris
2477 1873 2891 1929 corroboratos
2921 1873 3261 1929 inhabitans
3295 1873 3464 1945 regit.

38 1966 190 2016 tura
210 1958 507 2061 evidenter
528 1958 782 2061 clanmat-z'
803 1983 822 2006 -
847 1959 1140 2030 Quidquid
1163 1959 1415 2061 tetigerit
1435 1960 1702 2058 .immun-
1737 1996 1785 2061 Β
1815 1958 1959 2014 Hinc
1991 1959 2195 2061 pro‘cul
2246 1960 2439 2060 dubio.
2471 1964 2631 2061 patet
2662 1960 2872 2061 qualis
2922 1961 3074 2017 inter
3102 1962 3467 2061 Christianos

38 2050 189 2115 dus,
210 2048 585 2102 immundum
602 2047 1134 2117 ﬁet(Num.x1x,22).
1149 2070 1274 2097 ι-ι
1295 2048 1550 2120 Spiritus
1564 2066 1709 2119 quo-

40 2154 167 2209 que
188 2142 433 2192 sanctus
448 2135 765 2206 disciplina:
788 2137 1023 2207 effugiet
1047 2138 1266 2204 ﬁctum,
1283 2138 1645 2193 etauferetse
1676 2154 1709 2193 a

38 2225 515 2298 cogitationibus
528 2242 653 2295 quae
670 2231 807 2279 sunt
821 2226 945 2280 sine
959 2225 1275 2290 intellectu,
1292 2232 1348 2281 et
1364 2227 1710 2297 corripietur

37 2314 551 2385 asuperveniente
576 2312 880 2383 iniquitate
898 2316 1050 2384 (Sap.
1080 2332 1118 2380 ι,
1141 2316 1216 2382 5).
1252 2337 1277 2362 ››
1319 2315 1449 2370 Ideo
1465 2315 1707 2386 spiritus

39 2402 379 2473 disciplina:
404 2402 637 2468 dicitur,
665 2402 806 2473 quia
826 2402 1235 2474 disciplinatos
1255 2405 1707 2475 quibuscumque

38 2492 281 2563 aspirat
304 2491 501 2555 efﬁcit,
536 2495 590 2545 et
617 2507 719 2561 per
757 2506 854 2544 eos
896 2492 1047 2546 dona
1085 2494 1408 2563 gratiarum
1434 2510 1703 2563 suarum,

42 2583 230 2652 prout
254 2578 403 2643 vult,
426 2578 673 2648 singulis
697 2579 766 2632 ad
790 2579 1155 2650 disciplinam
1180 2580 1499 2636 distribuit.
1527 2582 1709 2637 Indis-

42 2668 370 2740 ciplinatos
401 2673 593 2721 autem
616 2667 784 2738 longe
803 2685 836 2722 a
858 2685 918 2723 se
940 2669 1187 2739 repellit,
1214 2669 1297 2723 vel
1343 2671 1537 2741 potius
1568 2670 1707 2742 quia

49 2758 170 2814 ﬁcti
190 2756 569 2827 sunteifugit.
586 2758 797 2827 thuis
810 2758 1195 2827 perniciosius
1209 2760 1708 2815 convincituresse

48 2850 253 2913 ﬁctus,
291 2862 469 2917 quam
489 2846 586 2916 qui
610 2850 810 2900 contra
830 2846 1203 2917 disciplinam
1226 2848 1591 2915 catholicam,
1613 2864 1709 2902 cu-

45 2938 149 3007 jus
173 2934 454 3007 specialis
468 2934 908 2989 administrator
924 2937 1182 2989 creditur
1198 2936 1446 3006 Spiritus
1471 2942 1708 2992 sanctus

52 3026 229 3095 ﬁngit
257 3040 324 3078 se
348 3040 474 3078 esse
496 3023 650 3094 quod
675 3039 780 3077 nec
803 3028 909 3089 est,
937 3040 1041 3078 nec
1072 3040 1199 3078 esse
1223 3028 1411 3095 potest
1430 3025 1711 3096 aliquate-

51 3131 191 3180 nus,
218 3112 451 3168 scilicet
480 3116 544 3166 ut
580 3128 680 3183 per
717 3112 1024 3182 pecuniam
1072 3112 1359 3167 habeatur
1379 3114 1710 3185 episcopus,

49 3203 139 3258 vel
164 3202 463 3273 cujusque
485 3200 725 3255 alterius
748 3200 971 3255 ordinis
996 3201 1242 3255 clericus
1261 3202 1289 3255 ?

702 3306 931 3363 CAPUT
971 3309 1087 3362 ΧΧ.

1819 2049 2182 2119 reputandus
2215 2049 2310 2121 sit,
2344 2050 2443 2121 qui
2476 2050 2547 2106 de
2578 2050 2797 2121 Spiritu
2830 2055 3033 2105 saneto
3079 2049 3232 2106 male
3263 2052 3461 2107 sentit.

1817 2136 2055 2192 Constat
2083 2138 2262 2204 enim,
2298 2139 2439 2209 quia
2468 2155 2571 2194 nec
2605 2138 2838 2205 Filium,
2866 2155 2971 2195 nec
3001 2140 3230 2195 Patrem
3264 2140 3460 2196 habet.

1818 2226 1984 2291 Nam,
2018 2226 2171 2281 sicut
2188 2226 2469 2282 catholico
2494 2228 2862 2299 przedicatur,
2888 2228 3301 2299 inseparabilia
3325 2234 3468 2285 sunt

1817 2331 1993 2385 opera
2006 2315 2330 2380 Trinitatis,
2356 2316 2567 2381 Patris,
2588 2320 2644 2370 et
2666 2316 2811 2381 Filii,
2833 2320 2889 2371 et
2908 2316 3164 2387 Spiritus
3181 2317 3387 2385 sancti,
3412 2322 3470 2373 et

1817 2403 2144 2475 cuicunque
2174 2405 2350 2458 unius
2364 2404 2678 2474 cujuslibet
2698 2405 2874 2459 trium
2896 2404 3152 2460 visitatio
3176 2406 3469 2473 defecerit,

1818 2492 2148 2546 necessario
2162 2493 2335 2546 etiam
2352 2491 2709 2563 reliquorum
2728 2493 2977 2547 duorum
2991 2492 3475 2566 deerit.Quisquis

1818 2580 2016 2652 itaque
2049 2581 2232 2635 credit
2264 2580 2543 2652 Spiritum
2578 2585 2846 2635 sanctum
2876 2597 2990 2636 non
3018 2581 3210 2637 solum
3237 2582 3350 2637 ﬁde
3371 2582 3472 2638 sed

1818 2670 1993 2723 etiam
2043 2670 2290 2741 pecunia
2338 2686 2509 2742 posse
2562 2670 2808 2740 acquiri,
2864 2672 3043 2725 Deum
3096 2670 3323 2725 Patrem
3356 2688 3472 2726 non

1818 2757 2014 2825 habet,
2050 2759 2122 2812 ad
2147 2776 2319 2830 quem
2351 2758 2769 2813 devotissimus
2791 2758 3106 2829 Apostolus
3126 2776 3317 2830 genua
3340 2759 3473 2814 ﬂec-

1817 2848 1994 2912 tebat,
2048 2852 2113 2901 ut
2159 2848 2437 2919 Ephesios
2485 2864 2585 2919 per
2633 2848 2905 2902 eumdem
2956 2848 3239 2919 Spiritum
3288 2864 3465 2904 suum

1819 2936 2237 2991 corroboraret.
2290 2936 2498 2990 Filium
2542 2952 2776 3007 quoque
2822 2952 2940 2991 non
3007 2936 3203 3001 habet,
3263 2941 3473 3007 praeter

1822 3040 1997 3095 quem
2032 3041 2202 3080 nemo
2232 3025 2391 3079 aliud
2413 3024 2872 3080 Christianitatis
2895 3026 3344 3081 fundamentum
3367 3043 3469 3096 po-

1823 3129 1958 3167 nere
1991 3119 2198 3185 potest,
2224 3114 2359 3185 quia
2383 3131 2454 3168 ne
2478 3114 2587 3168 sub
2608 3114 2753 3168 tanti
2780 3114 3143 3169 fundamenti
3170 3114 3463 3187 magnitu-

1827 3200 1963 3257 dine
1993 3202 2360 3267 deﬁciamus,
2392 3219 2494 3273 per
2515 3201 2797 3274 Spiritum
2817 3207 3089 3258 sanctum
3114 3202 3392 3258 fulcimur
3414 3207 3475 3258 et

1827 3291 2294 3346 corroboramur.
2312 3292 2513 3346 Restat
2526 3308 2662 3361 ergo
2678 3291 2847 3362 utqui
2871 3291 3148 3362 Spiritum
3174 3297 3466 3358 sanctum,

59 3399 217 3468 Quod
248 3398 558 3453 Simoniaci
584 3398 700 3450 sine
730 3396 853 3464 ﬁde,
884 3400 1019 3461 sint,
1050 3397 1294 3467 quodque
1340 3398 1450 3452 sibi
1486 3414 1711 3453 consen-
1743 3364 1786 3431 C
1824 3379 1917 3433 συί
1939 3379 2573 3468 Ῡξίυβθωθηίυῖηνίιυοᾴ
2591 3378 3468 3468 estChn‘stusJesus.innititur,

582 3470 778 3522 nentes
818 3468 923 3535 ride
956 3471 1173 3539 privent
1185 3510 1196 3522 .

134 3559 209 3613 Et
239 3556 477 3627 quidem
506 3555 605 3611 alii
632 3556 942 3628 hypocrita:
975 3557 1436 3628 incorporatione
1468 3558 1714 3614 istorum

64 3646 268 3702 minus
300 3649 441 3700 sunt
471 3644 648 3712 noxii,
673 3646 814 3716 quia
829 3646 920 3699 vix
938 3644 1140 3701 alienis
1163 3651 1392 3712 nocent,
1423 3648 1532 3701 nisi
1559 3647 1669 3702 sibi
1698 3666 1711 3715 ;

63 3736 162 3791 isti
194 3739 396 3791 autem
413 3750 613 3789 secum
628 3733 987 3789 Christianos
1010 3734 1341 3789 catervatim
1357 3734 1716 3791 interﬁciunt

63 3825 207 3880 dum
240 3840 344 3880 eos
364 3839 473 3878 sua
493 3822 652 3894 lepra
667 3823 896 3895 vigente
920 3824 1295 3891 interﬁciunt,
1314 3828 1370 3878 et
1390 3825 1715 3880 damnatio-

63 3913 154 3969 nis
185 3912 277 3968 vel
309 3912 656 3984 perditionis
704 3912 949 3967 venditaa
999 3916 1100 3967 aut
1143 3917 1348 3983 empta;
1398 3913 1711 3991 participes

61 4001 399 4069 ordinandi,
433 4018 535 4056 seu
566 4001 973 4055 sanctiﬁcandi
1003 4002 1243 4056 obtentu
1276 4001 1559 4056 efﬁciunt.
1604 4003 1713 4065 Qui

59 4091 236 4162 plane
268 4088 645 4145 simulatores
678 4093 734 4143 et
762 4088 961 4143 callidi
987 4106 1100 4161 pra:
1132 4090 1353 4145 caeteris
1375 4095 1711 4161 provocant,

12 4230 15 4267 ι
60 4195 175 4234 non
208 4183 408 4235 autem
439 4178 675 4250 placant
701 4178 849 4232 iram
883 4178 1002 4247 Dei,
1037 4179 1176 4249 quia
1196 4179 1414 4233 venditi
1454 4180 1713 4235 vendito-

14 4324 15 4333 ,
60 4282 152 4322 res
184 4266 451 4339 quotidie
480 4267 742 4322 vendunt
770 4283 904 4322 oves
933 4272 989 4322 et
1020 4268 1195 4323 boves
1227 4267 1462 4334 Christi,
1489 4268 1713 4323 scilicet

14 4412 17 4451 Ι
59 4354 366 4427 simplices
398 4359 454 4409 et
482 4355 837 4427 ingeniosos,
870 4360 971 4411 aut
996 4360 1147 4410 certe
1172 4356 1457 4411 invalidos
1488 4362 1545 4411 et
1567 4357 1708 4414 vali-

14 4443 17 4523 ς
59 4443 187 4499 dos.
222 4446 293 4499 Et
320 4444 412 4499 cui
436 4444 710 4512 vendunt,
740 4444 950 4508 nisi,ut
980 4445 1185 4499 beatus
1215 4445 1580 4515 Augustinus
1606 4445 1707 4511 ait,

58 4532 293 4590 diabolo
319 4533 331 4588 ι
366 4533 471 4588 Ubi
489 4533 644 4588 enim
667 4533 891 4589 seducti
909 4534 1155 4588 credunt
1175 4535 1505 4589 sacerdotes
1523 4536 1706 4605 pretio

14 4594 19 4725 ll
58 4638 230 4692 posse
255 4622 402 4687 ﬁeri,
426 4621 1069 4693 etScriptumsanctum
1086 4622 1260 4677 vendi
1278 4623 1707 4694 etemi,primo-

14 4770 21 4872 τ
56 4813 171 4868 qua
201 4804 497 4872 corrupta,
532 4815 769 4855 necesse
813 4804 901 4854 est
949 4800 1091 4855 adeo
1140 4800 1455 4872 corrumpi,
1504 4800 1556 4855 si
1589 4817 1706 4872 qua

16 4862 21 4961 ξ
56 4884 251 4944 inesse
282 4893 523 4961 potuere
559 4890 731 4952 bona,
765 4893 830 4944 ut
860 4889 1101 4944 omnino
1146 4889 1289 4943 ﬁant
1338 4888 1534 4956 nulla;
1569 4890 1710 4961 quia

56 4975 230 5033 unica
255 4976 561 5051 virginitas
591 4978 799 5034 animae
830 4982 919 5033 est
949 4978 1092 5032 fides
1125 4978 1481 5049 incorrupta,
1525 4995 1706 5049 quam

55 5063 259 5136 utique
273 5082 311 5121 a
326 5066 833 5139 pseudoapostolis
856 5066 1149 5139 corrumpi
1197 5066 1463 5133 timebat,
1481 5068 1582 5138 qui
1601 5067 1707 5122 Co-

57 5149 293 5208 rinthiis
319 5155 585 5212 dicebat:
618 5179 645 5205 «
679 5154 942 5210 Emulor
988 5155 1144 5211 enim
1192 5172 1293 5210 vos
1332 5156 1434 5211 Dei
1462 5155 1706 5211 aemula-

18 5312 21 5321 1
56 5237 231 5310 tione,
245 5243 535 5317 despondi
550 5245 707 5299 enim
720 5261 820 5299 vos
832 5244 933 5299 uni
948 5244 1066 5299 viro
1080 5244 1363 5316 virginem
1378 5250 1603 5300 castam
1618 5262 1708 5299 ex-

18 5330 25 5405 t
54 5324 251 5386 bibere
267 5330 522 5389 Christo.
554 5334 755 5388 Timeo
782 5336 978 5388 autem
1001 5350 1072 5389 ne
1089 5333 1241 5389 sicut
1262 5350 1502 5405 serpens
1524 5335 1700 5389 Evam

17 5398 27 5494 ξ
55 5418 287 5474 seduxit
310 5422 529 5477 astutia
545 5439 672 5490 sua,
697 5422 779 5477 ita
798 5427 1252 5494 corrumpantur
1282 5439 1493 5478 sensus
1520 5422 1700 5477 vestri

18 5488 29 5582 ξ
55 5508 111 5557 et
137 5507 411 5565 excidant
438 5527 474 5566 a
502 5488 879 5582 simplicitate
900 5488 1145 5581 quae-est
1192 5512 1253 5566 in
1303 5511 1535 5566 Christo
1557 5511 1700 5567 Jesu

18 5580 29 5671 ξ
56 5591 122 5659 (II
142 5594 263 5650 Cor.
285 5601 459 5670 x1,2).
479 5621 508 5650 ι)
531 5580 714 5665 Quam
733 5580 987 5671 profecto
1013 5601 1186 5654 ﬁdem
1212 5601 1367 5656 idem
1389 5599 1700 5671 Apostolus

18 5664 30 5761 ξ
55 5664 381 5742 secundum
399 5664 646 5761 gratiam
664 5664 774 5743 sibi
789 5689 1007 5755 datam,
1024 5690 1336 5761 utsapiens
1348 5664 1700 5746 architectus

18 5756 193 5891 :fund
205 5756 557 5837 amentum»
606 5777 690 5835 eis
711 5777 911 5849 posuit
934 5794 944 5831 :
971 5779 1149 5849 quod,
1170 5756 1330 5835 sicut
1353 5780 1475 5851 ipse
1494 5779 1700 5837 subse-

16 4948 23 4995 ι

15 5116 25 5173 Ι

1828 3480 1942 3518 non
1961 3464 2158 3531 habet,
2201 3482 2303 3520 nec
2324 3466 2516 3535 ipsum
2543 3465 2987 3520 fundamentum
3005 3466 3237 3521 habeat.
3264 3466 3321 3522 Si
3347 3467 3472 3520 fun-

1826 3553 2168 3609 damentum
2189 3571 2299 3609 non
2325 3554 2521 3620 habet,
2544 3553 2838 3609 Christum
2863 3572 2978 3610 non
3003 3555 3199 3612 habet.
3221 3556 3280 3612 Si
3302 3556 3470 3612 Chri-

1824 3646 1981 3697 stum
2014 3659 2130 3697 non
2152 3643 2346 3707 habet,
2366 3642 2540 3698 ﬁdem
2563 3660 2676 3698 non
2698 3642 2892 3708 habet,
2919 3660 3021 3715 per
3036 3661 3213 3717 quam
3234 3644 3471 3701 Chritus

1824 3746 1922 3784 cor
1952 3732 2081 3801 ejus
2111 3730 2419 3787 inhabitet.
2442 3732 2641 3803 Itaque
2671 3732 3052 3804 consequitur
3074 3737 3139 3789 ut
3168 3734 3268 3805 qui
3291 3733 3470 3789 ﬁdem

1824 3836 1940 3873 non
1964 3820 2159 3888 habet,
2183 3820 2437 3875 inﬁdelis
2459 3821 2536 3875 sit
2560 3838 2573 3888 ;
2606 3820 2863 3877 inﬁdelis
2885 3825 3100 3878 autem.
3127 3822 3268 3894 quia
3289 3823 3471 3895 Spiri-

1822 3911 1949 3963 tum
1967 3908 2181 3964 Christi
2202 3925 2315 3963 non
2340 3909 2535 3974 habet,
2558 3910 2687 3979 ejus
2709 3926 2824 3964 non
2850 3914 2958 3977 est,
2983 3912 3163 3981 Cujus
3178 3926 3313 3981 ergo
3336 3911 3469 3966 est?

1821 3997 2112 4052 Nimirum
2129 3998 2275 4067 ejus,
2302 3998 2402 4068 qui
2428 3997 2720 4052 homicida
2739 4002 2830 4053 est
2851 3999 2923 4053 ab
2946 3998 3133 4064 initio,
3166 3999 3381 4071 quique
3405 3999 3467 4055 in

1819 4086 2059 4142 veritate
2092 4103 2206 4141 non
2236 4086 2414 4153 stetit,
2444 4086 2583 4158 quia
2612 4088 2823 4142 veritas
2844 4103 2958 4142 non
2977 4091 3068 4143 est
3105 4087 3166 4142 in
3216 4104 3304 4154 eo,
3328 4087 3468 4159 quia

1823 4176 2073 4231 mendax
2093 4182 2181 4231 est
2218 4175 2342 4246 ipse
2365 4179 2421 4230 et
2442 4180 2604 4247 pater
2648 4175 2936 4231 mendacii
2979 4178 3159 4248 (Joan.
3195 4194 3323 4241 VIII,
3356 4177 3466 4249 44),

1821 4266 2098 4337 quoniam
2115 4265 2361 4337 quicum
2384 4264 2612 4320 Christo
2625 4282 2740 4320 non
2756 4263 3001 4338 colligit,
3016 4267 3241 4339 spargit
3258 4266 3465 4338 (Matth.

1817 4372 1917 4419 xu,
1940 4355 2031 4421 30)
2056 4372 2068 4421 ;
2088 4359 2143 4410 et
2165 4354 2301 4426 quia
2317 4371 2433 4409 non
2456 4359 2544 4409 est
2567 4370 2699 4409 cum
2720 4360 3013 4420 eo,contra
3032 4372 3165 4410 eum
3189 4355 3467 4411 est.Unds

1821 4444 2195 4498 manifestum
2229 4446 2317 4498 est
2345 4442 2708 4497 Simoniacos
2741 4459 2841 4512 per
2869 4443 3253 4514 cupiditatem
3284 4460 3319 4498 a
3350 4443 3467 4499 ﬁde

1818 4534 2138 4599 aberrasse,
2158 4531 2243 4586 vel
2267 4532 2463 4603 potius
2484 4535 2867 4600 apostatasse,
2889 4536 2944 4586 et
2956 4532 3111 4586 circa
3128 4531 3299 4586 ﬁdem
3323 4548 3467 4585 nau-

1818 4622 2097 4693 tragasse,
2122 4622 2275 4677 sicut
2299 4619 2614 4691 Apostolus
2660 4620 2963 4676 Timotheo
3002 4620 3225 4675 dicitzu
3279 4619 3464 4674 Radix

55 4708 461 4780 genitacordis
475 4726 698 4777 eorum,
714 4710 768 4765 id
788 4716 877 4765 est
891 4711 1057 4776 ﬁdes,
1074 4711 1356 4782 probatur
1370 4712 1701 4783 corrumpi:
1734 4733 1782 4798 D
1815 4711 2078 4766 omnium
2101 4708 2390 4764 malorum
2412 4714 2501 4765 est
2522 4709 2811 4779 cupiditas
2837 4726 2850 4764 :
2875 4725 3053 4780 quam
3090 4708 3333 4798 quidam
3355 4726 3463 4781 ap-

1816 4804 2077 4871 petentes
2101 4802 2443 4853 erravcrunt
2466 4815 2500 4853 a
2526 4798 2658 4864 ﬁde,
2683 4804 2741 4852 et
2761 4798 3134 4853 inseruerunt
3156 4814 3215 4853 se
3247 4797 3463 4853 dolori-

1817 4888 1980 4943 ribus
2002 4887 2206 4942 multis
2230 4889 2275 4953 (I
2290 4889 2422 4941 Tim.
2442 4886 2636 4956 vr,40).
2665 4908 2693 4935 »
2711 4886 2865 4950 Quos
2881 4885 3150 4942 videlicet
3166 4903 3462 4955 erroneos,

1815 4976 1900 5032 vel
1924 4981 2224 5048 apostotas
2245 4974 2332 5029 vel
2361 4974 2493 5029 ﬁdei
2518 4975 2853 5046 naufragos.
2878 4991 2994 5030 non
3016 4980 3213 5031 autem
3238 4976 3469 5047 episco-

1817 5084 1941 5139 pos,
1965 5070 2067 5121 aut
2084 5065 2323 5121 clericos
2349 5064 2557 5119 debere
2579 5064 2693 5119 dici
2714 5064 2799 5119 vel
2822 5064 3024 5120 haberi
3047 5069 3295 5122 constat.
3319 5065 3467 5121 Nam

1816 5157 1865 5212 si
1895 5161 2133 5211 terrenae
2154 5160 2211 5209 et
2231 5152 2572 5224 temporalis
2608 5153 2895 5209 mercedis
2935 5154 3329 5225 negotiatores
3362 5171 3467 5226 per

1816 5245 2195 5316 cupiditatem
2219 5258 2645 5313 nonnunquam
2670 5258 2703 5297 a
2733 5242 2846 5297 ﬁde
2876 5243 3172 5311 aberrant,
3203 5244 3341 5297 dum
3373 5242 3463 5296 in-

1814 5339 1984 5389 caute
2007 5338 2063 5388 et
2078 5332 2392 5387 artiﬁciose
2411 5331 2687 5402 jurando,
2703 5337 2759 5387 et
2780 5332 3135 5402 perjurando
3152 5333 3463 5385 assumunt

1812 5439 2025 5477 nomen
2057 5421 2157 5476 Dei
2192 5420 2284 5475 sui
2314 5424 2373 5475 et
2405 5418 2637 5475 animas
2687 5437 2826 5475 suas
2871 5421 2930 5475 in
2984 5435 3220 5483 vanum,
3254 5421 3318 5472 ut
3344 5417 3457 5472 sibi

1812 5512 2123 5565 corradant
2153 5508 2296 5563 lucri
2348 5507 2807 5579 aliquantulum,
2858 5511 3141 5578 quantum
3177 5510 3457 5577 putamus

1812 5600 2081 5654 aberrare
2115 5615 2147 5653 a
2176 5598 2287 5651 ﬁde
2317 5612 2416 5651 eos
2442 5596 2542 5668 qui
2586 5614 2699 5651 non
2734 5596 2921 5653 solum
2953 5594 3179 5650 animas
3202 5611 3340 5651 suas
3363 5612 3458 5650 ve-

1810 5688 1977 5744 nales
2007 5688 2251 5753 habent,
2279 5687 2378 5741 sed
2412 5685 2589 5741 etiam
2618 5685 2897 5757 Spiritum
2943 5687 3239 5752 sanctum,
3272 5683 3456 5739 Deum

1809 5777 2015 5850 utique
2045 5780 2103 5834 et
2134 5774 2453 5833 Dominum
2475 5775 2723 5832 vendere
2744 5776 3026 5832 conantur
3043 5771 3071 5828 εἶ
3118 5772 3268 5828 Vere
3289 5772 3453 5830 aber-
