3876 6376
425 457 576 523 1051
1467 453 1876 522 HUMBERTI
1923 455 1988 520 S.
2033 451 2108 520 Β.
2153 453 2224 520 E.
2271 453 2761 526 CARDINALIS.
3737 447 3850 524 1ωὲ

424 599 557 650 rant
610 597 729 649 tota
775 591 864 648 via
893 610 928 648 a
974 592 1105 660 ﬁde,
1138 608 1386 664 quorum
1445 591 1516 648 ab
1549 591 1712 646 initio
1743 592 2051 647 damnatas
2081 591 2135 658 Α
2165 590 2431 650 homines
2455 611 2590 650 cum
2621 595 2680 650 in
2712 594 2930 653 honore
2959 599 3182 668 essent,
3219 611 3354 654 non
3403 591 3844 652 intellexerunt.

424 684 718 740 nundinas
739 683 876 754 quia
895 681 1146 754 Spiritus
1167 685 1514 746 exsecratur,
1543 680 1691 751 fugit
1730 697 1827 736 eos
1859 682 2047 751 longe.
2162 684 2478 754 comparati
2513 689 2651 740 sunt
2673 685 2964 756 jumentis
2996 686 3482 759 insipientibus,
3543 689 3614 740 et
3657 685 3846 741 similes

423 775 546 839 Quo
568 771 838 844 fugiente,
873 787 975 826 nec
1007 770 1449 823 fundamentum
1481 771 1634 839 quod
1669 773 1755 823 est
1789 769 2052 824 Christus
2163 771 2298 824 facti
2339 775 2478 826 sunt
2529 771 2642 827 illis
2703 774 2870 844 (Psal.
2929 792 3103 842 XLVII,
3164 775 3286 844 43).
3359 775 3696 838 Quamvis
3725 775 3846 830 enin

419 862 593 916 Jesus
621 863 806 932 potest
834 858 918 913 eis
947 874 1263 924 remanere,
1310 857 1445 928 quia
1490 857 1785 911 subtrahit
1831 874 1891 911 se
1927 857 2051 927 ipse
2162 859 2440 916 rationale
2465 860 2682 916 animal
2714 879 2748 916 a
2779 863 2894 918 Deo
2933 863 3112 918 creati
3163 864 3318 930 sint,
3379 863 3654 919 ratione
3685 866 3846 920 tame:

421 949 690 1022 Spiritus,
715 949 883 1018 cujus
905 947 1140 1000 interest
1161 945 1454 1000 sull'ulcire
1469 950 1522 999 et
1545 946 1933 999 corroborare.
1958 945 2050 1000 Sic
2160 948 2463 1004 abutentes
2519 965 2632 1004 non
2665 949 3002 1022 intelligunt
3021 951 3336 1022 justitiam
3365 951 3750 1024 injustitize,
3781 971 3846 1006 ea:

422 1037 864 1094 acciditutdum
884 1034 1248 1105 cupidissimi
1275 1033 1606 1088 mortalium
1632 1032 2050 1103 incomparabi-
2157 1036 2424 1091 virtutem
2459 1037 2595 1092 vitio
2627 1037 2912 1094 cohmrere
2961 1043 3064 1094 aut
3103 1041 3446 1096 convenire
3509 1056 3647 1095 non
3681 1057 3832 1112 posse

420 1127 534 1182 lem
560 1141 892 1196 comparare
920 1123 1234 1177 etvendere
1249 1125 1604 1184 concertant,
1631 1115 1917 1191 malignds
1942 1122 2052 1192 spi-
2159 1124 2287 1190 Qui,
2323 1129 2388 1178 ut
2419 1125 2479 1179 B.
2513 1125 2698 1181 Judas
2730 1125 3028 1197 apostolus
3059 1129 3142 1184 ait
3175 1147 3186 1184 :
3225 1151 3254 1177 ‹‹
3281 1129 3722 1200 Quaecunque
3751 1131 3840 1200 qui-

418 1216 564 1270 ritus
595 1215 664 1268 ad
689 1212 1104 1267 destruendum
1125 1211 1374 1264 exterius
1395 1227 1506 1262 non
1549 1209 1736 1262 solum
1763 1210 2044 1265 bonorum
2159 1211 2289 1266 dem
2339 1214 2628 1284 ignorant,
2688 1213 3120 1285 blasphemant.
3185 1218 3618 1288 Quaecunque
3667 1221 3834 1272 auten;

415 1320 654 1375 operum
682 1319 920 1358 suorum
943 1317 1162 1368 muros,
1199 1299 1295 1352 scd
1331 1298 1504 1352 etiam
1531 1298 1772 1352 interius
1813 1299 1881 1351 ad
1907 1315 2046 1352 con-
2157 1301 2498 1356 naturaliter
2527 1305 2808 1372 tanquam
2855 1303 3030 1358 bruta
3087 1303 3392 1360 animalia
3449 1311 3770 1361 novel-unt
3797 1308 3834 1360 ξε

411 1391 948 1461 vellendumipsam
973 1389 1167 1452 ﬁdem,
1194 1386 1414 1441 scilicet
1437 1385 2043 1453 fundamentum,ala-
2155 1388 2246 1444 his
2278 1395 2732 1462 corrumpuntur
2759 1391 2904 1460 (Jud.
2947 1393 3046 1462 [0).
3087 1415 3114 1440 n
3149 1393 3324 1448 Unde
3361 1393 3626 1464 Spiritu
3663 1403 3836 1450 sanet;

413 1481 625 1534 criores
645 1479 907 1543 reddant,
927 1482 980 1530 et
999 1475 1427 1546 quasiinvicem
1445 1475 1542 1528 sed
1563 1475 1632 1527 ad
1648 1475 2043 1528 omnimodam
2155 1478 2225 1532 ab
2255 1477 2594 1548 hujusmodi
2625 1479 3080 1549 cogitationibus
3112 1481 3384 1554 eﬁ'ugato
3421 1485 3492 1537 et
3527 1482 3762 1548 ablato,
3793 1501 3834 1538 u:

415 1567 870 1622 destructionem
903 1566 1277 1619 adhortantes
1309 1563 1524 1628 dicant,
1563 1563 1701 1632 quid
1736 1562 2046 1616 Psalmista
2155 1583 2330 1637 supra
2363 1567 2594 1632 dicitur,
2629 1566 3043 1638 corripiuntur,
3069 1569 3126 1623 id
3157 1573 3252 1624 est
3279 1586 3356 1626 ex
3385 1575 3530 1626 toto
3555 1572 3836 1644 arripiun-

415 1653 993 1712 deflendoinsinuat:
1034 1673 1053 1699 ι
1090 1651 1413 1714 Exinanite,
1444 1650 1734 1704 exinanite
1767 1666 1950 1720 usque
1973 1650 2042 1704 ad
2155 1657 2248 1708 tur
2295 1671 2328 1708 a
2382 1654 2821 1726 superveniente
2887 1656 3222 1728 iniquitate,
3281 1657 3586 1731 maligno
3639 1661 3830 1731 spiritu

414 1745 859 1800 fundamentum
893 1742 949 1795 in
983 1741 1233 1810 ea(Psal.
1262 1756 1484 1804 cxxxvx,
1514 1743 1589 1806 7).
1619 1761 1644 1786 »
1667 1738 1965 1809 Siquidem
1989 1743 2044 1792 et
2150 1742 2386 1808 scilicet,
2419 1743 2520 1813 qui
2543 1743 2626 1798 sic
2657 1743 2897 1814 iniquus
2927 1749 3018 1800 est
3047 1749 3112 1800 ut
3159 1745 3239 1800 sit
3287 1745 3496 1802 etiam
3559 1748 3704 1820 ipsa
3735 1749 3834 1814 ini-

413 1833 610 1890 avulso
642 1850 674 1886 a
704 1830 974 1885 cordibus
1023 1829 1327 1882 hominum
1369 1828 1770 1892 fundamento,
1823 1826 1929 1880 hoc
1957 1830 2043 1880 est
2150 1831 2366 1901 quitas,
2399 1831 2549 1886 sicut
2579 1830 2866 1904 gloriosus
2913 1833 3130 1888 Paulus
3175 1833 3504 1892 declarat:
3545 1859 3578 1885 ‹‹
3637 1837 3836 1910 Myste-

411 1921 656 1988 Christo,
681 1920 778 1990 qui
799 1915 1798 2016 semperinnititurSpirituisancto,
1817 1920 2038 2016 certum
2071 1953 2117 2016 B
2150 1919 2654 1990 rium,inquitjam
2669 1921 3294 1992 operaturiniquitatis
3313 1941 3369 1978 ;››
3391 1927 3462 1979 et
3479 1929 3836 1998 postpauca;

408 2014 495 2067 est
517 2007 852 2080 hujusmodi
905 2007 1142 2059 domum
1179 2006 1492 2068 desertam,
1526 2007 1580 2056 et
1613 2002 1875 2056 funditus
1909 2003 2040 2056 des-
2071 2002 2117 2016 "
2150 2031 2177 2058 «
2212 2008 2279 2062 Et
2309 2013 2448 2063 tunc
2483 2007 2832 2063 revelabitur
2861 2007 2957 2064 ille
2989 2009 3235 2081 iniquus
3265 2013 3346 2079 (ll
3378 2014 3586 2069 Τὴεεε,
3631 2032 3700 2082 ιι,
3723 2017 3798 2084 τ),
3825 2045 3838 2060 .,

404 2103 654 2154 tructam
674 2094 996 2165 derelinqui
1019 2111 1052 2148 a
1073 2094 1207 2159 Deo,
1233 2097 1288 2146 et
1310 2092 1456 2146 efﬁci
1483 2091 1819 2162 speluncam
1859 2089 2038 2144 latro-
2147 2096 2510 2167 quidenique
2525 2096 2607 2152 sic
2621 2101 2708 2151 est
2737 2096 3034 2153 homicida
3059 2098 3216 2154 utsit
3247 2100 3446 2156 etiam
3467 2101 3620 2174 ipsa
3655 2120 3834 2160 mors:

405 2203 546 2241 num
572 2184 918 2256 (Malth.xxr,
947 2184 1051 2252 13),
1078 2182 1176 2252 qui
1198 2198 1324 2236 eam
1349 2197 1482 2234 mox
1507 2197 1611 2234 suo
1635 2178 1932 2233 vindicant
1953 2178 2038 2232 lu-
2147 2185 2232 2240 sic
2263 2185 2525 2255 perditus
2555 2189 2610 2240 et
2639 2185 2899 2256 perditor
2956 2194 3018 2241 ut
3075 2186 3153 2242 sit
3201 2204 3466 2260 quoque
3533 2191 3681 2263 ipsa
3725 2209 3836 2265 per.

405 2274 593 2330 dibrio
619 2292 631 2340 ;
655 2274 939 2341 itautjam
955 2271 1188 2325 nomine
1203 2286 1381 2324 vacuo
1401 2268 1764 2323 Christianus
1790 2267 2034 2332 dicatur,
2147 2273 2307 2328 ditio.
2339 2273 2424 2328 Ab
2457 2273 2564 2327 hac
2595 2289 2729 2344 ergo
2751 2273 3060 2346 iniquitate
3081 2291 3151 2330 ex
3167 2279 3294 2331 toto
3321 2279 3744 2352 arrepti,jam
3765 2283 3834 2337 si-

405 2363 496 2418 cui
531 2361 674 2416 nihil
707 2359 862 2423 ﬁdei,
893 2359 950 2412 id
981 2363 1068 2412 est
1097 2357 1330 2424 Christi,
1367 2356 1645 2410 remansit
1666 2356 1936 2420 omnino,

2298 2361 2496 2416 mnino
2520 2359 2802 2416 animales
2815 2361 3084 2418 homines
3099 2379 3216 2418 non
3233 2365 3606 2437 percipiunt
3623 2385 3698 2424 ea
3721 2387 3829 2440 qus

405 2467 508 2522 per
525 2450 634 2504 hoc
666 2447 1025 2504 convincitur
1055 2447 1178 2500 sine
1209 2446 1324 2500 Deo
1356 2449 1412 2498 et
1441 2446 1601 2514 pejor
1621 2461 1867 2514 pagano,
1901 2443 2038 2513 quia
2145 2455 2283 2503 sunt
2311 2448 2564 2520 Spiritus
2593 2449 2690 2503 Dei
2723 2450 2770 2520 (1
2799 2449 2920 2506 Cor.
2957 2468 3020 2518 ιι,
3055 2452 3163 2519 14).
3197 2451 3486 2510 Stultitia
3539 2461 3645 2512 est
3685 2459 3828 2513 enim

403 2539 500 2594 hic
529 2536 783 2592 inﬁdelis
805 2534 979 2590 simul
1012 2541 1099 2589 est
1145 2539 1202 2589 et
1230 2537 1530 2604 apostata;
1591 2549 1723 2587 cum
1775 2547 2034 2602 paganus
2143 2536 2278 2606 illis,
2312 2541 2368 2591 et
2397 2553 2513 2591 non
2563 2541 2810 2608 possunt
2857 2537 3183 2610 intelligere
3233 2555 3372 2611 qua
3421 2544 3830 2616 spiritualiter

404 2626 669 2699 quamvis
701 2625 777 2680 sit
807 2623 1076 2690 inﬁdelis,
1111 2627 1304 2677 tamen
1356 2621 1692 2675 Christiana}
1743 2620 1897 2685 ﬁdei,
1945 2620 2034 2675 vel
2143 2625 2566 2680 examinantur.
2600 2625 2794 2692 Porro,
2828 2630 2892 2682 ut
2913 2626 3068 2683 idem
3101 2629 3442 2699 Apostolus
3467 2633 3826 2707 subjungit:

402 2713 875 2776 conversationis,
925 2727 1100 2782 quam
1163 2725 1466 2781 nunquam
1531 2708 1734 2763 habuit
1785 2712 2035 2778 nequeat
2146 2734 2168 2765 ι
2201 2711 2534 2784 Spiritualis
2563 2714 3002 2784 autemjudicat
3023 2715 3248 2784 omnia,
3269 2722 3332 2774 et
3357 2719 3506 2791 ipse
3527 2739 3568 2778 a
3595 2725 3822 2778 nemine

399 2809 550 2860 recte
580 2802 690 2858 dici
722 2805 824 2857 aut
853 2800 1050 2856 haberi
1082 2803 1364 2870 apostata.
1401 2802 1446 2850 Α
1479 2799 1648 2866 cujus
1682 2797 1857 2850 etiam
1881 2796 2036 2867 cogi-
2133 2801 2612 2872 judicatur.Quis
2629 2802 2786 2856 enim
2809 2804 3080 2873 cognovit
3099 2821 3354 2862 sensum
3383 2809 3824 2883 Domini?quis

395 2891 734 2954 tationibus,
767 2889 918 2944 sicut
948 2887 1284 2960 praedictum
1315 2889 1424 2953 est,
1453 2886 1640 2940 aufert
1683 2888 1737 2938 te
1783 2883 2030 2954 Spiritus
2139 2890 2387 2944 instruet
2415 2892 2594 2944 eum?
2625 2906 2730 2944 nos
2761 2893 2958 2946 autem
2989 2907 3235 2947 sensum
3263 2893 3506 2951 Christi
3527 2897 3820 2954 habemus

399 2985 656 3044 sanctus,
688 2978 825 3048 quia
856 2981 994 3032 sunt
1017 2973 1476 3030 sineintellectu.
1501 2977 1567 3026 Et
1585 2990 1708 3043 quae
1732 2971 2024 3060 cogitatio-
2139 2979 2184 3048 (ι
2215 2978 2334 3034 Cor.
2371 2995 2430 3045 ιι,
2466 2979 2549 3044 15,
2582 2978 2689 3048 46).
2727 3001 2754 3026 ››
2786 2979 2933 3034 Nam
2965 2980 3120 3036 sicut
3139 2981 3320 3052 paulo
3345 2987 3658 3056 superius
3693 3005 3818 3060 pra-

398 3084 501 3122 nes
529 3066 715 3137 magis
738 3069 876 3120 sunt
898 3064 1021 3119 sine
1044 3062 1361 3128 intellectu,
1387 3077 1562 3132 quam
1587 3077 1712 3131 quae
1737 3058 1922 3113 aestim

2286 3071 2389 3121 .tur
2409 3082 2420 3120 :
2447 3088 2474 3116 «
2497 3066 2674 3122 Nobis
2695 3065 2969 3122 revelavit
2989 3068 3146 3124 Deus
3163 3085 3270 3140 per
3285 3071 3608 3143 Spiritum
3625 3058 3817 3132 suum.

399 3155 678 3228 Spiritum
701 3157 968 3209 sanctum
994 3167 1160 3223 posse
1187 3149 1355 3204 vendi
1386 3153 1441 3204 et
1463 3147 1574 3204 emi
1595 3149 1621 3202 ‘?
1652 3148 1841 3236 Minus
1871 3146 2026 3236 enim
2135 3154 2386 3226 Spiritus
2433 3153 2588 3209 enim
2639 3156 2836 3211 omnia
2886 3161 3208 3224 scrutatur,
3261 3161 3458 3217 etiam
3523 3165 3818 3236 profunda

396 3250 487 3300 est
530 3244 764 3299 noxium
789 3240 1070 3312 quidquid
1095 3240 1164 3294 de
1185 3243 1445 3293 creatura
1482 3236 1768 3308 cogitatur
1798 3235 2023 3290 irratio-
2060 3307 2094 3318 Α
2139 3244 2254 3298 Dei.
2290 3243 2428 3308 Quis
2455 3243 2610 3296 enim
2641 3242 2948 3298 hominum
2983 3245 3094 3302 scit
3135 3263 3268 3318 quas
3318 3253 3480 3305 sunt
3527 3235 3815 3318 hominis,

395 3332 683 3398 nabiliter,
717 3307 892 3402 quam
927 3307 1078 3400 quod
1111 3328 1180 3382 de
1207 3327 1494 3381 Creatore.
1564 3307 1570 3308 ⁷

2282 3307 2519 3402 spiritus
2549 3331 2822 3400 hominis,
2857 3333 3048 3404 quiin
3092 3307 3224 3406 ipso
3273 3337 3415 3392 est?
3463 3307 3563 3394 ita
3595 3307 3813 3414 etqua

993 3434 1223 3488 CAPUT
1284 3433 1422 3486 XXI.
2131 3419 2232 3475 Dei
2262 3423 2418 3484 sunt,
2451 3435 2620 3474 nemo
2651 3421 2939 3491 cognovit,
2973 3421 3088 3477 nisi
3116 3423 3380 3494 Spiritus
3401 3425 3540 3482 Dei.
3565 3429 3694 3484 Nos
3723 3447 3814 3486 au-

393 3527 667 3598 Repulsioi
694 3542 882 3579 eorum
935 3525 1030 3595 qui
1085 3523 1268 3576 dicunt
1308 3522 1525 3598 _haberi,
1581 3527 1632 3598 et
1671 3521 1834 3598 justo
1871 3535 2022 3588 posse
2129 3513 2244 3598 tell}
2277 3525 2392 3598 110:1
2424 3507 2699 3578 Spiritum
2731 3509 2938 3598 mundi
2969 3511 3336 3584 accepimus,
3369 3515 3484 3570 sed
3509 3517 3810 3588 Spiritum

462 3592 586 3670 dari
642 3597 908 3667 Spiritum
943 3592 1210 3649 'smwtum
1265 3593 1330 3646 ab
1379 3608 1437 3647 eo
1495 3595 1590 3662 qui
1665 3592 1868 3662 injuste
1930 3605 2019 3644 αε-
2129 3596 2230 3667 qui
2259 3611 2327 3650 ex
2355 3596 2469 3651 Deo
2501 3599 2610 3663 est,
2641 3599 2704 3650 ut
2731 3596 2992 3654 sciamus
3021 3615 3150 3670 quae
3183 3601 3362 3657 aDeo
3395 3603 3642 3660 donata
3671 3613 3810 3662 sunt

461 3669 618 3739 cepit.
2127 3684 2329 3739 nobis:
2363 3701 2489 3755 qua:
2517 3688 2574 3738 et
2605 3684 2905 3755 loquimur
2934 3669 3057 3742 non
3083 3687 3144 3742 in
3175 3689 3372 3746 doctis
3395 3690 3702 3750 humanas
3731 3713 3812 3750 a-

461 3773 622 3838 QUOd
654 3773 700 3828 Si
735 3773 805 3828 ab
838 3771 950 3826 illis
980 3787 1042 3826 se
1091 3771 1279 3826 aufert
1321 3768 1572 3840 Spiritus
1627 3771 1884 3833 sanctus,
1917 3766 2016 3837 qui
2129 3771 2770 3844 pientizsverbis,sedin
2793 3773 3812 3850 doctrinaSpiritus,spiritualibus

388 3879 522 3918 eum
553 3862 844 3917 aestimant
873 3876 1043 3932 posse
1073 3857 1264 3924 vendi,
1297 3855 1480 3911 multo
1531 3856 1716 3926 magis
1763 3855 1835 3910 ab
1879 3853 2014 3921 illis,
2127 3859 2458 3932 spiritualia
2487 3864 2912 3930 comparantes.
2947 3863 3130 3933 (Ibid.,
3161 3863 3378 3935 40-43).
3409 3887 3437 3914 ››
3465 3869 3560 3922 Ex
3581 3869 3812 3939 quibus

389 3951 488 4022 qui
519 3967 634 4005 non
665 3950 856 4005 solum
887 3949 944 4004 id
977 3947 1287 4012 aestimant,
1322 3946 1420 4000 sed
1468 3944 1642 3999 etiam
1697 3944 1754 3996 in
1787 3947 2015 3997 tantum
2125 3941 2416 4021 Apostolis
2437 3947 2627 4004 verbis
2647 3947 2800 4004 inter
2819 3949 2932 4005 alia
2952 3950 3100 4007 illud
3127 3951 3378 4008 maxime
3399 3955 3814 4014 consideran-

388 4039 653 4105 credunt,
685 4042 749 4092 ut
777 4039 848 4094 ad
879 4035 1190 4108 perniciem
1223 4033 1541 4089 multorum
1563 4031 1751 4087 verbis
1781 4035 1838 4087 et
1877 4031 2016 4086 scri-
2127 4037 2267 4092 dum
2291 4040 2379 4091 est
2399 4036 2554 4107 quod
2574 4035 2656 4091 ait
2677 4055 2694 4091 :
2713 4059 2740 4086 «
2761 4037 2876 4092 Nos
2900 4055 3016 4094 non
3031 4040 3301 4112 spiritum
3321 4042 3550 4097 mundi
3579 4049 3814 4119 accepi-

387 4125 503 4197 ptis
531 4127 614 4180 sic
645 4126 990 4198 praedicent:
2127 4142 2279 4191 mus,
2305 4125 2403 4180 sed
2445 4125 2729 4195 Spiritum
2765 4127 2866 4198 qui
2907 4144 2976 4182 ex
2994 4127 3114 4184 Deo
3135 4133 3243 4184 est.
3273 4151 3300 4178 ››
3319 4129 3610 4201 Spiritus
3655 4137 3812 4192 enim

459 4213 749 4269 Oanc'rxo.
782 4213 1006 4282 Liquet,
1041 4211 1333 4282 inquiunt,
1365 4209 1546 4264 sancti
1605 4207 1856 4280 Spiritus
1887 4223 2012 4279 gra-
2129 4213 2354 4280 mundi,
2381 4218 2440 4268 ut
2462 4213 2522 4268 Β.
2545 4213 3090 4272 Joannesscribitin
3115 4217 3377 4291 maligno
3403 4223 3814 4296 positi,spiri-

387 4301 530 4358 tiam
561 4303 728 4357 vendi
761 4301 937 4358 simul
967 4305 1022 4355 et
1045 4298 1387 4370 comparari.
1422 4298 1569 4368 Ergo
1598 4297 1869 4386 spiritum
1892 4313 2019 4386 san-
2129 4307 2225 4358 tus
2239 4301 2651 4375 malignusest,
2671 4303 3161 4374 quiaDominoin
3175 4307 3506 4380 Evangelia
3521 4312 3812 4386 princeps

389 4395 568 4457 ctum,
603 4408 778 4462 quem
795 4390 927 4461 quis
949 4389 1163 4459 injuste
1185 4386 1514 4459 acquisivit,
1535 4385 1750 4456 injuste
1770 4385 2012 4452 habuit;
2127 4391 2612 4458 mundivocatur,
2645 4390 2799 4446 sicut
2845 4397 2935 4448 est
2981 4393 3172 4450 illud:
3207 4417 3234 4444 «
3285 4394 3596 4470 Princeps
3629 4385 3812 4472 hujus

386 4480 476 4535 cui
511 4481 723 4552 injuste
754 4478 1060 4545 concessit,
1093 4477 1245 4533 hunc
1293 4493 1490 4532 secum
1539 4474 1874 4542 damnavit;
1924 4474 2016 4529 cui
2131 4479 2332 4535 mundi
2360 4479 2790 4550 ejicieturforas
2813 4481 3244 4555 (Joan.xu,31);
3269 4504 3298 4534 ››
3321 4487 3384 4540 et
3413 4499 3426 4539 :
3457 4507 3492 4534 ‹‹
3519 4486 3810 4562 Princeps

383 4587 516 4624 vero
538 4571 698 4640 juste
727 4569 971 4642 largitus
1001 4571 1108 4636 est,
1141 4566 1255 4631 hic,
1288 4566 1334 4621 si
1359 4567 1562 4636 justus
1591 4568 1698 4631 est,
1725 4565 1886 4634 juste
1915 4581 2016 4635 po-
2127 4567 2306 4639 hujus
2339 4567 2540 4622 mundi
2563 4568 2864 4638 judicatus
2919 4574 3011 4626 est
3067 4573 3246 4641 (Joan.
3309 4589 3434 4643 xvr,
3479 4575 3620 4648 ll);
3661 4603 3692 4628 ››
3723 4587 3808 4634 et:

383 4661 496 4714 test
523 4657 756 4726 habere,
787 4657 1066 4729 quoniam
1099 4656 1287 4710 bonus
1334 4671 1368 4709 a
1413 4652 1566 4708 malo
1611 4651 1830 4706 bonum
1871 4651 2016 4708 bene
2047 4669 2094 4732 D
2129 4677 2158 4706 «
2188 4656 2362 4712 Venit
2389 4655 2658 4727 princeps
2689 4655 2867 4726 huius
2899 4659 3129 4726 mundi,
3161 4664 3220 4715 et,
3251 4659 3311 4714 in
3347 4677 3450 4716 me
3477 4679 3612 4720 non
3635 4665 3808 4722 habet

385 4747 628 4817 accepit.
1941 4791 1956 4810 ι
2128 4745 2454 4816 quidquam
2485 4745 2642 4812 (Joan
2671 4762 2786 4813 xxv,
2817 4745 2930 4818 30).
2965 4769 2994 4795 »
3027 4747 3212 4811 Quem
3244 4748 3462 4821 utique
3483 4751 3706 4824 palam
3727 4759 3810 4810 est

457 4833 762 4888 REPULSIO.
781 4835 841 4888 In
857 4831 1186 4904 quantique
1199 4829 1504 4895 sententia,
1520 4829 1653 4900 quis
1667 4827 1988 4884 intellectus

2278 4849 2368 4887 non
2403 4833 2694 4903 accepisse
2717 4833 2816 4904 qui
2833 4834 3030 4890 sciunt
3049 4851 3178 4906 quae
3195 4853 3230 4892 a
3257 4836 3382 4894 Deo
3405 4839 3654 4898 donata
3675 4849 3809 4899 sunt

383 4919 471 4974 vel
503 4937 628 4990 quae
659 4921 902 4976 rationis
923 4921 1042 4975 sint
1071 4919 1170 4975 illa
1189 4919 1432 4974 inveniri
1461 4921 1649 4989 potest
1669 4917 1755 4972 ‘20
1777 4917 1930 4972 Deus
1961 4921 2018 4972 et
2121 4922 2426 4986 eis.Quam
2459 4921 2760 4976 scientiam
2793 4926 3068 4994 operatur
3093 4923 3155 4979 in
3177 4925 3262 4981 eis
3293 4926 3584 4998 Spiritus
3607 4933 3718 5002 qui
3749 4949 3810 4988 ex

387 5007 626 5062 Domine
664 5007 916 5078 Spiritus
945 5012 1163 5072 sancte,
1193 5008 1292 5079 qui
1315 5024 1376 5062 es
1389 5005 1620 5078 justitia
1639 5005 2011 5076 sempiterna,
2123 5011 2238 5066 Deo
2255 5014 2362 5065 est.
2379 5011 2558 5074 Quem
2577 5011 2648 5064 ad
2667 5010 2774 5065 hoc
2787 5012 3082 5083 accepisse
3095 5013 3610 5085 perhibentur,ut
3623 5022 3810 5076 sciant

385 5095 708 5152 secundum
771 5097 1070 5166 perﬁdiam
1123 5096 1368 5153 istorum
1418 5093 1847 5165 praedictorum,
1899 5094 2014 5148 imo
2124 5115 2248 5170 quae
2266 5115 2298 5152 a
2319 5098 2432 5154 Deo
2455 5098 2668 5153 donata
2689 5103 2826 5154 sunt
2839 5098 2942 5154 eis.
2969 5099 3239 5158 Probatio
3261 5119 3408 5175 ergo
3425 5109 3808 5181 αοςεριίοηίε

386 5183 765 5257 perditorum,
799 5183 1014 5254 injuste
1037 5184 1280 5255 acquiri,
1305 5183 1522 5252 injuste
1544 5179 1765 5244 haberi,
1801 5180 2016 5250 injuste
2123 5186 2396 5258 Spiritus,
2421 5185 2520 5258 qui
2543 5203 2612 5242 ex
2631 5187 2746 5242 Deo
2767 5191 2876 5256 est,
2901 5205 3102 5244 eorum
3127 5207 3255 5262 quas
3287 5191 3364 5246 ab
3397 5193 3546 5265 ipso
3581 5179 3804 5254 domm.

384 5272 618 5330 concedi
645 5271 838 5343 potes!
869 5273 934 5328 Et
962 5274 1066 5344 ubi
1093 5278 1211 5328 tam
1235 5269 1468 5342 justitia
1499 5267 1810 5338 quaerenda
1827 5272 1932 5336 est,
1965 5269 2014 5324 si
2123 5279 2222 5331 tur
2241 5275 2556 5346 recognitio
2587 5280 2694 5331 est.
2713 5277 2896 5342 Quam
2911 5293 3017 5333 nos
3037 5279 3290 5350 perfecte
3311 5282 3598 5342 retinere
3623 5289 3806 5344 exhoc

375 5361 608 5434 justitia
627 5359 843 5431 injuste
865 5361 1084 5432 acquiri
1108 5365 1164 5415 et
1186 5358 1384 5414 haberi
1407 5355 1640 5427 potest?
1672 5355 1790 5410 Heu
1815 5356 2012 5412 miseri
2123 5363 2554 5434 comprobatur,
2588 5363 2725 5434 quia
2753 5363 2974 5420 donum
3005 5365 3234 5435 donari,
3255 5367 3312 5422 id
3337 5373 3662 5443 estgratis
3675 5377 3808 5432 acci.

382 5455 440 5506 et
467 5448 681 5514 insani,
713 5448 812 5520 qui
843 5454 898 5504 te
928 5449 1086 5504 velut
1115 5446 1334 5518 aliquid
1363 5459 1540 5516 pecus
1573 5443 1722 5498 furto
1755 5444 2012 5516 acquisi-
2121 5451 2201 5522 pi,
2233 5457 2289 5505 et
2303 5450 2764 5507 darisecundum
2779 5453 3172 5526 evangelicam
3196 5459 3808 5528 etapostolicamtra-

384 5541 510 5590 tum
541 5539 598 5588 et
625 5552 658 5588 a
678 5535 802 5591 fure
815 5537 1102 5605 habitum,
1135 5535 1335 5605 sicque
1347 5532 1595 5587 scienter
1611 5538 2010 5603 comparatum
2119 5537 2398 5594 ditionem
2415 5539 2778 5610 profitemur,
2811 5545 2867 5596 et
2893 5557 2996 5612 pro
3021 5542 3264 5600 modulo
3285 5551 3510 5605 nostro
3541 5551 3806 5610 defendi-

388 5621 708 5676 testimant!
746 5624 854 5678 Sed
889 5625 1051 5695 prius
1083 5623 1192 5693 ipsi
1225 5625 1368 5676 ﬁant
1399 5621 1548 5674 sicut
1579 5636 1764 5689 equus
1793 5625 1850 5674 et
1881 5638 2010 5676 mu-
2117 5641 2269 5694 mus,
2293 5625 2698 5698 spiritualibus
2729 5628 3058 5700 spiritualia
3087 5639 3552 5704 comparantes.
3575 5641 3750 5700 Unde
3779 5659 3800 5696 ρ

327 5759 330 5762 .
389 5707 504 5775 lus,
535 5705 745 5778 quibus
767 5727 880 5768 non
911 5715 1000 5770 est
1027 5709 1351 5766 intellectus
1383 5709 1548 5780 (Psal.
1581 5724 1736 5774 xxxx,
1766 5709 1845 5778 9),
1873 5711 2011 5781 quia
2119 5705 2345 5772 diverso
2359 5713 2652 5787 colligitur
2671 5733 2768 5774 eos
2793 5717 3063 5791 spiritum
3085 5722 3302 5780 mundi
3327 5729 3690 5804 accepisse,
3715 5733 3800 5808 qui
