3876 6352
142 492 319 568 1053

761 501 1185 569 ADVERSUS
1227 495 1695 566 SIMONIAGOS
1739 492 1955 560 LIBRI
1997 494 2223 561 TRES.
2256 529 2336 546 --
2361 495 2601 563 LIBER
2644 498 2965 566 PRIMUS.

3405 496 3558 567 1054

138 640 359 692 contra
378 635 771 709 evangelicam
798 635 1295 710 apostolicamque
1316 632 1686 705 disciplinam
1709 631 1807 687 do-
1832 630 1888 697 Α
1916 629 2049 702 quis
2066 631 2137 686 de
2153 631 2371 704 Spiritu
2394 637 2597 690 sancto
2615 633 2766 691 male
2784 634 3411 701 sentit,animadvertat
3426 638 3565 711 quid

140 742 302 780 num
334 725 427 781 Dei
455 726 701 798 pecunia
722 743 893 798 posse
915 724 1198 798 possideri
1217 722 1804 788 mstimant,crcdunt,

137 815 505 888 proﬁtentur
522 818 578 869 et
595 820 882 886 quantum
906 812 1483 886 possunt,defendere
1500 813 1805 875 conantur,

144 902 499 958 carnalibus
529 902 857 975 spiritualia
887 908 1310 975 comparantes.
1331 900 1436 966 Qui
1460 900 1507 955 si
1536 899 1805 955 eumdem

140 991 437 1061 spiritum
471 992 674 1045 mundi
698 991 827 1063 quis
849 997 906 1047 et
928 991 1023 1046 ubi
1048 992 1143 1057 sit,
1167 989 1253 1045 vel
1276 990 1415 1062 quid
1440 990 1567 1059 jam
1598 1004 1807 1059 passus

135 1080 495 1147 recolerent,
527 1097 660 1135 cum
710 1098 923 1151 magna
969 1081 1159 1135 cordis
1208 1078 1555 1134 contritione
1584 1076 1708 1132 erui
1738 1076 1808 1131 de

135 1184 219 1239 po
231 1172 441 1224 testate
464 1170 855 1232 tenebrarum,
873 1174 1067 1240 atque,
1082 1170 1224 1224 dum
1245 1167 1608 1237 adhuc‘_licet,
1623 1170 1808 1221 trans-

136 1256 291 1312 ferri
327 1258 385 1311 in
420 1275 662 1330 regnum
692 1257 819 1313 Filii
860 1256 1142 1313 claritatis
1176 1262 1424 1329 paterna:
1457 1259 1802 1327 quaererent.

134 1345 458 1417 Siquidem
478 1345 568 1401 ille
586 1352 671 1401 est
689 1348 959 1418 princeps
982 1346 1209 1413 mundi,
1227 1350 1414 1401 rector
1432 1345 1805 1400 tenebrarum

136 1451 382 1501 earum,
403 1435 706 1491 hominum
736 1435 957 1491 scilicet
979 1434 1324 1500 infidelium,
1351 1434 1407 1488 in
1431 1432 1645 1507 quibus
1678 1436 1804 1487 tan-

128 1540 332 1595 quam
357 1523 413 1578 in
439 1524 574 1579 ﬁliis
595 1523 929 1578 diffidentiae
954 1528 1158 1596 regnat
1180 1527 1236 1578 et
1259 1526 1533 1596 operatur
1554 1538 1662 1577 sua
1682 1520 1806 1593 ipsc

125 1629 393 1685 serpens
428 1613 725 1685 antiquus,
760 1612 860 1685 qui
899 1617 987 1668 est
1014 1611 1285 1667 diabolus
1316 1617 1372 1666 et
1399 1615 1644 1666 Satanas
1680 1611 1807 1680 jam

120 1703 450 1773 judicatus
480 1706 536 1757 et
566 1703 884 1757 damnatus
916 1706 1089 1773 atque
1111 1702 1265 1756 foras
1287 1702 1529 1771 ejectus,
1552 1716 1668 1755 non
1701 1698 1808 1753 uti-

136 1807 262 1861 que
294 1796 460 1845 extra
505 1790 786 1845 fabricam
827 1790 954 1845 cmli
985 1794 1042 1845 et
1072 1794 1259 1855 terrze,
1294 1790 1394 1845 sed
1425 1793 1589 1844 extra
1636 1788 1809 1842 corda

142 1876 448 1942 fidelium,
477 1894 622 1949 quos
650 1878 785 1933 fecit
808 1878 1077 1934 Christus
1107 1895 1374 1950 regnum,
1399 1881 1454 1932 et
1481 1876 1810 1932 sacerdotes

133 1967 266 2023 Deo
302 1969 360 2020 et
388 1966 543 2020 Patri
577 1984 705 2023 suo.
732 1967 895 2033 Quod
929 1967 977 2022 si
1011 1966 1251 2039 spiritus
1274 1966 1619 2066 mundijam
1647 1964 1805 2019 dam-
1836 1999 1886 2066 Β

138 2059 333 2111 natus
364 2059 451 2109 est
480 2058 536 2109 et
567 2055 721 2111 foras
764 2055 1004 2125 ejectus,
1039 2059 1197 2127 patet
1219 2056 1345 2125 jam
1379 2054 1720 2109 damnatum
1752 2056 1808 2108 et

138 2160 288 2199 cum
324 2160 390 2198 eo
422 2142 576 2199 foras
606 2145 862 2214 ejectum
897 2145 1205 2211 mundum,
1239 2144 1331 2198 cui
1368 2144 1490 2215 ipse
1524 2141 1809 2215 principa-

139 2238 269 2301 tur,
307 2250 410 2286 nec
434 2234 559 2303 jam
585 2249 712 2288 esse
744 2232 802 2287 in
835 2234 1073 2301 mundo,
1099 2250 1270 2304 quem
1302 2232 1502 2288 dilexit
1533 2233 1705 2297 Deus,
1730 2235 1807 2297 et,

140 2320 445 2393 sanguine
476 2321 603 2376 Filii
636 2320 726 2376 sui
771 2323 1158 2393 redemptum,
1195 2321 1533 2376 emundavit
1580 2318 1807 2375 lavacro

140 2427 324 2482 aqua:
350 2408 407 2464 in
429 2409 621 2476 verbo,
648 2414 710 2464 ut
731 2410 807 2465 sit
829 2409 950 2481 ipse
970 2410 1122 2465 Deus
1146 2427 1277 2466 cum
1302 2411 1387 2466 eis
1407 2426 1607 2465 eorum
1629 2408 1802 2464 Deus.

138 2499 300 2556 Nam
323 2514 452 2570 quae
476 2515 608 2571 pars
632 2498 786 2555 fideli
807 2514 943 2554 cum
978 2498 1235 2555 inﬁdeli?
1256 2500 1619 2570 Quapropter
1643 2497 1804 2569 quis-

1916 720 1978 776 B.
2011 736 2162 793 papa
2192 720 2481 778 Damasus
2518 722 2762 780 Paulino
2812 725 3175 782 Antiocheno
3226 728 3565 799 patriarcha

1916 808 2199 875 scribens,
2224 810 2375 865 inter
2403 809 2519 866 alia
2548 811 2690 867 dicit
2713 829 2763 867 ;‹‹
2789 812 2846 869 Si
2880 813 3014 885 quis
3046 816 3118 871 de
3148 816 3317 873 Patre
3341 822 3397 873 et
3427 818 3567 875 Filio

1915 897 2063 952 bene
2092 898 2360 963 senserit,
2393 899 2465 954 de
2494 899 2713 971 Spiritu
2761 906 2958 957 autem
2994 909 3196 961 sancto
3247 923 3364 962 non
3415 912 3569 963 recte

1916 985 2206 1054 habuerit,
2231 987 2536 1043 haereticus
2558 991 2786 1045 est.»Et
2811 992 2966 1063 quod
2994 1008 3199 1049 omnes
3226 995 3477 1052 haaretici
3499 998 3571 1054 de

1916 1074 2058 1131 Filio
2089 1077 2211 1142 Dei,
2244 1081 2343 1132 aut
2371 1078 2441 1131 de
2473 1078 2691 1149 Spiritu
2722 1084 2921 1136 sancto
2954 1082 3103 1137 male
3130 1085 3473 1152 sentientes,
3506 1086 3567 1142 in

1919 1165 2165 1236 perfidia
2179 1166 2511 1222 Judzeorum
2530 1172 2587 1222 et
2603 1167 2907 1237 gentilium
2932 1170 3326 1228 inveniuntur.
3346 1175 3568 1247 Nempe

1916 1253 2136 1308 Judazis
2161 1254 2489 1310 dicentibus
2511 1272 2561 1310 ;‹‹
2588 1257 2702 1312 Nos
2732 1274 2799 1312 ex
2826 1258 3222 1325 fornicatione,
3246 1284 3273 1310 ››
3297 1262 3566 1319 videlicet

1915 1340 2265 1410 idololatria,
2288 1365 2315 1392 ‹‹
2341 1360 2453 1398 non
2495 1361 2702 1401 sumus
2733 1346 2869 1401 nati.
2901 1347 3089 1403 Unum
3120 1349 3347 1405 Patrem
3379 1350 3563 1407 habe-

1916 1448 2051 1486 mus
2087 1436 2294 1499 Dcum;
2322 1453 2349 1481 ››
2383 1433 2683 1504 respondit
2728 1434 3007 1491 Dominus
3036 1437 3210 1493 Jesus
3234 1454 3247 1493 :
3268 1461 3296 1488 ‹‹
3320 1439 3377 1495 Si
3408 1441 3563 1498 Deus

1917 1520 2085 1576 Pater
2114 1525 2303 1577 vester
2332 1526 2506 1589 esset,
2544 1521 2854 1594 diligeritis
2887 1524 3087 1596 utique
3117 1543 3227 1582 me.
3258 1527 3377 1600 Ego
3407 1525 3563 1587 enim

1917 1625 1985 1665 ex
2019 1610 2128 1665 Deo
2171 1610 2449 1680 processi,
2482 1614 2539 1666 et
2594 1611 2744 1667 veni.
2781 1612 2979 1684 Neque
3036 1615 3193 1670 enim
3224 1632 3260 1671 a
3289 1632 3381 1673 me
3440 1619 3567 1691 ipso

1914 1700 2065 1765 veni,
2099 1698 2199 1754 sed
2235 1698 2333 1753 ille
2363 1716 2456 1755 me
2487 1699 2667 1755 misit.
2699 1700 2814 1757 Vos
2842 1718 2911 1757 ex
2959 1706 3122 1774 patre
3168 1704 3398 1762 diabolo
3429 1710 3570 1766 estis

1917 1789 2094 1858 (Joan.
2127 1805 2249 1855 vm,
2283 1789 2393 1858 41).
2421 1810 2449 1837 ›ι
2482 1788 2706 1845 Simoni
2766 1807 3001 1863 quoque
3060 1792 3226 1866 Mago
3284 1795 3568 1868 Spiritum

1917 1880 2187 1932 sanctum
2222 1878 2465 1933 mercari
2496 1878 2751 1949 cupienti
2784 1879 2990 1937 Petrus
3039 1881 3186 1937 dixit
3218 1899 3230 1938 :
3263 1905 3291 1935 ‹‹
3323 1885 3447 1941 Non
3481 1891 3572 1943 est

1918 1965 2021 2020 tibi
2056 1982 2209 2037 pars,
2258 1983 2444 2039 neque
2492 1984 2621 2022 sors
2668 1968 2728 2023 in
2778 1967 2885 2024 hac
2934 1970 3049 2026 fide
3080 1970 3211 2042 (Act.
3240 1990 3368 2039 vm,
3400 1976 3509 2047 21).
3537 1999 3566 2027 ››

1918 2054 2028 2109 Sed
2061 2070 2131 2109 ne
2163 2054 2307 2110 forte
2354 2057 2693 2111 continuata
2724 2056 2844 2112 hmc
2876 2058 3131 2130 repulsio
3179 2059 3313 2117 licet
3361 2080 3566 2135 perne-

1918 2143 2191 2209 cessaria,
2236 2142 2286 2198 si
2332 2144 2664 2201 diuturnior
2718 2145 3024 2218 habeatur,
3074 2148 3157 2205 sic
3211 2151 3567 2209 desertorem

1918 2236 2122 2303 urgeat
2166 2235 2223 2286 et
2271 2232 2532 2304 impetat,
2564 2238 2630 2288 ut
2669 2234 2988 2291 commilito
3045 2242 3246 2293 noster
3302 2241 3569 2299 defessus

1918 2324 2247 2391 oppetatur,
2270 2320 2516 2376 delicato
2547 2321 2750 2377 lectori
2774 2324 3099 2395 respirandi
3131 2327 3317 2399 gratia
3344 2335 3574 2402 oportet

1918 2408 2222 2480 scriptoris
2272 2408 2518 2465 intentio
2570 2411 2859 2480 consulat,
2892 2414 3249 2487 tandemque
3296 2416 3390 2473 hic
3439 2418 3575 2475 ﬁnis

1919 2496 2094 2568 primi
2126 2496 2308 2569 hujus
2339 2498 2521 2554 libelli
2552 2500 2676 2556 fiat.

1401 2621 1727 2677 EXPLICIT
1768 2620 1981 2677 LIBER
2018 2621 2309 2678 PRIMUS.

1112 2882 1507 2945 INCIPIUN'I‘
1551 2882 1936 2945 CAPITULA
1990 2883 2201 2944 LIBRI
2248 2882 2611 2945 SECUNDI.

142 3037 187 3092 Ι.
220 3031 377 3104 Quid
408 3032 592 3087 beatus
628 3033 822 3087 Petrus
862 3033 1132 3103 apostolus
1179 3034 1374 3105 suique
1422 3034 1714 3105 coapostoli
1745 3033 1807 3089 de

218 3122 498 3178 haereticis
526 3123 819 3177 senserint.

144 3212 219 3270 II.
253 3212 335 3267 De
361 3211 562 3282 pietate
589 3218 639 3266 et
662 3211 963 3282 impietate,
985 3215 1035 3265 et
1056 3211 1119 3267 de
1142 3210 1313 3265 Cham
1341 3218 1391 3266 et
1413 3213 1647 3267 Balaam
1672 3227 1811 3282 prae-

216 3300 556 3371 sumptione.

143 3390 243 3447 III.
280 3391 357 3445 De
380 3396 601 3461 peccato
631 3388 803 3446 Chore
848 3393 899 3445 et
948 3390 1238 3459 fautorum
1283 3390 1400 3460 ejus
1443 3397 1601 3459 atque
1641 3404 1808 3459 pana

218 3494 435 3536 eorum.
951 3506 958 3513 '

144 3568 238 3625 IV.
273 3569 352 3625 De
381 3567 541 3638 vulgo
571 3569 789 3639 sequaci
811 3573 1291 3639 praesumptorum,
1325 3571 1375 3623 et
1403 3566 1469 3623 de
1497 3566 1811 3638 differentia

214 3658 337 3713 veri
364 3660 418 3713 et
444 3655 584 3727 falsi
610 3656 926 3712 sacerdotii.

148 3750 217 3803 V.
252 3751 341 3804 De
368 3750 571 3805 Iamne
614 3748 664 3802 et
693 3745 950 3817 Humbre,
980 3746 1176 3817 quibus
1200 3746 1410 3817 pejores
1454 3750 1581 3801 sunt
1628 3746 1809 3802 Simo-

220 3852 377 3891 ntacz
387 3877 400 3889 .

147 3924 243 3983 VI.
283 3925 386 3983 Ubi
405 3923 770 3980 admonentur
791 3923 1097 3979 Christiani
1125 3926 1299 3979 vitare
1318 3924 1814 3996 supplantationem

225 4015 641 4079 haereticorum,
700 4028 933 4085 quorum
989 4012 1131 4067 inibi
1184 4013 1396 4067 malum
1449 4020 1611 4084 atque
1652 4030 1813 4085 pa’na

224 4120 423 4161 eorum
452 4102 770 4159 ostenditur.

148 4190 276 4248 VII.
309 4193 387 4249 De
406 4189 770 4247 damnatione
792 4190 914 4260 ﬁcte
933 4191 1292 4263 quaerentium
1315 4191 1484 4246 Deum
1504 4192 1602 4246 sub
1626 4207 1809 4247 exem-

217 4282 315 4353 pla
344 4281 587 4337 Ananiae
613 4288 665 4336 et
694 4279 969 4351 Saphirce.

148 4367 301 4425 VIII.
334 4370 414 4424 De
440 4384 501 4425 eo
530 4368 670 4440 quod
698 4385 808 4425 non
836 4370 1014 4426 solum
1040 4367 1364 4438 vovendum,
1383 4367 1474 4424 sed
1497 4373 1550 4425 et
1580 4369 1811 4426 redden-

222 4458 360 4514 dum
386 4460 463 4514 sit
491 4459 738 4514 Domino.

147 4546 238 4603 IX.
272 4545 429 4617 Quod
452 4548 691 4620 Spiritus
720 4556 939 4604 sanctus
958 4548 1219 4618 ﬁdelibus
1248 4551 1526 4619 appareat,
1560 4548 1808 4620 inﬁdeles

219 4645 411 4694 autem
441 4637 630 4709 lateat,
661 4654 697 4692 a
724 4638 919 4709 quibus
948 4654 1047 4693 nec
1074 4639 1367 4710 quaeritur.

147 4724 216 4781 X.
247 4727 325 4782 De
351 4741 605 4782 excessus
640 4742 829 4783 eorum
873 4726 1195 4800 differentia
1240 4729 1339 4798 qui
1380 4742 1545 4798 super
1596 4727 1806 4798 [unda-

220 4818 475 4871 mentum
517 4814 721 4872 Christi
765 4815 1029 4872 excedunt
1067 4820 1118 4871 et
1151 4830 1340 4871 eorum
1383 4816 1481 4887 qui
1522 4815 1642 4872 sine
1690 4817 1806 4887 ejus
1834 4833 1881 4898 Ι)

222 4904 603 4976 fundamento.

150 4989 243 5048 XI.
278 4993 436 5062 Quod
459 4993 673 5050 vitandi
711 4995 822 5050 sint
851 4993 1101 5051 haeretici
1128 4993 1377 5064 exemplo
1408 4994 1727 5065 viperarum
1755 4999 1806 5050 et

219 5082 394 5140 malae
420 5083 655 5139 arboris.

148 5168 269 5228 XII.
305 5170 461 5241 Quod
484 5172 785 5246 plusquam
824 5175 1033 5246 vipera
1059 5171 1287 5229 cavendi
1311 5173 1425 5229 sint
1452 5172 1718 5242 haeretici,
1752 5178 1805 5229 et

219 5258 286 5317 de
310 5264 520 5318 natura
550 5266 603 5319 et
631 5271 757 5335 typo
786 5279 996 5319 earum.

146 5346 294 5404 XIII.
324 5349 581 5419 Qualiter
609 5353 815 5425 viperae
841 5352 1167 5409 conveniant
1201 5351 1551 5408 Simoniacis.

147 5434 293 5492 XIV.
328 5437 482 5508 Quod
513 5443 681 5497 unius
709 5440 861 5499 modi
886 5442 1001 5497 sint
1043 5441 1385 5496 subversores
1431 5446 1800 5498 sacramento-

216 5542 349 5581 rum
390 5531 442 5583 et
483 5531 774 5586 verborum
818 5530 1038 5599 Christi,
1066 5537 1117 5586 et
1146 5527 1283 5601 quod
1329 5544 1427 5584 nec
1469 5537 1658 5602 petant
1703 5547 1803 5586 nec

219 5615 524 5686 impetrant
556 5617 629 5675 ab
656 5634 735 5675 eo.

149 5699 266 5759 XV.
302 5703 553 5772 Qualiter
585 5725 620 5763 a
648 5708 972 5782 quibusdam
990 5710 1157 5782 juxta
1186 5707 1441 5779 quaedam
1470 5725 1579 5765 non
1608 5710 1800 5769 audia-

221 5796 315 5850 tur
341 5802 395 5854 et
414 5795 586 5866 juxta
614 5798 864 5871 quaedam
891 5798 1151 5858 audiatur
1176 5798 1455 5855 Dominus.

1919 3032 2061 3089 XVI.
2097 3034 2196 3090 Ubi
2223 3034 2629 3090 contradicitur
2648 3035 2931 3093 haereticos
2960 3054 3060 3094 nec
3088 3040 3227 3097 sicut
3253 3043 3574 3102 criminosas

1989 3124 2142 3178 intra
2176 3123 2460 3179 ecclesiam
2488 3124 2660 3180 Deum
2691 3125 2905 3182 audire.

1918 3211 2090 3267 XVII.
2125 3213 2197 3268 De
2225 3212 2539 3283 dilferentia
2560 3216 2963 3284 negotiatorum
2980 3219 3175 3275 saeculi
3191 3224 3242 3275 et
3261 3237 3451 3279 eorum
3477 3241 3571 3296 qui

1989 3301 2252 3356 dicuntur
2278 3300 2608 3358 Simoniaci.
3416 3316 3426 3326 '

1916 3389 2115 3445 XVIII.
2148 3391 2223 3445 De
2251 3406 2315 3445 eo
2355 3391 2496 3461 quod
2540 3392 2792 3447 carnales
2835 3394 3094 3451 Ecclesiae
3136 3398 3258 3452 sine
3301 3398 3412 3468 ﬁde
3455 3416 3568 3456 non

1836 3457 1879 3524 ί]
1985 3479 2099 3534 sint
2138 3479 2319 3534 instar
2363 3457 2548 3534 Ruben
2594 3488 2646 3535 et
2694 3479 2825 3550 Gad,
2857 3488 2908 3537 et
2933 3482 3183 3541 dimidiae
3231 3457 3409 3544 tribus
3454 3490 3564 3546 Ha-

1988 3582 2168 3621 ηαδεε.

1920 3653 2059 3710 XIX.
2090 3656 2165 3711 De
2220 3671 2280 3711 eo
2337 3656 2477 3727 quod
2528 3655 2831 3714 Simoniaci
2885 3676 2920 3715 a
2984 3659 3191 3719 Satana
3250 3666 3568 3736 pervadun-

1988 3748 2082 3798 tur
2108 3745 2355 3816 exemplo
2399 3743 2551 3801 Iuda
2593 3745 2964 3817 proditionem
2989 3750 3214 3807 Domini
3240 3755 3565 3825 aggredien-

1991 3832 2081 3887 tis.

1920 3918 2034 3975 XX.
2069 3921 2207 3988 Quot
2234 3920 2713 3978 maledictionibus
2757 3916 2889 3979 cuni
2915 3925 3058 3980 Iuda
3087 3925 3393 3985 Simoniaci
3435 3932 3564 3988 sub-

1982 4009 2225 4080 jaceant,
2256 4017 2307 4065 et
2336 4010 2571 4082 qualiter
2598 4026 2813 4067 omnem
2843 4014 3139 4070 Ecclesiam
3165 4018 3420 4074 vendant.

1919 4096 2062 4153 XXI.
2092 4098 2167 4153 De
2203 4113 2263 4153 eo
2305 4099 2446 4171 quod
2473 4114 2583 4155 non
2608 4102 2783 4171 prosit
2814 4100 3143 4160 Simoniacis
3173 4108 3567 4182 qualiscunque

1989 4202 2177 4242 eorum
2205 4188 2563 4259 elemosyna.

1920 4273 2087 4331 XXII.
2136 4275 2275 4344 Quid
2324 4276 2510 4347 vulpes
2558 4276 2893 4338 Simoniacae
2944 4282 3158 4352 faciant
3210 4286 3295 4341 vel
3342 4288 3563 4358 patian-

1991 4372 2100 4421 tur.

1917 4453 2111 4510 XXIII.
2142 4454 2419 4523 Allegoria
2448 4453 2513 4510 de
2540 4455 2796 4522 vulpibus
2823 4475 2858 4513 a
2887 4458 3144 4517 Samsone
3172 4465 3360 4534 captis.

1918 4542 2108 4598 XXIV.
2144 4543 2373 4599 Collatia
2402 4546 2620 4599 actuum
2647 4544 2805 4602 Iudae
2830 4551 2883 4602 et
2912 4547 3365 4607 Simoniacorum.

1914 4632 2077 4688 XXV.
2109 4633 2184 4688 De
2210 4648 2270 4688 eo
2299 4632 2437 4704 quod
2481 4633 2658 4691 ludas
2702 4636 2824 4691 sine
2868 4636 2973 4706 ﬁde
3020 4639 3291 4712 pwnituit,
3323 4645 3374 4697 et
3420 4644 3561 4715 quod

1983 4724 2376 4777 consentientes
2417 4722 2761 4793 principibus
2809 4725 3149 4782 sacerdotum
3192 4728 3297 4800 ﬁde
3348 4732 3562 4803 privati

1982 4814 2130 4866 sunt.

1911 4899 2102 4955 XXVI.
2136 4899 2285 4969 Quod
2311 4900 2397 4955 nil
2424 4901 2539 4956 nisi
2564 4901 2971 4959 damnationem
2999 4921 3035 4960 a
3058 4906 3387 4965 Simoniacis
3417 4914 3562 4969 acci-

1982 4991 2142 5062 piant
2168 4991 2337 5045 etiam
2360 4991 2533 5058 gratis
2578 4990 2842 5057 ordinati,
2874 5001 2925 5049 et
2971 4995 3113 5066 quod
3153 4996 3304 5053 idola
3346 5000 3565 5070 faciant

1978 5094 2081 5151 pro
2113 5078 2322 5134 Christo
2351 5078 2595 5134 adorari.
2618 5141 2627 5149 .

1912 5166 2129 5224 XXVII.
2162 5167 2443 5225 Sententia
2481 5170 2660 5224 sancti
2706 5168 3007 5242 Augustini
3035 5190 3146 5245 qua
3173 5192 3358 5233 omnes
3383 5177 3557 5236 haere-

1984 5259 2087 5313 tici
2112 5258 2509 5314 convincuntur
2541 5273 2747 5330 negare
2788 5261 2975 5317 Iesum
3005 5262 3280 5320 Christum
3307 5266 3364 5321 in
3392 5282 3559 5323 carne

1982 5363 2211 5403 υεηιεεε.

1911 5437 2157 5493 XXVIII.
2190 5438 2322 5492 Item
2353 5436 2509 5508 cujus
2536 5452 2725 5509 supra,
2757 5438 2823 5495 de
2847 5454 2908 5497 eo
2936 5440 3073 5511 quod
3098 5440 3343 5496 heretici
3368 5440 3551 5513 Spiri-

1980 5515 2099 5583 tum
2139 5534 2392 5582 sanctum
2419 5542 2531 5582 non
2558 5527 2778 5595 habent,
2810 5530 3055 5601 quamvis
3081 5529 3325 5585 visibilia
3364 5546 3549 5587 sacra-

1980 5619 2170 5672 menta
2200 5616 2453 5671 habeant.

1909 5706 2105 5765 XXIX.
2134 5706 2270 5762 Item
2309 5704 2466 5775 cujus
2495 5708 2548 5761 et
2576 5705 2720 5762 unde
2763 5722 2930 5779 supra
2958 5708 3016 5761 in
3062 5721 3167 5780 quo
3211 5709 3549 5779 cognoscitur

1981 5796 2223 5871 Spiritus
2251 5792 2369 5851 Dei.
