3876 6412
317 463 473 532 1055
1372 462 1782 532 HUMBERTI
1825 460 1892 527 S.
1937 461 2014 526 R.

2057 460 2128 525 E.
2175 458 2645 532 CARDINALIS
3611 455 3749 526 ΑΜ

313 602 474 660 XXX.
529 603 920 675 Recapitulatio
970 603 1375 675 prtemz‘ssorum
1434 601 1717 656 verborum
1771 597 1950 653 sancti
1974 596 2029 664 Α
2058 595 2346 653 XXXVIII.
2378 598 2768 670 Recapitulatio
2805 601 3129 673 praemissae
3173 596 3519 657 sententia?
3548 611 3621 653 ex
3651 599 3752 670 Apo-

385 695 697 765 Augustini.

311 782 500 840 XXXI.
534 784 608 837 De
637 781 852 836 malitia
881 780 1331 842 Simoniacorurn,
1363 782 1412 832 et
1437 776 1576 848 quod
1603 776 1810 847 pejores
1838 776 1954 829 sint

383 871 706 935 latronibus,
741 873 790 924 et
819 871 940 923 sine
969 868 1157 938 aliqua
1189 867 1293 936 ﬁde
1322 867 1438 920 Dei.

309 959 522 1015 XXXII.
559 961 804 1026 Qualiter
834 957 1078 1014 lueretici
1105 973 1138 1010 a
1169 957 1270 1010 Deo
1298 956 1636 1026 fornicantcs
1665 953 1874 1023 faciant
1903 957 1954 1004 et

384 1050 521 1103 alios
551 1048 838 1119 fornicari.

313 1136 550 1190 XXXIII.
608 1140 683 1190 De
736 1134 1100 1188 diminutione
1154 1133 1416 1187 I'Tcrtesigl:
1469 1140 1518 1186 et
1575 1130 1954 1185 lu'm'e'tirorum

380 1225 846 1296 multiplicatione.

305 1313 541 1367 XXXIV.
579 1313 786 1380 Quanto
811 1311 1228 1383 perniciosiores
1257 1309 1515 1364 omnibus
1546 1307 1818 1361 barreticis
1843 1307 1952 1359 sint

375 1402 704 1456 .S'imoniaci.

302 1489 514 1545 XXXV.
550 1491 620 1544 De
651 1491 938 1543 uativitate
976 1491 1023 1541 et
1061 1489 1384 1540 incremento
1412 1485 1736 1539 Simmziara:
1775 1482 1948 1537 turre-

372 1595 505 1633 8608.

301 1665 536 1721 XXXVI.
571 1666 814 1733 Qualiter
861 1664 1163 1717 Simoniaci
1194 1679 1300 1716 non
1331 1662 1504 1714 solum
1541 1675 1624 1713 res
1676 1658 1948 1722 Ecclesiw,

371 1753 462 1809 sed
522 1756 663 1825 ipsos
713 1769 921 1825 quoque
962 1753 1240 1824 principes
1293 1767 1412 1804 cum
1458 1748 1678 1819 populis
1729 1747 1950 1800 diabolo

372 1843 630 1898 vendunt.

2129 687 2323 756 calysi.

2061 773 2292 829 XXXIX.
2326 778 2459 844 Quae
2486 777 2599 832 sint
2627 778 2788 848 signa
2814 785 2866 833 et
2890 777 3165 850 prodigia
3201 775 3675 833 catholicorum.

2060 862 2164 917 XL.
2203 865 2337 932 Quae
2363 865 2472 919 sint
2499 867 2660 936 signa
2687 875 2739 921 et
2762 867 3018 938 prodigia
3052 867 3535 924 lucretio-orum.

2063 949 2200 1006 XLI.
2235 952 2306 1006 De
2332 955 2542 1008 saevitia
2571 955 2735 1024 huius
2774 955 2956 1010 bestiae
2984 955 3138 1013 etde
3177 955 3556 1010 charactere
3589 952 3758 1008 Christi

2131 1043 2182 1093 et
2212 1040 2552 1097 Antichristi.

2060 1126 2219 1182 XLII.
2253 1129 2328 1182 De
2356 1132 2784 1199 negotiatoribus
2815 1132 3022 1188 Christi
3047 1137 3101 1188 et
3133 1133 3541 1188 Antichristi.

2059 1214 2249 1270 XLIII.
2285 1217 2396 1284 Quo
2425 1219 2734 1275 charactere
2775 1220 3084 1277 Simoniaci
3121 1225 3484 1277 noscantur
3517 1235 3636 1277 esse
3675 1223 3760 1276 An-

2129 1304 2382 1361 tichristi.

2057 1392 2241 1447 XLIV.
2275 1397 2552 1463 Quantum
2588 1398 2701 1452 sint
2748 1399 2834 1452 rei
2878 1399 3145 1456 Ecclesiae
3195 1399 3580 1463 Simoniaci,
3630 1402 3680 1455 et
3713 1398 3761 1453 de

2130 1498 2356 1537 numero
2385 1485 2624 1539 nominis
2657 1485 2887 1542 Christi.

2057 1568 2220 1624 XLV.
2256 1571 2328 1625 De
2356 1588 2581 1627 numero
2609 1576 2850 1630 nominis
2879 1575 3246 1632 Antichristi.

2057 1657 2242 1712 XLVI.
2280 1660 2526 1726 Qualiter
2553 1661 2786 1718 Satanas
2818 1665 3124 1735 profanam
3175 1667 3566 1724 Trinitatem
3597 1673 3765 1721 contra

2131 1746 2375 1802 divinam
2403 1754 2664 1806 exstruat.

2057 1833 2274 1889 XLVII.
2310 1837 2459 1904 Quod
2501 1839 2648 1895 nihil
2691 1842 2864 1912 prosit
2893 1841 3178 1898 haereticis
3213 1860 3325 1900 nec
3381 1843 3467 1899 ad
3519 1843 3660 1914 ﬁdei
3684 1860 3766 1898 nec

299 1930 564 1986 XXXVII.
601 1932 672 1985 De
699 1930 1080 1984 intestz'mabiti
1124 1930 1366 2000 nequitia
1419 1927 1682 1983 luereseos
1713 1927 1763 1980 et
1795 1925 1950 1995 quali
1977 1951 2023 2016 Β
2130 1923 2201 2016 ad
2229 1925 2426 1982 salutis
2466 1929 2733 2000 effectum,
2763 1932 2984 1986 etiamsi
3024 1931 3362 2002 grandibus
3419 1933 3663 1989 vocibus
3689 1950 3765 1988 ca-

371 2021 548 2074 bestiaa
579 2021 634 2073 in
665 2019 992 2090 Apocalypsi
1020 2021 1386 2088 comparetur.

2124 2012 2381 2068 tholicum
2411 2015 2694 2074 decantent
2721 2019 3052 2090 symbolum.

2565 2107 2888 2178 Expliciunt
2922 2110 3196 2180 capitula.

1241 2295 1645 2380 INCIPIT
1707 2291 2047 2378 LIBER
2109 2290 2749 2382 SECUNDUS.

827 2445 1052 2502 CAPUT
1103 2443 1405 2500 PRIMUM.

373 2536 512 2606 Quid
544 2537 724 2592 beatus
757 2540 946 2591 Petrus
972 2535 1243 2605 apostolus
1267 2536 1460 2603 suique
1488 2530 1783 2602 coapostali
1812 2527 1875 2582 de

831 2607 1103 2662 hscreticis
1141 2607 1428 2660 senserint.

370 2713 656 2784 Principis
677 2711 1069 2784 apostolorum
1096 2711 1339 2782 piissimi
1365 2708 1621 2763 Simonis
1645 2705 1794 2762 Petri
1823 2720 1950 2758 seu-

300 2806 354 2858 te
369 2803 548 2857 ntiam
565 2805 620 2856 in
639 2801 1054 2872 impiissimum
1073 2801 1365 2855 Simonem
1384 2799 1616 2869 Magum
1632 2795 1750 2851 zelo
1766 2793 1950 2866 ipsius

310 2890 613 2954 columbae,
633 2890 801 2959 cujus
825 2888 978 2942 filius
999 2891 1138 2958 erat,
1159 2886 1466 2958 prolatam,
1485 2889 1685 2940 contra
1705 2880 1955 2954 pertina_

301 2995 394 3034 ces
427 2975 872 3032 calumniatores
901 2976 1202 3030 defensum
1226 2974 1309 3028 ire
1338 2990 1438 3046 pro
1463 2976 1631 3044 captu
1669 2965 1954 3041 ingenioli

302 3081 634 3137 aggressus,
667 3063 896 3118 nullum
936 3063 1079 3117 mihi
1123 3063 1318 3133 aptius
1362 3060 1736 3133 principium,
1769 3072 1950 3130 quam

301 3155 476 3208 verba
503 3153 787 3223 ejusdem.
813 3152 980 3222 cujus
1015 3151 1246 3222 egregia
1287 3151 1432 3204 ﬁdes
1467 3165 1572 3204 nec
1605 3147 1814 3202 defecit
1844 3161 1948 3244 nec
1978 3178 2020 3244 Ο

302 3241 616 3314 aliquando
639 3239 882 3305 deﬁciet,
899 3256 1028 3294 sum
1051 3237 1618 3303 arhitratus.Quibus
1638 3235 1947 3290 concordes

301 3329 598 3386 sententiae
632 3327 1094 3401 coapostolorum
1137 3327 1264 3394 ejus
1294 3325 1452 3382 velut
1491 3323 1943 3395 subscriptiones

298 3417 752 3487 subjungantur.
780 3415 880 3470 Hic
912 3415 1066 3471 enim
1107 3415 1176 3470 de
1206 3415 1332 3486 ipso
1363 3419 1419 3469 et
1448 3412 1782 3483 hujusmodi
1816 3426 1950 3482 per-

299 3505 432 3560 fidis
490 3509 546 3559 et
603 3504 881 3576 apostatis
931 3505 990 3558 in
1039 3502 1286 3574 epistola
1323 3520 1430 3558 sua
1471 3502 1727 3558 secunda
1769 3498 1952 3555 latius

296 3593 615 3660 disserens,
647 3593 725 3648 ait
759 3609 772 3646 :
809 3615 835 3642 «
870 3593 1128 3647 Fuerunt
1171 3591 1690 3664 pseudoprophetze
1740 3589 1800 3643 in
1851 3604 1950 3660 po-

297 3681 454 3754 pulo,
487 3681 638 3735 sicut
666 3685 722 3736 et
764 3681 821 3735 in
865 3681 1026 3736 vobis
1079 3685 1249 3735 erunt
1296 3679 1562 3752 magistri
1611 3679 1948 3755 mendaces,

298 3769 397 3842 qui
428 3769 807 3824 introducent
837 3773 1024 3824 sectas
1047 3769 1409 3840 perditionis,
1435 3773 1643 3824 etcum
1676 3767 1776 3839 qui
1810 3765 1952 3822 emit

298 3873 396 3912 eos
428 3855 739 3912 Dominum
792 3861 1028 3929 negant,
1061 3857 1516 3930 superducentes
1566 3855 1949 3926 sibimetipsis

298 3945 540 4000 celerem
597 3944 1004 4017 perditionem.
1051 3945 1117 4000 Et
1162 3945 1328 3999 multi
1381 3947 1699 4016 sequentur
1747 3959 1947 3998 eorum

299 4033 584 4099 luxurias,
609 4050 710 4104 per
739 4049 888 4105 quos
909 4033 1000 4087 via
1028 4033 1288 4088 veritatis
1319 4031 1783 4104 blasphematur,
1803 4035 1859 4086 et
1887 4031 1944 4085 in

299 4120 540 4176 avaritia
587 4121 736 4176 lictis
781 4121 974 4176 verbis
1006 4121 1075 4176 de
1102 4121 1267 4176 vobis
1316 4119 1790 4191 negotiahuntur,
1819 4119 1946 4190 qui-

298 4207 712 4280 busjudicium
729 4209 852 4280 jam
876 4208 1014 4263 olim
1040 4225 1153 4263 non
1177 4212 1389 4272 cessat,
1405 4211 1459 4262 et
1479 4207 1724 4278 perditio
1745 4223 1943 4261 eorum

299 4314 416 4352 non
451 4297 728 4352 dormitat
755 4299 832 4366 (II
858 4299 1006 4352 Petr.
1039 4314 1101 4366 Π,
1131 4297 1269 4367 1-3).
1299 4319 1324 4345 n
1349 4297 1418 4350 Et
1441 4299 1571 4368 post
1599 4311 1783 4367 pauca
1806 4312 1855 4349 :«
1877 4295 1943 4350 Hi

297 4385 456 4440 velut
483 4384 902 4441 irrationabilia
923 4401 1130 4457 pecora
1154 4383 1494 4439 naturaliter
1525 4383 1584 4438 in
1617 4384 1943 4456 captionem

297 4479 354 4529 et
385 4475 442 4529 in
476 4474 786 4546 perniciem
821 4474 878 4528 in
907 4473 1002 4529 his
1025 4491 1150 4546 quae
1171 4473 1443 4546 ignorant
1463 4471 1942 4544 blasphemantes

2052 2439 2402 2512 refugientes
2433 2443 2934 2515 coinquinationes
2952 2446 3164 2502 mundi
3196 2446 3260 2503 in
3294 2447 3642 2521 agnitione
3661 2453 3769 2506 Do-

2055 2528 2198 2584 mini
2229 2531 2432 2600 nostri,
2463 2537 2518 2588 et
2547 2533 2861 2590 Salvatoris
2889 2535 3033 2590 Jesu
3065 2535 3317 2603 Christi,
3355 2536 3468 2592 his
3538 2555 3756 2596 rursus

2055 2617 2337 2688 implicati
2397 2627 2792 2692 superantur:
2841 2623 2993 2678 facta
3051 2627 3194 2678 sunt
3251 2624 3346 2680 eis
3417 2628 3765 2698 posteriora

2058 2705 2345 2762 deteriora
2403 2707 2715 2780 prioribus.
2768 2709 2978 2766 Melius
3033 2711 3194 2767 enim
3251 2717 3392 2768 erat
3459 2713 3598 2770 illis
3651 2733 3761 2772 non

2059 2808 2404 2863 cognoscere
2429 2796 2580 2852 viam
2603 2797 2867 2868 justitiaz,
2895 2815 3076 2870 quam
3103 2803 3240 2871 post
3266 2801 3569 2872 agnitam
3606 2808 3761 2860 retro

2061 2882 2313 2936 converti
2353 2883 2426 2938 ab
2474 2901 2540 2940 eo
2582 2886 2742 2956 quod
2787 2887 3072 2942 traditum
3120 2891 3212 2944 est
3268 2887 3402 2945 illis
3471 2896 3758 2947 sanctum

2062 2971 2425 3026 mandatum.
2459 2973 2712 3046 Contigit
2739 2974 2894 3030 enim
2926 2973 3042 3030 illis
3081 2973 3233 3031 illud
3265 2976 3397 3032 veri
3447 2980 3758 3050 proverbii

2061 3058 2241 3128 (Prov.
2273 3076 2468 3132 xxvm,
2503 3063 2628 3133 1'2):
2662 3085 2690 3114 «ι
2733 3063 2902 3118 Canis
2945 3079 3216 3120 reversus
3265 3065 3344 3120 ad
3401 3083 3611 3124 suum
3663 3085 3760 3125 vo-

2061 3146 2294 3216 mitum,
2341 3153 2397 3204 et
2441 3167 2544 3206 sus
2594 3149 2712 3208 lota
2755 3151 2814 3207 in
2858 3150 3166 3208 volutabro
3217 3151 3333 3209 luti
3367 3155 3456 3224 (ΙΙ
3483 3157 3659 3212 Petr.
3699 3175 3759 3222 ιι,

2060 3236 2223 3306 22.)»
2257 3237 2438 3293 Judas
2471 3255 2700 3311 quoque
2729 3239 3029 3312 apostolus
3057 3240 3131 3296 de
3169 3241 3398 3298 talibus
3435 3261 3559 3301 nos
3595 3263 3759 3302 com-

2061 3338 2325 3391 monens,
2359 3325 2438 3381 ait
2466 3344 2478 3380 :
2505 3350 2531 3376 ‹‹
2565 3327 2986 3384 Subintroeunt
3015 3328 3262 3402 quidam
3295 3329 3624 3400 homines,
3651 3336 3758 3407 qui

2060 3411 2198 3467 olim
2245 3415 2551 3487 proscripti
2599 3420 2740 3472 sunt
2787 3416 2847 3471 in
2893 3416 3004 3473 hoc
3040 3417 3342 3489 judicium
3397 3420 3614 3494 impii,
3653 3424 3762 3480 Dei

2060 3501 2242 3556 nostri
2272 3503 2518 3574 gratiam
2544 3505 2960 3560 transferentes
2991 3505 3052 3560 in
3079 3504 3411 3576 luxuriam,
3441 3514 3509 3564 et
3540 3511 3760 3568 solum

2059 3588 2488 3646 Dominatorem
2520 3595 2577 3646 et
2621 3591 2935 3648 Dominum
2966 3597 3240 3650 nostrum
3285 3595 3508 3652 Jesum
3567 3599 3760 3655 Chri-

2059 3681 2214 3733 stum
2249 3682 2526 3751 negantes
2554 3679 2698 3750 (Jud.
2732 3681 2808 3753 4).
2835 3682 2905 3736 Et
2941 3686 3076 3754 post
3117 3699 3309 3755 pauca
3339 3701 3352 3739 :
3379 3707 3409 3734 ι(
3446 3685 3554 3741 Vae
3594 3687 3760 3759 illis,

2059 3766 2158 3839 qui
2184 3767 2277 3822 via
2307 3767 2447 3822 Cain
2495 3767 2782 3836 abierunt,
2814 3777 2873 3826 et
2910 3785 3105 3827 errore
3153 3771 3396 3828 Balaam
3449 3777 3762 3834 mercede

2056 3855 2222 3911 effusi
2257 3859 2412 3924 sunt,
2463 3860 2520 3912 et
2561 3857 3022 3915 contradictione
3052 3859 3238 3916 Chore
3289 3861 3641 3933 perierunt.
3683 3866 3764 3924 Hi

2057 3947 2195 4000 sunt
2238 3944 2298 3999 in
2340 3944 2528 4016 epulis
2573 3945 2698 4002 suis
2728 3945 2995 4016 macula,
3027 3948 3406 4005 convivantes
3456 3951 3612 4008 sine
3675 3957 3766 4010 ti-

2057 4047 2235 4098 more,
2261 4032 2604 4104 semetipsos
2636 4038 2943 4104 pascentes
2968 4052 2981 4090 :
3007 4036 3196 4092 nubes
3225 4035 3349 4092 sine
3381 4051 3575 4107 aqua,
3605 4057 3766 4113 quae

2055 4136 2090 4175 a
2117 4120 2302 4176 ventis
2353 4120 2868 4191 circumferuntur;
2902 4123 3144 4180 arbores
3196 4124 3618 4196 autumnales,
3663 4129 3766 4186 in-

2055 4207 2384 4276 fructuosae,
2419 4208 2508 4264 bis
2540 4214 2803 4278 mortute,
2833 4211 3170 4281 eradicatze;
3203 4212 3423 4268 ﬂuctus
3453 4213 3572 4270 feri
3616 4233 3766 4275 ma-

2053 4297 2155 4363 ris,
2175 4298 2589 4370 deepumantes
2611 4315 2749 4354 suas
2778 4300 3184 4369 confusiones;
3210 4301 3410 4358 sidera
3435 4307 3764 4374 errantia,

2053 4386 2268 4459 quibus
2289 4385 2540 4459 procella
2558 4387 2930 4444 tenebrarum
2959 4389 3019 4444 in
3041 4393 3328 4444 aeternum
3352 4395 3609 4448 servata
3635 4402 3763 4452 est.

2053 4474 2422 4548 Prophetavit
2460 4479 2676 4542 autem,
2705 4479 2763 4531 et
2808 4477 2881 4533 de
2923 4476 3017 4533 his
3067 4477 3364 4550 septimus
3415 4479 3494 4535 ab
3547 4483 3767 4540 Adam

299 4563 358 4618 in
391 4551 763 4636 corruptione.
806 4579 917 4618 sua.
956 4563 1248 4635 peribunt,
1289 4561 1674 4635 percipientes
1723 4577 1937 4616 merce-
1969 4539 2017 4604 D
2046 4563 2242 4620 Enocb
2273 4563 2472 4618 dicens
2498 4580 2510 4618 :
2536 4563 2677 4618 Ecce
2699 4563 2860 4620 venit
2881 4539 3172 4622 Dominus
3200 4565 3262 4622 in
3286 4565 3528 4624 sanctis
3564 4571 3767 4626 milli-

299 4653 429 4706 dem
478 4651 873 4722 injustitiae....
926 4650 1286 4706 Pellicientes
1339 4650 1566 4705 animas
1613 4649 1936 4716 instabiles,

299 4757 398 4795 cor
426 4740 734 4796 excitantis
755 4739 1004 4796 avaritize
1027 4739 1328 4804 habentes,
1353 4737 1784 4794 maledictionis
1808 4737 1908 4792 filii
1935 4771 1948 4809 ε

299 4828 766 4900 derelinquentes
788 4833 1002 4884 rectam
1021 4828 1176 4883 viam
1199 4831 1562 4894 erraverunt,
1583 4827 1767 4883 secuti
1799 4827 1950 4881 viam

299 4915 536 4971 Balaam
569 4933 638 4970 ex
657 4917 855 4982 Bosor,
875 4917 971 4988 qui
1000 4917 1321 4972 mercedem
1352 4915 1680 4988 iniquitatis
1711 4916 1945 4976 amavit.

301 5002 732 5074 Correptionem
757 5009 951 5059 autem
973 5005 1175 5060 habuit
1200 5021 1317 5060 suae
1339 5004 1584 5059 vesania
1606 5021 1620 5059 :
1643 5005 1950 5078 subjugale

301 5095 552 5158 mutum,
589 5092 741 5162 quod
773 5091 830 5146 in
862 5091 1117 5147 hominis
1168 5109 1303 5147 voce
1353 5091 1601 5162 loquens
1649 5093 1950 5164 prohibuit

301 5177 594 5251 prophetae
625 5179 1040 5251 insipientiam.
1071 5180 1135 5235 Hi
1168 5185 1308 5236 sunt
1331 5180 1518 5234 fontes
1549 5179 1674 5235 sine
1695 5199 1866 5252 aqua,
1893 5188 1950 5239 et

303 5266 528 5322 nebulae
552 5267 884 5322 turbinibus
907 5269 1222 5340 exagitatae,
1247 5266 1462 5338 quibus
1488 5266 1671 5340 caligo
1691 5270 1949 5326 tenebra-

303 5371 434 5409 rum
470 5357 1098 5428 reservatur.Superba
1126 5355 1282 5409 enim
1314 5354 1590 5410 vanitatis
1622 5355 1944 5429 loquentes,

304 5441 550 5498 illiciunt
568 5444 623 5498 in
639 5444 942 5500 desideriis
957 5443 1148 5498 carnis
1166 5441 1403 5496 luxurias
1417 5459 1514 5497 eos
1528 5443 1627 5514 qui
1645 5444 1946 5516 paululum

307 5529 415 5584 elt‘u
425 5530 713 5604 giunt,qui
733 5533 792 5587 in
811 5548 1002 5588 errore
1019 5534 1464 5586 conversantur:
1490 5529 1814 5588 libertatem
1831 5535 1947 5592 illis

309 5616 878 5687 promittentes,cum
903 5619 1008 5692 ipsi
1030 5617 1174 5673 servi
1201 5617 1318 5672 sint
1337 5620 1754 5691 corruptionis;
1779 5641 1812 5678 a
1833 5642 1946 5696 quo

309 5701 464 5759 enim
482 5702 612 5776 quis
633 5713 940 5780 superatus
956 5711 1064 5774 est,
1078 5706 1254 5777 hujus
1275 5709 1330 5761 et
1347 5721 1548 5762 servus
1565 5713 1672 5764 est.
1717 5711 1775 5767 Si
1791 5713 1946 5770 enim

2048 4653 2159 4708 bus
2191 4651 2316 4707 suis
2348 4651 2533 4707 facere
2556 4651 2850 4722 judicium
2883 4658 3089 4710 contra
3120 4670 3352 4721 omnes,
3388 4657 3450 4710 et
3481 4673 3769 4732 arguere

2061 4757 2264 4796 omnes
2297 4739 2507 4812 impios
2535 4739 2604 4795 de
2634 4741 2909 4797 omnibus
2937 4742 3218 4814 operibus
3268 4743 3615 4814 impietatis
3653 4765 3767 4805 eo-

2059 4845 2213 4893 rum,
2233 4827 2446 4901 quibus
2465 4828 2641 4900 impie
2659 4833 2996 4901 egerunt,et
3011 4831 3082 4886 de
3101 4831 3382 4887 omnibus
3402 4832 3587 4890 duris
3612 4853 3766 4908 quae

2059 4915 2238 4974 locuti
2263 4921 2402 4972 sunt
2419 4919 2621 4972 contra
2641 4932 2776 4972 eum
2800 4923 3136 4990 peccatores
3165 4923 3223 4975 et
3253 4919 3449 4992 impii.
3482 4922 3566 4977 Hi
3601 4931 3768 4984 sunt

2060 5007 2544 5074 murmuratores,
2583 5004 2893 5076 querelosi,
2927 5007 3254 5062 secundum
3287 5007 3603 5067 desideria
3635 5021 3768 5071 sua

2058 5091 2450 5158 ambulantes,
2477 5096 2534 5146 et
2563 5108 2628 5147 os
2656 5091 2893 5148 illorum
2921 5093 3186 5166 loquitur
3207 5095 3594 5170 superbiam,
3632 5102 3766 5158 mi-

2059 5185 2256 5238 rantes
2305 5196 2585 5253 personas
2637 5187 2894 5252 queestus
2923 5197 3121 5238 causa.
3153 5182 3272 5239 Vos
3320 5189 3560 5252 autem,
3597 5189 3766 5247 aha-

2058 5269 2299 5341 rissimi,
2333 5285 2621 5324 memores
2673 5273 2856 5325 estote
2904 5271 3238 5338 verborum,
3274 5287 3406 5343 quae
3440 5277 3762 5346 praedicta

2059 5363 2198 5416 sunt
2227 5358 2300 5414 ab
2330 5356 2611 5429 apostolis
2659 5357 2889 5413 Domini
2931 5359 3114 5416 nostri
3163 5359 3308 5416 Jesu
3340 5361 3604 5436 Christi,
3641 5369 3758 5440 qui

2057 5447 2331 5502 dicebant
2357 5445 2543 5512 vobis,
2575 5445 2855 5518 quoniam
2884 5445 2945 5502 in
2975 5447 3299 5504 novissimo
3327 5451 3620 5522 tempore
3653 5471 3760 5513 ve-

2057 5536 2223 5592 nient
2251 5533 2522 5590 illusores
2542 5534 2864 5590 secundum
2897 5552 3006 5592 sua
3024 5535 3318 5592 desideria
3338 5539 3756 5602 ambulantes

2057 5625 2116 5680 in
2151 5624 2530 5694 impietatem.
2565 5622 2636 5676 Hi
2682 5627 2822 5678 sunt
2849 5625 2951 5696 qui
2981 5629 3295 5698 segregant
3337 5628 3754 5703 semetipsos,

2057 5711 2362 5781 animales,
2381 5709 2658 5782 spiritum
2680 5727 2794 5769 non
2817 5711 3246 5772 habentes.Vos
3268 5719 3477 5773 autem
3501 5717 3756 5780 charis-

3807 1394 3811 1484 Ιι

3811 1515 3815 1650 l

3815 1653 3819 1772 l

3819 1792 3824 1922 ‘l

3823 1929 3826 1962 Ι
