3876 6346
69 399 282 475 1³05⁸7

693 417 1108 481 ADVERSUS
1157 413 1630 480 SIMONIACOS
1675 412 1887 480 LIBRI
1929 417 2496 483 TRES.—LIBER
2540 419 2974 486 SECUNDUS.

3371 423 3528 488 1058

69 545 836 620 rimi,superredificantes
857 552 1237 622 vosmetipsos
1259 553 1639 606 sanctissima:
1684 569 1774 606 ve-
1807 562 1859 628 Α
1891 554 2195 623 quentium
2248 556 2642 621 mendacium,
2697 556 3150 612 ctcauteriatam
3189 555 3529 612 habentium

69 650 170 686 rm
223 637 400 704 fidei,
426 638 481 692 in
507 639 727 710 Spiritu
781 644 982 692 sancto
1031 646 1282 704 orantes,
1309 641 1693 711 vosmetipsos
1717 641 1773 693 in

69 723 447 781 dilectione
475 728 700 781 Domini
725 734 966 794 servate,
1001 735 1398 800 exspectantes
1449 731 1774 784 misericor-

69 811 281 868 diam
318 815 417 870 Dei
441 815 626 870 nostri
665 817 802 871 Jesu
826 817 1035 872 Christi
1055 817 1110 872 in
1159 818 1338 874 vitam
1383 823 1677 873 aeternam.
1710 819 1780 873 Et

73 899 116 953 h
132 917 216 956 os
253 905 510 976 quidem
533 905 1129 977 arguitejudicantes,
1161 906 1290 962 illos
1310 924 1442 962 vero
1463 907 1680 962 salvate
1709 907 1778 962 de

70 987 248 1060 igne
275 994 620 1064 rapientes;
647 994 778 1049 aliis
800 1000 994 1050 autem
1030 995 1390 1051 miseremini
1440 995 1498 1050 in
1548 995 1777 1063 timore,

77 1078 166 1131 od
183 1079 399 1136 ientes
422 1088 476 1136 et
493 1099 642 1147 eam,
668 1099 792 1154 qum
813 1083 1066 1139 carnalis
1088 1090 1197 1150 est,
1233 1083 1585 1140 maculatam
1625 1083 1781 1138 tuni-

75 1182 242 1221 cam
273 1170 437 1239 (Jud.
473 1171 673 1241 11ο25).
701 1171 994 1226 nJoannes
1017 1189 1247 1244 quoque
1270 1172 1386 1228 sive
1405 1172 1780 1245 evangelista,

82 1259 163 1308 ut
195 1259 502 1324 creditur,
529 1261 646 1314 sive
671 1261 970 1332 presbyter
991 1261 1258 1317 Ecclesia:
1283 1261 1512 1333 Ephesi,
1551 1261 1783 1316 cuidam

80 1352 347 1399 sanctae
374 1349 598 1402 feminm
621 1349 880 1404 scribens
899 1349 1073 1410 dicit:
1109 1374 1134 1400 ι(
1165 1350 1282 1405 Hoc
1306 1355 1394 1405 est
1439 1351 1785 1405 mandatum

83 1432 234 1500 Dei,
265 1442 342 1489 ut
367 1439 862 1508 quemadmodum
886 1440 1134 1494 audistis
1157 1441 1228 1494 ab
1263 1439 1424 1495 initio
1457 1440 1512 1494 in
1546 1457 1611 1494 eo
1661 1455 1787 1494 am-

82 1521 370 1580 buletis.
401 1527 684 1592 Quoniazn
709 1527 874 1582 multi
901 1529 1515 1584 seductoresexierunt
1539 1529 1595 1583 in
1625 1545 1790 1583 mun-

87 1611 288 1680 dum,
319 1616 420 1686 qui
449 1633 559 1670 non
594 1619 950 1671 conﬁtentur
979 1617 1179 1673 Jesum
1213 1618 1510 1673 Christum
1562 1618 1790 1673 venisse

89 1701 155 1754 in
197 1719 479 1758 carnem.
509 1705 610 1760 llic
639 1711 727 1760 est
758 1707 1031 1761 seductor
1061 1712 1118 1760 et
1146 1707 1561 1762 Antichristus.
1589 1706 1790 1762 Videte

86 1793 522 1862 vosmetipsos
551 1811 621 1848 ne
653 1795 910 1865 perdatis
943 1813 1069 1866 qua:
1102 1796 1322 1866 operati
1355 1796 1520 1860 estis,
1573 1796 1673 1850 sed
1729 1800 1792 1850 ut

91 1882 460 1935 mercedem
495 1881 724 1952 plenam
759 1885 1080 1955 accipiatis.
1115 1884 1320 1939 Omnis
1358 1885 1454 1956 qui
1491 1885 1705 1939 recedit
1734 1889 1790 1940 et

93 1985 229 2022 non
259 1975 471 2023 manet
494 1970 548 2023 in
571 1970 836 2026 doctrina
859 1971 1082 2037 christi,
1108 1973 1289 2027 Deum
1318 1989 1431 2028 non
1459 1973 1633 2028 habet
1656 1990 1666 2026 :
1686 1973 1785 2045 qui

96 2064 441 2128 permanet
474 2060 527 2112 in
553 2060 838 2126 doctrina,
871 2060 964 2115 hic
985 2064 1040 2115 et
1070 2060 1280 2116 Filium
1312 2066 1368 2116 et
1399 2062 1624 2117 Patrem
1686 2063 1786 2118 ha-

96 2148 234 2202 bet.
264 2147 476 2217 Siquis
497 2148 654 2202 venit
679 2149 749 2202 ad
781 2166 882 2203 vos
911 2154 968 2203 et
998 2149 1147 2204 hanc
1179 2151 1504 2206 doctrinam
1541 2168 1650 2205 non
1701 2152 1784 2205 af-

105 2237 252 2301 fert,
295 2236 479 2290 nolite
501 2253 633 2290 eum
656 2237 909 2310 recipere
931 2237 988 2292 in
1011 2239 1276 2305 domum,
1295 2255 1398 2294 nec
1419 2241 1532 2294 Ave
1554 2241 1602 2293 ei
1627 2241 1785 2294 dixe-

104 2324 585 2387 ritis.0uicnim
609 2325 850 2379 dicitilli
901 2329 1036 2390 Ave,
1063 2328 1462 2382 communicat
1510 2329 1786 2399 operibus

105 2415 251 2483 ejus
281 2413 562 2483 malignis
585 2414 846 2484 (Illoan.,
869 2415 1044 2482 6-l0).
1076 2439 1101 2464 ››
1123 2416 1266 2470 Hinc
1288 2416 1464 2470 etiam
1487 2416 1583 2471 ille
1609 2416 1788 2470 mini-

107 2521 258 2557 mus
279 2503 686 2574 apostolorum
711 2504 1028 2574 vocatione,
1050 2505 1342 2560 maximus
1369 2510 1561 2560 autem
1587 2507 1790 2577 prcedi-

109 2593 363 2647 catione
387 2593 790 2663 etoperatione
816 2593 1051 2660 Paulus,
1073 2593 1307 2649 Galatas
1335 2612 1368 2649 a
1390 2595 1787 2666 pseudoapos-

109 2681 259 2736 tolis
287 2681 614 2735 fascinatos
637 2681 1157 2748 deterret,dicens:
1211 2706 1238 2732 ‹‹
1289 2683 1464 2737 Miror
1502 2684 1657 2754 quod
1703 2684 1787 2738 sic

111 2776 242 2826 tam
273 2771 398 2825 cito
446 2771 866 2824 transfcrimini
900 2772 970 2825 ab
997 2787 1083 2837 eo,
1103 2771 1200 2843 qui
1222 2789 1323 2827 vos
1341 2773 1630 2826 vocavitin
1655 2789 1786 2845 gra-

113 2861 269 2914 tiam
295 2859 626 2924 Christi,in
652 2858 812 2913 aliud
859 2859 1270 2932 Evangelium;
1324 2861 1476 2933 quod
1535 2878 1648 2916 non
1701 2865 1790 2916 est

115 2949 311 3014 aliud,
337 2949 454 3002 nisi
480 2953 616 3002 sunt
635 2947 813 3019 aliqui
840 2949 939 3020 qui
962 2966 1062 3005 vos
1101 2950 1470 3016 conturbant,
1492 2956 1549 3005 et
1587 2949 1788 3005 volunt

114 3043 470 3094 convertere
502 3036 881 3109 Evsngclium
913 3037 1148 3094 Christi.
1183 3038 1295 3094 Sed
1340 3038 1472 3094 licet
1505 3056 1632 3105 nos,
1691 3043 1791 3094 aut

115 3128 377 3201 angelus
431 3127 501 3181 de
556 3127 698 3181 coelo
747 3125 1098 3198 evangelizet
1154 3127 1340 3193 vobis,
1401 3132 1788 3200 praeterquam

116 3218 280 3290 quod
317 3215 872 3288 evangelizavimus,
907 3215 1220 3270 anathema
1241 3216 1336 3271 sit.
1391 3217 1550 3272 Sicut
1580 3217 1788 3288 praedi-

1889 641 2300 695 conscientiam
2320 661 2486 696 suam
2515 645 2560 713 (Ι
2577 647 2788 704 Tiva.
2807 645 2822 698 Ι
2838 647 2872 712 ξ).
2896 669 2920 691 υ
2941 647 3006 698 Et
3027 649 3155 716 post
3173 644 3368 716 aliqua
3386 645 3533 698 idem

1885 733 1954 785 ad
1975 734 2278 786 eumdem:
2309 753 2335 781 ‹‹
2357 733 2414 787 Si
2442 733 2573 804 quis
2596 734 2767 789 aliter
2789 737 2976 804 docet,
3005 739 3059 788 et
3082 752 3192 788 non
3220 736 3541 806 acquiescit

1888 821 2048 875 sanis
2071 821 2440 875 sermonibus
2464 821 2690 877 Domini
2737 822 2922 876 nostri
2974 825 3107 878 Jesu
3131 823 3365 888 Christi,
3400 827 3454 878 et
3489 823 3541 878 ei

1889 926 2013 980 qua:
2037 910 2359 964 secundum
2387 911 2658 982 pietatem
2681 917 2770 966 est
2791 912 3092 979 doctrinas,
3123 913 3418 983 superbus
3449 911 3540 966 ni-

1889 997 1973 1051 hil
1998 997 2206 1062 sciens,
2229 1000 2329 1052 sed
2356 998 2637 1070 languens
2662 999 2815 1056 circa
2837 1001 3193 1072 quzestiones
3217 1006 3274 1055 et
3313 1019 3542 1073 pugnas

1891 1087 2218 1152 verborum,
2245 1105 2313 1141 ex
2335 1088 2828 1158 quibusoriuntur
2847 1089 3096 1154 invidiae,
3134 1091 3542 1146 contentiones

1895 1174 2295 1245 blasphemia,
2355 1178 2798 1248 superstitiones
2839 1178 3024 1244 malm,
3073 1178 3542 1234 conﬂictationes

1895 1263 2200 1317 hominum
2229 1271 2416 1318 mente
2438 1271 2865 1336 corruptorum,
2891 1273 2948 1322 et
2971 1267 3068 1339 qui
3088 1267 3325 1322 veritate
3354 1267 3542 1340 priva-

1896 1353 1939 1406 ti
1966 1357 2122 1416 sunt,
2147 1353 2546 1407 existimantes
2568 1360 2855 1424 qumstum
2912 1373 3038 1410 esse
3097 1357 3390 1426 pietatem.
3439 1357 3542 1411 Est

1898 1446 2091 1495 autem
2122 1445 2380 1510 quaestus
2406 1459 2652 1512 magnus
2677 1443 2860 1513 pietas
2881 1460 3011 1497 cum
3035 1445 3406 1499 sufficientia.
3439 1444 3538 1499 Ni-

1899 1529 1978 1583 hil
2005 1528 2157 1584 enim
2183 1529 2493 1584 intulimus
2523 1531 2578 1584 in
2603 1530 2756 1585 hunc
2780 1532 3088 1599 mundum,
3121 1532 3276 1586 haud
3296 1533 3542 1588 dubium

1899 1620 2036 1689 quia
2057 1635 2158 1673 nec
2178 1619 2404 1673 auferre
2428 1619 2566 1690 quid
2609 1637 2926 1688 possumus
2954 1638 2966 1686 ;
3021 1620 3302 1675 habentes
3352 1625 3544 1676 autem

1900 1707 2177 1760 alimenta
2213 1713 2268 1761 et
2303 1707 2516 1779 quibus
2564 1712 2854 1779 tegamur,
2899 1708 2990 1763 his
3034 1708 3287 1764 contenti
3339 1709 3545 1764 simus.

1900 1797 2042 1850 Nam
2067 1795 2623 1866 quivoluntdivites
2668 1797 2810 1863 ﬁeri,
2866 1797 3131 1852 incidunt
3171 1797 3225 1851 in
3281 1798 3547 1854 tentatio-

1901 1901 2056 1952 nem,
2081 1885 2420 1956 etlaqueum
2445 1885 2680 1952 diaboli,
2709 1886 3072 1941 etdesideria
3099 1885 3282 1941 multa
3319 1885 3551 1942 inutilia

1895 1977 1952 2027 et
1975 1973 2170 2028 nociva
2193 1991 2317 2045 qua:
2341 1975 2894 2046 mergunthomincs
2920 1976 2974 2028 in
2999 1974 3298 2030 interitum
3326 1980 3384 2030 et
3415 1991 3546 2047 per-

1895 2062 2196 2116 ditionem.
2235 2062 2414 2117 Radix
2447 2063 2709 2117 omnium
2737 2063 3027 2118 malorum
3075 2067 3164 2118 est
3213 2063 3544 2136 cupiditas;

1895 2167 2069 2221 quam
2095 2151 2331 2222 quidam
2353 2157 2688 2222 appetentes
2723 2157 3059 2206 erraverunt
3083 2152 3262 2217 aﬁde,
3315 2153 3546 2208 etinse-

1897 2244 2139 2294 ruerunt
2162 2257 2220 2293 se
2243 2239 2540 2294 doloribus
2564 2239 2766 2294 multis
2789 2241 2833 2310 (Ι
2855 2241 2987 2293 Tim.
3009 2257 3087 2304 v1,
3109 2241 3283 2307 3-10).
3309 2265 3328 2292 ι
3387 2240 3546 2296 Idem

1895 2329 1963 2381 ad
1991 2329 2260 2382 eumdem
2287 2345 2299 2382 :
2327 2352 2349 2374 ει
2381 2328 2506 2382 Noli
2530 2328 3199 2383 verbiscontendere.Ad
3223 2328 3366 2383 nihil
3389 2329 3547 2384 enim

1898 2417 2038 2471 utile
2057 2422 2164 2478 est,
2195 2417 2305 2470 nisi
2330 2417 2400 2471 ad
2427 2417 2863 2472 subversionem
2915 2416 3300 2471 audientium.
3328 2417 3552 2472 Sollici-

1897 2510 1952 2560 te
1975 2523 2115 2560 cura
2142 2506 2413 2576 teipsum
2456 2505 2816 2576 probabilem
2870 2505 3141 2560 exhibere
3180 2506 3294 2562 Deo
3345 2523 3552 2578 opera-

1897 2593 2049 2648 rium
2079 2593 2576 2658 inconfusibilem,
2601 2598 2751 2648 recte
2773 2597 3119 2648 tractantem
3140 2595 3380 2649 verbum
3405 2595 3551 2650 veri-

1897 2683 2316 2738 tatis.Prol‘ana
2337 2687 2530 2736 autem
2554 2687 2609 2736 et
2657 2682 2995 2755 vaniloquia
3036 2683 3244 2738 devita.
3298 2683 3549 2739 Multum

1896 2771 2049 2826 enim
2077 2771 2392 2843 proficiunt
2413 2773 2483 2826 ad
2509 2772 2891 2842 impietatem,
2915 2776 2971 2827 et
2993 2789 3183 2827 sermo
3224 2788 3426 2828 eorum
3483 2777 3550 2828 ut

1896 2877 2104 2915 cancer
2126 2861 2413 2931 serpit.E:{
2437 2861 2654 2931 quibus
2674 2865 2762 2916 est
2785 2861 3128 2933 Hymzeneus
3181 2866 3239 2916 et
3283 2861 3548 2916 Philetus
3645 2883 3652 2890 ·

1897 2949 2314 3021 quiaveritate
2349 2949 2700 3016 ceciderunt,
2749 2950 3012 3004 dicentes
3060 2949 3547 3006 resurrectionem

1891 3039 2016 3107 jam
2044 3038 2277 3099 factam,
2302 3042 2360 3092 et
2381 3039 2727 3092 subvertunt
2773 3039 3166 3110 quorumdam
3192 3038 3387 3093 ﬁdem.
3437 3039 3548 3094 Sed

1902 3127 2138 3181 ﬁrmum
2166 3126 2616 3181 fundamentum
2640 3125 2741 3182 Dei
2785 3126 2968 3193 stetit,
3007 3127 3230 3182 habens
3279 3127 3551 3199 signacu-

1900 3214 2024 3270 lum
2041 3215 2168 3270 hoc.
2204 3215 2484 3286 Cognovit
2503 3215 2789 3270 Dominus
2811 3215 3228 3286 quisu-ntejus,
3262 3221 3320 3270 et
3365 3215 3550 3271 disce-

119 3309 200 3378 xi,
237 3310 298 3362 et
329 3320 494 3360 nune
526 3306 732 3359 iterum
765 3305 1015 3376 praedico
1049 3323 1061 3359 :
1094 3303 1152 3359 Si
1203 3305 1335 3376 quis
1391 3306 1555 3360 vobis
1613 3322 1783 3360 evan-
1816 3291 1859 3358 C
1899 3304 3208 3375 ditabiniquitateomnisquinominatnomen
3225 3303 3547 3359 Domini.In

121 3394 473 3468 gelizaverit
506 3398 711 3465 przeter
734 3393 789 3446 id
823 3394 977 3464 quod
1011 3393 1338 3464 accepistis,
1367 3393 1682 3448 anathema
1712 3395 1791 3449 sit

123 3486 269 3556 (Gal.
307 3502 350 3552 ι,
382 3485 516 3550 69).
557 3505 577 3530 ι
614 3482 772 3536 Idem
805 3482 876 3536 ad
905 3481 1300 3552 Fhilippenses
1323 3481 1438 3536 ait:
1475 3504 1502 3530 «
1534 3482 1786 3546 Quicun-

123 3590 239 3646 que
273 3571 521 3646 perfecti
555 3588 782 3637 sumus,
818 3569 925 3625 hoc
958 3570 1302 3638 sentiamus,
1336 3575 1394 3624 et
1425 3570 1472 3624 si
1505 3569 1644 3641 quid
1677 3570 1783 3625 ali-

121 3669 212 3719 ter
241 3661 484 3734 sapitis,
508 3663 564 3714 et
595 3659 704 3714 hoc
747 3659 911 3714 vobis
944 3659 1096 3713 Deus
1155 3658 1450 3713 relevabit.
1483 3658 1785 3714 Verumta-

123 3769 261 3808 men
296 3751 369 3806 ad
405 3749 562 3821 quod
597 3748 987 3820 pervenimus,
1020 3752 1086 3802 ut
1115 3747 1267 3802 idem
1299 3749 1619 3818 sapiamus,
1645 3752 1702 3803 et
1724 3748 1782 3802 in

127 3843 334 3897 eadem
367 3854 821 3912 permaneamus
846 3836 1064 3908 regula.
1090 3837 1415 3891 Imitatores
1440 3837 1550 3891 mei
1575 3842 1782 3904 estote,

127 3931 365 3998 fratres,
399 3932 457 3983 et
487 3927 789 3982 observate
833 3943 952 3991 eos,
986 3926 1084 3998 qui
1117 3925 1199 3980 ita
1247 3925 1571 3992 ambulant,
1631 3925 1784 3980 sicut

127 4018 362 4073 habetis
389 4017 636 4070 formam
662 4019 921 4069 nostram
965 4014 1138 4085 (Phil.
1165 4031 1249 4077 ιιι,
1309 4013 1513 4085 15-17).
1543 4036 1568 4062 n
1623 4014 1779 4070 Idem

129 4108 198 4161 ad
224 4106 603 4162 Colossenses
639 4119 652 4158 :
677 4125 705 4152 ‹‹
733 4103 848 4158 Hoc
876 4103 1025 4168 dico,
1061 4107 1125 4158 ut
1146 4119 1316 4158 nemo
1334 4119 1435 4158 vos
1449 4103 1700 4174 decipiat
1720 4104 1779 4158 in

131 4195 461 4251 subtilitate
483 4208 814 4248 sermsnum
837 4192 1059 4263 (Coloss.
1084 4209 1146 4261 ιι,
1169 4193 1246 4263 Δ).
1268 4215 1294 4242 ››
1331 4196 1395 4247 Et
1417 4195 1546 4264 post
1571 4209 1776 4264 pauca:

132 4285 386 4340 «Videte
411 4299 481 4337 nc
504 4280 635 4353 quis
657 4297 755 4335 vos
794 4280 1048 4352 decipiat
1095 4298 1197 4352 per
1249 4280 1682 4352 philosophiam
1725 4284 1782 4336 et

131 4373 369 4430 inanem
430 4370 742 4435 fallaciam,
786 4370 1113 4425 secundum
1161 4370 1535 4425 traditionem
1584 4369 1774 4424 homi-

135 4481 299 4529 num,
324 4461 648 4517 secundum
671 4458 959 4514 elementa
981 4459 1210 4527 mundi,
1239 4463 1297 4514 et
1319 4475 1432 4514 non
1452 4459 1775 4514 secundum

135 4552 430 4607 Christum
454 4548 636 4620 (Ibid.,
657 4550 732 4619 8).
761 4571 788 4596 »
826 4548 983 4602 Idem
1032 4564 1263 4619 quoque
1303 4547 1373 4603 ad
1400 4547 1781 4603 Thessaloni-

139 4657 367 4696 censes:
394 4663 421 4688 ‹‹
446 4639 500 4693 Si
523 4638 654 4708 quis
678 4654 789 4692 non
813 4637 1009 4692 obedit
1029 4639 1198 4692 verbo
1222 4642 1421 4692 nostro
1447 4652 1549 4708 per
1569 4637 1776 4708 episto-
1811 4658 1858 4724 D

137 4729 278 4796 lam,
299 4729 456 4784 hunc
477 4732 690 4793 notate,
713 4731 769 4781 et
792 4743 907 4781 non
945 4725 1447 4781 commisceamini
1497 4742 1630 4780 cum
1680 4725 1780 4782 illo

143 4824 207 4873 ut
229 4817 644 4873 confundatur.
669 4816 733 4869 Et
754 4814 933 4869 nolite
953 4814 1122 4886 quasi
1147 4813 1447 4869 inimicum
1472 4815 1783 4882 aestimare,

142 4909 238 4962 sed
261 4906 600 4978 corrigitent
624 4906 856 4959 fratrem
883 4904 954 4974 (II
978 4905 1149 4958 Thess.
1171 4920 1256 4968 ιιι,
1283 4903 1364 4967 Μ,
1415 4904 1520 4970 l5).
1549 4926 1574 4951 ››
1627 4904 1785 4960 Idem

143 4997 208 5052 ad
227 4996 625 5052 Timotheum:
651 5018 679 5045 ‹‹
713 4993 872 5049 Finis
897 4993 1161 5064 praecepti
1183 4996 1274 5047 est
1293 4991 1550 5048 charitas
1571 4993 1642 5047 de
1661 5010 1785 5048 cor-

143 5087 210 5141 de
226 5104 365 5159 puro
387 5091 442 5141 et
467 5083 828 5140 conscientia
849 5083 1020 5152 bona,
1044 5087 1100 5136 et
1127 5081 1238 5136 fide
1273 5097 1386 5136 non
1413 5082 1563 5136 ﬁcta.
1587 5083 1631 5137 A
1653 5083 1785 5155 qui-

145 5174 250 5232 bus
287 5176 530 5248 quidam
581 5177 918 5230 aberrantes
961 5170 1222 5226 conversi
1269 5175 1410 5225 sunt
1460 5171 1515 5226 in
1557 5172 1782 5228 vanilo-

144 5265 337 5334 quium
365 5283 377 5319 :
402 5263 664 5319 volentes
685 5279 812 5318 esse
835 5261 978 5332 legis
1005 5261 1288 5329 doctores,
1316 5276 1430 5314 non
1455 5259 1780 5332 intelligen-

147 5356 225 5406 tes
245 5369 570 5425 nequequae
592 5352 1126 5424 loquuntur,ncque
1155 5347 1224 5401 de
1246 5347 1461 5420 quibus
1485 5350 1782 5405 afﬁrmant

145 5443 192 5510 (1
211 5443 335 5498 Tim.
368 5442 869 5512 n,5~7).»Etpost
887 5437 1085 5510 aliqua
1134 5437 1290 5492 idem
1336 5437 1406 5491 ad
1456 5439 1728 5494 eumdem
1765 5457 1779 5495 :

151 5550 175 5577 ‹‹
197 5530 437 5602 Spiritus
459 5531 778 5586 manifeste
821 5526 984 5594 dicit,
1007 5525 1147 5598 quia
1190 5525 1250 5580 in
1274 5525 1610 5582 novissimis
1630 5532 1782 5583 tem-

146 5619 374 5688 poribus
386 5620 472 5674 dis
484 5620 712 5686 cedent,
733 5617 972 5690 quidam
993 5633 1026 5670 a
1048 5615 1551 5682 ﬁde,attendentes
1576 5615 1787 5688 spiriti-

148 5703 254 5765 bus
273 5708 567 5780 erroris,et
587 5705 868 5766 doctrinis
889 5703 1309 5762 demoniorum
1333 5703 1392 5761 in
1405 5703 1696 5780 hypocrisi
1707 5705 1788 5766 lo-

1898 3409 2112 3464 magna
2128 3398 2323 3446 autem
2343 3392 2515 3446 domo
2533 3408 2643 3446 non
2665 3390 2857 3446 solum
2875 3397 3013 3446 sunt
3027 3408 3165 3446 vasa
3177 3408 3354 3458 aurea
3366 3396 3422 3446 et
3450 3409 3548 3447 ar-

1897 3485 2124 3550 gentea,
2151 3481 2248 3534 sed
2270 3479 2532 3551 ctlignea
2553 3483 2608 3534 et
2624 3479 2921 3534 tictilia.Et
2943 3479 3211 3552 quaedam
3235 3479 3545 3551 quidemin

1897 3569 2174 3623 honorem
2188 3569 2370 3639 ,quced
2383 3585 2474 3622 am
2489 3571 2682 3623 autem
2707 3567 2764 3636 in
2789 3574 2961 3622 contu
2972 3567 3294 3624 meliam.Si
3310 3569 3442 3640 quis
3458 3586 3546 3625 er-

1893 3673 1962 3727 go
1984 3657 2352 3710 mundaverit
2373 3673 2434 3710 se
2448 3657 2518 3710 ab
2533 3655 2982 3718 istis,eritvasin
3000 3656 3279 3712 honorem
3297 3658 3550 3713 sanctiﬁ-

1893 3744 2257 3808 catum,utile
2279 3745 2620 3811 Domino,ad
2643 3761 2818 3800 omne
2833 3745 3050 3800 bonum
3077 3748 3549 3817 paratumJuve-

1894 3833 2038 3888 nilia
2059 3838 2254 3888 autem
2279 3833 2568 3888 desideria
2618 3833 2772 3905 fuge.
2799 3834 3030 3890 Sectare
3077 3834 3544 3905 verojustitiam,

1894 3922 2093 3988 fidem,
2117 3921 2485 3988 charitatem,
2513 3937 2713 3992 pacem
2741 3937 2874 3976 cum
2894 3921 2984 3977 his
3013 3921 3111 3993 qui
3136 3921 3404 3977 invocant
3434 3923 3544 3979 Do-

1893 4011 2125 4066 minam
2147 4011 2218 4065 de
2243 4010 2415 4065 corde
2437 4027 2604 4082 puro.
2631 4009 2856 4066 Stultas
2877 4015 3073 4066 autem
3096 4014 3154 4066 et
3203 4010 3330 4066 sine
3377 4010 3549 4067 disci-

1891 4099 2040 4170 plica
2063 4099 2416 4172 quaestiones
2438 4098 2648 4165 devita,
2673 4099 2867 4155 sciens
2907 4097 3046 4171 quia
3077 4105 3360 4172 generant
3415 4099 3546 4157 lites

1890 4189 2133 4244 Servum
2154 4191 2354 4242 autem
2372 4187 2603 4242 Domini
2631 4203 2741 4242 non
2765 4187 3357 4261 oportetlitigare,sed
3384 4207 3548 4245 man-

1889 4283 2125 4333 suetum
2149 4293 2277 4332 esse
2298 4277 2369 4330 ad
2391 4292 2618 4342 omnes,
2669 4275 3004 4344 docibilem,
3033 4277 3369 4348 patientem,
3415 4295 3546 4334 cum

1889 4367 2179 4422 modestia
2200 4365 2612 4436 corripientem
2637 4381 2736 4420 eos
2767 4365 2866 4436 qui
2901 4367 3202 4433 resistunt,
3227 4384 3296 4421 ne
3315 4368 3548 4438 quando

1889 4456 1987 4510 det
2011 4454 2126 4510 illis
2152 4459 2300 4509 Deus
2319 4453 2720 4526 pmnitentiam
2747 4455 2818 4508 ad
2848 4456 3309 4526 cognoscendam
3345 4457 3544 4510 verita-

1887 4548 2092 4610 tem,et
2117 4543 2462 4615 resipiscant
2493 4560 2524 4597 a
2552 4541 2765 4597 diaboli
2807 4541 3095 4614 laqueis,a
3121 4560 3236 4615 quo
3257 4543 3407 4615 capti
3457 4547 3544 4600 te-

1889 4638 2105 4689 nentur
2127 4633 2198 4688 ad
2225 4632 2411 4703 ipsius
2431 4630 2790 4686 voluntatem
2817 4632 2888 4703 (11
2912 4633 3117 4695 Τίιη.ιι,
3137 4633 3344 4687 14-26..
3378 4653 3405 4682 n
3426 4636 3544 4688 Hoc

1891 4727 2085 4778 autem
2110 4721 2253 4776 scito
2297 4719 2451 4791 quod
2507 4721 2564 4774 in
2615 4721 2950 4776 novissimis
2981 4720 3186 4776 diebus
3237 4721 3546 4776 instabunt

1893 4816 2158 4882 tempora
2178 4808 2590 4882 periculosa,et
2613 4816 2785 4864 erunt
2803 4809 3070 4865 homines
3093 4809 3320 4881 seipsos
3341 4827 3544 4865 aman-

1893 4897 2655 4972 tcs,cupidi,elati,superbi,
2683 4897 3031 4970 blasphemi,
3065 4898 3408 4970 parentibus
3431 4915 3544 4954 non

1893 4985 2887 5058 obedientes,ingrati,scelesti,sine
2905 4987 3360 5055 alfectionc,sine
3386 5005 3547 5061 pace,

1893 5075 3205 5146 criminatores,incontinentes,immites,sinc
3226 5077 3547 5150 benignita-

1894 5165 2323 5238 te,proditores,
2349 5165 2623 5236 protervi,
2655 5165 3024 5237 voluptatum
3049 5171 3340 5222 amatores
3359 5166 3545 5238 magis

1893 5272 2072 5328 quam
2095 5253 2214 5318 Dei,
2249 5253 2530 5308 habentes
2555 5254 2790 5325 quidem
2816 5255 3070 5324 speciem
3099 5253 3539 5327 pietatis,virtu—

1892 5349 2009 5399 tem
2033 5347 2225 5398 autem
2242 5342 2364 5410 ejus
2381 5341 2942 5413 abnegantes.ethos
2957 5342 3166 5397 devita.
3183 5341 3259 5394 Ex
3283 5339 3369 5392 his
3383 5339 3538 5393 enim

1894 5437 2035 5489 sunt
2060 5432 2159 5502 qui
2183 5435 2490 5502 penetrant
2525 5431 2752 5495 domos.
2785 5439 2844 5486 et
2863 5433 3121 5504 captivas
3143 5429 3365 5484 ducunt
3413 5443 3540 5484 mu-

1893 5520 2164 5578 lierculas
2188 5523 2458 5574 oneratas
2481 5521 2886 5592 peccatis,quae
2907 5521 3199 5574 ducuntur
3220 5515 3396 5572 variis
3445 5517 3540 5574 de-

1893 5610 2276 5677 sideriis,sem
2287 5625 2387 5681 per
2407 5609 2718 5680 discentes,
2741 5615 2797 5666 et
2817 5623 3113 5680 nunquam
3136 5607 3207 5662 ad
3233 5606 3536 5666 scientiam

1896 5699 2156 5760 veritatis
2173 5698 2608 5774 pervenientes:
2647 5697 3138 5776 quemadmodum
3183 5696 3429 5757 Jamnes
3479 5701 3537 5759 et
