3876 6374
293 391 448 452 1059

1335 381 1741 446 HUMBERTI
1785 383 1848 444 S.
1895 381 1967 444 Ρι.
2016 383 2086 444 Ε.
2132 377 2631 452 CARDINALIS.‘

3607 373 3800 444 £060

292 524 584 579 Mambres
599 517 935 576 restiterunt
961 517 1140 589 Moysi
1165 517 1660 586 (Exod.v11,ll),ita
1685 520 1740 570 et
1761 515 1816 570 hi
1839 533 1922 571 re-
1961 519 2008 583 Α
2042 519 2178 571 dum
2203 518 2570 574 Paslmistam
2601 535 2611 574 :
2639 543 2663 568 ‹‹
2693 519 2818 574 Non
2851 517 3166 591 resurgent
3187 511 3378 588 impii
3413 511 3486 570 in
3517 513 3790 586 judicio

289 613 506 667 sistunt
519 606 1042 674 veritati,homines
1063 605 1536 676 corrupti,mente
1565 604 1788 674 reprobi
1810 603 1917 657 cir-

289 718 356 756 ca
375 701 571 764 fidem,
603 697 704 752 sed
721 695 874 750 ultra
895 711 1008 749 non
1039 693 1356 765 proficient.
1387 691 1722 764 [nsipientia
1763 693 1918 748 enim

287 805 489 845 eorum
515 785 823 842 manifesta
844 783 952 837 erit
973 781 1245 837 omnibus
1272 780 1668 835 sicutillorum
1694 781 1804 835 fuit
1850 781 1924 852 (ll

292 881 520 940 Timui,
547 874 683 944 l-9).
710 895 736 922 »
788 873 853 926 Et
871 875 1002 942 post
1031 887 1213 942 pauca
1238 885 1250 922 :
1271 892 1298 919 «
1327 869 1444 924 Erit
1463 869 1618 924 enim
1662 873 1914 941 tempus,

287 984 419 1021 cum
443 979 642 1020 sanam
661 959 982 1016 doctrinam
1009 975 1122 1014 non
1166 957 1562 1028 sustinebunt,
1593 959 1692 1013 sed
1720 958 1789 1012 ad
1810 975 1917 1012 sua

287 1051 572 1110 desideria
592 1047 1008 1104 coacervabunt
1034 1046 1144 1100 sibi
1197 1047 1528 1117 magistros,
1589 1045 1914 1118 prurientes

284 1142 543 1204 auribus,
576 1142 631 1193 et
652 1155 685 1190 a
704 1135 941 1190 veritate
963 1135 1198 1206 quidem
1246 1135 1512 1189 auditum
1535 1139 1815 1198 avertent,
1843 1133 1914 1188 ad

282 1229 505 1286 fabulas
527 1231 719 1283 autem
743 1229 1148 1280 convertentur
1168 1225 1238 1292 (II
1259 1223 1615 1292 Tim.1v,3,/i).
1647 1247 1671 1270 η
1697 1223 1764 1276 Et
1787 1226 1916 1293 post

282 1320 476 1390 aliqua
528 1317 680 1370 idem
717 1315 788 1367 ad
845 1312 1160 1367 eumdem:
1224 1336 1248 1360 ‹‹
1310 1310 1630 1365 Alexander
1680 1311 1916 1365 aerarius

281 1407 468 1462 multa
490 1402 802 1459 malamihi
849 1399 1123 1466 ostendit,
1177 1399 1378 1453 reddet
1426 1398 1474 1452 ei
1511 1397 1789 1452 Dominus
1821 1414 1914 1452 se-

282 1496 540 1552 cundum
567 1508 740 1562 opera
769 1490 896 1558 ejus
931 1487 1244 1558 (Ibid.,l/1).
1281 1509 1308 1535 ››
1358 1487 1498 1541 Item
1547 1487 1618 1540 ad
1672 1486 1867 1540 Titum
1897 1503 1910 1540 :

282 1609 308 1635 ‹‹
342 1579 671 1638 Suntmulti
705 1576 1124 1643 inobodientes,
1151 1575 1440 1646 vaniloqui
1473 1579 1530 1629 et
1559 1575 1912 1640 seductores,

283 1670 533 1726 maxime
566 1667 664 1738 qui
698 1667 768 1720 de
809 1663 1245 1718 circumcisione
1280 1666 1436 1728 sunt,
1492 1679 1637 1732 quos
1693 1665 1917 1732 oportet

283 1757 552 1829 redargui
609 1773 621 1810 :
678 1753 776 1825 qui
829 1751 1126 1807 universas
1170 1751 1374 1805 domos
1423 1751 1786 1816 subvertunt,
1817 1751 1916 1804 do-

280 1853 472 1905 centes
523 1861 646 1916 quae
697 1859 808 1896 non
850 1845 1090 1912 oportet,
1115 1840 1299 1910 turpis
1322 1838 1464 1894 lucri
1505 1839 1708 1910 gratia.
1764 1838 1914 1893 Dixit

281 1936 516 2008 quidam
540 1950 607 1988 ex
631 1930 745 1985 illis
785 1928 1052 2000 proprius
1075 1927 1352 1998 propheta
1409 1928 1668 1998 ipsorum
1704 1944 1715 1980 :
1773 1927 1905 1981 Cre-

277 2030 468 2079 tenses
491 2035 718 2090 semper
739 2015 1236 2082 mendaces,malae
1275 2016 1493 2086 bestiae,
1545 2021 1770 2072 ventres
1821 2016 1904 2088 pi-

271 2107 807 2184 gri.’l‘estimonium
833 2106 940 2161 hoc
956 2122 1152 2160 verum
1194 2109 1298 2159 est.
1326 2107 1506 2170 Quam
1543 2105 1614 2160 ob
1665 2122 1903 2160 causam

269 2197 644 2270 increpaillos
665 2196 900 2262 dure,ut
921 2193 1046 2248 sani
1069 2193 1188 2247 sint
1215 2193 1272 2247 in
1303 2195 1556 2260 f1de,non
1603 2194 1902 2248 intenden-

269 2294 355 2343 tes
378 2284 636 2342 Judaicis
661 2281 954 2346 fabulis,et
976 2282 1268 2336 mandatis
1291 2281 1598 2335 hominum
1628 2299 1902 2336 aversan-

269 2377 416 2431 tium
440 2391 499 2429 se
522 2372 804 2428 averitate
828 2372 946 2441 (Tit.
969 2371 1224 2440 1,10-13).
1253 2392 1278 2417 ››
1295 2371 1362 2423 Et
1383 2374 1514 2440 post
1534 2369 1727 2440 aliqua
1749 2371 1900 2424 idem

269 2465 338 2518 ad
363 2463 664 2518 eumdem:
695 2483 720 2509 ‹‹
742 2458 958 2513 Stultas
981 2463 1176 2513 autem
1229 2460 1672 2530 quaestiones,et
1693 2475 1898 2529 genea-

269 2551 472 2623 logias,
497 2555 553 2604 et
573 2549 992 2612 contentiones,
1013 2551 1069 2600 et
1092 2563 1317 2618 pugnas
1341 2547 1484 2618 legis
1506 2546 1694 2601 devita
1719 2565 1730 2614 ;
1765 2551 1902 2602 sunt

269 2641 422 2695 enim
447 2636 682 2692 inutiles
705 2641 760 2691 et
807 2653 985 2692 vanae.
1041 2636 1382 2690 Haereticum
1432 2633 1727 2690 hominem
1769 2640 1902 2706 post

269 2746 442 2784 unam
457 2731 514 2782 et
534 2725 848 2782 secundam
873 2725 1290 2794 correptionem
1311 2725 1518 2779 devita.
1545 2724 1733 2779 sciens
1763 2723 1899 2795 quia

267 2819 577 2872 subversus
602 2819 710 2882 est,
734 2813 832 2885 qui
855 2813 1144 2884 ejusmodi
1168 2817 1337 2879 est,et
1358 2811 1641 2883 delinquit
1665 2813 1897 2884 proprio

255 2905 478 2978 judicio
509 2904 926 2960 condemnatus
960 2903 1082 2974 (Tit.
1115 2919 1200 2971 111,
1232 2901 1408 2972 9-H).
1443 2923 1470 2950 »

923 3007 1148 3061 CAPUT
1186 3006 1235 3060 ll

387 3101 462 3154 De
477 3099 699 3170 pietate,
732 3102 782 3150 et
813 3096 1114 3165 impietate,
1146 3098 1195 3149 et
1225 3094 1288 3148 de
1320 3094 1453 3150 Cain
1485 3099 1536 3149 et
1567 3095 1790 3150 Balaam

855 3174 1293 3237 praesumptzone.

2029 607 2198 674 (Psal,
2235 625 2271 672 1,
2294 610 2368 677 5).
2397 629 2421 656 ››
2451 609 2508 662 Si
2543 623 2676 679 ergo
2699 607 2868 678 juxta
2891 607 3254 680 Apostolum
3323 603 3636 662 veritate
3665 602 3790 673 pri-

2025 693 2140 746 vati
2171 698 2308 748 sunt
2339 695 2438 766 qui
2471 701 2760 766 quaestum
2791 695 3106 752 aestimavit
3135 694 3488 767 pietatem,
3519 689 3788 747 scilicet

2026 780 2126 837 Dei
2156 782 2400 850 cultum,
2423 787 2638 854 quanto
2664 783 2854 856 magis
2876 783 3226 854 Simoniaci,
3253 781 3374 854 qui
3409 781 3600 838 adeo
3657 780 3788 852 pie-

2027 873 2204 925 tatem
2227 876 2513 942 quaestum
2531 875 2759 944 putant,
2783 877 2848 928 ut
2867 873 3046 929 etiam
3067 871 3282 933 omnia
3303 870 3540 948 ipsius
3571 869 3782 940 pieta-

2026 959 2101 1014 tis
2129 960 2338 1026 officia,
2373 961 2606 1015 ordines
2657 961 2925 1016 videlicet
2958 960 3143 1016 divini
3165 959 3390 1015 cultus
3467 961 3784 1030 quaestus

2026 1065 2203 1102 causa
2223 1045 2454 1103 venales
2481 1048 2718 1116 habent,
2743 1048 2826 1103 ita
2871 1048 3140 1120 utipsius
3168 1063 3444 1120 quoque
3491 1045 3778 1118 pietatis

2024 1141 2318 1191 auctorem
2370 1135 2650 1207 Spiritum
2694 1140 2966 1192 sanctum
3012 1138 3240 1192 donum
3289 1135 3556 1208 utique
3661 1135 3774 1190 Dei

2023 1225 2178 1296 quod
2209 1225 2603 1296 principaliter
2621 1225 2682 1280 in
2729 1225 2876 1298 ipsis
2921 1225 3359 1281 ecclesiasticis
3387 1224 3768 1280 ordinibus

2021 1311 2110 1367 vel
2135 1312 2516 1369 sacramentis
2538 1317 2830 1385 cperatur,
2889 1313 3142 1385 pecunia
3161 1329 3356 1385 posse
3422 1311 3764 1385 possideri

2023 1402 2317 1456 confidant
2335 1401 2362 1456 ?
2381 1400 2495 1456 Nec
2514 1401 2873 1472 negligenter
2891 1402 3394 1473 praetereundum
3433 1405 3546 1458 est
3583 1400 3764 1472 quod

2023 1489 2082 1541 in
2103 1489 2247 1560 ipsis
2271 1491 2604 1544 sanctorum
2623 1487 3022 1560 apostolorum
3044 1487 3442 1560 scriptis,ubi
3469 1504 3764 1560 praesen-

2022 1579 2109 1630 tes
2131 1575 2306 1631 simul
2333 1581 2389 1631 et
2407 1575 2614 1631 futurae
2629 1575 2881 1632 haereses
2896 1581 3254 1648 arguuntur,
3283 1575 3494 1632 tacito
3531 1577 3758 1632 nomi-

2024 1681 2094 1719 ne
2117 1663 2632 1720 innumerabilium
2652 1671 2784 1719 ante
2811 1663 3023 1736 legem,
3052 1669 3111 1720 et
3141 1665 3256 1719 sub
3289 1663 3442 1737 lege
3477 1681 3754 1721 reorum

2024 1753 2370 1808 nominatim
2425 1753 2584 1818 Cain,
2631 1752 2886 1822 Balaam,
2915 1753 3100 1808 Chore
3133 1753 3446 1821 ;Jamnes
3463 1769 3744 1827 quoque

2023 1847 2080 1896 et
2111 1842 2401 1898 Mambres
2423 1841 2877 1913 paradigmatice
2897 1841 2969 1896 ad
3003 1842 3270 1896 medium
3307 1843 3752 1902 deducuntur

2018 1931 2083 1984 Et
2105 1935 2218 1986 tres
2239 1929 2474 2002 quidem
2497 1928 2715 2001 primos
2731 1929 2762 1985 J
2769 1929 2915 1984 udas
2933 1927 3138 1984 Jacobi
3165 1930 3454 1986 seriatim
3487 1948 3738 2004 propo-

2014 2021 2100 2073 nit
2122 2020 2319 2074 dicens
2335 2018 2483 2073 :«Vae
2505 2017 2619 2073 illis
2642 2017 2782 2090 quia
2809 2018 2903 2072 via
2923 2017 3060 2072 Cain
3083 2017 3397 2086 abierunt,
3414 2024 3485 2074 et
3505 2035 3738 2077 errore

2013 2108 2247 2162 Balaam
2282 2107 2542 2162 mercede
2571 2107 2740 2162 effusi
2771 2109 2933 2176 sunt,
2965 2109 3025 2160 et
3054 2106 3564 2165 contradictione
3581 2109 3742 2166 Cho-

2014 2213 2073 2252 re
2095 2197 2388 2267 perierunt
2410 2194 2554 2264 (Jud.
2583 2195 2637 2250 ll
2653 2195 2690 2266 ).
2721 2217 2742 2244 υ
2771 2195 3032 2258 Quorum
3051 2194 3326 2252 medium
3347 2197 3594 2254 beatus
3609 2199 3734 2254 Pe-

2011 2290 2136 2339 trus
2159 2285 2242 2339 sic
2263 2287 2716 2338 commemorat:
2745 2305 2772 2334 «
2801 2283 2997 2338 Secuti
3029 2283 3186 2338 viam
3207 2284 3476 2342 Balaam
3503 2303 3588 2342 ex
3613 2288 3734 2343 Bo-

2010 2391 2106 2427 sor
2127 2375 2169 2442 (l
2203 2379 2350 2427 I’elr.
2379 2389 2440 2438 11,
2467 2373 2570 2442 15).
2598 2394 2625 2420 ››
2651 2372 2824 2427 Porro
2849 2372 2998 2426 duos
3021 2371 3270 2428 ultimos
3289 2373 3534 2430 beatus
3559 2379 3738 2430 Pau-

2011 2462 2103 2516 lus
2127 2462 2204 2516 ita
2229 2461 2530 2532 detegitzu
2554 2460 3062 2523 Quemadmodum
3083 2461 3338 2518 Jamnes
3389 2467 3459 2518 et
3515 2465 3734 2521 Mam-

2009 2551 2139 2604 bres
2171 2550 2507 2604 restiterunt
2553 2549 2757 2620 Moysi,
2785 2549 2868 2604 ita
2886 2553 2944 2604 et
2963 2549 3022 2604 hi
3049 2550 3344 2606 resistunt
3363 2553 3638 2610 veritati
3655 2555 3734 2626 (Il

2008 2641 2140 2694 Tim.
2195 2657 2277 2706 ιιι,
2329 2639 2404 2706 8).
2437 2661 2462 2686 ››
2490 2639 2850 2710 Quapropter
2871 2638 2920 2692 si
2979 2638 3297 2712 diligenter
3365 2639 3730 2714 inspicitur

2005 2727 2402 2800 praesumptio,
2429 2726 2671 2782 avaritia
2707 2725 2884 2780 simul
2943 2730 3000 2782 et
3057 2729 3418 2799 pertinacia,
3477 2731 3550 2785 in
3621 2731 3724 2788 his

2007 2817 2265 2888 quinque
2304 2815 2466 2887 argui
2515 2814 3054 2886 deprehenduntur.
3088 2817 3225 2881 Quae
3287 2817 3522 2890 utique
3593 2821 3720 2878 tria

2007 2905 2268 2962 omnium
2301 2904 2596 2960 haereseon
2626 2903 2882 2960 existunt
2903 2904 3162 2976 gemina,
3187 2904 3595 2966 incrementa
3624 2914 3720 2966 ta-

2007 3010 2141 3050 men
2157 2998 2212 3050 et
2235 2993 2546 3048 firmantis.
2571 2993 2640 3047 Et
2663 2991 2800 3047 Cain
2833 2992 3075 3062 quidem
3116 2997 3532 3066 praesumptio
3603 2997 3716 3056 illa

2007 3084 2154 3138 inter
2176 3082 2320 3138 alias
2341 3081 2554 3149 existit,
2589 3081 2744 3152 quod
2767 3082 3090 3138 secundum
3107 3081 3173 3136 B.
3225 3083 3507 3140 Joannis
3531 3103 3718 3160 apos-

2004 3171 2106 3226 toli
2139 3170 2512 3242 dictum,ipse
2536 3169 2636 3240 qui
2655 3187 2722 3225 ex
2741 3169 2996 3242 maligno
3023 3173 3151 3226 erat
3181 3171 3232 3242 (1
3257 3173 3430 3228 Joan.
3471 3177 3712 3248 111.12),

335 3259 463 3313 Haec
493 3274 597 3311 nos
629 3273 696 3310 ex
725 3253 1059 3326 apostolicis
1091 3251 1294 3308 litteris
1317 3253 1490 3308 latius
1517 3255 1892 3324 decerpsisse,
1927 3241 1968 3306 C
2009 3265 2064 3314 et
2089 3241 2442 3330 cujusopera
2463 3257 2742 3329 maligna,
2763 3259 2837 3313 ob
2860 3241 3143 3314 invidiam
3170 3241 3566 3319 sanctissimi
3594 3241 3714 3322 fra;

265 3353 321 3402 et
347 3345 728 3403 continuatim
761 3343 852 3398 hic
880 3341 1196 3397 inseruisse
1230 3342 1426 3397 nullus
1458 3343 1773 3413 superbum
1799 3343 1899 3397 du-

262 3435 515 3506 cat,quia
543 3450 672 3488 cum
697 3431 838 3487 alias
868 3431 1135 3496 haereses,
1171 3435 1296 3484 tum
1321 3430 1568 3485 maxime
1591 3429 1769 3484 ullam
1793 3446 1898 3486 no-

262 3528 404 3590 tant,
439 3539 565 3594 quae
595 3521 781 3592 turpis
811 3519 956 3574 lucri
1015 3536 1249 3590 sequax,
1279 3519 1551 3590 pietatem
1612 3523 1897 3590 quaestum

261 3611 530 3666 aestimat.
565 3610 749 3664 Pietas
773 3613 966 3663 autem
989 3607 1084 3661 hic
1132 3621 1244 3661 non
1278 3611 1365 3662 est
1411 3606 1784 3678 intelligenda
1833 3624 1899 3662 ea

262 3717 386 3770 quae
417 3699 587 3769 vulgo
618 3694 1038 3766 soletintelligi,
1073 3699 1128 3748 et
1159 3695 1470 3766 improprie
1500 3693 1612 3748 dici
1671 3693 1895 3749 miseri-

261 3786 475 3854 cordia,
509 3786 608 3840 sed
641 3801 707 3840 ea
736 3802 860 3856 quae
892 3785 1082 3838 Graece
1136 3783 1348 3836 dicitur
1393 3782 1650 3848 eusebia,
1700 3783 1757 3836 id
1811 3786 1898 3837 est

263 3878 429 3931 bonus
458 3875 656 3939 cultus,
685 3872 774 3927 vel
803 3873 996 3944 potius
1027 3871 1350 3936 theusebia,
1381 3870 1436 3924 id
1473 3875 1559 3925 est
1591 3871 1687 3925 Dei
1719 3871 1896 3926 cultus

262 3963 772 4032 secundumquam
795 3960 896 4014 Dei
929 3958 1134 4024 cultor,
1165 3957 1252 4012 vel
1284 3959 1415 4012 boni
1449 3957 1638 4014 cultor
1685 3959 1899 4014 dicitur

261 4053 414 4125 pius,
447 4049 691 4106 scillicet
727 4051 882 4103 recta
912 4048 1024 4102 fide
1058 4051 1169 4100 Deo
1204 4047 1442 4102 devotus
1473 4051 1528 4102 et
1567 4045 1894 4119 religiosus,

262 4141 415 4196 sicut
443 4155 472 4193 e
493 4135 780 4192 contrario
813 4135 1057 4206 impius,
1081 4135 1350 4206 quisquis
1379 4134 1494 4190 veri
1519 4135 1613 4189 Dei
1638 4135 1895 4207 ignarus,

261 4226 514 4282 infidelis
543 4224 760 4280 scilicet
791 4227 892 4278 aut
937 4221 1278 4290 incrcdelus,
1337 4223 1641 4294 spiritibus
1690 4225 1899 4279 erroris

265 4315 492 4388 passim
527 4312 977 4386 prostituitur,et
1007 4311 1076 4366 ad
1109 4310 1310 4366 libitus
1340 4328 1537 4366 eorum
1565 4311 1899 4368 famulatur.

263 4404 500 4460 Pietatis
525 4402 677 4457 enim
711 4399 946 4456 ostiaria
977 4400 1118 4455 fides
1149 4403 1255 4462 est,
1299 4399 1422 4456 sine
1470 4417 1586 4471 qua
1625 4417 1727 4456 nec
1784 4401 1898 4456 Deo

263 4494 539 4566 placetur,
565 4508 667 4546 nec
695 4496 839 4545 Deus
861 4491 1143 4562 placatur,
1172 4506 1274 4544 nec
1299 4489 1525 4544 colitur.
1543 4487 1704 4544 Unde
1723 4489 1900 4559 hujus

2011 3349 2211 3414 tris,cu
2213 3349 2314 3418 jus
2331 3349 2490 3417 justa
2511 3349 2674 3402 erant
2695 3347 3260 3418 opera,sacerdotale
3275 3348 3395 3404 sibi
3417 3351 3714 3412 ofﬁcium

2012 3437 2322 3492 sacrificim
2349 3435 2462 3490 Deo
2485 3435 2775 3490 offerendo
2799 3435 3176 3508 praesumpsit
3225 3437 3400 3508 (Gen.
3473 3457 3560 3507 ιν,
3627 3444 3712 3514 8).

2009 3526 2190 3589 Quam
2225 3524 2502 3579 nimirum
2522 3523 2830 3579 sacerdotii
2852 3525 3304 3597 praerogativam
3337 3525 3480 3584 sola
3519 3531 3712 3588 devo-

2006 3615 2085 3668 tio
2109 3613 2371 3684 patribus
2396 3616 2530 3666 ante
2561 3611 2744 3683 legem
2766 3611 3200 3680 conferebat,ut
3219 3614 3388 3670 velut
3409 3619 3710 3676 sacerdo-

2005 3707 2091 3757 tes
2110 3701 2216 3756 sub
2235 3700 2440 3755 altaria
2461 3699 2704 3754 Domino
2728 3699 3129 3755 sacrificarent
3155 3703 3214 3756 et
3233 3701 3474 3760 hostias
3515 3707 3708 3763 offer-

2005 3793 2152 3854 rent,
2183 3790 2332 3846 sicut
2359 3789 2494 3856 Noe,
2529 3787 2972 3858 Melchisedech,
3005 3789 3332 3860 Abraham,
3365 3793 3578 3862 Isaac,
3643 3801 3710 3853 et

2002 3880 2180 3934 Jacob
2211 3883 2266 3934 et
2297 3879 2357 3932 Β.
2388 3877 2516 3932 Job.
2551 3877 2724 3932 Porro
2758 3877 3000 3932 avaritia
3029 3877 3116 3932 illi
3143 3882 3310 3934 tanta
3361 3882 3702 3957 aspiravit,

2005 3971 2070 4022 ut
2099 3981 2404 4022 commune
2434 3969 2490 4020 et
2519 3963 2822 4036 publicum
2853 3965 3135 4022 omnibus
3163 3967 3409 4038 bonum,
3433 3969 3704 4039 primus

2006 4057 2076 4110 ad
2100 4054 2400 4126 proprium
2432 4057 2488 4107 et
2517 4053 2809 4125 privatum
2844 4053 3108 4126 redigere
3139 4053 3458 4125 laboraret,
3521 4076 3702 4130 pra...

2004 4143 2276 4216 sumptiis
2307 4141 2514 4214 spatiis
2545 4146 2602 4196 et
2631 4141 2902 4196 terminis
2933 4142 3448 4200 translimitando.
3489 4145 3702 4220 Cujus

2006 4229 2309 4302 squalibus
2335 4233 2389 4283 et
2415 4227 2654 4284 sedulus
2677 4227 2864 4283 fossor
2888 4228 2973 4284 sic
2995 4228 3342 4298 incubabat,
3379 4235 3451 4286 ut
3507 4236 3702 4304 quid-

2006 4319 2145 4391 quib
2169 4317 2280 4373 sibi
2303 4315 2482 4372 exilla
2505 4316 2896 4389 proveniebat,
2923 4315 2983 4372 in
3005 4316 3172 4373 illam
3201 4318 3424 4375 anxius
3477 4322 3574 4378 sic
3603 4341 3700 4381 re-

2008 4407 2280 4480 ponebat,
2299 4409 2364 4460 ut
2383 4403 2475 4460 vix
2497 4405 2734 4460 tandem
2785 4405 3132 4462 connivente
3180 4407 3438 4464 avaritia
3469 4411 3554 4466 ad
3609 4429 3700 4470 so-

2009 4495 2124 4550 lam
2151 4493 2426 4549 invidiam
2450 4493 2644 4548 fratris
2697 4511 2766 4548 ex
2787 4497 2940 4550 terra
2979 4493 3240 4551 levatum
3295 4498 3700 4572 manipulum

263 4580 540 4637 vocabulo
571 4581 1249 4650 attendentes,qu0tquot
1279 4577 1477 4668 fideles
1509 4594 1734 4668 sumus,
1769 4595 1898 4668 pec-
1933 4605 1980 4668 Β
2011 4583 2338 4640 offerret.Et
2356 4598 2486 4637 vere
2509 4581 2859 4637 miserabilis
2875 4587 2932 4638 et
2953 4583 3246 4640 mirabilis
3273 4587 3544 4645 avaritia
3561 4604 3698 4662 per-

265 4675 486 4725 eatores
511 4669 746 4740 quidem
789 4684 893 4722 nos
927 4669 1064 4720 dum
1099 4665 1536 4738 peregrinamur
1593 4683 1625 4719 a
1659 4666 1902 4722 Domino
1933 4665 1968 4668 —
2013 4673 2111 4726 fidi
2137 4670 2514 4738 hominis,cui
2543 4686 2676 4725 cum
2701 4671 2933 4728 duobus
2956 4676 3190 4728 tantum
3211 4674 3382 4742 viris,
3411 4679 3571 4734 tunc
3595 4697 3696 4754 pa-

266 4759 336 4829 (II
359 4761 504 4825 Cor.,
533 4775 586 4824 ν,
615 4757 668 4828 ὁ)
683 4757 960 4811 veraciter
990 4759 1162 4824 atque
1187 4753 1498 4810 salubriter
1538 4755 1903 4826 profitemur,

261 4847 471 4916 impios
501 4848 690 4900 autem
715 4862 819 4900 nos
834 4843 1186 4898 omnimodis
1213 4843 1401 4897 dicere
1431 4842 1813 4900 abhorremus
1851 4849 1908 4899 et

265 4934 610 4988 devitamus.
643 4933 719 4986 Ac
743 4948 842 5002 per
870 4932 978 4986 hoc
1010 4932 1291 4986 astruitur
1311 4931 1502 4987 omnis
1520 4932 1758 5004 quidem
1783 4933 1901 4987 im-

267 5021 398 5092 pius
429 5019 600 5074 etiam
635 5023 919 5089 peccator,
948 5019 1050 5073 sed
1075 5035 1188 5074 non
1211 5020 1402 5074 omnis
1427 5025 1691 5091 peccator
1725 5021 1899 5076 etiam

267 5107 506 5180 impius,
523 5106 942 5178 quiaquisquis
959 5107 1143 5163 fidelis
1165 5107 1422 5180 quandiu
1446 5109 1539 5163 hic
1557 5107 1763 5163 vivitur
1785 5127 1897 5166 non

267 5197 501 5270 quidem
525 5195 650 5249 sine
669 5199 899 5264 peccato
919 5198 1026 5264 est,
1053 5212 1184 5250 cum
1210 5201 1404 5252 tamen
1431 5195 1555 5250 sine
1585 5195 1902 5267 impietate,

266 5288 320 5342 id
339 5289 426 5341 est
447 5281 789 5339 infidelitate
812 5283 1172 5340 sit.lnfidelis
1190 5289 1382 5340 autem
1401 5300 1502 5338 nec
1524 5283 1650 5338 sine
1673 5291 1903 5354 peccato

267 5392 369 5430 nec
393 5374 518 5429 sine
550 5372 1076 5444 impietate,quales
1098 5377 1234 5428 sunt
1255 5371 1416 5442 impii
1449 5371 1632 5426 Judaei
1654 5377 1711 5427 et
1730 5389 1904 5446 paga-

267 5463 424 5530 ni,de
446 5461 659 5532 quibus
682 5460 963 5516 Dominus
983 5461 1042 5515 in
1066 5457 1374 5531 Evangelio
1401 5457 1481 5513 ait
1505 5475 1542 5513 :.
1571 5481 1598 5510 ‹‹
1652 5461 1758 5525 Qui
1790 5480 1904 5518 non

267 5547 589 5617 creditjam
609 5547 907 5616 judicatus
929 5553 1036 5618 est,
1083 5547 1233 5604 sicut
1287 5551 1343 5602 et
1371 5547 1641 5620 princeps
1701 5553 1904 5608 mundi

269 5633 896 5710 hujusjamjudicatus
918 5641 1007 5698 est
1027 5637 1202 5716 (Joan.
1237 5653 1322 5708 ιιι,
1357 5635 1497 5714 18).»
1537 5637 1668 5696 Ideo
1699 5653 1904 5702 secun-

2019 4765 2104 4816 tre
2127 4759 2347 4816 scilicet
2370 4764 2426 4814 et
2447 4759 2860 4831 fratre,parvus
2881 4765 2938 4816 et
2959 4767 3251 4834 angustus
3271 4763 3448 4821 visus
3473 4773 3574 4824 est
3601 4773 3696 4826 to-

2015 4853 2111 4904 tus
2133 4849 2289 4903 orbis
2311 4852 2598 4902 terrarum
2623 4849 3016 4905 cumtotidem
3059 4851 3334 4923 partibus
3385 4857 3550 4912 suis.
3583 4858 3694 4915 De-

2013 4954 2176 4992 mum
2192 4937 2511 5008 pertinacia
2531 4937 2802 4992 eumdem
2823 4938 2937 4993 sibi
2961 4939 3461 4998 inextricabiliter
3481 4945 3692 5003 devin-

2009 5025 2216 5093 xit,ubi
2240 5025 2414 5080 etiam
2439 5025 2548 5096 ipsi
2573 5025 2820 5080 Domino
2845 5042 2878 5080 a
2901 5027 3156 5098 peccatis
3177 5033 3234 5084 et
3283 5046 3319 5084 a
3367 5035 3696 5102 prmmedi.

2005 5119 2124 5170 tato
2146 5113 2462 5170 fratricidio
2475 5128 2532 5169 se
2549 5130 2673 5168 com
2683 5115 2938 5186 poscenti
2951 5119 3008 5172 et
3023 5117 3382 5173 absterrenti
3407 5125 3692 5195 acquies-

2011 5219 2137 5260 cere
2159 5202 2727 5274 contempsitltefert
2748 5219 3007 5276 namque
3027 5205 3294 5275 Genesis,
3345 5207 3690 5272 Dominum

2012 5291 2226 5348 dixisse
2249 5293 2318 5347 ad
2339 5291 2476 5347 Cain
2509 5307 2521 5346 :
2549 5315 2574 5342 ι(
2601 5293 2788 5356 Quare
2810 5293 2994 5349 iratus
3015 5311 3077 5350 es
3096 5293 3124 5348 ?
3145 5297 3202 5350 et
3219 5311 3326 5351 cur
3347 5297 3582 5357 cecidit
3607 5303 3694 5359 fa-

2013 5380 2130 5435 cies
2154 5385 2254 5434 tua
2277 5379 2304 5434 ?
2327 5379 2528 5434 Nonne
2551 5378 2600 5434 si
2617 5379 2764 5434 bene
2785 5381 2974 5452 egeris
2998 5381 3243 5455 recipies
3263 5382 3292 5438 ?
3351 5385 3454 5440 sin
3481 5395 3692 5448 autem

2015 5467 2389 5534 male,statim
2413 5467 2470 5521 in
2494 5465 2714 5523 foribus
2735 5475 3039 5540 peccatum
3081 5470 3292 5542 aderit,
3341 5473 3454 5529 sed
3479 5479 3605 5534 sub
3639 5485 3694 5538 te

2013 5555 2120 5613 erit
2143 5555 2435 5628 appetitus
2455 5555 2667 5626 ejus,et
2687 5559 2750 5610 tu
2780 5557 3178 5614 dominaberis
3199 5558 3365 5616 illius
3393 5563 3572 5632 (Gen.
3611 5585 3692 5641 Iv,

2014 5645 2072 5720 6)
2099 5667 2120 5698 ιι
2148 5643 2250 5706 Vel
2279 5643 2602 5706 secundum
2627 5643 2802 5706 aliam
2825 5646 3273 5714 translationem
3301 5665 3315 5710 :
3370 5671 3402 5704 κ
3429 5649 3498 5712 Si
3527 5661 3692 5726 recte
