3898 6490
399 622 521 683 239

1306 624 1369 684 S.
1412 623 1815 685 BRUNONIS
1862 621 2485 684 IIERBIPOLENSIS
2530 622 2911 684 EPISCOPI.
3666 624 3758 684 2l0

403 736 1052 812 rilicet.PerDominum
1069 756 1332 811 nostrum
1349 754 1552 811 Jesum
1584 753 1901 825 Christum,
1936 758 2045 816 etc.
2078 754 2134 822 Α
2234 754 2276 809 C
2305 752 2677 811 Consuetudo
2698 754 3065 827 peccantium
3080 757 3261 824 est,ut
3277 754 3378 829 qui
3401 754 3592 812 dolum
3614 744 3763 830 parati

960 861 1290 921 PSALMUS
1326 862 1507 919 LXIII.

830 950 986 990 ARGU
993 948 1232 991 MENTUM
1271 951 1374 990 PSA
1382 952 1429 990 ι.
1477 952 1629 990 LXIII.

477 1004 518 1079 C
548 1006 814 1081 Christus
842 1040 946 1096 per
974 1025 1164 1080 totum
1194 1023 1349 1079 hunc
1380 1023 1675 1096 psalmum
1693 1023 1763 1081 de
1794 1040 1900 1081 sua
1920 1038 2060 1096 pas-

406 1112 568 1170 sione
592 1110 873 1186 loquitur.

778 1199 898 1258 TT.
938 1202 1004 1257 In
1030 1201 1197 1275 ﬁnem
1219 1203 1468 1277 psalmus
1495 1201 1688 1258 David.

475 1293 515 1345 C
547 1288 724 1346 Tituli
754 1288 935 1361 hujus
980 1291 1156 1346 verba
1188 1291 1360 1362 (sicut
1390 1309 1543 1364 saepe
1586 1291 1807 1348 dictum
1831 1292 1942 1362 est)
1967 1307 2055 1347 re-

401 1378 669 1457 feruntur
723 1378 795 1433 ad
852 1377 1171 1435 Dominum
1228 1380 1547 1447 Christum,
1579 1380 1682 1453 qui
1733 1398 1837 1453 per
1867 1386 2057 1436 totum

399 1466 697 1549 psalmum
742 1466 975 1523 locutus
1006 1469 1115 1535 est,
1148 1468 1250 1541 qui
1298 1472 1497 1526 sextus
1529 1486 1655 1526 esse
1686 1469 2059 1543 cognoscitur

398 1546 610 1637 horum
649 1553 750 1633 qui
780 1552 1114 1630 passionem
1151 1558 1759 1632 resurrectionemque
1798 1558 2061 1615 Domini-

399 1660 529 1702 eam
560 1645 718 1705 brevi
748 1646 1097 1703 revelatione
1127 1647 1497 1721 contingunt.

433 1734 463 1793 Ι
540 1733 781 1802 Exaudi,
810 1734 973 1806 Deus,
996 1738 1302 1793 orationem
1326 1754 1505 1793 meam
1531 1754 1656 1794 cum
1684 1737 1939 1810 deprecor
1969 1754 1982 1792 :

492 1820 582 1899 .IA
613 1824 808 1881 timore
836 1824 1055 1882 inimici
1081 1826 1231 1899 eripe
1257 1829 1506 1883 animam
1535 1843 1735 1884 meam.

539 1910 771 1995 Aperte
800 1904 1193 1995 humanitatis
1224 1906 1546 1990 assumpta;
1576 1914 1916 1991 postulabat
1945 1919 2060 1972 Do-

396 1988 601 2077 minus
625 2002 913 2071 Christus,
939 1988 1005 2060 ut
1050 2005 1181 2078 ejus
1210 1988 1558 2062 exaudiatur
1576 1988 1790 2074 bratio,
1825 2005 2059 2078 quando

394 2088 535 2148 totis
565 2090 789 2150 viribus
818 2082 1057 2166 petitur,
1093 2095 1251 2167 quod
1299 2095 1577 2167 prodesse
1606 2094 1876 2151 sentitur.
1907 2096 1956 2151 A
1984 2093 2057 2150 ti-

395 2197 557 2238 more
584 2179 832 2250 inimici,
866 2180 926 2237 id
956 2186 1045 2239 est
1070 2182 1332 2253 Judaei,H
1348 2183 1435 2240 vel
1466 2181 1683 2241 diaboli
1708 2202 1721 2241 :
1742 2200 1881 2240 suos
1913 2182 2050 2240 fide-

393 2269 479 2327 les
509 2260 656 2344 eripi
684 2270 1039 2345 postulabat.

426 2362 465 2415 2
541 2363 844 2418 Protexisti
868 2378 955 2418 me
984 2380 1019 2418 a
1047 2367 1315 2420 conventu
1334 2364 1764 2436 malignantium
1794 2381 1807 2419 :

536 2451 576 2509 Α
606 2451 964 2508 multitudine
989 2454 1333 2528 operantium
1365 2452 1737 2526 iniquitatem.

467 2538 510 2596 C
530 2539 831 2617 Protectus
854 2544 945 2598 est
974 2540 1147 2615 plane
1169 2558 1203 2598 a
1233 2536 1517 2599 conventu
1548 2542 2054 2614 Judaeorum,quia

397 2627 542 2684 dum
568 2620 655 2683 illi
686 2644 822 2709 eum
853 2629 1153 2686 crederent
1183 2631 1574 2687 communiter
1603 2630 1775 2701 mori,
1806 2631 1933 2702 ejus
1965 2647 2051 2687 re-

399 2715 782 2774 surrectionis
810 2716 997 2790 gloria
1034 2717 1360 2791 probantur
1389 2736 1517 2776 esse
1543 2720 1791 2801 confusi.
1824 2719 2053 2776 Protec-

398 2808 499 2861 tus
528 2809 620 2863 est
644 2806 862 2878 itaque,
897 2805 1037 2880 quia
1067 2806 1461 2881 malignorum
1493 2807 1741 2865 insidias
1785 2807 2053 2882 potentiae

389 2906 521 2977 sua;
548 2895 762 2952 virtute
791 2896 1158 2969 superavit.A
1176 2896 1552 2953 multitudine
1582 2896 1837 2965 dixit,ut‘
1856 2902 2052 2954 actum

398 2983 748 3058 exprimeret
775 2985 1087 3059 passionis,
1133 2986 1406 3060 superius
1453 2986 1610 3043 enim
1661 2987 1807 3043 dixit
1837 3004 1871 3042 a
1922 3004 2057 3044 con-

398 3077 577 3130 ventu
598 3074 1237 3149 malignautium,quod
1262 3076 1333 3131 ad
1354 3075 1600 3132 consilia
1621 3078 1814 3149 potest
1832 3076 2053 3145 referri,

396 3163 509 3239 hoc
539 3167 737 3220 autem
757 3164 829 3221 ad
852 3168 1048 3222 actum
1073 3164 1433 3234 eorum,ideo
1455 3165 1601 3221 dixit
1633 3183 1646 3221 :
1674 3165 2055 3238 Operantium

396 3251 791 3326 iniquitatem.
1268 3322 1271 3325 _

427 3342 464 3397 3
540 3342 679 3411 Quia
706 3348 1041 3400 emacuerunt
1068 3351 1129 3399 ut
1156 3342 1407 3414 gladium
1436 3344 1656 3414 linguas
1672 3361 1800 3400 suas
1831 3362 1845 3401 :

535 3428 892 3488 Intenderunt
937 3436 1129 3488 arcum
1165 3448 1283 3488 rem
1312 3449 1563 3487 amaram
1614 3440 1675 3488 ut
1710 3434 1969 3503 sagitteut
1999 3433 2057 3487 in

609 3521 830 3577 occultis
860 3516 1301 3576 immaculatum.

465 3610 509 3681 C
537 3604 667 3665 Jarn
702 3609 968 3665 redditur
1000 3626 1197 3676 causa,
1233 3626 1336 3665 cur
1363 3611 1660 3683 protectus
1692 3611 1768 3667 sit
1807 3611 1880 3667 ab
1912 3627 2051 3685 ope-

389 3684 670 3754 rentibus
687 3696 1220 3769 iniquitatem,nam
1245 3703 1534 3772 quantum
1555 3698 1638 3754 illi
1655 3700 1889 3774 linguas
1912 3684 2052 3757 suas

396 3785 557 3843 velut
586 3785 953 3843 mortiferum
999 3786 1259 3861 gladium
1290 3793 1660 3858 exacuerant,
1686 3787 1923 3845 tantum
1955 3806 2050 3847 eo-

400 3880 534 3933 rum
565 3874 848 3949 iniquitas
873 3876 1268 3950 frangebatur,
1301 3881 1357 3934 et
1394 3878 1479 3934 eis
1529 3877 1718 3952 magis
1766 3879 2052 3936 nocebant

400 3981 579 4038 quam
609 3963 858 4021 Christo.
890 3965 1117 4022 Etenim
1146 3982 1272 4022 mos
1302 3970 1392 4022 est
1420 3967 1811 4040 peccantium,
1843 3972 1909 4024 ut
1940 3964 2054 4041 pri-

401 4062 568 4111 mum
601 4054 712 4112 sibi
760 4060 1026 4123 noceant,
1059 4055 1160 4128 qui
1192 4055 1442 4112 alterum
1473 4073 1712 4129 gravare
1745 4056 2046 4114 festinant.

382 4143 656 4223 ,L‘ing‘uas
706 4146 1078 4213 exacuerunt,
1125 4145 1360 4217 quando
1404 4162 1541 4202 voce
1580 4163 1698 4202 una
1726 4145 1998 4203 dixerunt
2031 4164 2044 4203 :

388 4233 1083 4307 CrdoiﬁgeJntenderunt
1112 4234 1409 4304 arcum,id
1443 4239 1532 4291 est
1574 4236 1822 4292 insidias
1852 4234 2045 4291 occul-

388 4328 500 4381 tas.
528 4322 577 4399 Ο
609 4339 702 4399 res
751 4339 954 4379 amara
982 4327 1038 4379 et
1067 4324 1227 4383 omni
1267 4323 1397 4381 felle
1427 4324 1699 4381 deterior.
1733 4325 2042 4381 Convivam

389 4414 459 4469 ad
494 4390 905 4489 pretionem,
936 4412 1293 4486 diécipulum
1324 4414 1395 4470 ad
1419 4431 1640 4483 necem,
1674 4416 2043 4470 conservato-

387 4518 512 4558 rem
539 4501 796 4574 pecunia:
827 4502 1063 4575 praemio
1094 4502 1355 4575 pecuniae
1384 4502 1565 4558 fuisse
1595 4505 1957 4575 corruptum.
1976 4506 2040 4557 In

382 4589 628 4651 occultis
656 4607 668 4647 :
704 4584 789 4648 sic
815 4590 1221 4665 accipiendum
1253 4593 1362 4657 est,
1395 4594 1460 4645 ut
1486 4589 1673 4646 Judaei
1706 4594 1988 4663 putarunt
2023 4610 2035 4647 :

376 4666 658 4736 caeterum
708 4683 859 4737 actus
900 4688 1101 4736 eorum
1152 4679 1417 4737 occultus
1467 4696 1595 4735 esse
1641 4678 1870 4735 Christo
1920 4698 2035 4737 non

370 4762 692 4845 -potu2’t,qui
723 4754 1056 4843 frequenter
1073 4772 1208 4824 ante
1222 4767 1535 4841 praedictus
1566 4771 1655 4823 est
1674 4784 1852 4840 quam
1875 4770 2033 4826 ﬁere.

376 4846 747 4945 Immaculati
768 4858 1043 4914 dicuntur
1065 4856 1358 4946 etiamrqui
1379 4854 1560 4946 abluti
1595 4874 1629 4913 a
1657 4858 1911 4946 peccatis
1932 4859 2032 4914 Dei
2062 4878 2109 4946 Ι)

371 4950 519 5004 sunt
546 4936 1075 5015 misericordia,sed
1103 4943 1665 5007 vereimmaculatus
1696 4945 1856 5004 solus
1875 4947 2031 5003 Chri-

378 5041 510 5095 stus
539 5036 759 5110 est,qui
790 5035 1017 5093 nullam
1048 5034 1345 5091 maculam
1379 5037 1684 5092 contraxit.

411 5129 439 5183 4
518 5126 709 5183 Subito
734 5125 1081 5196 sagittabunt
1099 5140 1225 5180 eum
1252 5128 1305 5179 et
1332 5139 1439 5180 non
1473 5125 1736 5182 timebunt
1767 5142 1780 5182 :

516 5217 903 5271 Firmaverunt
928 5214 1038 5271 sibi
1063 5229 1362 5269 sermonem
1390 5216 1643 5286 nequam.

447 5305 656 5362 Subito
687 5301 858 5377 quasi
887 5302 1060 5383 invisi
1090 5301 1177 5357 vel
1208 5320 1276 5358 ex
1303 5301 1639 5376 improviso.
1662 5304 1707 5360 H
1738 5304 1812 5361 Ut
1840 5304 2028 5363 Judaei

375 5391 819 5452 dementissimi”
840 5395 1207 5463 putaverunt.
1237 5391 1397 5455 Quod
1428 5410 1561 5449 vero
1592 5394 1757 5464 dixit,
1793 5397 2032 5468 sagitta-

366 5484 523 5539 bunt
551 5476 611 5539 et
639 5498 755 5536 non
773 5478 1068 5535 timebunt
1098 5496 1111 5534 :
1137 5482 1389 5536 ostendit
1410 5482 1679 5555 malignas
1711 5483 2031 5541 voluntatis

370 5572 628 5627 velocem
659 5569 951 5626 effectum.
987 5567 1389 5625 Firmaverunt
1414 5571 1548 5639 sibi,
1582 5573 1818 5644 quando
1867 5573 2030 5630 dixe-

371 5664 546 5716 runt:
584 5657 740 5714 Reus
773 5660 862 5739 est
911 5657 1156 5726 mortis;
1190 5658 1309 5731 sive
1335 5676 1347 5715 :
1376 5660 1629 5733 Sanguis
1677 5662 1805 5733 ejus
1855 5679 2032 5735 super

373 5742 481 5823 nes
516 5740 574 5823 et
602 5745 782 5821 super
811 5744 963 5804 filios
994 5748 1229 5804 nostros
1261 5748 1467 5820 (Matth.
1500 5750 1697 5823 xxvn).

403 5815 442 5889 Β
512 5815 893 5895 Narrdverunt
921 5843 983 5893 ut
1005 5815 1392 5893 abscondeth
1423 5815 1693 5912 laqueos

509 5926 784 5993 Dixerunt
811 5920 1001 6005 (Qui:
1027 5925 1235 5988 videbit
1257 5930 1383 5987 eos?

2164 841 2466 901 hominem
2495 859 2557 898 se
2587 847 2751 916 putet
2779 842 2977 900 fallere
3007 860 3200 917 posse,
3234 844 3318 901 sic
3346 844 3530 901 Judaei
3557 846 3762 915 confusi,

2164 931 2465 988 Christum
2487 932 2896 988 tantummodo
2924 932 3224 990 hominem
3246 934 3771 1009 putantes,malignl-

2165 1024 2345 1077 tatem
2375 1037 2544 1077 suam
2579 1036 2696 1077 non
2729 1020 3044 1078 credebant
3073 1022 3313 1096 agnosci
3335 1022 3407 1080 ab
3435 1021 3771 1092 illo,cuicun-

2165 1113 2259 1167 cta
2290 1113 2510 1182 patent.

2200 1201 2236 1254 6
2308 1198 2553 1256 Scrutati
2578 1204 2707 1255 sunt
2734 1201 3055 1273 iniquitates
3085 1218 3100 1257 :

2307 1290 2630 1360 Defecerunt
2657 1298 2963 1346 scrutantes
2991 1292 3287 1349 scrutinio.

2239 1378 2280 1433 C
2311 1378 2564 1435 Scrutati
2596 1381 2736 1434 sunt
2764 1378 2951 1435 Judaei
2998 1379 3338 1453 iniquitates
3370 1398 3383 1437 :
3417 1380 3561 1454 quas
3607 1380 3781 1454 utique

2168 1466 2614 1542 praetermittere
2642 1466 3005 1536 debuissent,
3030 1467 3171 1525 dum
3203 1468 3433 1525 nullum
3456 1471 3532 1526 ibi
3562 1471 3783 1526 fructum

2168 1572 2287 1612 suae
2329 1555 2537 1612 salutis
2582 1559 2852 1629 poterant
2899 1556 3179 1614 invenire.
3212 1557 3493 1615 Dixerunt
3523 1558 3667 1614 enim
3696 1576 3707 1615 :
3735 1557 3785 1615 Si

2169 1642 2527 1700 dimittimus
2552 1659 2688 1699 cum
2718 1644 2801 1700 sic
2830 1645 3006 1717 (Joan.
3038 1645 3139 1717 x1),
3170 1640 3405 1702 venient
3436 1647 3787 1713 Romani,etc.

2109 1732 2121 1754 ‘
2168 1732 2549 1789 Defecerunt:
2587 1732 2726 1805 quia
2757 1749 2991 1807 semper
3018 1733 3078 1791 in
3123 1734 3473 1808 cogitatione
3519 1734 3791 1801 deﬁciunt,

2170 1821 2271 1895 qui
2303 1822 2375 1878 ad
2406 1838 2500 1878 res
2529 1821 2819 1895 pessimae
2849 1822 3150 1895 pervenire
3180 1814 3567 1881 contendunt.

2201 1908 2238 1966 7
2311 1910 2549 1969 Accedet
2575 1910 2732 1968 homo
2759 1910 2829 1967 ad
2851 1927 2945 1969 cor
2972 1911 3147 1969 altum
3177 1931 3197 1968 :

2309 2001 2376 2055 Et
2403 2000 2742 2056 exaltabitur
2768 2002 2931 2057 Deus.

2211 2090 2247 2144 8
2318 2089 2558 2159 Sagitta?
2581 2090 2942 2162 parvulorum
2966 2090 3131 2163 facta
3158 2098 3288 2148 sunt
3310 2092 3507 2165 plaga
3521 2108 3703 2150 eorum
3729 2110 3747 2149 :

2317 2179 2385 2234 Et
2413 2179 2712 2250 inﬁrmato?
2738 2183 2869 2236 sunt
2897 2188 3088 2237 contra
3114 2196 3202 2237 eos
3228 2181 3439 2253 linguae
3463 2195 3673 2239 eorum.

2192 2267 2229 2322 9
2305 2268 2626 2325 Conturbati
2650 2273 2780 2325 sunt
2807 2284 2992 2326 omnes
3021 2272 3119 2343 qui
3145 2270 3403 2328 videbant
3430 2287 3532 2328 cos
3564 2292 3583 2328 :

2301 2357 2369 2414 Et
2396 2358 2582 2413 timuit
2611 2356 2790 2414 omnis
2820 2359 2996 2416 homo.

2165 2447 2232 2503 10
2304 2448 2370 2503 Et
2396 2450 2869 2505 annuntiaverunt
2897 2464 3060 2521 opera
3091 2450 3197 2506 Dei
3226 2469 3245 2505 :

2305 2538 2370 2594 Et
2396 2539 2543 2608 facta
2572 2538 2690 2609 ejus
2720 2539 3132 2595 intellexerunt.

2234 2626 2275 2681 Ο
2299 2628 2407 2682 Cor
2436 2625 2594 2684 enim
2626 2624 2810 2682 altum
2824 2631 3087 2698 esttunc,
3104 2628 3342 2701 quando
3366 2626 3551 2687 homo
3573 2628 3824 2688 caelestia

2118 2780 2125 2781 ί
2163 2712 2380 2788 cogitat
2409 2718 2466 2771 et
2497 2719 2726 2772 terrena
2754 2716 2989 2773 devitat.
3024 2721 3139 2774 Istc
3170 2733 3286 2774 non
3316 2717 3516 2777 deficit
3545 2720 3705 2777 sicut
3733 2716 3819 2773 ille

2164 2804 2265 2878 qui
2323 2805 2697 2861 scrutabatur
2743 2805 3047 2876 scrutinio,
3110 2807 3211 2865 sed
3265 2808 3456 2881 magis
3518 2807 3825 2883 magistu

2160 2884 2394 2963 crescit,
2429 2894 2567 2967 quia
2596 2893 2656 2950 in
2705 2896 2834 2967 ejus
2885 2896 3056 2953 corde
3096 2895 3449 2959 exaltabitur
3498 2897 3684 2967 Deus,
3718 2910 3825 2953 non

2164 2984 2222 3039 in
2257 3000 2338 3042 se.
2376 2982 2530 3040 Deus
2560 2984 2717 3040 enim
2774 2985 2834 3040 in
2882 3000 2950 3042 eo
2980 2976 3336 3060 grandescit,
3379 2988 3485 3061 qui
3520 2986 3832 3045 sanctitate

2165 3072 2392 3129 crescit.

2236 3165 2276 3217 C
2306 3160 2686 3219 Parvulorum
2720 3162 2944 3237 sagittae
2979 3180 2991 3221 :
3027 3164 3226 3221 inania
3253 3163 3369 3222 tela
3393 3171 3569 3233 sunt,
3590 3164 3700 3240 qui
3720 3164 3837 3221 stu-

2166 3251 2263 3308 dio
2293 3250 2533 3308 ludendi
2564 3251 2801 3326 fragiles
2831 3270 3049 3310 cannas
3070 3254 3269 3325 jacere
3300 3258 3754 3314 consueverunt
3784 3253 3839 3309 in

2166 3341 2411 3397 modum
2442 3341 2814 3415 sagittarum.
2845 3342 2940 3399 Sic
2980 3342 3317 3400 Judaeorum
3368 3350 3511 3401 vota
3546 3340 3843 3402 inelticaci

2166 3429 2531 3503 malignitate
2587 3431 2955 3489 saevissima:
3003 3448 3118 3489 non
3166 3432 3501 3490 intulerunt
3556 3432 3846 3498 ﬂendam,

2008 3506 2021 3515 ’
2078 3507 2121 3575 C
2161 3521 2548 3589 mortem,sed
2564 3519 3051 3592 gloriosissimam
3071 3522 3489 3594 passionem.H
3518 3524 3846 3579 Inﬁrmata

2162 3614 2305 3666 sunt
2331 3609 2716 3683 linguai,quia
2736 3609 2960 3667 nullam
2983 3610 3137 3684 cepit
3157 3610 3557 3670 stabilitatem
3589 3613 3852 3670 elocutio

2161 3699 2495 3765 eorum,sed
2526 3698 2696 3755 dolus
2727 3712 2929 3756 eorum
2960 3700 3212 3757 reddidit
3241 3717 3341 3758 eos
3376 3699 3705 3760 infirmos.
3880 3696 3881 3723 ³

2232 3787 2639 3845 CConturbati
2700 3790 2841 3845 sunt
2897 3804 2967 3845 ex
3018 3788 3133 3846 illis
3190 3790 3434 3862 quidam
3496 3786 3859 3862 credentes,

2154 3879 2394 3951 quando
2415 3876 2698 3934 venerunt
2725 3882 2783 3934 et
2811 3874 3084 3936 diserunt
3102 3880 3174 3935 ad
3197 3867 3509 3952 apostolos
3540 3880 3755 3949 EQuid
3777 3881 3881 3935 (ελ-λ

2159 3968 2383 4023 ciemus
2411 3966 2521 4022 viri
2542 3967 2788 4024 fratres?
2810 3968 2945 4041 (Act.
2978 3968 3063 4031 ιι.)
3088 3968 3156 4024 Et
3174 3966 3375 4025 timuit
3394 3971 3626 4028 omnis
3652 3971 3868 4027 homo.

2157 4056 2309 4113 Dicit
2337 4061 2525 4112 totum
2542 4072 2646 4128 pro
2665 4060 2921 4129 parte,ut
2940 4057 3134 4113 omnis
3156 4054 3535 4131 intelligatur
3562 4061 3680 4133 qui
3697 4059 3881 4132 judi-‘

2156 4147 2317 4202 cium
2363 4144 2596 4201 Domini
2627 4145 2891 4201 futurum
2923 4145 3542 4218 formidabatztimuit,
3583 4141 3881 4222 quiajus

2156 4235 2375 4291 dicium
2402 4235 2669 4291 futurum
2700 4235 2811 4291 sibi
2844 4234 3154 4291 imminere
3183 4235 3587 4294 formidabat.

2224 4327 2264 4380 C
2292 4314 3051 4392 Annuntiaverunt,scilicet
3080 4323 3323 4398 gloriam
3341 4324 3882 4391 resurrectionis,

2151 4417 2209 4468 et
2232 4410 2427 4487 priora
2458 4412 2741 4468 miracula
2772 4428 2899 4485 quas
2932 4413 3159 4469 fecit.Et
3180 4410 3329 4470 facta
3344 4414 3484 4487 ejus
3524 4416 3882 4474 intellexe‘

2149 4506 2310 4574 runt,
2342 4501 2564 4558 scilicet
2592 4520 2720 4558 esse
2765 4502 2983 4571 divina,
3032 4501 3174 4575 quia
3218 4492 3360 4558 talia
3398 4500 3707 4578 implere
3754 4522 3882 4564 non

2148 4595 2375 4663 poterat
2397 4591 2659 4647 humana
2687 4580 3047 4665 fragilitasli
3078 4588 3421 4664 Compuncti
3456 4592 3882 4653 enim‘corde

2148 4670 2948 4749 intellexerunt,etintellecta
2960 4679 3091 4736 aliis
3106 4680 3487 4751 nuntiarunt,
3513 4685 3652 4759 qui
3677 4683 3882 4745 Deuiu

2144 4766 2416 4843 religiose
2442 4769 2790 4825 timuerunt.

2145 4860 2207 4914 11
2283 4860 2587 4915 Laetabitur
2604 4858 2789 4931 justus
2818 4860 2876 4914 in
2907 4861 3134 4915 Domino
3162 4867 3214 4916 et
3242 4859 3505 4933 sperabit
3541 4864 3623 4920 in
3661 4879 3739 4923 eo
3780 4883 3800 4923 :
3879 4872 3881 4899 τ

2281 4950 2357 5002 Et
2389 4947 2767 5003 laudabuntur
2793 4964 2974 5005 omnes
3002 4951 3140 5005 recti
3166 4949 3344 5006 corde.

2215 5037 2261 5092 H
2292 5035 2611 5092 Laetabitur
2649 5036 2872 5108 justus.
2907 5036 3072 5094 Sicut
3100 5037 3257 5094 enim
3312 5038 3578 5111 impius
3618 5048 3878 5120 p'ropte

2141 5125 2545 5183 inﬁdelitatem
2571 5142 2740 5182 suam
2753 5125 3137 5197 formidat,ita
3151 5128 3353 5201 justus
3375 5136 3694 5205 propter
3719 5151 3882 5211 spes

2140 5213 2481 5271 aeternitatis
2512 5231 2631 5270 suae
2663 5213 2917 5271 exsultat
2964 5215 3025 5272 in
3056 5215 3323 5273 Domino.
3356 5214 3398 5272 C
3433 5215 3663 5278 Recti
3710 5224 3882 5280 cord

2140 5308 2281 5360 sunt
2310 5304 2410 5376 qui
2444 5321 2547 5377 per
2574 5305 2817 5361 semitas
2848 5305 3080 5361 Domini
3105 5304 3658 5384 gradiuntur,qni
3700 5320 3777 5371 et
3802 5315 3882 5371 Dr

2138 5393 2368 5449 minum
2416 5392 2679 5460 laudant,
2712 5397 2769 5449 et
2828 5394 2901 5451 ab
2960 5394 3091 5467 ipsa
3145 5395 3386 5451 veritate
3451 5394 3882 5459 laudantur

2139 5483 2288 5550 Quid
2318 5481 2680 5539 laudabilius
2713 5500 2892 5556 quam
2924 5482 2997 5541 ab
3022 5483 3154 5558 ipso
3186 5480 3388 5541 audire
3424 5502 3445 5540 :
3496 5487 3881 5564 Venite,bi

2139 5570 2381 5642 nedicti,
2415 5576 2524 5628 etc.
2538 5572 2569 5627 ?

2603 5678 2808 5719 ORATIO
2854 5678 2924 5719 EX
2972 5678 3127 5720 PSAL.
3169 5676 3329 5721 ιχιη.

2206 5748 2416 5808 Tutela
2442 5750 2706 5807 omnium
2740 5743 3306 5820 credentium,Deus,
3338 5750 3654 5816 custodi
3691 5762 3881 5820 Eccl

2130 5839 2283 5895 siam
2318 5843 2483 5895 tuam
2514 5855 2549 5895 a
2577 5844 2863 5896 conventu
2886 5838 3361 5915 malignantium,
3389 5844 3549 5912 qui
3606 5866 3803 5910 eam
3845 5872 3882 5911 ο

2137 5928 2312 5988 cultis
2348 5927 2564 6005 jaculis
2601 5929 2951 6008 impugnare
2995 5930 3282 6005 nituntur,
3335 5934 3399 5987 ut
3496 5938 3583 5995 te
3668 5942 3882 6003 salu]
