3876 6348
472 375 628 438 1063
1511 365 1920 436 HUMBERTI
1964 371 2003 434 S

2253 413 2266 428 .
2313 361 2808 430 CARDINALIS.
3687 359 3778 428 1061

473 507 679 575 rentia,
707 506 791 562 sic
821 509 877 562 et
907 519 1083 576 quam
1103 503 1354 560 maxima
1375 503 1544 559 debet
1569 520 1695 558 esse
1731 504 1786 556 in
1821 500 2101 556 ministris
2132 506 2178 566 Α
2211 499 2430 554 cladem
2456 501 2670 571 experti
2706 503 2862 553 sunt.
2889 495 3156 553 Severior
3184 492 3352 552 enim
3376 489 3656 567 Evangelii
3672 508 3777 565 quam

473 598 782 667 utriusque
812 592 1108 659 distantia,
1145 596 1427 663 quantum
1471 591 1689 645 scilicet
1727 591 1934 645 sistare
1963 588 2106 643 solet
2213 587 2359 658 legis
2390 593 2478 642 est
2494 588 2708 652 cautio,
2734 586 2872 658 quia
2899 586 2958 641 in
2988 585 3098 640 hac
3119 599 3380 658 pravum
3404 582 3614 638 factum
3631 581 3776 639 solum-

471 683 686 742 servuli
717 679 1174 754 abimperatoris
1197 696 1460 750 persona.
1485 679 1762 749 Equidem
1786 678 2103 734 Mosaicum
2216 677 2410 741 modo,
2459 677 2514 730 in
2567 675 2664 730 illa
2707 679 2900 730 autem
2945 673 3192 745 punitur
3232 671 3416 728 etiam
3474 671 3724 743 cogitatio.
3744 673 3774 726 Et

472 773 610 828 illud
635 769 1020 827 sacerdotium
1035 767 1330 822 sacriﬁciis
1343 763 1966 820 carnalibusinsistens
1979 779 2108 818 san-
2213 769 2366 820 certe
2396 763 2622 820 Dathan
2665 767 2722 818 et
2754 762 2968 821 Abiron
2999 767 3180 834 atque
3212 761 3364 817 Core
3406 758 3615 832 duplici
3637 763 3776 815 contri-

472 860 708 933 guinem
738 858 1028 913 hircorum
1061 859 1116 908 et
1145 858 1470 916 taurorum,
1501 851 1950 923 aliquorumque
1980 851 2104 905 ani-
2212 853 2390 917 tione,
2421 852 2678 924 corporis
2709 851 2932 907 scilicet
2959 854 3016 905 et
3043 848 3288 916 animae,
3311 849 3621 904 creduntur
3643 851 3774 903 contri-

473 949 736 1012 mnlium,
758 962 872 1016 quo
892 939 1473 1012 secundumApostoli
1495 940 1718 994 dictum
1743 936 2105 1010 impossibile
2211 940 2278 1012 ti,
2310 945 2374 996 ut
2403 944 2711 996 attestatur
2737 939 2922 994 Judas
2947 936 3176 994 Jacobi.

471 1042 594 1092 erat
624 1032 837 1089 auferri
869 1033 1118 1104 peccata,
1151 1031 1420 1083 umbram
1461 1027 1830 1084 solummodo
1881 1027 2102 1081 futuro-
2849 1043 3082 1100 CAPUT
3119 1043 3216 1098 1v_

471 1141 599 1180 rum
624 1124 904 1176 bonorum
929 1118 1264 1190 prznferebat
1287 1134 1301 1184 ;
1325 1117 1722 1206 Christianum
1746 1120 1964 1206 autem,
1991 1115 2104 1186 spi-
2211 1137 2285 1192 De
2314 1137 2474 1203 vulgo
2502 1136 2720 1206 “quae,
2737 1140 3208 1206 praesumptam",
3226 1130 3379 1206 “uda
3405 1129 3690 1202 ἀίηθηηίέα
3709 1148 3772 1186 πη

467 1209 776 1266 ritualibus
807 1207 1013 1262 hostiis
1041 1222 1272 1271 vacans,
1305 1203 1649 1275 sanguinem
1674 1203 1819 1274 Agni
1841 1203 2100 1256 inconta-
2297 1225 2302 1232 -
2411 1202 2424 1203 ί
2567 1202 2581 1206 “
2731 1202 2785 1260 'et
2825 1203 2968 1273 faui
3005 1202 3333 1259 δαεενάοιέί,

469 1299 673 1355 minati
703 1307 756 1354 et
785 1293 1144 1350 immaculati
1179 1293 1317 1348 Jesu
1371 1291 1605 1357 Christi,
1659 1292 1762 1362 qui
1792 1289 1943 1344 tollit
1973 1305 2102 1360 pec-
2279 1295 2453 1350 Jesus
2483 1295 2554 1348 de
2583 1297 2738 1348 terra
2762 1291 2990 1364 Egypti
3013 1289 3308 1363 populum
3333 1289 3770 1357 salvuu3.mund0

466 1395 594 1444 cata
625 1384 849 1449 mundi,
881 1382 1140 1454 quotidie
1163 1380 1354 1436 fundit
1383 1380 1441 1434 in
1463 1379 1862 1434 remissionem
1899 1393 2104 1450 pecca—
2210 1401 2308 1439 eos
2331 1383 2430 1456 qui
2452 1399 2570 1438 non
2592 1382 2966 1437 crediderunt
2985 1379 3267 1452 perdidit.
3289 1379 3400 1434 Sed
3423 1377 3553 1434 hinc
3567 1379 3671 1450 jam
3687 1380 3771 1450 quid

464 1481 658 1532 torum
688 1491 790 1546 per
819 1471 1186 1526 manifestam
1205 1468 1505 1524 veritatem
1534 1467 1907 1538 praesentium
1926 1471 1983 1520 et
2015 1465 2100 1519 fu-
2210 1473 2412 1526 eadem
2442 1469 2687 1525 historia
2717 1469 3037 1540 subjuugat
3065 1467 3470 1538 perpendetur
3499 1484 3513 1522 ε
3543 1487 3568 1520 ι
3587 1467 3771 1522 Murum.

465 1569 732 1620 turorum
747 1563 1050 1616 bonorum.
1079 1557 1222 1612 Illud
1245 1573 1476 1628 quoque
1498 1554 2098 1619 animadvertendum,
2210 1558 2357 1614 ravit
2369 1563 2560 1613 autem
2580 1557 2772 1611 omnis
2796 1553 3108 1611 multitudo
3121 1554 3386 1610 ﬁliorum
3399 1553 3565 1610 Israel
3583 1556 3769 1625 sequenti

467 1651 768 1724 quodCore
789 1664 901 1702 ῐιοη
925 1645 1167 1718 Pecunia
1189 1644 1446 1716 [sibimet
1462 1642 1846 1698 sacerdotium
1870 1640 2104 1712 quaesie-
2213 1647 2305 1703 die
2332 1649 2531 1700 contra
2543 1645 2775 1716 Moysen
2791 1644 3044 1698 etAaron
3064 1641 3274 1699 dicens
3301 1660 3316 1698 :
3353 1642 3470 1698 Vos
3487 1641 3770 1698 interfecisti

469 1741 586 1812 rit],
617 1739 715 1794 sed
749 1735 966 1809 gradus
995 1733 1085 1789 sui
1126 1731 1576 1804 propinquitate,
1610 1731 1709 1786 sed
1740 1729 2101 1802 cognatione,
2213 1733 2496 1806 populum
2545 1731 2797 1787 Domini.
2848 1731 3114 1802 Cumque
3145 1730 3404 1787 oriretur
3442 1731 3630 1786 seditio
3653 1735 3698 1786 et
3715 1735 3770 1784 tu-

467 1845 583 1899 qua
618 1823 974 1882 contribules
1003 1825 1166 1876 erant
1195 1821 1318 1892 ipse
1349 1826 1404 1875 et
1431 1823 1642 1886 Aaron,
1689 1817 1955 1890 quamvis
1986 1835 1998 1870 ι

2237 1822 2438 1878 nultus
2470 1821 2838 1886 incresceret,
2870 1819 3098 1892 Moyses
3127 1822 3189 1875 et
3224 1821 3420 1874 Aaron
3458 1817 3768 1892 fugieruntad

465 1915 724 1986 ejusdem
755 1909 1008 1974 familiae,
1042 1913 1098 1963 et
1131 1908 1269 1980 quia
1291 1907 1619 1962 conﬁdebat
1641 1923 1701 1961 se
1731 1921 1965 1976 Quoque
1989 1904 2102 1959 DO—
2134 1904 2176 1912 ”
2208 1908 2650 1966 tabernaculum
2673 1907 2924 1963 foederis.
2947 1907 3110 1971 Quod
3125 1913 3440 1980 postquam
3456 1905 3771 1979 ingressisnnt

465 2002 608 2058 mini
639 2017 785 2064 esse,
811 1999 963 2053 sicut
983 2014 1051 2052 ex
1075 1995 1168 2050 his
1188 1995 1518 2065 verbisejus
1538 1993 1908 2065 cognoscitur
1937 2009 2098 2062 aper~
2209 1999 2438 2069 operuit
2464 1998 2670 2062 nubes,
2704 2000 2761 2052 et
2783 1995 3058 2068 apparuit
3081 1995 3276 2068 gloria
3319 1993 3560 2057 Domini,
3588 1992 3771 2064 dixittu

465 2097 560 2146 te:
595 2114 621 2139 ‹‹
656 2088 938 2153 Sufficiat,
969 2086 1178 2156 inquit,
1211 2085 1374 2139 vobis
1405 2083 1544 2155 quia
1567 2083 1757 2138 omnis
1788 2081 2100 2136 multitudo
2208 2085 2491 2141 Dominus
2537 2085 2608 2140 ad
2656 2089 2927 2156 Moysen:
2983 2083 3263 2139 Recedite
3323 2083 3396 2138 de
3441 2081 3612 2138 medio
3648 2081 3771 2151 hujus

461 2184 797 2235 sanctorum
829 2180 936 2240 est,
971 2178 1028 2228 et
1057 2173 1114 2227 in
1149 2172 1295 2244 ipsis
1323 2176 1412 2226 est
1434 2171 1738 2225 Dominus.
1772 2170 1886 2224 Cur
1914 2168 2100 2223 eleva-
2210 2172 2625 2240 multitudinis,
2658 2175 2836 2228 etiam
2867 2187 3024 2228 uuuo
3046 2171 3259 2228 delebo
3280 2187 3401 2228 eos.
3423 2169 3767 2242 cumquejace.

464 2267 607 2322 mini
640 2281 818 2336 super
847 2261 1124 2334 populum
1159 2258 1427 2314 Domini?
1451 2260 1630 2328 (Num.
1661 2275 1775 2322 XVI,
1803 2257 1880 2326 3.)
1912 2256 2023 2310 Sed
2047 2259 2104 2310 et
2209 2267 2337 2317 rent
2366 2262 2426 2316 in
2455 2266 2690 2327 terram,
2715 2261 2860 2316 dixit
2880 2261 3108 2332 Moyses
3129 2260 3207 2316 ad
3229 2262 3420 2316 Aaron
3453 2275 3466 2316 :
3491 2257 3630 2314 Tolle
3645 2255 3770 2312 ωηιξ-

464 2355 607 2410 illud
631 2371 744 2408 non
767 2352 963 2406 minus
985 2347 1588 2415 animadvertendum,
1609 2362 1784 2417 quam
1814 2343 2101 2400 horrendo
2209 2349 2432 2417 bulum,
2467 2354 2524 2405 et
2551 2349 2762 2404 hausto
2779 2349 2913 2420 igne
2937 2349 3010 2404 de
3030 2348 3205 2404 altari
3233 2348 3405 2404 mitte
3425 2347 3685 2402 incensum
3704 2344 3766 2397 de.

463 2447 520 2498 et
551 2439 866 2496 miserabili
893 2437 1061 2492 modo
1083 2435 1300 2489 Dathan
1323 2440 1379 2489 et
1397 2435 1610 2488 Abiron
1640 2433 1894 2488 viventes
1924 2431 1982 2485 in
2015 2431 2097 2485 in-
2209 2454 2404 2509 super,
2440 2454 2685 2510 porgens
2715 2437 2826 2492 cito
2859 2435 2930 2492 ad
2963 2435 3276 2509 populum,
3310 2439 3377 2491 ut
3417 2450 3571 2506 roges
3596 2448 3678 2505 pm
3700 2431 3765 2486 είς,

465 2532 693 2586 fernum
723 2544 855 2582 cum
886 2525 1160 2580 omnibus
1192 2523 1340 2588 suis,
1386 2537 1637 2593 cumque
1668 2521 1827 2576 omni
1858 2518 2102 2590 supelle-
2208 2525 2341 2580 Jam
2373 2525 2525 2580 enim
2559 2541 2793 2596 egi-ossa
2821 2529 2912 2580 est
2941 2524 3028 2580 ira
3048 2541 3083 2579 α
3110 2524 3460 2590 Βοωίηο,θι
3477 2521 3626 2596 plaga
3645 2520 3768 2574 dm.

464 2619 595 2674 ctile
613 2635 720 2672 sua
739 2614 1164 2677 descenderint,
1189 2628 1320 2666 cum
1336 2610 1568 2666 sibimet
1583 2609 1971 2664 sacerdotium
1987 2624 2100 2662 non
2207 2613 2381 2667 vitur.
2415 2612 2576 2678 Quod
2608 2628 2743 2667 cum
2773 2611 3005 2667 fecisset
3051 2613 3272 2679 Aaron,
3304 2615 3362 2667 et
3394 2607 3696 2666 cucurrith
3722 2605 3765 2657 ad

464 2706 814 2778 quaesierint,
841 2719 1026 2772 neque
1057 2701 1211 2756 enim
1236 2716 1304 2753 ex
1317 2697 1471 2753 tribu
1497 2697 1943 2764 Levierant,sed
1975 2701 2102 2750 tan-
2212 2699 2468 2754 mediam
2496 2699 2955 2764 multitudinem,
2994 2714 3174 2770 quam
3194 2699 3326 2769 jam
3353 2696 3600 2754 vastabat
3631 2693 3767 2747 incen-

463 2793 764 2850 tummodo
795 2787 1315 2864 przesumptoribus
1356 2785 1618 2840 foverint.
1655 2785 1722 2838 Et
1750 2789 1944 2839 tamen
1977 2799 2103 2855 gra-
2212 2787 2397 2856 dium,
2433 2785 2644 2842 obtulit
2671 2786 3032 2859 thymiama;
3063 2790 3123 2842 et
3147 2791 3322 2843 stans
3343 2785 3488 2842 inter
3513 2781 3766 2840 mortuoset

463 2883 592 2938 vius
622 2880 807 2952 puniti
843 2882 982 2933 sunt
1013 2878 1268 2931 fautores
1299 2879 1358 2929 et
1395 2873 1748 2935 defensores,
1782 2887 1958 2942 quam
1990 2869 2104 2942 ipsi
2209 2877 2488 2942 viventes,
2517 2892 2620 2947 pro
2642 2873 2857 2947 populo
2877 2875 3232 2946 deprecatus
3253 2878 3362 2940 est,
3384 2877 3441 2930 et
3467 2871 3614 2944 plaga
3633 2882 3766 2924 cessa-

466 2972 934 3042 praesumptores.
969 2962 1212 3019 Gravius
1254 2966 1341 3016 est
1383 2960 1538 3016 enim
1569 2965 1784 3015 terram
1829 2957 2104 3030 deglutiri
2211 2963 2309 3020 vit,
2343 2963 2600 3018 Fuerunt
2629 2966 2824 3018 autem
2840 2962 3228 3033 quipereussi
3261 2965 3398 3018 sunt
3419 2954 3763 3032 quatuordecim

466 3041 624 3113 vivos
655 3071 784 3110 cum
809 3053 982 3108 rebus
1012 3055 1068 3106 et
1090 3050 1230 3121 ipsis
1254 3048 1530 3120 parvulis,
1564 3046 1664 3118 qui
1695 3063 1808 3102 non
1843 3062 2104 3118 peccave-
2213 3050 2719 3106 milliahominum
2739 3055 2797 3106 et
2815 3049 3194 3122 septingenti,
3213 3048 3530 3123 absquehis
3547 3045 3630 3118 qui
3647 3041 3765 3115 perie-

466 3149 616 3209 rant,
641 3159 816 3214 quam
843 3141 974 3213 igne
995 3136 1222 3194 amburi
1243 3135 1396 3192 solos
1425 3135 1524 3207 qui
1550 3138 1946 3207 peccaverant.
1979 3133 2106 3188 Ani-
2143 3205 2176 3214 _
2216 3144 2355 3194 runt
2384 3139 2441 3192 in
2467 3137 2747 3194 seditione
2768 3137 3250 3210 Core(Num.xvr,
3276 3139 3518 3206 41-49,).
3543 3135 3594 3190 In
3611 3146 3698 3204 quo
3712 3127 3764 3182 vi-

465 3205 830 3288 madt'e-I'taut
853 3205 960 3284 ﬁ'00
991 3225 1117 3281 laici
1141 3230 1197 3280 οἱ
1227 3205 1570 3292 ClePiCqulJl
1595 3239 1710 3277 ῐιοῐὶ
1741 3221 1951 3276 timent
1981 3237 2106 3292 ριέι-
2136 3205 2178 3270 C
2217 3227 2426 3284 delicet
2439 3226 2584 3282 facto
2597 3205 3433 3283 evidentermonstraturauod
3447 3205 3768 3294 etiampervcr-

465 3322 550 3376 vis
571 3325 627 3376 et
652 3314 1102 3388 indisciplinatis
1125 3312 1495 3385 patrocinari,
1519 3311 1887 3380 maximeque
1905 3309 1997 3364 cui
2021 3309 2104 3362 in-
2212 3331 2409 3370 sorum
2443 3331 2661 3384 sequax
2679 3312 2890 3385 vulgus
2913 3313 3109 3370 divina
3124 3313 3518 3387 indignatione
3534 3305 3765 3367 enormiter

467 3410 696 3482 dignos,
729 3410 830 3462 aut
861 3403 1118 3476 potentia
1144 3417 1270 3467 sua,
1306 3399 1392 3454 vel
1434 3400 1646 3466 favore,
1685 3414 1786 3452 seu
1818 3396 1999 3468 pretio
2031 3396 2102 3451 ad
2213 3403 2621 3475 prosternitur,
2654 3401 2792 3456 dum
2825 3401 3062 3458 eosdem
3091 3418 3398 3474 perversos
3425 3415 3557 3473 quos
3584 3392 3764 3468 populus

467 3481 662 3552 sacros
693 3495 925 3550 ordines
963 3491 1201 3562 exigunt
1233 3486 1574 3560 promoveri.
1623 3484 2104 3540 Animadvertant
2210 3491 2309 3546 Dei
2334 3489 2478 3546 falso
2497 3481 3760 3556 credebatetdicebatinterfectosconqueritur.

467 3601 698 3657 quoque
744 3582 881 3654 quia
933 3579 1262 3652 prohibitus
1314 3575 1425 3630 fuit
1478 3573 1728 3646 populus
1771 3572 2104 3642 contingere
2210 3579 2323 3633 Nec
2354 3578 2592 3644 mirum,
2619 3576 2757 3648 quia
2786 3577 3012 3633 amicus
3041 3577 3356 3634 stultorum
3385 3565 3762 3633 efficietursimi-

468 3656 752 3745 quidquid
783 3685 981 3726 eorum
1010 3684 1135 3738 quae
1168 3665 1238 3720 ad
1279 3663 1500 3718 Dalhau
1527 3667 1583 3716 et
1609 3659 1820 3716 Abirou
1854 3659 2102 3731 pertiue-
2212 3665 2364 3731 liter,
2389 3669 2454 3720 ut
2481 3665 2563 3720 ait
2587 3664 2880 3732 Salomon,
2909 3682 3158 3737 quorum
3181 3665 3509 3722 societatem
3529 3656 3764 3716 cavendam

468 3763 628 3826 bant,
663 3776 734 3814 ne
765 3757 1192 3813 involverentur
1219 3751 1472 3823 peccatis
1502 3766 1724 3816 eorum,
1747 3765 1880 3803 cum
1911 3746 2104 3818 supel-
2211 3755 2411 3810 edocet
2440 3753 2522 3808 sic
2553 3769 2567 3808 ς
2598 3775 2625 3801 ‹‹
2659 3753 2763 3806 Fili
2797 3753 2898 3817 mi,
2931 3753 2980 3808 si
3029 3758 3086 3808 te
3133 3752 3465 3810 mutaverint
3494 3750 3766 3822 peccatores,

471 3849 561 3904 lex
591 3850 734 3904 Core
755 3846 813 3900 in
841 3849 1072 3899 tantum
1097 3858 1208 3896 non
1235 3837 1488 3910 perierit,
1518 3837 1777 3892 utetiam
1809 3834 2108 3890 thuribula
2213 3858 2284 3896 ne
2332 3841 2665 3912 acquiescas
2699 3841 2803 3895 eis.
2861 3839 2920 3895 Si
2967 3839 3228 3898 dixerint
3271 3859 3284 3896 :
3341 3837 3478 3895 Veni
3513 3831 3766 3891 nobiscum,

469 3953 670 3995 eorum
702 3937 760 3989 in
791 3933 1041 3988 laminas
1071 3929 1352 4002 producta
1371 3927 1544 3996 jussu
1591 3925 1691 3982 Dei
1722 3924 1888 3980 altari
1920 3924 2107 3978 all‘usa
2213 3932 2315 3984 aut
2371 3932 2585 3984 sortem
2646 3927 2810 3984 mitte
2866 3927 3198 3996 nobiscum,
3259 3923 3602 3998 marsupium
3635 3928 3765 3972 unum

471 4026 608 4082 sint.
640 4025 713 4078 Et
734 4026 797 4076 ut
817 4019 1058 4075 historia
1079 4017 1252 4072 refert
1272 4015 1330 4069 in
1353 4013 1754 4085 sequentibus,
1777 4014 1992 4067 factum
2019 4015 2108 4067 est
2214 4018 2292 4072 sit
2319 4015 2583 4070 omnium
2615 4019 2904 4071 nostrum.
2928 4015 3111 4072 Pedes
3131 4016 3294 4072 enim
3318 4029 3510 4072 eorum
3531 4009 3592 4066 ad
3611 4002 3768 4061 malum

473 4113 690 4185 grande
713 4107 1080 4170 miraculum,
1108 4107 1188 4170 ut,
1215 4107 1491 4174 pereunte
1509 4101 1786 4166 Core,ﬁlii
1812 4099 1970 4155 illius
1993 4117 2106 4155 non
2213 4108 2471 4160 currunt.
2527 4103 2608 4159 Ne
2639 4103 2928 4160 temuleris
2956 4103 3113 4160 viros
3140 4103 3378 4176 impios,
3427 4116 3524 4157 nec
3550 4093 3770 4152 desideres

471 4183 765 4272 perirent;
826 4196 1176 4266 tandemque
1228 4195 1580 4263 cognoscant
1635 4190 1969 4244 defensores
2020 4187 2107 4244 vel
2214 4209 2342 4249 esse
2365 4208 2496 4246 cum
2526 4191 2630 4260 eis,
2665 4191 2802 4264 quia
2829 4191 3066 4248 fraudes
3094 4191 3254 4248 labia
3289 4205 3484 4247 eorum
3507 4183 3768 4256 loquuntur.

475 4288 728 4345 fautores
759 4299 1066 4358 pravorum
1089 4284 1309 4353 quanto
1335 4281 1558 4351 pejores
1580 4279 1698 4335 sint
1720 4277 1912 4349 pravis
1942 4277 2105 4348 ipsis.
2214 4281 2283 4335 Et
2311 4295 2442 4334 cum
2474 4279 2898 4336 detractoribus
2947 4295 3018 4334 ne
3069 4276 3518 4342 commiscearis,
3565 4265 3767 4344 quoniam

474 4376 698 4433 Etenim
715 4355 1100 4445 sicutpriores
1123 4371 1182 4424 in
1207 4367 1420 4424 scelere
1452 4367 1612 4439 prius
1635 4365 1862 4422 Dathan
1893 4371 1950 4420 et
1981 4366 2110 4420 Abi-
2216 4372 2450 4440 repente
2522 4371 2834 4440 consurget
2905 4367 3152 4440 perditio
3213 4383 3434 4434 eorum,
3489 4366 3541 4418 et
3604 4355 3769 4413 ruinam

475 4483 578 4522 ron
611 4470 762 4520 terra
791 4459 1124 4528 absorbuit;
1167 4457 1300 4513 dein
1331 4456 1472 4510 Core
1503 4472 1636 4510 cum
1661 4455 1786 4510 suis
1815 4453 2110 4526 complici-
2218 4456 2524 4528 utriusque
2544 4455 2677 4528 quis
2698 4455 2994 4511 novit?Ne
3011 4455 3115 4512 des
3136 4455 3344 4512 alienis
3359 4455 3614 4510 honorem
3631 4450 3767 4529 tuum,

474 4556 584 4611 bus
613 4554 852 4608 ﬂamma
882 4547 1199 4620 corripiens
1228 4543 1572 4600 combussit.
1606 4543 1726 4598 Prae
1755 4543 1979 4597 cunctis
2007 4559 2108 4596 au—
2142 4563 2188 4629 Ι)
2218 4549 2276 4600 et
2303 4561 2487 4600 annos
2511 4547 2644 4600 tuos
2673 4543 2916 4614 crudeli,
2947 4560 3020 4599 ne
3049 4544 3196 4601 forte
3226 4541 3566 4616 impleantur
3584 4537 3769 4629 extranu

473 4649 591 4699 tem
622 4641 1090 4699 animadvertant
1119 4631 1456 4700 Simoniaci,
1497 4633 1596 4702 qui
1631 4635 1762 4703 post
1809 4631 2116 4686 innumera
2142 4613 2185 4629 υ
2220 4632 2442 4687 viribus
2488 4631 2624 4699 tuis,
2657 4637 2716 4687 et
2743 4613 2972 4688 labores
3000 4631 3086 4686 tui
3119 4632 3238 4688 sint
3268 4613 3331 4686 in
3358 4631 3520 4686 domo
3549 4613 3770 4682 aliena,et

475 4732 850 4786 anathemata
879 4725 1160 4798 Spiritum
1185 4727 1451 4777 sanctum
1479 4737 1580 4792 pro
1603 4719 2004 4775 ecclesiasticae
2037 4718 2118 4773 di-
2222 4736 2422 4791 gemas
2453 4719 2512 4774 in
2535 4719 2870 4775 novissimis
2901 4719 3140 4784 quando
3173 4711 3588 4788 consumpseris
3628 4712 3770 4798 caules

475 4819 714 4890 gnitatis
734 4788 1052 4871 ambitione
1080 4810 1325 4883 pecunia
1361 4788 1705 4880 impugnare
1735 4809 2116 4878 praesumunt,
2224 4788 2280 4863 et
2309 4824 2518 4879 corpus
2549 4811 2740 4874 tuum,
2770 4811 2828 4861 et
2858 4807 3018 4862 dicas
3048 4823 3061 4862 :
3095 4807 3208 4863 Cur
3240 4806 3546 4862 detestatus
3565 4809 3673 4890 sum
3694 4788 3769 4843 dis-

479 4906 696 4978 quique
725 4920 789 4957 se
821 4917 1152 4972 expugnare
1182 4898 1266 4953 vel
1297 4897 1616 4968 expugnari
1647 4911 1816 4966 posse
1847 4895 2114 4950 eumdem
2225 4894 2522 4967 ciplinam,
2572 4899 2628 4950 et
2683 4894 3182 4966 increpationibus
3254 4911 3366 4950 non
3421 4883 3670 4961 acquievit
3711 4887 3771 4971 cor

478 4994 741 5060 credunt,
775 4994 993 5061 quanto
1025 4987 1420 5042 sceleratiores
1453 4985 1570 5040 sint
1608 4987 1770 5050 Core,
1821 4983 1942 5054 qui,
1987 4988 2118 5038 ante
2227 4999 2444 5050 meum,
2478 5000 2582 5038 nec
2611 4982 2802 5038 audivi
2833 4998 3031 5038 vocem
3052 4981 3386 5039 docentium
3419 4994 3524 5043 me,
3546 4976 3595 5030 et
3619 4961 3769 5061 mang-

481 5073 1518 5152 quidlibetanathcma,sacerdotium
1539 5072 2118 5142 JudaicmSynagogee
2226 5071 2332 5126 tris
2364 5087 2479 5126 non
2507 5071 2782 5126 inclinavi
2805 5087 3005 5126 aurem
3037 5087 3230 5126 meam
3252 5071 3430 5142 (Prov.
3461 5083 3497 5133 ι,
3527 5081 3574 5131 v,
3600 5049 3765 5120 XXIV-l’

480 5150 642 5224 nulla
670 5164 920 5238 pecunia
941 5161 1161 5234 prolata
1190 5161 1276 5216 vel
1301 5158 1609 5232 promissa,
1634 5157 1730 5212 sed
1755 5157 1878 5212 sola
1907 5175 2116 5229 cogna-
2226 5160 2375 5215 Pene
2407 5159 2485 5214 fui
2518 5159 2576 5214 in
2608 5158 2764 5216 omni
2797 5158 2950 5215 malo
2983 5159 3044 5215 in
3073 5157 3265 5214 medio
3308 5153 3560 5213 Ecclesia!
3587 5150 3635 5204 et
3656 5151 3767 5213 εἵην

477 5232 689 5322 tionis;
706 5253 792 5308 vel
827 5232 1151 5308 sanctitatis
1180 5246 1528 5312 fiducia,sibi
1561 5245 1815 5316 arripere
1845 5246 2110 5300 tentavit.
2224 5263 2406 5319 gogaa,
2439 5264 2564 5318 quae
2597 5263 2664 5302 ex
2693 5245 3012 5318 proverbiis
3040 5245 3257 5302 idcirco
3287 5244 3462 5301 latius
3490 5232 3766 5322 collegimus,

481 5346 762 5400 Prmterea
811 5340 1279 5396 animadvertant
1323 5332 1808 5398 Simoniacorum,
1841 5350 1939 5387 seu
1971 5350 2114 5404 quo-
2225 5318 2362 5406 quia
2392 5336 2563 5390 bruta
2591 5338 2647 5390 et
2667 5335 2863 5407 segnis
2888 5335 2958 5389 ad
2983 5333 3324 5406 malumque
3349 5347 3525 5405 prona
3543 5318 3763 5407 homine-tn

481 5426 1346 5502 rumlibetﬁndisciplinatorum
1372 5421 1626 5476 fautores
1646 5424 1703 5474 et
1722 5399 2114 5477 obstinati—den
2224 5399 2538 5478 multitudo
2551 5399 2875 5478 doctrinam
2888 5421 3147 5477 veritatis
3159 5399 3500 5494 cognoscere
3512 5399 3763 5470 contamniii

485 5498 864 5574 fensores'ab
912 5511 1242 5584 evangelica
1285 5507 1520 5564 veritate
1571 5507 1713 5578 quid
1761 5508 1964 5563 timere
2021 5509 2117 5564 de-
2221 5513 2449 5566 tantum
2471 5528 2648 5582 prava
2676 5511 2826 5566 facta
2855 5511 3146 5582 majorum
3175 5509 3262 5566 vel
3301 5511 3573 5564 rectorum
3599 5498 3762 5586 ευοιςιξω

487 5605 681 5674 beant,
703 5603 754 5659 si
785 5602 1008 5660 Datban
1036 5577 1094 5655 et
1123 5597 1333 5654 Abiron
1353 5595 1426 5652 ab
1455 5577 1666 5652 umbra
1691 5593 1876 5677 legati
1889 5599 2112 5653 tantam
2220 5597 2437 5657 imitari
2468 5577 2699 5676 cupida,
2731 5616 2840 5657 sua
2867 5613 2928 5657 se
2948 5577 3305 5674 ignorantia,
3327 5593 3421 5654 cui
3441 5589 3626 5668 sponte
3640 5577 3763 5652 subj?
