3876 6342
102 432 264 501 1065

654 439 1069 501 ADVERSUS
1120 434 1593 500 SIMONIACOS
1638 434 1845 499 LIBRI
1890 432 2118 498 TRES.
2152 468 2226 482 -
2257 430 2491 499 LIBER
2536 433 2972 500 SECUNDUS.

3350 436 3505 500 1066

97 578 217 641 cet,
249 588 525 629 excusare
573 572 890 639 contendit,
922 587 1058 627 cum
1105 571 1261 625 dicat
1308 570 1523 627 Paulus
1551 587 1564 626 :
1596 594 1615 620 α
1642 570 1750 635 Qui
1782 572 1836 637 Α
1864 575 2101 643 propter
2128 571 2530 643 pertinaciam,
2555 570 2729 627 etiam
2761 587 2896 627 cum
2919 572 3208 643 jumentis
3236 588 3333 629 eos
3360 573 3513 631 ulce-

95 661 338 733 ignorat
361 662 725 733 ignorabitur
756 662 801 730 (Ι
829 662 948 717 Cor.
983 678 1097 727 xiv,
1129 661 1240 731 38).
1264 682 1292 710 »
1326 660 1488 715 Unde
1518 659 1756 729 abjiciat

95 766 131 804 a
164 766 230 807 se
260 749 654 824 ignorantiam
686 767 811 822 qua:
844 754 1030 806 mater
1059 754 1147 806 est
1174 750 1445 805 vitiorum
1468 748 1752 805 Christia-

92 856 213 896 nus
253 839 530 913 populus,
553 839 742 895 discat
781 839 913 911 quis
944 839 1022 894 sit
1051 843 1268 911 pastor,
1291 838 1425 910 quis
1454 853 1751 893 mercena-

87 928 244 995 rius,
269 927 405 1000 quis
426 928 519 983 fur
544 933 602 983 et
633 927 809 995 latro;
842 932 899 983 et
929 932 1219 1000 pastorem
1244 928 1481 998 quidem
1515 926 1752 983 omnino

88 1022 385 1089 sequatur
403 1020 458 1072 et
479 1017 700 1085 audiat,
719 1015 1141 1072 mercenarium
1164 1021 1359 1072 autem
1382 1015 1752 1072 solummodo

88 1106 321 1173 audiat,
342 1109 400 1161 et
429 1106 665 1161 interim
700 1107 965 1173 sufferat;
999 1105 1187 1160 furem
1216 1121 1352 1160 vero
1381 1109 1439 1160 et
1464 1104 1751 1161 latronem

88 1211 201 1251 nec
223 1194 543 1266 aliquando
564 1194 781 1260 audiat,
805 1210 909 1249 nec
931 1193 1190 1260 sufferat,
1216 1193 1354 1265 quia
1374 1210 1490 1249 non
1513 1194 1754 1250 veniunt

90 1284 210 1340 nisi
235 1289 304 1340 ut
324 1285 612 1350 furentur,
631 1288 687 1339 et
709 1287 964 1339 mactent
984 1288 1042 1339 et
1064 1284 1328 1355 perdant.
1354 1284 1419 1338 Et
1440 1283 1553 1339 heu
1575 1283 1753 1357 lacry-

89 1372 395 1429 mabiliter
423 1372 624 1428 vitiata
650 1376 863 1428 nostra:
893 1371 1276 1427 humanitatis
1304 1371 1591 1428 conditio!
1625 1390 1750 1445 quae

88 1462 185 1517 vix
218 1478 506 1533 unquam,
539 1460 767 1517 diurnis
799 1460 1276 1516 meditationibus
1307 1466 1365 1516 et
1390 1461 1749 1532 quotidianis

88 1549 644 1623 pramonitionibus
668 1549 927 1620 fatigata,
948 1549 1247 1620 cognoscit
1268 1549 1377 1604 sibi
1402 1551 1747 1622 appetenda,

85 1640 178 1694 vel
212 1639 510 1711 fugienda,
545 1654 682 1693 cum
730 1638 956 1709 reliqua
986 1638 1183 1693 omnia
1212 1637 1492 1693 animalia
1520 1639 1592 1694 ab
1622 1639 1749 1711 ipso

87 1728 183 1784 sui
215 1728 455 1784 exordio
486 1727 608 1783 solo
640 1727 925 1782 instinctu
957 1730 1178 1782 naturae
1209 1731 1488 1799 appetant
1516 1728 1629 1782 sibi
1660 1745 1750 1783 ac-

87 1817 425 1880 commoda,
459 1819 516 1870 et
546 1815 775 1886 fugiant
821 1815 1216 1883 incommoda,
1248 1814 1359 1880 vel,
1389 1819 1456 1869 ut
1492 1819 1751 1872 turtures

1862 660 2027 715 ribus
2055 662 2112 714 et
2140 660 2346 716 vesicis
2374 660 2749 731 turgentibus
2778 661 3124 734 deturpasse
3150 665 3209 718 et
3237 663 3510 719 condem-

1862 765 2051 816 nasse,
2076 766 2148 804 ne
2162 750 2285 820 jam
2309 754 2548 822 possent
2567 754 2722 807 stare
2757 767 2953 807 coram
2988 751 3203 824 Moyse.
3228 752 3403 809 Porro
3423 752 3512 808 di-

1862 837 2050 908 gitum
2081 838 2181 893 Dei
2212 838 2492 911 Spiritum
2520 844 2793 895 sanctum
2824 856 2949 896 esse
2979 840 3105 913 ipse
3135 841 3421 898 Dominus
3449 840 3511 897 in

1862 925 2174 998 Evangelio
2205 927 2442 994 indicat,
2476 928 2675 984 dicens
2709 945 2721 982 :
2754 951 2775 978 ι
2814 929 2877 984 Si‘
2903 928 2961 983 in
2996 929 3179 1001 digito
3210 930 3313 986 Dei
3342 931 3512 1002 ejicio

1862 1013 2148 1069 daemonia
2182 1015 2329 1086 (Luc.
2355 1033 2435 1083 xi,
2464 1018 2575 1088 20).
2602 1040 2629 1065 ››
2654 1017 2813 1084 Quod
2845 1017 2997 1073 alius
3027 1018 3385 1092 evangelista
3413 1036 3510 1076 ex-

1863 1118 2107 1174 ponens,
2142 1103 2223 1159 ait
2244 1120 2293 1158 :«
2317 1104 2377 1160 Si
2407 1105 2466 1160 in
2498 1105 2704 1177 spiritu
2745 1106 2867 1162 Dei.
2895 1128 2921 1156 »
2945 1107 3091 1163 Hinc
3140 1108 3511 1180 perpendant

1862 1190 2118 1246 haeretici
2141 1192 2357 1264 quibus
2378 1192 2497 1248 sint
2516 1194 2842 1264 assimilati,
2858 1200 2915 1251 et
2935 1201 3180 1253 caveant
3196 1214 3259 1253 se
3278 1214 3509 1271 suaque

1862 1295 2075 1335 arcana
2103 1284 2225 1347 aut,
2264 1281 2415 1337 sicut
2442 1282 2553 1353 ipsi
2585 1282 2695 1337 sibi
2728 1289 3105 1355 praesumunt,
3137 1290 3507 1342 sacramenta

1862 1368 2188 1424 assimilare
2210 1370 2593 1425 sacramentis
2614 1370 3049 1439 catholicorum,
3064 1374 3279 1446 quibus
3304 1390 3505 1447 coope-

1859 1462 2025 1513 ratur
2044 1458 2265 1530 digitus
2286 1460 2401 1526 Dei,
2416 1474 2522 1513 nec
2544 1475 2646 1531 pro
2669 1476 2777 1514 sua
2795 1460 3506 1533 irrationabilipertinacia

1860 1564 1895 1603 a
1923 1547 2145 1619 Spiritu
2178 1552 2400 1613 sancto,
2435 1548 2526 1603 cui
2574 1549 2994 1605 contumaciter
3036 1566 3360 1623 repugnare
3388 1567 3506 1607 non

1860 1635 2317 1702 metuunt,velut
2327 1638 2603 1707 jumenta
2618 1637 3511 1710 irrationabiliairrecuperabili-

1858 1728 1947 1779 ter
1971 1725 2391 1797 percutiantur.
2410 1727 2779 1798 Perpendant
2800 1744 3031 1799 quoque
3055 1727 3352 1784 maleficos
3374 1726 3510 1784 illos

1863 1811 2042 1869 nullis
2064 1814 2188 1869 suis
2210 1814 2672 1870 invocationibus
2692 1818 2749 1870 et
2769 1815 3220 1872 exsecramentis
3246 1814 3511 1888 potuisse

88 1903 357 1975 [milvos]
387 1907 445 1958 et
472 1902 838 1972 bujusmodi,
880 1902 999 1958 sive
1043 1901 1368 1973 accipitres,
1401 1904 1752 1975 generisque
1782 1941 1829 2005 Β
1862 1901 2089 1958 auferre
2117 1902 2206 1957 vel
2234 1902 2585 1959 imminuere
2616 1904 2809 1960 clades
2842 1921 3084 1960 suorum
3122 1908 3181 1960 et
3208 1921 3369 1974 suas,
3402 1904 3507 1960 sed

87 2009 297 2048 eorum
331 2008 464 2046 aves
494 1991 786 2045 columba.
814 1991 875 2043 In
908 1990 1212 2062 superficie
1245 2008 1479 2063 quoque
1509 1993 1752 2064 praefixae

88 2080 354 2136 historiis
378 2079 777 2134 indubitanter
799 2084 1163 2134 monstratur
1179 2084 1463 2151 quantum
1487 2081 1756 2137 differant

89 2171 188 2242 qui
222 2173 471 2224 sumunt
493 2168 603 2222 sibi
629 2168 907 2222 honorem
932 2168 1003 2221 ab
1025 2168 1119 2223 his
1140 2170 1297 2240 quia
1317 2169 1431 2223 Deo
1454 2176 1749 2225 vocantur.

88 2258 233 2314 Core
266 2257 484 2329 quippe
514 2258 759 2327 ejusque
782 2255 1093 2328 complices
1125 2258 1417 2313 offerendo
1448 2259 1752 2315 incensum

93 2353 147 2403 et
172 2363 379 2419 preces
400 2345 646 2400 Domino
674 2345 892 2399 nemini
918 2345 1277 2417 profuerunt,
1296 2347 1405 2401 sibi
1430 2352 1623 2403 autem
1653 2365 1755 2421 per

91 2435 297 2492 omnia
330 2434 665 2500 obfuerunt,
696 2434 794 2488 ubi
826 2450 930 2488 nec
962 2450 1126 2489 mora
1156 2434 1491 2490 incendium
1526 2453 1752 2493 merue-

90 2528 246 2579 runt.
277 2525 468 2578 Aaron
501 2528 695 2578 autem
728 2522 887 2577 solus
910 2523 1201 2579 offerendo
1231 2524 1558 2589 incensum,
1584 2529 1640 2580 et
1668 2542 1755 2581 ro-

89 2613 288 2685 gando
345 2629 448 2684 pro
498 2610 903 2682 pereuntibus,
954 2611 1105 2667 inter
1158 2617 1422 2668 mortuos
1481 2618 1537 2669 et
1592 2614 1753 2670 vivos

92 2701 457 2774 stans,quasi
472 2699 709 2772 quidam
734 2699 1204 2772 inexpugnabilis
1221 2706 1276 2756 et
1294 2702 1751 2773 impenetrabilis

91 2807 317 2855 murus,
343 2794 400 2845 et
431 2790 555 2862 ipse
587 2806 618 2843 a
648 2793 807 2843 tanto
852 2788 1123 2845 incendio
1156 2791 1479 2861 permansit
1508 2791 1745 2861 illazsus,

89 2883 263 2951 atque
287 2878 432 2934 illud
458 2878 662 2933 avertit
683 2895 717 2931 a
736 2878 1399 2949 superstitibus.Taliter
1420 2880 1593 2935 unius
1616 2880 1752 2953 legi-

85 2969 212 3024 timi
240 2966 561 3025 sacerdotis
584 2965 823 3032 oblatio,
847 2970 903 3021 et
926 2966 1110 3021 oratio
1128 2967 1589 3039 indignationem
1613 2969 1756 3025 divi-

91 3057 290 3113 nitatis
350 3056 622 3129 placavit,
659 3071 835 3127 quam
886 3055 1273 3110 ducentorum
1325 3057 1756 3129 quinquaginta

88 3150 582 3218 praesumptorum
617 3143 729 3199 sibi
761 3148 817 3197 et
847 3143 977 3198 aliis
1008 3144 1355 3216 provocavit.
1387 3147 1549 3211 Quod
1582 3163 1753 3218 opor-

1862 1990 2055 2062 potius
2073 1997 2566 2064 augmentasse,et
2581 1993 3092 2065 tandem,digitum
3110 1993 3211 2049 Dei
3230 1993 3503 2061 confessi,

1862 2079 2143 2151 incipiant
2174 2081 2284 2135 sibi
2308 2082 2547 2153 suisque
2575 2081 2996 2138 ecclesiasticos
3015 2083 3251 2138 ordines
3271 2079 3507 2137 humili-

1863 2173 1950 2223 ter
1971 2168 2315 2225 declinando
2350 2186 2575 2242 pavere,
2610 2172 2802 2242 potius
2837 2188 3012 2243 quam
3056 2172 3307 2244 superbe
3336 2187 3507 2226 usur-

1863 2258 2054 2329 pando
2085 2258 2387 2314 interitum
2432 2275 2771 2331 propagare.
2805 2261 2965 2325 Quod
3011 2259 3125 2315 nisi
3170 2259 3508 2332 sategerint,

1863 2347 2171 2419 nequiores
2203 2364 2264 2402 se
2284 2348 2491 2403 Jamne
2523 2352 2580 2403 et
2608 2349 2867 2404 Mambre
2892 2348 3094 2420 procul
3122 2349 3303 2426 dubio
3333 2364 3513 2403 nove-

1862 2435 2001 2501 rint,
2020 2452 2153 2491 cum
2184 2436 2283 2491 isti
2313 2436 2561 2508 digitum
2593 2437 2693 2491 Dei
2726 2436 2841 2492 sibi
2870 2437 3162 2493 adversari
3194 2435 3514 2493 sentientes

1861 2524 2167 2591 cesserint,
2199 2524 2513 2597 ipsumque
2540 2524 2786 2596 professi
2816 2524 3050 2593 fuerint,
3081 2524 3216 2581 licet
3243 2524 3512 2597 impaeni-

1860 2616 2051 2668 tentes
2081 2612 2311 2668 veniam
2343 2631 2455 2669 non
2483 2613 2822 2669 meruerint.
2848 2614 2962 2684 Ipsi
2983 2631 3114 2670 vero
3135 2612 3281 2668 nihil
3303 2617 3513 2686 praeter

1860 2700 2046 2756 solam
2079 2700 2457 2772 pertinaciam
2480 2701 2809 2769 habuerint,
2831 2705 2993 2758 tanto
3019 2701 3243 2758 scilicet
3263 2700 3508 2773 nequio-

1859 2806 1972 2855 res,
1998 2794 2216 2861 quanto
2247 2789 2329 2844 illi
2362 2790 2420 2845 in
2453 2791 2668 2846 scelere
2699 2790 2971 2857 minores,
2997 2794 3062 2846 ut
3084 2794 3225 2863 puta
3255 2791 3357 2862 qui
3387 2790 3507 2846 fue-

1860 2879 1977 2933 rint
2007 2880 2163 2951 magi
2194 2879 2511 2935 Pharaonis
2544 2879 2805 2935 mortalis
2834 2880 3039 2952 utique
3067 2878 3345 2944 hominis,
3367 2895 3514 2948 cum

1859 2968 1982 3022 sint
2010 2966 2123 3039 ipsi
2150 2967 2260 3022 sub
2290 2968 2525 3023 nomine
2547 2967 2841 3040 religionis
2872 2967 3110 3023 lenones
3139 2966 3364 3039 antiqui
3387 2984 3509 3023 ser-

1865 3055 2074 3128 pentis.
2097 3056 2458 3128 Quapropter
2487 3056 2748 3128 exemplo
2779 3056 2944 3123 Cain,
2966 3057 3227 3123 Balaam,
3258 3060 3316 3111 et
3343 3057 3507 3125 Core,

1865 3145 1935 3199 de
1968 3144 2183 3216 quibus
2214 3162 2393 3216 supra
2436 3145 2713 3213 diximus,
2742 3149 2799 3200 et
2844 3162 3152 3218 magorum
3199 3145 3411 3201 horum
3443 3145 3515 3201 de

93 3236 176 3290 tet
206 3235 457 3291 audiant
489 3232 804 3289 Simoniaci
845 3236 1020 3303 atque
1063 3249 1263 3288 eorum
1316 3234 1671 3300 defensores,
1705 3225 1754 3291 si
1865 3233 2084 3304 quibus
2113 3250 2304 3289 sermo
2347 3236 2455 3300 est,
2488 3234 2903 3305 perterrefacti,
2937 3237 3223 3305 quotquot
3251 3231 3514 3305 cupiunt

92 3322 311 3380 habent
341 3340 517 3379 aures
549 3321 845 3388 audiendi,
879 3322 1236 3393 tandemque
1267 3322 1540 3377 desinant
1568 3323 1754 3394 preci-
1787 3307 1829 3373 C
1869 3322 1939 3376 de
1972 3320 2267 3376 catholicae
2291 3320 2556 3377 Ecclesiae
2586 3339 2725 3393 pace
2745 3322 2801 3376 in
2823 3326 3103 3377 aeternum
3132 3321 3509 3393 gaudere,ca-

92 3410 201 3469 bus
234 3412 359 3470 suis
389 3416 453 3466 et
496 3410 799 3466 sacrificiis
829 3414 1029 3465 contra
1061 3427 1123 3464 se
1154 3416 1210 3465 et
1238 3415 1439 3466 contra
1469 3410 1749 3483 populum

94 3500 654 3574 inexstinguibiliter
683 3499 997 3555 accendere
1030 3499 1175 3553 iram
1206 3499 1324 3555 Dei.

758 3587 986 3643 CAPUT
1026 3586 1093 3643 V.

98 3679 171 3735 De
195 3681 390 3737 Jamne
416 3683 465 3735 et
496 3677 751 3741 Mambre,
785 3676 980 3747 quibus
1020 3678 1229 3747 pejores
1272 3686 1402 3732 sunt
1435 3678 1753 3737 Simoniaci.

168 3769 410 3825 Restant
437 3768 681 3824 Jamnes
713 3770 769 3820 et
801 3765 1062 3820 Mambre
1095 3780 1344 3836 quorum
1379 3768 1755 3839 praesumptio

98 3860 150 3912 et
176 3858 422 3914 avaritia
454 3855 647 3929 palam
678 3858 783 3909 est.
810 3853 1073 3925 Denique
1096 3871 1228 3909 cum
1262 3860 1462 3911 essent
1482 3855 1756 3912 malefici.

98 3946 341 4017 geminae
376 3944 629 4002 avaritiae
661 3960 856 4009 causa,
887 3944 1330 4015 praesumebant
1360 3944 1525 4017 signa
1556 3945 1759 4001 divini-

98 4032 233 4090 tatis
257 4032 545 4103 aemulari,
568 4032 687 4088 sive
713 4037 775 4086 ut
798 4048 967 4104 pares
995 4031 1174 4103 Moysi
1198 4031 1283 4087 vel
1309 4033 1637 4104 superiores
1660 4034 1758 4090 illo

101 4122 370 4179 aestimati
403 4139 437 4178 a
468 4120 684 4194 populo
717 4121 1249 4193 magnificarcntur,
1274 4127 1375 4177 aut
1402 4126 1554 4178 certe
1584 4127 1650 4178 ut
1680 4140 1762 4180 re-

104 4210 214 4281 giis
247 4211 417 4267 donis
448 4209 913 4266 cumularentur.
933 4210 1189 4274 Quorum
1223 4210 1574 4281 pertinacem
1598 4210 1759 4269 falla-

104 4297 251 4355 ciam
282 4299 445 4355 nuda
473 4298 689 4354 veritas
736 4302 794 4353 et
844 4297 1097 4353 maxima
1150 4298 1411 4369 potentia
1459 4300 1760 4372 signorum

106 4385 286 4461 Moysi
310 4405 426 4445 non
450 4387 749 4459 repressit,
770 4387 954 4442 donec
977 4385 1093 4441 illis
1116 4386 1281 4459 copia
1303 4386 1544 4443 fallendi
1566 4389 1758 4461 palam

106 4477 381 4534 omnibus
428 4476 659 4532 defecit.
694 4475 838 4530 Nam
874 4475 1011 4546 quia
1044 4476 1129 4531 uti
1180 4476 1404 4533 ratione
1435 4478 1506 4532 ad
1539 4478 1760 4534 discer-

108 4565 369 4621 nendum
401 4566 621 4621 bonum
645 4582 678 4620 a
699 4564 853 4619 malo
881 4564 1177 4632 nolebant,
1202 4581 1299 4620 eos
1329 4569 1611 4636 tanquam
1636 4567 1763 4621 infi-

1863 3414 2032 3464 veant
2070 3409 2607 3480 praesumptionem,
2642 3410 2867 3480 fugiant
2894 3409 3221 3478 avaritiam,
3250 3409 3508 3464 devitant

1862 3498 2262 3570 pertinaciam,
2296 3496 2456 3552 illam
2489 3498 2551 3553 Β.
2585 3497 2745 3553 Pauli
2774 3514 3008 3570 semper
3036 3515 3151 3570 pra:
3181 3496 3365 3554 oculis
3394 3497 3504 3553 ha-

1862 3587 2065 3642 bentes
2110 3586 2456 3642 sententiam
2484 3604 2496 3641 :
2522 3609 2551 3635 «
2584 3588 2954 3659 Quaecunque
2990 3586 3208 3659 scripta
3237 3589 3396 3653 sunt,
3430 3585 3506 3642 ad

1865 3680 2126 3731 nostram
2157 3675 2480 3731 doctrinam
2515 3676 2731 3747 scripta
2755 3680 2893 3731 sunt
2917 3677 3097 3748 (Rom.
3120 3693 3215 3743 xv,
3237 3676 3311 3747 4).
3338 3698 3366 3725 ››
3398 3675 3502 3731 Et:

1866 3787 1893 3814 «
1927 3764 2057 3819 Hznc
2088 3764 2285 3819 omnia
2319 3764 2376 3819 in
2408 3764 2598 3837 ﬁgura
2639 3765 3056 3837 contingebant
3102 3764 3242 3821 illis.
3279 3764 3508 3837 Scripta

1866 3858 2006 3910 sunt
2034 3857 2226 3908 autem
2256 3854 2329 3908 ad
2360 3855 2775 3909 correctionem
2797 3858 3079 3925 nostram,
3099 3854 3159 3910 in
3181 3870 3329 3925 quos
3360 3853 3508 3909 fines

1867 3940 2213 3998 saeculorum
2244 3942 2601 3997 devenerunt
2630 3944 2677 4013 (Ι
2700 3944 2823 3999 Cor.
2853 3961 2911 4012 Χ,
2946 3944 3053 4012 11).
3084 3965 3113 3992 ››

2497 4047 2729 4104 CAPUT
2772 4049 2865 4104 VI.

1872 4138 1969 4195 Ubi
2006 4137 2368 4193 admonentur
2421 4136 2727 4193 Christiani
2781 4139 2954 4193 i-itare
2978 4210 2983 4211 ί
3008 4139 3510 4211 supplantationem

1938 4210 2344 4283 haereticorum,
2394 4224 2629 4279 quorum
2685 4211 2827 4264 inibi
2876 4210 3088 4266 malum
3140 4220 3303 4283 atque
3353 4226 3514 4282 pwna

1938 4280 2255 4336 ostenditur.

1942 4386 2009 4443 Et
2038 4400 2193 4439 nunc
2215 4384 2570 4453 sacerdotes,
2593 4401 2758 4457 reges
2780 4388 2967 4457 terrm,
2986 4389 3043 4442 et
3062 4402 3264 4442 omnes
3288 4385 3510 4459 populi,

1870 4472 2195 4545 intelligite,
2243 4472 2579 4540 erudimini,
2630 4474 2924 4545 principes
2953 4478 3011 4530 et
3037 4491 3242 4531 omnes
3278 4475 3512 4546 judices

1873 4568 2036 4619 terrm
2053 4580 2066 4630 ;
2082 4562 2326 4633 juvenes
2347 4566 2403 4617 et
2423 4562 2877 4635 virgines,senes
2894 4579 3027 4617 cum
3038 4563 3397 4634 junioribus,
3411 4579 3511 4635 ap-

108 4652 264 4710 deles
293 4670 409 4711 non
440 4655 638 4720 verba,
672 4654 773 4708 sed
805 4652 973 4725 signa
1018 4653 1302 4725 respicere
1344 4654 1759 4724 admonebant,
1792 4673 1839 4738 D
1872 4650 2213 4724 prehendite
2236 4649 2629 4722 disciplinam,
2663 4651 2971 4722 nequando
3000 4651 3286 4707 irascatur
3312 4651 3511 4707 Domi-

109 4744 165 4794 et
192 4740 590 4815 increpabant.
612 4741 910 4813 Siquidem
940 4742 1262 4797 admonitio
1286 4742 1462 4798 simul
1495 4748 1551 4799 et
1575 4744 1761 4801 incre-

109 4830 261 4899 patio
294 4830 411 4888 illis
440 4831 848 4897 adhibebatur,
872 4831 971 4885 ubi
1004 4849 1037 4886 a
1066 4831 1229 4902 virga
1262 4832 1443 4903 Moysi
1476 4833 1649 4904 virgae
1673 4850 1763 4890 eo-

111 4931 240 4975 rum
286 4920 735 4987 devorabantur,
782 4924 839 4976 et
886 4937 1041 4992 aqua
1088 4920 1146 4975 in
1200 4920 1544 4993 sanguinem
1595 4939 1763 4978 versa

111 5008 283 5077 atque
314 5026 467 5064 rana:
516 5010 736 5065 eductae
768 5010 840 5065 ad
874 5009 931 5063 id
962 5009 1116 5080 quod
1169 5009 1399 5064 fuerant
1438 5027 1540 5081 per
1570 5010 1762 5066 solum

113 5090 341 5167 Moysen
368 5099 824 5165 revertebantur,
845 5114 978 5153 cum
1005 5098 1114 5169 ipsi
1139 5097 1384 5154 malefici
1406 5098 1609 5171 plagas
1634 5099 1763 5155 illas

114 5180 222 5238 sibi
252 5191 310 5241 et
332 5185 465 5242 aliis
496 5191 726 5243 tantum
757 5187 991 5256 addere,
1025 5203 1138 5241 non
1166 5191 1361 5242 autem
1395 5192 1636 5259 possent
1660 5205 1762 5243 au-

112 5266 277 5327 ferre.
307 5274 414 5339 Qui
448 5291 584 5331 cum
616 5281 817 5348 postea
857 5275 1033 5330 etiam
1077 5275 1262 5347 ipsam
1308 5274 1545 5331 fallendi
1575 5282 1632 5331 et
1663 5293 1764 5332 no-

112 5360 271 5414 cendi
298 5362 753 5433 possibilitatem
777 5366 835 5420 in
855 5364 1026 5419 tertia
1046 5362 1214 5436 plaga
1234 5364 1594 5433 amisissent,
1614 5364 1768 5420 dixe-

111 5451 249 5501 runt
279 5464 292 5502 :
325 5472 346 5499 α
382 5450 617 5524 Digitus
649 5453 748 5508 Dei
796 5457 887 5508 est
916 5452 1009 5507 hic
1040 5454 1232 5524 (Exod.
1264 5470 1386 5519 vui,
1423 5453 1527 5523 19).
1555 5476 1582 5499 ››
1605 5453 1767 5509 Unde

110 5542 337 5594 constat
354 5540 646 5612 Spiritum
664 5549 953 5608 sanctum,
967 5543 1136 5614 cujus
1154 5541 1473 5614 operationi
1497 5542 1555 5596 in
1577 5542 1768 5615 Moyse

113 5623 478 5697 resistebant,
502 5646 715 5688 eorum
737 5631 1034 5705 praestigia
1054 5634 1195 5687 tunc
1215 5630 1566 5699 exinanisse,
1588 5634 1645 5688 et
1665 5647 1767 5705 po-

118 5712 240 5772 stea
257 5713 319 5775 in
338 5718 511 5778 tertia
530 5720 923 5778 nihilominus
940 5718 1130 5796 plaga,
1154 5736 1281 5798 quae
1295 5721 1424 5797 jam
1444 5724 1603 5781 sexta
1623 5724 1766 5793 erat,

443 5844 710 5918 Panos.
756 5847 1018 5916 CXLIII.

1873 4756 1985 4795 nus
2000 4744 2056 4795 et
2068 4740 2315 4811 pereatis
2327 4742 2395 4794 de
2408 4740 2496 4794 via
2507 4740 2689 4810 justa.
2705 4739 2934 4811 Diligite
2949 4740 3264 4811 justitiam,
3278 4738 3514 4796 recolite

1871 4827 2002 4899 quis
2035 4827 2256 4883 dederit
2275 4828 2436 4883 vobis
2468 4828 2681 4900 pignus
2712 4827 2983 4900 Spiritus,
3005 4832 3062 4885 et
3088 4828 3269 4885 nolite
3301 4827 3514 4885 contri-

1874 4922 2028 4974 stare
2049 4917 2318 4972 eumdem
2346 4916 2626 4987 Spiritum
2649 4921 2916 4973 sanctum
2940 4919 3062 4990 Dei,
3086 4919 3144 4974 in
3166 4935 3280 4991 quo
3302 4917 3521 4993 signati

1873 5007 2014 5061 estis
2036 5005 2092 5060 in
2116 5005 2207 5061 die
2228 5005 2666 5077 redemptionis.
2696 5028 2723 5056 «
2744 5009 2829 5061 An
2855 5008 3094 5064 nescitis
3117 5008 3255 5080 quia
3279 5024 3523 5080 corpora

1871 5099 2065 5150 vestra
2083 5094 2368 5166 templum
2391 5100 2530 5150 sunt
2550 5096 2803 5166 Spiritus
2825 5097 3035 5165 sancti,
3050 5114 3225 5170 quem
3245 5097 3472 5155 habetis
3488 5113 3524 5152 a

1874 5185 2011 5250 Deo,
2035 5188 2091 5239 et
2111 5201 2222 5239 non
2247 5184 2388 5240 estis
2407 5183 2619 5239 vestri?
2643 5185 2689 5240 (Ι
2710 5185 2830 5241 Cor.
2849 5187 3171 5259 v1,19.)»—-
3188 5210 3215 5237 ‹‹
3230 5187 3342 5242 Vos
3362 5186 3518 5242 enim

1875 5274 2017 5329 estis
2039 5278 2152 5327 tem
2162 5272 2323 5344 plum
2342 5273 2440 5328 Dei
2460 5273 2658 5339 vivi,et
2678 5275 2933 5346 Spiritus
2954 5282 3191 5332 sanctus
3210 5274 3435 5330 habitat
3454 5272 3512 5327 in

1874 5363 2058 5419 vobis.
2078 5363 2138 5417 Si
2163 5361 2294 5434 quis
2317 5366 2511 5417 autem
2538 5363 2826 5434 templum
2848 5364 2950 5420 Dei
2968 5363 3279 5431 violaverit,
3295 5361 3516 5433 disper-

1875 5452 1973 5507 det
1992 5451 2157 5506 illum
2182 5451 2336 5505 Deus
2352 5455 2403 5520 (ι
2418 5452 2537 5506 Cor.
2559 5469 2644 5517 ιιι,
2666 5454 2751 5522 16,
2773 5454 3022 5524 17).››-‹‹
3035 5450 3337 5522 Templum
3355 5449 3513 5506 enim

1875 5541 1974 5596 Dei
2006 5545 2276 5596 sanctum
2303 5545 2393 5595 est
2423 5541 2578 5611 quod
2609 5542 2749 5597 estis
2777 5560 2896 5598 vos.
2920 5540 3111 5613 Empti
3156 5538 3296 5595 estis
3326 5539 3514 5612 pretio

1877 5646 2090 5702 magno
2123 5630 2169 5703 (ι
2198 5630 2319 5686 Cor.
2350 5648 2427 5699 vx,
2461 5633 2574 5700 20).
2600 5654 2630 5682 »
2668 5630 2850 5688 Nolite
2888 5647 2988 5688 vos
3033 5630 3225 5687 denuo
3269 5630 3516 5688 vendere

1877 5718 2107 5781 diabolo
2129 5720 2450 5801 quadrante
2472 5720 2734 5794 minimo,
2753 5736 2924 5803 quem
2945 5719 3127 5779 donec
3148 5719 3514 5793 reddatis,de

3118 5848 3199 5932 δὲ
