3876 6362
391 365 542 430 1067
1397 355 1878 427 HUMBER’I‘US

2275 354 2768 426 CARDINALIS.
3649 357 3763 427 1068

391 515 620 556 carcere
643 495 891 554 districti
911 495 1136 552 Judicis
1157 495 1371 552 exitum
1397 495 1610 551 frustra
1635 495 1898 567 speratis.
1918 495 2026 551 No-
2058 496 2109 562 Α
2143 494 2306 550 rimis
2327 495 2660 550 mortalium
2683 495 2937 552 venditio
2972 509 3446 552 suarumrerum
3465 492 3560 550 vix
3585 511 3686 552 non
3706 499 3764 553 in-

385 588 487 644 lite
513 586 700 643 facere
722 587 960 641 domum
985 584 1086 641 Dei
1117 583 1306 640 Patris
1325 585 1562 638 domum
1598 583 2024 652 negotiationis,
2137 583 2264 653 figit
2287 588 2608 655 peccatum,
2629 584 2780 654 quod
2807 585 3114 656 Scriptura
3138 583 3370 640 asserit
3388 582 3541 640 inter
3559 586 3764 641 venden-

388 694 577 749 neque
596 677 833 731 domum
854 673 1476 743 orationisspeluncam
1495 671 2030 726 latronum.Sentite
2139 677 2251 726 tem
2277 675 2330 726 et
2347 676 2633 726 ementem
2655 671 2749 743 ﬁgi
2777 676 2834 726 et
2855 672 3272 746 coangustiari
3293 671 3460 727 velut
3479 671 3640 744 palus
3657 673 3766 728 inter

387 766 461 822 de
480 763 728 822 Domino
758 763 818 818 in
841 761 1119 829 bonitate,
1145 759 1476 833 praesumite
1501 760 1570 814 de
1594 759 1692 814 illo
1715 760 1782 814 ad
1812 759 2029 814 bonum
2138 760 2362 816 medias
2403 760 2716 830 juncturas
2762 759 3048 832 lapidum.
3072 761 3149 816 Et
3183 763 3493 832 quantum
3540 766 3764 834 putamus

387 853 664 926 incipere,
679 852 864 908 facere
893 855 949 905 et
978 848 1344 920 perficere,et
1367 848 1425 902 in
1449 847 1817 918 simplicitate
1839 849 2029 904 cordis
2138 847 2356 903 crimen
2387 847 2832 920 incurrunt,qui
2857 847 3060 904 illicita
3079 853 3142 904 et
3176 848 3472 921 pestifera
3489 849 3766 906 venditione

389 941 632 1016 quaerite
661 939 852 1006 illum,
875 955 990 994 non
1022 941 1218 992 autem
1248 937 1307 992 in
1333 935 1530 1008 aliqua
1551 935 1908 1008 duplicitate,
1932 953 2031 992 ne-
2140 935 2388 991 alienam
2423 952 2566 1001 rem,
2590 935 3022 992 contradicente
3047 953 3117 992 eo
3145 937 3334 1008 cujus
3359 941 3472 1004 est,
3493 937 3764 996 distrahere

390 1047 505 1103 que
525 1028 768 1103 potestis
784 1025 899 1082 Deo
915 1025 1152 1091 servire,
1168 1024 1251 1080 vel
1273 1023 1646 1088 adhaerere,et
1661 1041 2028 1080 mammonae.
2141 1023 2539 1097 praesumunt?
2571 1023 2744 1080 Plane
2773 1022 3010 1080 violenti
3033 1029 3092 1080 et
3122 1029 3412 1098 raptores
3434 1031 3573 1082 sunt
3593 1027 3657 1082 de
3673 1027 3765 1099 qui-

389 1119 652 1189 Denique
681 1115 819 1188 quia
849 1114 974 1186 ipse
998 1113 1250 1186 Spiritus
1281 1117 1521 1168 sanctus
1550 1112 1895 1185 simplicitas
1925 1119 2032 1178 est,
2139 1111 2251 1167 bus
2297 1110 2606 1184 Apostolus
2639 1129 2652 1168 :
2679 1133 2707 1161 «
2741 1111 2942 1184 Neque
2989 1116 3291 1185 raptores,
3319 1112 3540 1186 inquit,
3571 1131 3762 1188 regnum

393 1212 450 1264 et
470 1203 765 1276 simplices
789 1203 942 1270 facit,
964 1201 1376 1272 simplicesque
1399 1205 1464 1254 ut
1483 1202 1554 1256 ab
1577 1201 1721 1272 ipsis
1743 1205 2036 1272 quaeratur
2141 1199 2240 1255 Dei
2263 1199 2643 1271 possidebunt
2660 1201 2708 1271 (Ι
2727 1200 2848 1256 Cor.
2865 1218 2943 1269 VI,
2963 1201 3108 1273 10).»
3129 1201 3197 1256 In
3222 1201 3476 1274 quibus,
3495 1203 3542 1259 si
3565 1205 3763 1276 possint,

391 1295 615 1368 quierit,
649 1307 902 1362 congrue
933 1290 988 1344 in
1025 1288 1465 1361 simplicissima
1485 1289 1679 1343 avium
1707 1307 1881 1362 super
1902 1291 2036 1344 sim-
2137 1289 2292 1358 juste
2311 1287 2686 1344 considerent
2707 1294 2985 1360 quantam
3010 1289 3295 1362 rapinam
3325 1294 3762 1364 praesumant,qui

389 1381 778 1458 plicissimum
814 1379 1126 1434 Dominum
1158 1377 1359 1432 Jesum
1393 1377 1666 1449 apparuit
1695 1382 1750 1432 et
1781 1379 1993 1433 mansit
2020 1397 2034 1436 :
2143 1378 2213 1432 de
2236 1378 2359 1449 ipso
2385 1379 2493 1432 Deo
2515 1380 2572 1431 et
2592 1378 2856 1432 omnium
2885 1393 3078 1434 rerum
3103 1378 3451 1434 visibilium
3473 1385 3530 1435 et
3549 1381 3762 1436 invisibi.

389 1491 518 1547 quae
567 1468 939 1540 simplicibus
982 1467 1248 1538 frugibus
1296 1469 1592 1531 contenta,
1623 1465 1766 1520 nulli
1821 1467 2035 1538 rapina:
2142 1465 2285 1520 lium
2321 1465 2562 1520 Domino
2602 1465 2852 1521 nefande
2891 1466 3180 1539 negotiari
3219 1467 3524 1534 affectant,
3549 1469 3639 1526 ubi
3665 1486 3760 1543 gra-

387 1561 598 1625 inhiat,
614 1555 753 1628 quin
773 1555 964 1628 potius
986 1553 1214 1608 fallaces
1232 1553 1885 1624 milvos,ethujusmovii
1911 1571 2036 1628 rap'
2142 1554 2283 1608 tiam
2315 1553 2464 1624 ejus,
2497 1569 2674 1624 quam
2731 1553 2916 1626 gratis
2945 1559 3262 1626 acceptam
3296 1572 3333 1612 a
3365 1572 3432 1612 se
3460 1557 3634 1629 gratis
3671 1558 3761 1614 dari

389 1656 547 1706 tores
569 1645 745 1718 [aves]
768 1647 935 1700 caute
959 1643 1192 1698 devitat.
1213 1666 1238 1691 ‹‹
1259 1642 1614 1713 Simplicitas
1637 1647 1826 1697 autem
1843 1643 2033 1713 justo-
2145 1641 2432 1712 praecipit:
2457 1642 2701 1697 vendere
2723 1647 2780 1697 et
2799 1657 2992 1698 emere
3012 1644 3080 1698 ad
3110 1643 3454 1700 multarum
3482 1645 3758 1702 animarum

395 1753 526 1794 rum
550 1734 758 1806 diriget
785 1748 902 1800 eos,
927 1735 982 1786 et
1009 1729 1400 1802 supplantatio
1423 1747 1821 1801 perversorum
1844 1736 2034 1786 vasta-
2145 1729 2523 1802 perditionem
2559 1747 2670 1784 non
2704 1729 3239 1788 dubitant.Verum
3263 1732 3328 1787 in
3351 1733 3464 1788 hoc
3486 1751 3592 1790 non
3613 1733 3762 1791 solum

391 1827 479 1882 bit
507 1823 639 1880 illos
660 1823 838 1893 (Prov.
863 1837 940 1887 x1,
963 1820 1038 1888 3).
1069 1841 1094 1867 ››
1123 1819 1438 1888 Undejusti
1463 1834 1530 1873 ex
1552 1820 1662 1874 fide
1683 1819 1940 1875 viventes
1961 1820 2036 1875 si-
2069 1858 2114 1922 Β
2145 1823 2400 1889 raptores
2433 1822 2490 1872 et
2538 1818 2828 1890 sacrilegi,
2863 1835 3062 1874 verum
3093 1825 3156 1876 et
3198 1820 3538 1888 homicidae,
3571 1822 3759 1896 perjuri,

392 1930 458 1970 ve
481 1929 582 1986 pro
600 1909 787 1966 officio
809 1924 914 1963 suo
933 1923 1142 1962 manus
1165 1906 1697 1978 alicuisimpliciter
1717 1908 2039 1980 imponant,
2069 1906 2114 1922 ”
2151 1909 2422 1978 apostatae
2455 1910 2628 1978 atque
2668 1906 2946 1973 haeretici,
2978 1924 3240 1979 quorum
3272 1909 3456 1980 juste:
3486 1909 3669 1965 ultioni
3696 1910 3761 1964 vix

395 2003 513 2058 sive
544 1999 699 2055 aliud
735 1996 870 2068 quid
905 1995 963 2050 in
1001 1994 1235 2050 nomine
1261 1995 1491 2049 Domini
1526 2001 1720 2067 agant,
1741 1997 1938 2050 omnia
1959 1996 2042 2051 eis
2151 1993 2446 2048 sufﬁciant
2468 1994 2625 2048 varia
2646 1997 2699 2048 et
2722 1994 3180 2050 innumerabilia
3203 2001 3504 2053 tormenta
3523 1997 3759 2054 inferioris

392 2091 780 2162 cooperantur
829 2085 884 2140 in
945 2085 1183 2140 bonum.
1217 2083 1556 2139 Econtrario
1608 2086 1860 2156 perversi
1909 2087 2046 2156 quia
2149 2081 2360 2136 inferni
2395 2099 2407 2136 :
2441 2083 2539 2154 qui
2589 2099 2694 2138 nec
2744 2083 3000 2154 prznfatis
3046 2083 3384 2141 sceleribus
3430 2087 3682 2155 contenti,
3706 2086 3758 2138 ad

394 2174 1090 2252 supplantationimutum
1120 2171 1540 2228 insatiabiliter
1571 2172 1815 2240 inhiant,
1840 2189 2045 2244 pecca-
2151 2169 2454 2225 cumulum
2496 2171 2865 2242 sempiterna
2911 2172 3324 2229 damnationis
3373 2191 3491 2230 suae
3534 2173 3758 2246 blasphe-

391 2273 518 2325 tum
541 2269 628 2322 est
649 2263 932 2336 quidquid
960 2261 1228 2331 actitant,
1255 2261 1532 2332 quoniam
1561 2261 1684 2315 sine
1708 2261 1817 2315 ﬁde
1839 2265 2043 2316 exstat.
2153 2263 2314 2312 ment
2335 2258 2612 2329 Spiritum
2646 2264 2938 2325 sanctum,
2961 2276 3140 2331 quem
3166 2279 3282 2317 suo
3313 2261 3604 2334 sacrilegio
3629 2267 3676 2317 et
3692 2279 3757 2316 Ia-

393 2358 539 2414 Nam
572 2353 669 2409 ubi
693 2349 1090 2423 supplantatin
1111 2353 1218 2416 est,
1238 2350 1396 2403 fraus
1418 2364 1651 2420 quoque
1675 2349 1894 2405 est.Ubi
1915 2366 2048 2404 vero
2153 2345 2298 2418 pinae
2323 2346 2659 2417 caeterisque
2685 2347 2964 2418 nequitiis
2989 2348 3048 2403 in
3075 2353 3318 2404 tantum
3347 2351 3627 2422 cooperari
3647 2367 3756 2422 pra:-

396 2445 580 2512 fraus,
602 2439 684 2496 ibi
714 2442 770 2494 et
796 2435 1113 2492 infidelitas
1144 2441 1318 2508 atque
1359 2435 1708 2503 maledictio,
1737 2437 1888 2492 sicut
1916 2454 2045 2508 pro-
2154 2434 2350 2491 dicant
2379 2439 2436 2489 et
2463 2435 2724 2503 credunt,
2750 2441 2816 2490 ut
2843 2435 2915 2490 ad
2937 2441 3141 2492 votum
3173 2436 3420 2494 illorum
3453 2439 3757 2494 sacriﬁcetur

395 2527 893 2606 phetadenuntiat
919 2524 1330 2580 :«Maledictus
1367 2525 1468 2595 qui
1493 2524 1628 2579 facit
1650 2542 1794 2596 opus
1816 2517 2046 2580 Domini
2153 2527 2209 2577 et
2259 2521 2634 2577 benedicatur
2681 2523 2966 2595 quidquid
3001 2525 3109 2597 ipsi
3145 2524 3370 2598 leprosi
3419 2530 3478 2582 et
3519 2523 3756 2582 maledicti

398 2617 802 2676 fraudulenter
823 2614 950 2685 (Jer.
974 2630 1166 2680 XLVIII,
1188 2613 1294 2684 10).
1322 2634 1349 2662 ››
1374 2613 1572 2684 Itaque
1603 2613 2045 2668 attendaturin-
2154 2627 2250 2666 ore
2285 2626 2578 2682 manuque
2612 2611 2978 2684 contingunt.

396 2713 488 2765 ter
507 2707 653 2764 alias
674 2703 774 2759 illa
797 2701 1268 2758 Simoniacorum
1297 2701 1711 2774 supplantatio,
1737 2718 1850 2773 qua
1883 2719 1943 2757 se
1971 2703 2050 2758 in-
2779 2719 3010 2774 CAPUT
3048 2718 3173 2776 νη,

395 2797 580 2853 vicem
624 2791 1014 2864 supplantant
1053 2789 1352 2878 vendendo
1383 2794 1437 2844 et
1466 2789 1730 2846 emendo.
1767 2791 2047 2862 Equidem
2243 2806 2316 2861 De
2343 2805 2694 2862 damnatione
2722 2805 2841 2875 ﬁcte
2870 2810 3249 2878 qmmtium
3282 2811 3586 2874 Dominum,
3613 2809 3692 2865 sub

397 2889 628 2956 emptor
649 2879 899 2954 pretium
920 2879 1112 2934 dando
1144 2877 1480 2950 supplantat
1497 2879 1870 2946 venditorem,
1903 2880 2042 2934 dum
2531 2879 2776 2948 exemplo
2810 2877 3046 2936 Ananiae
3068 2882 3118 2936 et
3150 2879 3434 2952 Saphira.

402 2973 570 3029 illum
604 2969 792 3044 gratia
833 2967 933 3022 Dei
974 2967 1205 3021 fraudat
1234 2983 1305 3020 ne
1335 2982 1462 3020 eam
1505 2967 1717 3022 habeat
1761 2967 2044 3033 venditor,
2225 2964 2408 3036 Igitur
2453 2970 2736 3038 quotquot
2765 2967 2908 3022 estis
2951 2966 3054 3022 ﬁlii
3105 2968 3234 3035 Dei,
3269 2969 3413 3042 quia
3441 2968 3639 3042 Spiritu
3677 2965 3748 3022 Dei

403 3065 508 3118 aut
532 3058 782 3132 pretium
809 3055 1142 3127 accipiendo
1166 3053 1549 3110 nihilominus
1571 3054 1907 3126 supplantat
1925 3072 2045 3110 em-
2153 3052 2415 3125 agimini,
2445 3053 2502 3108 in
2537 3053 2918 3126 simplicitate
2947 3057 3140 3112 cordis
3175 3057 3428 3130 quaerite
3457 3058 3629 3130 ipsum
3655 3054 3749 3126 Spi-

403 3145 802 3221 ptorem,dum
825 3141 994 3198 illum
1027 3142 1211 3214 gratia
1242 3142 1342 3196 Dei
1365 3142 1612 3208 fraudat,
1639 3159 1711 3198 ne
1739 3160 1864 3198 eam
1897 3142 2046 3199 acci-
2091 3215 2120 3221 ᾧ
2153 3141 2328 3196 ritum
2361 3141 2482 3210 Dei,
2517 3143 2792 3214 quoniam
2824 3143 3118 3200 invenitur
3157 3146 3234 3202 ab
3269 3146 3363 3202 his
3395 3145 3490 3218 qui
3534 3161 3633 3200 non
3657 3147 3747 3198 ten-

405 3215 676 3310 piat.Qua
692 3229 1164 3304 supplantatione
1181 3229 1319 3301 quia
1335 3230 1822 3302 utriqueinvicem
1843 3249 1904 3288 se
1919 3249 2050 3305 gra-
2079 3215 2122 3282 C
2158 3234 2286 3285 tant
2329 3229 2515 3284 illum.
2547 3230 2801 3303 Simplex
2837 3236 2926 3287 est
2963 3233 3142 3301 enim,
3177 3233 3305 3290 imo
3353 3215 3482 3307 ipsa
3525 3229 3750 3304 simplici-

404 3325 488 3382 tia
520 3323 620 3379 Dei
653 3320 947 3385 fraudant,
983 3317 1291 3390 elongatur
1333 3319 1406 3374 ab
1445 3319 1530 3374 eis
1571 3319 1914 3387 benedictio,
1939 3337 2054 3392 qua
2157 3322 2270 3386 tas,
2303 3318 2392 3373 cui
2427 3335 2528 3390 per
2555 3319 2752 3374 omnia
2782 3319 3155 3377 exsecrabilis
3186 3326 3281 3378 est
3312 3321 3682 3378 simulatorem
3707 3319 3750 3377 et

403 3410 778 3486 postmodum
803 3423 1001 3463 secum
1031 3405 1176 3462 alios
1205 3407 1502 3461 damnent.
1525 3409 1913 3479 Quoscunque
1933 3408 2051 3464 sive
2159 3407 2478 3462 calidorum
2529 3407 2859 3479 duplicitas,
2885 3410 3061 3479 juxta
3105 3413 3269 3482 quod
3329 3411 3600 3483 scriptum
3646 3410 3750 3464 est:

401 3500 604 3574 gratis,
624 3498 745 3554 sive
766 3513 878 3551 non
903 3495 1084 3568 gratis
1107 3494 1465 3550 contaminat
1488 3512 1696 3550 manus
1718 3512 1916 3551 eorum
1939 3495 2050 3552 im-
2161 3517 2188 3544 «
2219 3494 2600 3551 Simulatores
2641 3500 2698 3552 et
2744 3496 2938 3552 callidi
2972 3505 3295 3569 provocant
3342 3500 3486 3556 iram
3532 3497 3620 3554 Dei
3646 3493 3748 3566 (Job.

401 3587 642 3662 positio;
666 3602 730 3641 ac
761 3601 864 3657 per
892 3584 1002 3639 hoc
1026 3584 1089 3638 fit
1118 3586 1182 3637 ut
1224 3582 1618 3654 supplantatio
1649 3599 2051 3655 perversorum
2158 3601 2347 3649 xxxv1,
2380 3584 2488 3650 13).
2515 3605 2542 3632 ››
2575 3583 2918 3656 Ubicunque
2949 3590 3141 3641 autem
3195 3586 3498 3643 simulatio
3525 3583 3603 3639 vel
3630 3579 3752 3637 calli-

397 3679 586 3732 vastet
605 3673 758 3741 illos,
783 3689 886 3728 nec
912 3671 1214 3743 relinquat
1235 3671 1318 3726 eis
1341 3671 1589 3726 radicem
1609 3676 1665 3726 et
1679 3687 1916 3743 germen
1937 3671 2052 3743 spi-
2157 3671 2334 3736 ditas,
2381 3671 2462 3726 ibi
2509 3688 2740 3744 quoque
2790 3671 2983 3740 fraus;
3017 3678 3075 3729 et
3127 3675 3466 3748 ubicunque
3509 3673 3666 3736 fraus,
3694 3666 3751 3722 ibi

400 3763 628 3822 ritualis
643 3761 861 3836 gratiae.
880 3761 1024 3816 Nam
1045 3776 1219 3831 quam
1241 3759 1642 3830 periculosum
1661 3759 1928 3816 sitetiam
1951 3760 2052 3816 lai-
2157 3775 2388 3832 quoque
2429 3763 2688 3815 tentatur
2715 3759 2990 3817 divinitas
3027 3779 3040 3817 :
3071 3779 3188 3835 qua
3237 3765 3442 3836 utique
3486 3758 3752 3818 tentatione

398 3853 482 3909 cis
502 3869 570 3908 ex
594 3847 970 3908 saecularibus
993 3848 1168 3903 rebus
1191 3864 1228 3902 n
1246 3847 1522 3920 egotium,
1539 3847 1828 3919 Sapientis
1853 3865 2049 3904 mons-
2155 3845 2243 3902 ira
2270 3847 2369 3902 Dei
2410 3851 2772 3920 provocatur,
2802 3848 2954 3904 sicut
3001 3849 3064 3905 in
3113 3852 3509 3924 apostolorum
3553 3846 3750 3904 Actibus

335 3934 340 3939 ’
395 3945 511 3998 trat
531 3940 639 3995 hoc
661 3936 1028 4011 proverbium
1055 3952 1107 3991 :«
1131 3936 1266 3990 Duae
1290 3935 1514 4008 species
1535 3935 1800 3992 difﬁciles
1820 3941 1876 3992 et
1897 3936 2052 4009 peri-
2154 3935 2329 3992 verbo
2359 3940 2415 3991 et
2441 3935 2588 3992 facto
2632 3936 2918 4008 principis
2965 3939 3368 4010 apostolorum
3418 3938 3750 3999 monstratur,

396 4029 606 4088 culosaa
623 4027 763 4082 mihi
784 4029 1208 4098 apparuerunt:
1228 4023 1473 4080 Difficile
1489 4024 1725 4080 exuitur
1744 4026 2046 4098 negotians
2156 4023 2256 4078 ubi
2287 4025 2373 4080 sic
2404 4023 2614 4096 legitur
2647 4041 2710 4080 :«
2744 4025 2848 4080 Vir
2877 4030 3071 4082 autem
3106 4028 3348 4100 quidam
3382 4027 3603 4084 nomine
3631 4028 3750 4076 Ana-

397 4115 891 4189 anegligentia,et
911 4132 1023 4170 non
1045 4113 1472 4186 justiﬁcabitur
1522 4129 1706 4184 caupo
1735 4130 1769 4168 a
1798 4114 2048 4185 peccatis
2154 4111 2300 4180 nias,
2334 4129 2464 4168 cum
2497 4113 2743 4186 Saphira
2786 4130 2964 4170 uxore
3011 4131 3142 4183 sua,
3173 4117 3438 4173 vendidit
3481 4127 3686 4188 agrum,
3711 4109 3752 4163 et

396 4204 966 4275 labiorum.Propter
985 4203 1242 4273 inopiam
1267 4200 1433 4256 multi
1461 4201 1852 4274 deliquerunt,
1867 4205 1924 4257 et
1945 4201 2044 4273 qui
2154 4201 2441 4256 fraudavit
2469 4201 2539 4256 de
2568 4202 2750 4272 pretio
2782 4202 2929 4274 agri,
2961 4204 3198 4260 conscia
3229 4221 3407 4262 uxore
3437 4219 3559 4268 sua,
3580 4204 3628 4256 et
3645 4196 3751 4254 aﬁ‘e-

399 4293 606 4368 quaarit
627 4290 984 4364 locupletari,
1002 4291 1208 4347 avertit
1223 4287 1456 4344 oculum
1477 4290 1835 4357 suum-,sicut
1851 4291 1910 4345 in
1930 4307 2046 4346 me-
2154 4305 2286 4344 rens
2303 4294 2523 4360 partem
2544 4290 2859 4362 quamdam
2877 4292 2950 4346 ad
2968 4293 3144 4364 pedes
3159 4293 3551 4366 apostolorum
3573 4284 3747 4362 posuit.

399 4384 494 4440 dio
525 4380 883 4454 compaginis
913 4379 1175 4451 lapidum
1217 4377 1386 4449 palus
1427 4378 1644 4451 ﬁgitur.
1684 4379 1776 4434 Sic
1809 4383 1866 4434 et
1896 4379 2045 4435 inter
2151 4378 2356 4432 Petrus
2385 4383 2577 4434 autem
2625 4378 2771 4433 dixit
2817 4379 2886 4434 ad
2925 4397 3060 4436 eum
3087 4398 3100 4436 :
3125 4382 3375 4450 Anania,
3406 4397 3510 4438 cur
3550 4370 3749 4434 tentavit

398 4471 655 4528 medium
677 4467 1120 4534 venditionis,et
1151 4466 1462 4537 emptionis
1489 4466 2042 4539 angustabiturpec-
2153 4465 2396 4521 Satanas
2442 4482 2542 4521 cor
2586 4471 2755 4522 tuum
2785 4467 3021 4522 mentiri
3079 4474 3136 4525 te
3185 4468 3429 4542 Spiritui
3482 4461 3749 4529 sancto,et

397 4565 588 4617 catum
608 4558 1064 4631 (Eccli.xxv1.28;
1083 4555 1607 4623 xxv11.1,2).»Quod
1635 4555 1682 4608 si
1701 4559 1818 4610 tam
1842 4555 2043 4610 dilﬁci-
2072 4577 2118 4642 D
2152 4553 2420 4610 fraudare
2449 4553 2520 4609 de
2550 4554 2732 4626 pretio
2763 4554 2932 4626 agri?
2960 4556 3164 4614 Nonne
3195 4573 3440 4614 manens
3459 4554 3560 4611 tibi
3587 4563 3749 4608 mane-

394 4647 470 4704 lis
490 4652 546 4705 et
568 4646 891 4720 periculosa
913 4650 1001 4701 est
1019 4644 1272 4700 venditio
1295 4647 1350 4698 et
1370 4644 1584 4715 emptio
1618 4643 1780 4699 laicis
1803 4643 1858 4698 in
1881 4660 2038 4699 com-
2073 4640 2106 4642 _
2149 4641 2275 4709 bat;
2312 4647 2370 4698 et
2397 4643 2794 4698 venundatum
2827 4643 2887 4698 in
2930 4648 3035 4700 tua
3082 4650 3208 4702 erat
3254 4641 3572 4718 potestate?
3597 4640 3746 4704 Qum

395 4737 673 4793 munibus
691 4739 748 4791 et
765 4734 1003 4806 privatis
1019 4749 1218 4788 eorum
1240 4731 1750 4804 utilitatibus,quis
1767 4747 2038 4788 enarrare
2145 4729 2391 4802 posuisti
2423 4730 2482 4784 in
2513 4730 2683 4786 corde
2720 4735 2820 4786 tuo
2852 4731 3002 4788 hanc
3033 4735 3203 4789 rem?
3231 4735 3356 4790 Non
3403 4749 3464 4790 es
3508 4727 3745 4786 mentitus

393 4828 585 4897 potest
604 4840 780 4894 quam
803 4822 1060 4877 difficilis
1081 4826 1139 4876 et
1170 4819 1494 4892 periculosa
1524 4820 1601 4875 sit
1619 4819 1842 4876 clericis
1863 4821 1922 4875 in
1944 4837 2033 4876 ec-
2144 4818 2502 4885 hominibus,
2545 4819 2644 4874 sed
2695 4820 2821 4875 Deo.
2856 4821 3114 4878 Audiens
3158 4827 3353 4880 autem
3383 4817 3622 4878 Ananias
3647 4814 3742 4869 hac

393 4910 733 4967 clesiasticis
781 4908 1288 4964 ordinationibus?
1319 4909 1387 4964 Et
1415 4914 1566 4964 certe
1611 4909 1713 4964 tibi
1761 4908 1918 4964 licita
1947 4913 2036 4964 est
2139 4909 2332 4974 verba,
2378 4907 2587 4964 cecidit
2633 4911 2689 4962 et
2732 4909 3066 4982 exspiravit.
3103 4911 3170 4966 Et
3229 4913 3417 4969 factus
3466 4913 3550 4966 est
3597 4905 3740 4960 timor

393 4997 648 5056 venditio
688 4997 765 5052 rei
805 5001 938 5062 tum,
962 4997 1100 5068 quia
1134 4997 1455 5052 secunlum
1480 4997 1540 5053 Β.
1565 4998 1873 5070 Augustini
1912 4997 2032 5052 dic-
2142 5012 2392 5068 magnus
2419 4995 2480 5049 in
2511 5011 2715 5050 omnes
2747 4997 2847 5067 qui
2879 4998 3213 5055 audierunt.
3247 5001 3551 5073 Surgentes
3581 4995 3737 5049 autem

394 5083 888 5153 tum,nonillicite
907 5085 1236 5140 vendantur
1257 5085 1556 5156 qualicite
1577 5085 2030 5141 emuntur.Nam
2131 5087 2378 5156 juvenes
2409 5088 2750 5139 amoverunt
2779 5101 2936 5151 eum,
2963 5091 3021 5142 et
3057 5088 3364 5146 efferentes
3408 5080 3736 5160 sepelierunt.

393 5176 520 5248 ipse
541 5173 825 5230 Dominus
846 5172 1190 5230 adolescenti
1213 5174 1443 5229 cuidam
1474 5190 1525 5228 τα
1543 5173 1722 5240 Vade,
1745 5172 1952 5243 inquit,
1977 5178 2034 5229 et
2139 5173 2376 5229 Factum
2409 5176 2498 5227 est
2519 5175 2710 5227 autem
2737 5175 2904 5244 quasi
2926 5174 3206 5232 horarum
3229 5178 3409 5233 trium
3430 5171 3674 5247 spatium,
3693 5167 3736 5219 et

393 5263 577 5322 vende
606 5261 802 5318 omnia
833 5278 956 5333 qua:
987 5261 1166 5318 habes
1197 5262 1402 5332 (Μαιυι.
1433 5277 1548 5324 χιχ,
1578 5260 1700 5329 21);
1737 5281 1763 5308 ››
1787 5264 1844 5314 et
1870 5259 2028 5326 alibi,
2140 5277 2284 5316 uxor
2313 5261 2519 5333 ipsius,
2545 5260 2810 5316 nesciens
2832 5264 2986 5334 quod
3022 5265 3240 5321 factum
3273 5267 3477 5333 fuerat,
3498 5254 3733 5325 introivit-

392 5352 521 5426 ipso
542 5351 767 5406 dicente
785 5349 948 5404 Judee
970 5349 1246 5422 proditori
1273 5365 1326 5403 :«
1351 5348 1510 5412 Quod
1566 5347 1728 5408 facis,
1755 5347 1841 5401 fac
1860 5349 2031 5404 citius
2139 5350 2292 5405 Dixit
2315 5355 2507 5405 autem
2531 5350 2579 5404 ei
2604 5349 2807 5406 Petrus
2833 5367 2845 5405 :
2872 5351 2973 5408 Dic
3004 5353 3147 5408 mihi
3171 5354 3222 5409 si
3249 5354 3394 5410 tanti
3417 5363 3604 5425 agrum
3622 5357 3728 5398 ven-

395 5443 573 5514 (Joan.
602 5455 724 5506 xm,
744 5441 898 5503 27),»
925 5437 1164 5509 quidam
1213 5433 1636 5506 discipulorum
1686 5439 2033 5506 putaverunt
2138 5437 2412 5494 didistis?
2441 5443 2514 5493 At
2542 5437 2642 5492 illa
2671 5439 2816 5493 dixit
2846 5454 2860 5494 :
2895 5441 3079 5496 Etiam
3126 5443 3297 5498 tanti.
3331 5443 3532 5499 Petrus
3573 5436 3729 5492 autem

396 5542 533 5585 eum
562 5525 729 5582 solito
750 5526 965 5581 dixisse
991 5543 1004 5581 :
1029 5526 1165 5580 Eme
1195 5523 1363 5579 nobis
1383 5539 1450 5578 ea
1475 5538 1600 5594 qua:
1624 5538 1770 5594 opus
1799 5528 1938 5579 sunt
1957 5525 2028 5580 ad
2137 5527 2208 5582 ad
2240 5543 2367 5582 eam
2392 5543 2404 5581 :
2431 5525 2576 5590 Quid
2620 5526 2822 5599 utique
2851 5530 3121 5586 convenit
3147 5535 3374 5589 tentare
3401 5527 3554 5586 vobis
3578 5516 3727 5596 Spiri-

398 5613 553 5680 diem
581 5612 815 5672 festum.
846 5612 918 5670 Et
944 5615 1138 5674 tamen
1178 5609 1337 5669 licita
1361 5613 1419 5670 et
1447 5611 1878 5690 pernecessaria
1903 5611 2028 5695 pla-
2135 5618 2262 5674 tum
2301 5615 2575 5675 Domini?
2621 5615 2764 5677 Ecce
2819 5618 2996 5698 pedes
3055 5634 3260 5681 eorum
3308 5620 3410 5703 qui
3456 5606 3727 5698 spoliem“!t
