3876 6356
40 486 196 553 1073

599 488 1013 556 ADVERSUS
1059 486 1534 555 SiMONlAGOS
1578 482 1786 549 LIBRI
1831 482 2411 549 TRES.—LIBER
2454 482 2890 581 SECUNDUS.

3288 472 3444 546 1074

37 641 166 683 cere
195 624 548 682 confidentes
579 624 717 699 quia
747 622 893 681 nihil
925 624 1109 682 deerit
1136 623 1483 680 timentibus
1513 637 1671 679 eum:
1705 618 1760 686 Α
1789 618 1862 675 Et
1891 615 2067 692 paulo
2105 623 2238 692 post
2269 635 2281 674 :
2322 642 2344 669 ε
2394 618 2621 675 Inimici
2667 616 2902 676 Domini
2950 616 3178 676 mentiti
3228 620 3370 675 sunt
3394 617 3448 676 ei

37 717 161 787 qui,
177 716 424 771 seetiam
442 715 499 770 in
522 720 888 771 terrenarum
910 732 1102 770 rerum
1129 712 1682 785 negotiisinterdum

33 806 338 870 excedunt,
372 803 780 875 eleemosynis,
817 803 1085 874 alliisque
1126 803 1295 857 bonis
1335 800 1685 873 quantocius

34 910 138 963 pro
168 898 322 949 certo
355 892 585 962 placare
623 892 732 946 sibi
767 891 1083 946 Dominum
1118 896 1385 963 possunt,
1419 888 1558 960 quia
1588 904 1683 942 ca-

32 980 260 1035 tholica:
295 980 427 1033 ﬁdei
453 978 903 1033 fundamentum
929 980 986 1033 in
1013 984 1203 1033 mente
1224 981 1569 1033 conservant
1597 976 1686 1030 in-

32 1074 285 1137 tegrum.
319 1069 500 1137 Cujus
524 1067 889 1122 fundamenti
918 1069 1122 1122 merito
1141 1066 1280 1121 salvi
1303 1068 1471 1131 fiunt,
1495 1066 1578 1120 sic
1596 1069 1688 1119 ta-

34 1174 169 1212 men
201 1157 368 1227 quasi
395 1175 495 1227 per
516 1158 731 1227 ignem,
759 1157 987 1210 etiamsi
1016 1155 1607 1227 supermdificaverint
1627 1152 1689 1207 li-

31 1246 503 1317 gna,aliquando
530 1247 749 1310 fenum,
777 1245 1025 1315 stipulas
1046 1248 1091 1315 (Ι
1122 1246 1242 1299 Cor.
1271 1262 1355 1307 ll],
1392 1246 1497 1313 12),
1534 1242 1687 1314 quod

30 1336 103 1389 de
134 1335 410 1389 omnibus
433 1334 605 1388 etiam
625 1333 957 1388 criminosis
980 1334 1227 1389 creditur
1260 1350 1293 1388 a
1313 1332 1529 1401 quibus
1553 1332 1681 1385 fun-

28 1424 374 1477 damentum
412 1423 464 1476 id
507 1423 807 1485 retinetur,
839 1422 885 1476 si
917 1427 1111 1475 tamen
1146 1421 1203 1474 in
1240 1420 1346 1475 hac
1378 1421 1495 1475 vita
1538 1421 1681 1473 fece-

28 1511 151 1565 rint
181 1512 389 1581 dignos
414 1511 761 1582 ptrnitcntia:
791 1512 1030 1565 fructus.
1059 1511 1234 1565 Porro
1256 1509 1507 1581 emptitii
1531 1508 1679 1563 servi

26 1601 399 1664 Mammonze,
423 1602 668 1670 ejusque
690 1618 915 1654 vesana}
941 1600 1173 1655 malitia:
1218 1600 1394 1654 duces
1426 1604 1482 1654 et
1502 1598 1682 1670 signi-

29 1692 159 1752 feri,
196 1692 295 1761 qui
316 1707 427 1744 non
453 1689 640 1745 solum
660 1706 799 1744 suas
817 1690 1046 1743 animas
1064 1688 1299 1743 venales
1319 1688 1558 1753 habent,
1584 1687 1683 1741 sed

26 1780 209 1835 etiam
260 1782 520 1849 ipsarum
561 1783 887 1832 Creatorem
920 1783 975 1832 et
1007 1778 1508 1833 Sanctiﬁcatorem
1555 1776 1685 1830 ani-

27 1884 266 1923 marum
285 1865 830 1932 venderela‘oorant,
856 1867 994 1937 quid
1020 1866 1233 1935 agent?
1255 1871 1485 1936 autquo
1508 1864 1681 1918 iidem

1798 709 1993 779 (lbid.,
2030 712 2153 779 16);
2180 733 2202 762 ι
2240 710 2309 765 de
2330 709 2547 781 quibus
2575 708 2713 765 alibi
2738 708 3112 781 congeritur:
3151 730 3178 763 (ι
3207 708 3449 765 Verum-

1795 802 1990 853 tamen
2026 799 2275 871 pretium
2309 815 2506 854 meum
2539 798 2943 868 cogitaverunt
2962 797 3241 869 repellere
3270 799 3443 867 (Psal.

1798 905 1907 955 LXI,
1936 889 2012 957 5),
2051 910 2078 937 ››
2111 889 2293 943 Deum
2326 904 2523 943 meum
2555 887 2775 943 scilicet
2804 888 2875 958 ad
2910 904 3022 943 me.
3074 890 3199 955 Qua
3229 888 3446 961 cogita-

1796 976 1950 1032 tione
1982 977 2049 1031 ad
2070 977 2224 1048 ‘quid
2251 977 2632 1048 pervenerint,
2655 977 2961 1049 subjungit
2990 978 3191 1034 dicens
3224 994 3237 1032 :
3274 1002 3302 1029 ‹‹
3331 978 3442 1035 Ore

1798 1082 1903 1120 suo
1921 1066 2362 1131 benedicebant,
2377 1071 2432 1120 et
2449 1067 2617 1122 corde
2643 1084 2749 1122 suo
2772 1066 3440 1140 maledicebant(1bid).»

1798 1153 1857 1210 Si
1886 1172 2023 1227 ergo
2056 1155 2153 1226 qui
2177 1156 2575 1227 cogitaverunt
2605 1156 2783 1211 Deum
2817 1173 2851 1211 a
2880 1159 3080 1211 sancto
3111 1155 3234 1211 viro
3265 1155 3446 1227 repel-

1795 1243 1933 1310 lere,
1960 1245 2078 1315 jam
2102 1244 2454 1299 maledicunt
2471 1244 2661 1309 corde,
2685 1244 2954 1315 quamvis
2973 1244 3323 1300 benedicant
3345 1262 3444 1301 ore

1797 1332 1937 1404 quid
1970 1336 2141 1403 putas
2174 1338 2376 1403 agunt,
2408 1332 2508 1404 qui
2539 1350 2653 1387 non
2685 1332 2810 1388 sola
2838 1332 3205 1404 cogitatione,
3238 1350 3440 1389 verum

1795 1421 2085 1477 locutione
2135 1426 2193 1476 et
2223 1439 2396 1492 opere
2434 1422 2698 1477 laborant
2745 1422 3054 1477 Dominum
3091 1439 3125 1477 a
3172 1439 3234 1478 se
3272 1426 3329 1477 et
3367 1423 3442 1477 ab

1795 1509 1925 1564 aliis
1957 1510 2233 1582 repellere
2253 1512 2280 1565 ‘?
2305 1513 2561 1577 Quorum
2594 1509 2711 1566 oris
2732 1510 3055 1565 benedictio
3085 1526 3443 1582 quiscunque

1796 1597 1896 1653 illa
1926 1599 2022 1667 sit,
2073 1598 2391 1654 indieibilis
2423 1598 2751 1654 maledictio
2801 1599 2953 1670 apud
2997 1598 3183 1654 Deum
3225 1600 3309 1667 fit,
3343 1598 3443 1670 qui

1793 1687 1968 1741 verba
1998 1686 2084 1742 vel
2121 1688 2272 1742 facta
2301 1686 2609 1742 hominum
2641 1704 2710 1742 ex
2740 1687 2866 1743 sola
2894 1686 3216 1743 intentione
3246 1688 3440 1742 cordis

1796 1776 2121 1847 perpendit.
2164 1777 2277 1831 Nec
2321 1775 2692 1831 considerant
2722 1776 2864 1848 quid
2898 1775 3035 1832 boni
3084 1776 3303 1843 dicant,
3337 1776 3438 1832 sed

1796 1864 2041 1919 dicendo
2073 1882 2185 1936 quo
2230 1866 2553 1921 intendant.
2605 1866 2768 1931 Quod
2810 1868 3038 1920 tantum
3072 1864 3283 1920 ‘solius
3339 1864 3441 1920 Dei

30 1956 197 2012 milvi
232 1955 590 2011 fallacissimi
623 1972 656 2009 a
686 1956 830 2009 facie
851 1955 1135 2011 columbae
1164 1955 1353 2025 ipsius
1377 1971 1557 2026 quam
1587 1971 1685 2009 ve-
1718 1989 1765 2054 Β
1796 1958 1883 2008 est
1932 1954 2277 2023 discernere,
2324 1954 2474 2010 sicut
2518 1955 2833 2027 Apostolus
2883 1953 3160 2027 praedicat
3190 1956 3388 2025 aperte
3422 1970 3436 2009 :

30 2045 228 2101 nalem
271 2048 497 2116 putant,
550 2043 795 2113 fugient,
853 2044 953 2114 qui
987 2044 1367 2098 fundamento
1416 2043 1568 2114 quod
1603 2047 1690 2097 est

25 2136 299 2189 Christus
347 2134 539 2195 Jesus,
588 2133 700 2187 ﬁde
759 2132 982 2187 scilicet
1032 2150 1093 2187 se
1145 2134 1466 2205 privarunt,
1514 2149 1689 2203 super

26 2242 235 2295 quem,
267 2222 424 2278 velut
454 2237 629 2292 super
653 2224 883 2276 ﬁrmam
908 2222 1156 2289 Petram,
1178 2222 1497 2278 Ecclesiam
1522 2238 1683 2277 suam

26 2314 155 2385 ipse
188 2312 481 2366 aediﬁcat?
510 2312 707 2382 Neque
726 2311 881 2365 enim
907 2311 1293 2383 eleemosynis
1322 2311 1570 2382 aliisque
1593 2312 1687 2365 bo-

25 2403 141 2467 nis,
180 2419 309 2473 quaa
341 2402 563 2470 utique,
600 2402 897 2454 subtracto
930 2400 1054 2471 ipso
1088 2401 1491 2463 fundamento,
1527 2398 1688 2454 nulla

22 2492 109 2547 eis
148 2491 373 2552 insunt,
395 2489 587 2559 juvari
615 2494 886 2559 possunt,
907 2506 1039 2543 cum
1068 2489 1260 2559 potius
1292 2489 1349 2544 in
1382 2494 1683 2561 peccatum

26 2580 147 2635 illis
172 2584 483 2650 reputetur
504 2577 791 2648 quidquid
818 2577 948 2632 aliis
979 2578 1229 2633 salutem
1254 2583 1547 2649 operatur.
1570 2577 1684 2632 Nec

24 2668 251 2723 mirum
274 2683 404 2721 cum
424 2665 533 2736 ipsi
555 2682 656 2719 nec
673 2664 920 2719 salutem
942 2682 1132 2730 suam,
1148 2682 1249 2719 nec
1265 2665 1514 2735 alicujus
1528 2682 1683 2735 qua:-

24 2762 161 2812 rant
186 2756 249 2811 in
284 2754 699 2810 ecclesiasticis
730 2754 971 2821 ol'ticiis;
1007 2771 1132 2825 quae
1157 2754 1265 2808 sibi
1293 2754 1442 2809 male
1473 2770 1686 2824 prazsu-

24 2850 227 2910 munt,
260 2843 399 2915 quid
434 2860 501 2898 ex
532 2844 638 2897 hoc
671 2844 951 2914 probatur
980 2843 1119 2914 quia
1149 2843 1273 2898 sola
1316 2844 1563 2913 pecunia
1599 2844 1683 2897 eis

21 2934 375 2990 dominatur
409 2973 421 2995 ,
474 2949 603 3002 qum
648 2931 773 2986 sola
823 2933 879 2985 in
931 2932 1257 2987 actionibus
1307 2949 1506 2987 eorum
1556 2948 1685 3002 ope-

21 3030 241 3090 ratur;
274 3022 401 3093 ipsa
425 3022 579 3077 enim
609 3022 847 3091 petitur,
864 3021 993 3092 ipsa
1016 3022 1293 3092 quan'itur
1315 3039 1347 3075 a
1370 3020 1683 3088 venditore,

21 3112 158 3183 ipsa
192 3109 487 3182 pulsatur,
524 3110 652 3180 ipsa
682 3110 1047 3179 proponitur,
1080 3110 1208 3180 ipsa
1237 3112 1533 3173 adoratur,
1559 3110 1685 3180 ipsa

24 3202 356 3264 invocatur,
392 3198 519 3269 ipsa
546 3198 739 3264 datur,
776 3198 903 3269 ipsa
935 3198 1235 3269 accipitur,
1263 3200 1391 3270 ipsa
1413 3198 1679 3265 habetur,

24 3291 160 3361 ipsa
209 3286 562 3360 possidetur.
605 3288 737 3349 Quae
788 3288 835 3341 si
888 3288 957 3341 de
1003 3289 1193 3342 medio
1246 3290 1527 3352 aufertur,
1580 3291 1681 3340 aut

1803 2065 1829 2091 ‹‹
1861 2042 2037 2098 Vivus
2069 2044 2403 2116 est,inquit,
2428 2060 2618 2099 sermo
2648 2043 2747 2099 Dei
2772 2047 2829 2098 et
2849 2044 3147 2111 efficax,et
3166 2046 3407 2114 peuctra
3425 2071 3439 2082 -

1796 2131 1992 2186 biliter
2021 2133 2178 2186 omni
2208 2132 2399 2204 gladio
2419 2132 2676 2203 ancupiti,
2700 2136 2758 2188 et
2786 2132 3119 2205 pertingens
3151 2147 3340 2203 usque
3366 2130 3439 2186 ad

1796 2220 2139 2277 divisionem
2187 2221 2392 2276 anima?
2424 2238 2489 2276 ac
2519 2222 2782 2293 spiritus,
2816 2237 3164 2293 compagum
3204 2235 3439 2293 quoque

1795 2314 1852 2364 et
1883 2310 2289 2376 medullarum,
2324 2314 2379 2364 et
2408 2310 2692 2365 discretor
2715 2310 3136 2380 cogitationum
3160 2313 3217 2365 et
3246 2310 3436 2365 inten-

1795 2398 2022 2453 tionum
2054 2398 2266 2463 cordis,
2299 2402 2355 2453 et
2381 2416 2492 2454 non
2512 2403 2600 2454 est
2620 2398 2741 2453 ulla
2764 2402 3030 2454 creatura
3057 2396 3439 2454 invisibilisin

1796 2492 2108 2559 conspectu
2141 2490 2288 2558 ejus.
2318 2487 2526 2543 Omnia
2555 2492 2751 2543 autem
2782 2489 2943 2542 nuda
2970 2492 3029 2543 et
3066 2492 3268 2560 aperta
3298 2490 3441 2542 sunt

1794 2575 1980 2631 oculis
2010 2578 2138 2646 ejus
2155 2576 2225 2630 ad
2251 2592 2428 2647 quem
2451 2577 2619 2631 nobis
2649 2577 3040 2648 sermo(HeIn-.
3061 2593 3133 2645 Iv,
3169 2578 3256 2645 12,
3292 2576 3435 2647 13).»

2424 2683 2657 2739 CAPUT
2694 2683 2788 2738 XI.

1794 2770 1940 2838 Quod
1982 2773 2198 2827 vitandi
2248 2780 2376 2827 sunt
2417 2772 2667 2828 hmrctz’rz’
2719 2773 2969 2844 exemplo
3020 2774 3340 2843 viperarum
3383 2782 3434 2828 et

2394 2846 2561 2901 malm
2591 2845 2821 2899 arboris.

1863 2934 1973 2987 Sed
2010 2949 2079 2987 ne
2122 2934 2380 2988 crederet
2412 2933 2545 3005 quis
2574 2950 2635 2988 se
2664 2933 2991 2989 immunem
3024 2950 3205 3001 noxa),
3254 2933 3303 2989 si
3336 2950 3433 2990 ne-

1792 3020 2033 3093 gligeret
2056 3021 2199 3076 tales
2230 3038 2449 3087 cavere,
2482 3020 2642 3077 velut
2662 3023 2760 3094 qui
2789 3023 2965 3078 corda
2994 3040 3195 3079 eorum
3227 3022 3435 3096 nequi-

1793 3115 1878 3164 ret
1910 3115 2228 3180 penetrare,
2263 3110 2387 3181 ipse
2417 3110 2722 3179 Dominus,
2754 3112 2815 3166 in
2853 3112 3159 3185 Evangelio
3191 3128 3437 3168 monens

1792 3215 1825 3253 a
1855 3198 2019 3254 falsis
2051 3199 2351 3271 prophetis
2381 3201 2823 3269 attendendum,
2867 3202 3152 3257 indicium
3193 3217 3433 3274 cognos-

1790 3288 1957 3341 cendi
2008 3305 2141 3341 mox
2179 3288 2422 3353 addidit,
2463 3290 2665 3343 dicens
2699 3305 2711 3343 :
2765 3312 2784 3337 ι
2820 3290 2865 3343 Α
2898 3289 3185 3344 fructibus
3226 3305 3428 3344 eorum

22 3359 384 3447 certo,idum
418 3377 686 3447 exigitur,
722 3376 1062 3447 denegatur,
1097 3377 1294 3448 procul
1340 3377 1519 3431 dubio
1544 3393 1677 3430 con-
1708 3359 1750 3424 C
1788 3377 2148 3447 cognoscetis
2187 3393 2287 3431 eos
2330 3378 2534 3447 (.llatth.
2580 3395 2676 3443 vn,
2729 3378 2836 3447 16).
2894 3400 2921 3425 »
2972 3377 3133 3432 Unde
3176 3393 3426 3448 quorum

18 3473 143 3523 stat
176 3466 322 3538 quia
350 3482 453 3521 nec
485 3466 638 3519 Deus
672 3471 908 3536 petitur,
944 3483 1047 3519 nec
1079 3466 1377 3536 quaeritur,
1413 3482 1515 3519 nec
1549 3464 1677 3535 pul-

20 3562 216 3622 satur,
252 3571 357 3610 ncc
390 3554 753 3627 prolionitur,
778 3572 882 3609 nec
904 3556 1199 3620 aduratur,
1235 3572 1336 3609 nec
1360 3554 1677 3619 invocatur,

20 3664 131 3701 nec
161 3646 363 3707 datur,
396 3660 501 3698 nec
531 3643 833 3713 accipitur,
869 3660 971 3697 nec
994 3643 1262 3707 habetur,
1293 3660 1397 3698 nec
1421 3642 1677 3715 posside-

20 3740 144 3789 tur.
198 3734 298 3788 Sic
330 3749 496 3787 versa
525 3731 648 3786 vice
681 3732 807 3803 ipsa
857 3732 1017 3802 petit,
1052 3732 1180 3803 ipsa
1227 3731 1441 3802 pulsat,
1493 3732 1680 3802 ipsam

16 3827 264 3895 emptor
304 3820 596 3893 proponit,
631 3819 818 3891 ipsam
839 3821 1065 3885 adorat,
1090 3821 1279 3891 ipsam
1314 3822 1559 3887 invocat,
1594 3819 1681 3891 ip-

15 3929 152 3967 sam
187 3911 317 3976 dat,
350 3925 450 3979 per
480 3908 676 3979 ipsum
707 3908 940 3979 accipit,
976 3926 1076 3979 per
1116 3908 1305 3980 ipsam
1336 3909 1507 3964 habet
1528 3909 1682 3979 quod

14 4000 227 4064 habet,
266 4014 368 4070 per
388 3998 573 4068 ipsam
598 3998 857 4069 possidet
881 3999 1035 4069 quod
1059 3998 1335 4069 possidet.
1362 3998 1469 4053 Sed
1499 3999 1638 4069 quid
1658 3998 1685 4051 ‘I

15 4088 379 4144 exteriorem
410 4084 839 4140 dealbationem
871 4091 927 4141 et
960 4086 1294 4141 interiorem
1334 4088 1683 4159 denigratio-

12 4193 181 4245 nem,
220 4174 365 4246 quia
396 4175 804 4246 perditionem,
849 4176 989 4246 quia
1036 4176 1503 4243 damnationem,
1550 4176 1688 4248 quia

14 4263 527 4330 maledictionem,
547 4265 685 4334 quia
702 4263 1096 4335 sacrilegium,
1122 4264 1260 4335 quia
1292 4265 1686 4331 mendacium,

14 4355 165 4427 quia
198 4352 563 4424 apostasiam
588 4354 832 4407 invicem
856 4354 965 4407 sibi
1001 4354 1143 4407 dant
1165 4359 1219 4408 et
1243 4354 1555 4424 accipiunt,
1583 4354 1687 4409 ha-

14 4444 166 4499 bent
199 4458 273 4496 ac
297 4441 620 4512 possident.
646 4440 791 4503 Quin
811 4442 1145 4512 potiusatot
1167 4443 1532 4497 daemonibus
1552 4461 1687 4514 pos-

12 4533 305 4588 sidentur
335 4535 479 4599 quot
512 4531 699 4584 modis
735 4548 904 4601 prave
930 4530 1278 4602 negotiando
1303 4531 1690 4602 supplantant

11 4627 73 4677 et
96 4618 594 4691 supplantantur.
617 4619 955 4690 Specialiter
972 4625 1163 4674 autem
1180 4638 1212 4673 a
1231 4620 1484 4691 maligno
1511 4638 1690 4675 niam-

1788 3465 2029 3520 avaritia
2059 3466 2287 3520 videtur
2318 3466 2507 3537 palam
2540 3467 2625 3520 sic
2654 3465 2873 3533 smvire,
2908 3471 2974 3520 ut
3005 3483 3118 3521 non
3158 3466 3430 3521 dubitent

1789 3554 2070 3624 Spiritum
2102 3560 2371 3608 sanctum
2400 3554 2658 3609 venalem
2699 3571 3037 3627 proponere,
3070 3559 3298 3611 constat
3328 3571 3428 3611 eos

1790 3642 1970 3697 falsos
2000 3643 2313 3714 prephetas
2339 3660 2487 3711 esse,
2521 3644 2679 3713 quia,
2724 3643 2881 3698 velut
2917 3646 3172 3717 profana:
3204 3644 3432 3702 arboris

1790 3731 2081 3787 occultum
2116 3748 2373 3802 germen,
2407 3732 2579 3803 quale
2611 3733 2688 3786 sit
2718 3749 2892 3805 sapor
2920 3734 3177 3805 pertiferi
3210 3735 3435 3791 fructus

1792 3820 2005 3891 prodit.
2030 3819 2329 3891 ltquequae
2351 3822 2422 3875 de
2442 3838 2540 3875 ore
2563 3822 2903 3892 procedunt,
2927 3823 2997 3878 de
3017 3824 3187 3878 corde
3199 3827 3432 3892 exeunt;

1793 3914 1849 3964 et
1880 3910 2007 3965 ideo
2039 3909 2086 3964 si
2121 3908 2279 3964 mala
2309 3914 2447 3964 sunt
2479 3910 2536 3963 in
2571 3911 2761 3975 corde,
2797 3912 2949 3966 bona
2978 3927 3106 3967 esse
3137 3916 3436 3983 nequeunt

1793 3998 1850 4053 in
1883 4015 2001 4064 ore,
2033 3998 2263 4053 etiamsi
2308 3998 2616 4054 videantur
2645 4015 2791 4055 esse.
2825 4000 2906 4055 Ea
2937 4004 3074 4056 sunt
3117 4000 3273 4055 enim
3306 4017 3434 4072 quae

1794 4088 2176 4158 coinquinant
2234 4088 2553 4154 hominem,
2612 4091 2781 4158 cujus
2838 4090 2896 4143 in
2941 4106 3038 4145 ore
3090 4087 3438 4154 benedictio,

1795 4177 1935 4247 quia
1966 4194 2079 4231 non
2122 4194 2224 4248 pro
2263 4179 2370 4231 lleo
2403 4181 2591 4245 sonat,
2626 4178 2727 4232 sed
2760 4194 2863 4249 pro
2895 4194 3137 4234 nummo
3182 4176 3440 4250 plurima

1795 4270 2170 4337 computatur
2223 4265 2574 4331 maledictio,
2607 4270 2664 4321 et
2722 4266 2884 4322 nulla
2932 4267 3279 4323 benedictio.
3313 4272 3436 4322 Hu-

1789 4355 2051 4426 jusmodi
2084 4354 2263 4423 enim,
2297 4360 2360 4409 ut
2391 4355 2472 4409 ait
2500 4355 2837 4427 Apostolus,
2880 4379 2908 4407 «
2942 4374 3044 4428 per
3070 4356 3272 4412 dulces
3318 4372 3440 4412 ser-

1800 4462 2000 4499 mones
2024 4450 2078 4498 ct
2100 4444 2530 4499 benedictiones
2546 4446 2836 4499 seducunt
2856 4444 3441 4500 cordainnocentium

1800 4536 1974 4603 (lima.
2022 4551 2137 4597 xv},
2186 4536 2291 4600 18).
2346 4556 2372 4581 ››
2423 4534 2562 4587 Ecce
2601 4533 2805 4604 quales
2837 4534 3440 4605 benedictiones,qua:

1801 4625 2090 4677 seducunt
2134 4621 2504 4677 innocentes!
2554 4623 2625 4676 Et
2673 4621 2811 4694 quid
2866 4627 2954 4677 est
2997 4622 3227 4694 proprie
3267 4622 3440 4678 sedu-

12 4726 231 4775 mona,
256 4708 429 4778 cujus
458 4713 597 4762 sunt
629 4707 824 4763 sumni
852 4708 1126 4772 usurarii,
1154 4710 1363 4779 cuique
1384 4711 1577 4764 omnis
1604 4710 1686 4764 in-
1724 4729 1768 4793 D
1801 4714 1978 4766 cunt?
2009 4729 2275 4766 seorsum
2298 4712 2540 4766 ducunt.
2563 4711 2725 4766 Unde
2754 4711 2992 4782 etquo?
3023 4727 3058 4766 a
3081 4716 3191 4765 Deo
3214 4710 3286 4765 ad
3317 4710 3440 4765 dia-

10 4798 236 4863 tcntio,
266 4802 325 4851 et
357 4796 504 4851 actio
536 4814 737 4852 eorum
771 4797 1000 4853 militat.
1034 4797 1247 4854 Neuter
1276 4799 1430 4854 enim
1462 4816 1686 4866 eorum,

5 4887 317 4943 vendetor
357 4885 580 4941 scilicet
625 4904 691 4941 ac
745 4892 993 4957 emptor,
1042 4887 1227 4943 Deum
1261 4887 1530 4960 proponit
1560 4892 1692 4943 ante

8 4979 419 5048 conspectum
441 4992 650 5041 suum;
678 4977 792 5031 imo
810 4976 1045 5047 penitus
1060 4978 1332 5049 proponit
1353 4978 1463 5032 sibi
1484 4978 1689 5032 Deum.

10 5066 112 5122 cui
174 5064 460 5136 proponit
502 5081 837 5119 numerum.
890 5067 1011 5130 Quo
1057 5067 1121 5119 fit
1180 5071 1244 5119 ut
1293 5066 1693 5137 postponeudo

12 5157 242 5223 Deum,
303 5153 564 5223 primum
610 5160 667 5209 et
717 5154 1105 5209 novissimum
1148 5156 1457 5226 antiquum
1493 5156 1694 5227 utique

12 5246 295 5307 dierum,
320 5243 491 5313 cujus
519 5243 646 5298 sine
678 5245 792 5298 tinc
821 5260 1087 5315 regnum,
1113 5248 1442 5314 proponant
1466 5244 1577 5298 sibi
1610 5261 1691 5297 re-

13 5336 265 5388 centem
296 5334 687 5402 Deum,atque
707 5332 1025 5386 deserendo
1048 5348 1220 5386 suum
1245 5332 1487 5386 adorent
1508 5332 1698 5386 Domi-

14 5438 170 5477 num
194 5417 493 5485 alienum,
519 5420 831 5475 Psalmista
852 5420 1282 5475 contradicente
1301 5421 1411 5474 sic:
1441 5442 1467 5469 ‹‹
1498 5420 1694 5485 Israel,

10 5512 63 5569 si
100 5526 207 5566 me
240 5506 528 5572 audieris,
562 5525 678 5562 non
723 5508 832 5562 erit
883 5509 938 5562 in
972 5512 1027 5563 te
1070 5509 1223 5563 Deus
1263 5526 1482 5573 recens,
1509 5526 1697 5579 neque

0 5595 315 5655 adorabis
345 5595 528 5650 Deum
561 5596 815 5650 alienum
851 5598 1022 5663 (Psal.
1058 5615 1217 5652 Lxxx.
1246 5599 1349 5667 10).
1373 5617 1398 5648 ι)
1425 5598 1534 5651 Sed
1561 5596 1698 5667 quia

0 5698 135 5775 ‘ynon
188 5684 521 5742 obauditus
572 5685 699 5751 fuit,
748 5686 949 5739 subdit
1003 5703 1015 5739 :
1073 5709 1092 5734 α
1132 5688 1201 5740 Et
1249 5686 1444 5741 dimisi
1473 5702 1573 5740 eos
1606 5702 1694 5739 se-

0 5776 302 5893 Lcundum
366 5772 658 5828 desideria
728 5774 918 5828 cordis
975 5788 1179 5829 eorum
1245 5775 1428 5845 (lbid.,
1489 5774 1603 5844 13).
1664 5796 1692 5823 »

1801 4800 2021 4856 bolum.
2039 4802 2184 4856 Nam
2208 4802 2314 4856 sia
2338 4800 2568 4855 diabolo
2594 4800 2665 4854 ad
2687 4801 2891 4867 Deum,
2915 4800 3060 4855 bene
3077 4800 3442 4855 seducerent.

1800 4889 1968 4957 Vere,
2021 4889 2212 4944 malus
2262 4890 2436 4944 homo
2476 4890 2549 4945 de
2600 4888 2753 4945 malo
2804 4889 3076 4945 theseuro
3121 4887 3313 4944 cordis
3356 4887 3448 4945 sui

1801 4980 2019 5050 profert
2044 4977 2198 5032 mala
2216 4979 2364 5047 (Luc.
2395 4994 2469 5041 vr,
2494 4978 2602 5049 45).
2638 4978 2786 5032 Nam
2809 4978 2947 5050 quid
2966 4976 3125 5033 aliud
3155 4976 3292 5033 inde
3315 4993 3451 5050 pro-

1802 5070 1949 5123 ferre
1990 5068 2220 5139 poterit,
2255 5067 2360 5121 nisi
2393 5067 2547 5138 quod
2580 5066 3046 5123 thesaurizavit?
3079 5069 3141 5123 In
3181 5066 3331 5123 tales
3362 5067 3450 5122 in-

1800 5156 2559 5213 vebiturDominusdicens:
2585 5177 2605 5201 «
2624 5155 3455 5229 Geniminaviperarum,quo-

1802 5248 1973 5302 modo
2018 5246 2262 5317 potestis
2304 5246 2454 5299 bona
2471 5245 2650 5315 loqui,
2669 5262 2803 5300 cum
2827 5245 2962 5300 sitis
2982 5244 3170 5301 mali?
3191 5249 3291 5299 aut
3310 5246 3453 5299 face-

1809 5354 1866 5390 re
1896 5334 2109 5405 [facite]
2143 5334 2404 5389 arborem
2442 5332 2657 5387 malum
2690 5337 2745 5388 et
2768 5334 3023 5388 fructum
3044 5335 3174 5403 ejus
3198 5330 3451 5386 malum?

1806 5423 2028 5493 (Matth.
2063 5440 2163 5485 xu,
2195 5424 2282 5487 33,
2317 5423 2427 5491 3i).
2462 5445 2488 5470 ‹‹
2528 5423 2585 5475 lu
2610 5422 2826 5492 quibus
2856 5422 3113 5477 veritatis
3133 5420 3322 5475 verbis
3351 5436 3448 5473 ar-

1805 5515 2067 5581 guuntur
2095 5511 2414 5565 deteriores
2448 5509 2619 5564 malis
2658 5510 2985 5576 arboribus,
3014 5508 3114 5580 qui
3149 5509 3270 5563 istae
3303 5523 3445 5579 qua-

1803 5598 1884 5652 les
1915 5597 2023 5651 sibi
2046 5603 2193 5651 sunt
2225 5599 2281 5652 in
2316 5598 2507 5652 radice
2540 5597 2681 5652 tales
2714 5615 2774 5653 se
2804 5596 3077 5652 exhibent
3106 5595 3449 5651 hominibus

1804 5686 1860 5741 in
1893 5702 2120 5754 sapore,
2154 5687 2241 5740 illi
2267 5693 2483 5753 autem,
2509 5702 2641 5741 cum
2673 5686 2809 5740 mali
2829 5685 2948 5740 sint
2978 5684 3034 5737 in
3069 5686 3263 5753 corde,
3300 5685 3450 5739 bona

1802 5779 1990 5830 tamen
2055 5775 2235 5830 verbo
2285 5779 2456 5830 tenus
2496 5779 2858 5846 praesumunt
2901 5773 2961 5828 in
2995 5788 3113 5828 ore.
3168 5774 3239 5828 Et
3269 5786 3444 5845 quam
