3876 6440
415 479 570 548 1075

1437 475 1865 550 ’ΠΠΜΒΕΗΤῙ
1909 485 1972 548 S.
2021 483 2094 547 Β.
2139 483 2208 548 E.
2257 483 2743 552 CARDINALIS.

3723 471 3838 545 1076

410 633 794 691 congrue,per
815 617 1045 676 arbores
1067 616 1269 685 malas,
1291 636 1414 690 quze
1429 619 1628 676 vivunt
1647 618 1904 690 quidem,
1929 635 2034 674 nec
2064 617 2120 684 Α
2147 619 2441 675 saerviunt.
2465 621 2546 676 De
2575 622 2790 694 quibus
2819 619 3140 678 Psalmista
3167 619 3330 677 dicit
3367 635 3384 676 :
3415 641 3450 670 «
3491 615 3644 674 Filii
3679 617 3836 674 homi-

412 711 606 762 tamen
639 708 912 775 sentiunt,
947 708 1308 779 accipiuntur
1337 707 1566 778 pagani,
1599 708 1696 778 qui
1741 708 2042 778 perﬁdiam

411 795 951 866 idololatrize,quam
984 797 1196 850 habent
1233 796 1288 850 in
1312 798 1501 861 corde,
1535 797 1806 852 exhibent
1833 797 1892 850 in
1925 813 2042 852 ore.

412 886 517 940 Per
535 886 832 956 genimina
856 889 1046 939 autem
1069 885 1416 955 viperarum,
1443 903 1566 956 quae
1598 885 1800 939 vivunt
1830 889 1884 939 et
1917 901 2042 938 sen-

409 975 582 1039 tiunt,
616 991 718 1029 nec
747 979 940 1028 tamen
974 973 1334 1038 discernunt,
1369 974 1650 1028 increduli
1692 977 1746 1028 et
1786 973 2038 1042 perversi

410 1063 786 1134 haeretici,qui
814 1062 1111 1132 perﬁdiam
1129 1063 1362 1133 quidem
1377 1063 1630 1117 retinent
1646 1062 1822 1116 simul
1836 1061 1894 1115 in
1914 1077 2042 1132 ope-

410 1169 503 1220 re;
537 1151 636 1206 sed
664 1151 722 1206 in
751 1169 846 1206 ore
866 1156 1194 1206 monstrant
1220 1151 1510 1214 interdum
1529 1168 1588 1206 se
1612 1167 1840 1222 quoque
1871 1150 2039 1221 quid-

408 1241 541 1294 dam
572 1241 708 1295 recti
741 1240 973 1295 sentire.
1007 1241 1168 1305 Quod
1200 1240 1337 1310 quia
1367 1257 1479 1294 non
1512 1239 1869 1303 discernunt,
1925 1237 2036 1292 sibi

406 1333 462 1385 et
492 1330 695 1384 multis
728 1330 971 1400 pejores,
1007 1333 1063 1383 et
1096 1329 1536 1399 perniciosiores
1585 1329 1826 1400 paganis
1878 1330 2036 1396 sunt,

407 1418 504 1489 qui
528 1418 672 1472 nihil
701 1419 828 1471 ﬁdei
853 1417 1190 1472 Christiana:
1213 1418 1490 1480 sentiunt,
1517 1417 1666 1472 sicut
1687 1418 1912 1487 viperae,
1933 1433 2033 1470 no-

407 1507 688 1562 centiores
709 1505 864 1560 mala
883 1506 1084 1560 arbore
1106 1506 1361 1559 existunt
1381 1505 1920 1576 quantum,scilicct
1941 1521 2034 1559 ve-

407 1612 578 1663 nena,
613 1595 683 1650 ab
715 1611 910 1648 amaro
939 1593 1026 1648 vel
1058 1594 1224 1648 noxio
1255 1611 1424 1665 pomo
1458 1594 1750 1648 differunt.
1785 1595 1852 1648 Et
1875 1592 2030 1662 vipe-

407 1701 483 1738 rae
514 1683 770 1754 quidem,
804 1683 852 1738 si
885 1699 998 1736 non
1029 1682 1383 1753 impetantur
1415 1682 1498 1736 vel
1531 1681 1831 1746 laedantur,
1884 1680 2034 1736 ultro

407 1772 700 1843 impetunt
748 1774 950 1825 caetera
1009 1770 1303 1836 animalia,
1348 1775 1403 1824 et
1434 1769 1774 1824 naturaliter
1820 1769 2038 1824 laedunt

409 1860 560 1915 Mala
585 1863 775 1915 autem
809 1859 997 1922 arbor,
1033 1875 1136 1913 nec
1156 1858 1475 1929 quemlibet
1507 1859 1694 1912 fructu
1726 1859 2032 1929 suoimpe-

406 1949 495 2014 tit,
537 1965 642 2004 nec
689 1947 1025 2018 quemlibet,
1077 1947 1126 2000 si
1157 1964 1268 2002 non
1302 1947 1634 2018 impetatur,
1684 1947 1857 2001 laedit.
1891 1947 2032 2003 Cum
2067 1977 2112 2041 B

405 2053 539 2109 ergo
567 2041 794 2092 tantum
822 2036 1048 2108 viperas,
1083 2053 1227 2107 quas
1245 2035 1549 2100 hereticos,
1583 2039 1639 2090 et
1670 2035 1834 2089 malae
1865 2037 2037 2091 arbo-

407 2142 516 2192 res,
551 2142 696 2197 quas
724 2140 982 2196 paganos
1015 2125 1417 2194 prmﬁgurasse
1459 2122 1680 2178 dictum
1725 2129 1829 2189 est,
1873 2125 2036 2180 diffe-

406 2217 555 2280 rant,
607 2215 738 2282 quis
765 2213 951 2284 magis
1001 2230 1033 2267 a
1082 2211 1381 2267 catholicis
1419 2212 1749 2267 tolerandos
1780 2229 2036 2286 paganos

407 2319 582 2374 quam
613 2302 910 2376 hzereticos
933 2299 1189 2354 dubitat?
1211 2299 1508 2371 Siquidem
1533 2301 1762 2372 pagani,
1796 2301 1906 2356 nisi
1938 2319 2035 2358 eos

406 2389 680 2453 lacessas,
713 2406 826 2444 non
851 2392 904 2443 te
923 2388 1238 2454 lacessunt;
1261 2393 1318 2442 et
1345 2388 1675 2456 lacessiti,si
1707 2389 2033 2462 praevalent,

407 2477 928 2532 damnaexterioris
950 2477 1287 2532 substantiae
1304 2480 1358 2531 et
1375 2481 1542 2531 contu
1555 2477 1754 2533 melias
1767 2478 2037 2551 infligunt

408 2569 652 2622 mortem
673 2582 805 2620 vero
829 2565 1050 2636 corpori
1073 2569 1298 2620 tantum
1319 2565 1409 2620 vix
1422 2566 1732 2637 aliquando
1759 2567 2031 2622 inferunt.

405 2651 576 2709 Porro
590 2654 836 2708 haeretici
861 2659 1214 2726 przesumpta
1235 2654 1343 2708 sibi
1369 2655 1556 2724 specie
1579 2655 1885 2710 Christiani
1905 2673 2034 2710 sen-

407 2757 506 2798 sus
538 2747 594 2798 et
625 2743 860 2814 praelata
885 2743 1038 2797 ultro
1069 2747 1122 2797 te
1153 2743 1468 2808 lacessunt,
1503 2744 1729 2798 etiamsi
1766 2743 2034 2814 quiescas

405 2834 461 2886 et
475 2830 668 2895 sileas,
684 2835 740 2884 et
757 2834 985 2886 tantum
1002 2830 1208 2885 animae
1228 2834 1474 2885 mortem
1494 2831 1862 2901 pertinaciter
1878 2849 2032 2904 qua:-

403 2923 617 2982 rentes,
650 2919 864 2974 damna
889 2919 1170 2974 exteriora
1189 2922 1244 2973 et
1273 2923 1516 2973 mortem
1540 2919 1796 2990 corporis
1825 2921 2036 2976 inferre

404 3005 570 3061 nihili
617 3007 856 3070 ducunt,
907 3006 1171 3077 quamvis
1213 3007 1386 3060 etiam
1417 3007 1538 3061 haec
1586 3024 2032 3078 nonnunquam,

406 3095 456 3150 si
489 3094 816 3165 prmvalent,
839 3095 1086 3149 inferant
1107 3098 1439 3149 constanter
1458 3095 1568 3149 sibi
1601 3095 2029 3152 resistentibus.

409 3183 470 3236 In
529 3199 644 3254 quo
697 3183 845 3237 facto
907 3182 1257 3237 omnimodis
1316 3182 1537 3238 similes
1614 3189 1750 3238 sunt
1805 3169 2034 3240 diabolo

407 3272 527 3342 qui,
571 3275 799 3326 tantum
849 3270 1174 3325 animarum
1224 3277 1468 3327 mortem
1514 3271 1738 3338 sitiens,
1789 3289 1904 3326 non
1943 3290 2036 3327 cu-

2154 725 2318 778 num,
2347 709 2549 764 dentes
2577 727 2773 764 eorum
2795 711 2972 765 "arma
3003 715 3062 766 et
3087 710 3352 784 sagittae,
3392 708 3642 781 lingua
3671 724 3833 763 eum:

2154 795 2383 867 gladius
2431 803 2635 852 acutus
2679 799 2848 865 (Psal.
2887 816 2992 864 LVI,
3024 800 3101 870 5).
3139 819 3161 848 ι
3203 801 3353 864 Quae
3417 797 3662 868 lingua
3691 813 3836 868 quau-

2153 887 2278 938 tum
2309 884 2540 939 incauto
2575 885 2880 956 praevaleat
2911 887 3123 942 beatus
3154 887 3272 942 Job
3320 885 3740 948 manifestat,
3779 887 3836 940 di.

2151 987 2286 1026 cens
2321 990 2333 1027 :
2371 995 2390 1021 α
2417 973 2648 1028 Occidet
2677 991 2810 1029 eum
2849 974 3055 1046 lingua
3085 975 3310 1046 viperae
3343 977 3522 1044 (Job.
3563 991 3673 1038 xx,
3711 976 3799 1042 ΜΞ.
3831 1003 3834 1014 =

2149 1061 2326 1129 Cujus
2358 1065 2568 1116 natura
2595 1066 2714 1116 tam
2747 1062 3162 1117 abominabilis
3211 1067 3311 1117 est
3363 1062 3758 1117 hominibus
3783 1069 3834 1118 ut.

2149 1165 2282 1203 cum
2313 1147 2473 1203 nullo
2505 1151 2575 1205 ab
2605 1151 2689 1205 eis
2719 1151 3113 1222 experimento
3149 1151 3421 1216 sciatur,
3461 1151 3579 1206 vix
3605 1151 3740 1206 sine
3765 1169 3832 1206 aa-

2148 1241 2441 1292 reamento
2462 1238 2548 1308 [f.,
2571 1238 2828 1309 horrore]
2853 1238 3034 1294 animi
3059 1239 3376 1304 audiatur,
3421 1255 3588 1294 cum
3615 1240 3764 1295 forte
3785 1257 3836 1294 re

2145 1324 2343 1380 fertur.
2379 1325 2614 1380 Utenim
2647 1325 2970 1398 physiologi
2989 1331 3288 1394 asserunt,
3335 1327 3586 1399 vipera
3619 1345 3834 1400 concep-

2143 1415 2276 1465 tura
2305 1417 2501 1483 aperto
2531 1430 2628 1468 ore
2655 1430 2987 1484 comparem
3023 1431 3198 1469 suum
3227 1415 3510 1487 expetit,
3565 1419 3752 1487 cujus
3778 1421 3834 1472 or;

2145 1505 2317 1570 caput
2345 1500 2442 1556 ille
2472 1502 2677 1556 insano
2709 1519 2905 1558 amore
2937 1503 3166 1571 inserit,
3201 1505 3378 1574 quod
3407 1502 3534 1560 illa
3569 1505 3833 1561 insanior;

2145 1589 2437 1644 mordicus
2461 1593 2794 1645 truncatum
2825 1591 3100 1664 deglutit;
3130 1607 3262 1662 quas
3291 1607 3373 1647 ex
3409 1595 3745 1665 comparis
3773 1595 3835 1649 sui

2145 1683 2330 1732 morte
2351 1679 2540 1734 taliter
2557 1683 2786 1750 peracto
2802 1695 2934 1734 mox
2947 1679 3448 1752 concipiens,ubi
3477 1683 3728 1738 maturi
3745 1701 3836 1755 par-

2142 1770 2238 1821 tus
2269 1771 2501 1838 tempus
2521 1767 2812 1836 habuerit,
2845 1783 2878 1822 a
2901 1766 3042 1822 ﬁliis
3067 1767 3124 1821 in
3148 1771 3356 1822 ortum
3397 1770 3834 1826 festinantibus

2143 1854 2340 1909 infelix
2371 1859 2555 1910 mater
2585 1871 2819 1911 corrosa
2848 1855 3045 1920 costis,
3083 1856 3444 1927 perimitur,
3477 1859 3650 1930 quia
3681 1861 3734 1915 ei
3765 1878 3836 1914 na-

2143 1947 2276 1998 tura
2295 1945 2522 2015 negavit
2541 1961 2882 1999 communes
2904 1945 3184 2000 omnibus
3202 1945 3632 2017 concipiendi
3647 1953 3708 2004 et
3733 1967 3837 2021 par-

2145 2032 2394 2087 turiendi
2427 2033 2681 2086 effectus.
2717 2033 2810 2087 Sic
2852 2033 3120 2103 pessima:
3159 2033 3528 2090 bestiarum
3587 2045 3838 2108 pereunt.

2147 2138 2272 2176 mas
2303 2120 2569 2175 videlicet
2599 2121 2739 2175 dum
2771 2120 2905 2188 coit,
2941 2120 3159 2176 femina
3179 2122 3332 2176 dum
3373 2125 3562 2194 parit
3589 2143 3604 2193 ;
3645 2131 3711 2181 et
3741 2145 3838 2182 mas

2146 2211 2380 2281 quidem
2430 2227 2464 2264 a
2494 2209 2729 2278 femina,
2767 2210 2984 2264 femina
3027 2213 3228 2265 autem
3265 2227 3302 2264 a
3335 2211 3528 2275 ﬁliis,
3569 2213 3714 2286 lege
3767 2234 3840 2287 pa-

2147 2303 2376 2353 rentum
2407 2315 2522 2352 non
2553 2299 2738 2352 multo
2765 2303 2896 2369 post
2919 2298 3215 2369 perituris.
3251 2301 3438 2364 Quod
3479 2302 3754 2375 physice
3775 2306 3838 2358 di-

2145 2391 2324 2454 ctum,
2375 2387 2423 2441 si
2453 2387 2642 2458 typice
2674 2387 2846 2441 fuerit
2875 2387 3234 2456 discussum,
3285 2409 3318 2438 ‹‹
3364 2388 3554 2444 Nihil
3595 2393 3764 2447 enim
3793 2395 3836 2446 ii:

2145 2476 2202 2529 in
2239 2481 2392 2530 terra
2443 2475 2568 2530 sine
2615 2491 2790 2531 causa
2821 2475 2954 2546 (Job.
2987 2493 3042 2542 v,
3073 2475 3152 2546 6),
3189 2497 3218 2524 ››
3265 2479 3586 2548 congruit
3623 2479 3744 2536 hoc
3771 2481 3838 2534 ni-

2147 2564 2361 2618 mirum
2393 2564 2597 2618 animze
2627 2563 2819 2634 pravis
2849 2563 2974 2618 suis
3023 2563 3596 2634 concupiscentiis,
3631 2573 3696 2623 et
3735 2586 3838 2624 car-

2146 2652 2237 2707 nis
2268 2651 2598 2717 stimulatm,
2631 2668 2696 2706 ac
2718 2667 2821 2722 per
2849 2651 2958 2706 hoc
2990 2651 3270 2706 fornicari
3305 2669 3342 2706 a
3379 2653 3548 2720 Deo,
3587 2655 3838 2729 legitime

2145 2742 2270 2811 ejus
2293 2741 2537 2811 Sponso,
2563 2740 2812 2810 cupidae;
2837 2739 2952 2804 cui,
2971 2739 3128 2795 velut
3148 2739 3398 2811 viperae,
3415 2759 3698 2816 compar
3717 2765 3840 2802 suus

2145 2827 2412 2896 occurrit,
2439 2827 2701 2882 diabolus
2731 2825 2953 2882 scilicet
2983 2826 3084 2898 qui
3105 2827 3338 2882 ratione
3373 2830 3590 2886 simul
3625 2837 3690 2888 et
3717 2851 3840 2906 apo—

2145 2916 2326 2972 stasia
2347 2915 2518 2985 prior,
2543 2915 2699 2970 velut
2719 2915 2968 2982 adulter,
2983 2916 3508 2986 concupiscentia:
3535 2921 3714 2978 illius
3729 2928 3838 2977 tan-

2146 3021 2320 3076 quam
2351 3005 2436 3058 ori
2457 3008 2648 3075 caput,
2679 3004 2738 3058 id
2759 3007 2848 3060 est
2877 3004 3325 3076 suggestionem
3349 3006 3450 3062 vel
3493 3012 3836 3066 suasionem

2145 3110 2313 3148 suam
2343 3093 2573 3160 inserit;
2607 3109 2783 3163 quam
2815 3093 3033 3148 misera
3071 3093 3296 3160 anima,
3345 3111 3565 3168 supra
3603 3101 3836 3157 modum

2146 3180 2451 3248 oblectata,
2486 3182 2557 3236 ab
2589 3179 2688 3235 illo
2718 3181 2890 3248 tollit,
2925 3185 2983 3236 et
3009 3181 3068 3235 in
3091 3183 3342 3238 secretis
3377 3185 3527 3242 suis
3553 3189 3836 3244 recondit.

2145 3271 2222 3324 Ex
2269 3287 2387 3341 qua
2417 3286 2550 3324 mox
2595 3269 2927 3340 concipiens
2957 3269 3248 3340 paulatim
3290 3275 3352 3326 et
3387 3275 3642 3331 sensim
3695 3277 3838 3332 intra

405 3340 511 3428 rat,
565 3361 717 3417 sicut
766 3365 818 3415 Β.
872 3359 1180 3431 Gregorius
1229 3362 1415 3427 docet,
1475 3365 1538 3415 ut
1583 3365 1810 3416 terrena
1849 3361 2032 3431 tollat,
2067 3340 2108 3406 Ο
2147 3375 2208 3413 se
2241 3340 2539 3429 pravitatis
2563 3358 2786 3413 semina
2819 3359 2987 3430 ﬁngit
3006 3363 3062 3413 et
3085 3359 3292 3425 nutrit,
3323 3377 3468 3432 quas
3505 3368 3836 3426 maturata.

401 3450 498 3504 sed
533 3453 597 3504 ut
617 3449 958 3504 charitatem
982 3449 1038 3504 in
1082 3449 1248 3503 nobis
1281 3449 1464 3517 feriat,
1489 3450 1658 3518 cujus
1683 3449 2032 3504 fundamen-

401 3541 526 3592 tum
559 3539 700 3592 ﬁdes
727 3536 1152 3607 exstat.Pagani
1181 3539 1375 3591 autem
1407 3536 1616 3591 irritati
1647 3537 1704 3590 in
1737 3554 1844 3591 sua
1874 3539 2032 3592 sazvi-

398 3625 481 3679 tia
509 3625 728 3680 similes
759 3629 896 3679 sunt
942 3625 1167 3690 bestiis,
1202 3639 1326 3695 quae
1360 3639 1421 3678 se
1456 3622 1809 3678 irritantium
1841 3630 2030 3682 vestes

395 3713 752 3776 discindunt,
786 3716 842 3766 et
861 3711 1172 3783 aliquando
1203 3712 1261 3765 in
1293 3728 1390 3765 eos
1422 3727 1607 3782 usque
1658 3713 1728 3766 ad
1779 3717 2027 3768 mortem

394 3801 585 3857 carnis
634 3801 896 3856 saeviunt.
942 3800 1046 3863 Qui
1083 3799 1337 3870 profecto
1385 3803 1548 3854 tanto
1596 3799 1830 3855 fuerunt
1859 3801 2028 3858 bonis

389 3887 830 3952 tolerabiliores,
863 3886 1234 3957 haereticique
1267 3886 1771 3954 intolerabiliores,
1806 3895 2023 3959 quanto

389 3977 584 4031 bestiae
615 3976 1128 4047 deprehenduntur
1165 3974 1505 4030 crudelitate
1546 3975 1903 4033 dzemonibus
1935 3979 2022 4034 in-

389 4063 645 4129 feriores,
679 4078 928 4134 quarum
959 4059 1270 4115 crudelitas
1301 4063 1509 4115 natura
1555 4065 1660 4130 est,
1709 4077 1840 4118 cum
1881 4064 2019 4120 isto-

389 4167 518 4204 rum
551 4150 626 4205 sit
653 4150 879 4204 vitium.

1007 4238 1232 4293 CAPUT
1271 4239 1389 4293 XII.

386 4328 540 4398 Quod
562 4328 689 4400 plus
718 4343 880 4399 quam
912 4329 1109 4394 viperae
1149 4327 1372 4382 cavendi
1411 4331 1537 4382 sunt
1568 4326 1847 4389 haeretici;
1871 4332 1922 4383 et
1952 4329 2016 4384 de

859 4407 1060 4454 natura
1085 4408 1136 4454 et
1167 4403 1291 4470 typo
1320 4415 1527 4454 earum.

455 4507 614 4562 Unde
653 4506 702 4561 si
736 4505 1041 4561 horremus
1077 4505 1304 4576 viperas
1335 4493 1490 4576 quae,
1537 4507 1755 4559 natura:
1789 4503 2016 4576 legibus

383 4596 590 4662 ductas,
623 4593 702 4648 nil
733 4595 950 4666 peccati
973 4611 1038 4648 ex
1064 4611 1169 4649 sua
1191 4593 1414 4648 feritate
1435 4593 1804 4661 contrahunt,
1830 4611 2012 4665 quan-

2143 3447 2417 3518 quoniam
2465 3447 2734 3518 impensa
2785 3451 2978 3502 mente
3033 3447 3340 3503 naturales
3379 3455 3446 3506 et
3499 3457 3694 3525 aptos
3721 3457 3836 3510 suis

2140 3535 2444 3590 conatibus
2475 3539 2702 3590 meatus
2733 3535 2816 3590 vel
2849 3535 3044 3590 exitus
3089 3551 3208 3591 non
3241 3536 3590 3596 inveniunt
3625 3547 3836 3615 (neque

2139 3625 2293 3680 enim
2348 3627 2550 3679 natura
2597 3628 2686 3679 est
2731 3623 2940 3678 animae
2986 3623 3076 3680 vel
3127 3624 3346 3696 angeli,
3405 3631 3482 3682 ut
3543 3631 3836 3687 vitiorum

2137 3729 2311 3784 opera
2334 3713 2620 3785 gignant),
2655 3712 2931 3767 miseram
2965 3716 3216 3767 matrem
3249 3729 3454 3778 suam,
3479 3717 3552 3772 id
3585 3727 3682 3775 est
3717 3721 3836 3776 ani-

2136 3818 2314 3864 mam,
2347 3801 2638 3856 occidunt.
2671 3801 2816 3855 Nam
2863 3802 3005 3856 dum
3055 3801 3187 3871 ejus
3233 3805 3534 3859 naturam
3591 3809 3836 3864 obstare

2134 3906 2251 3944 sua:
2302 3887 2584 3943 nativitati
2629 3889 2910 3952 sentiunt,
2953 3887 3012 3942 in
3063 3893 3296 3944 tantum
3347 3891 3720 3950 efferantur
3783 3903 3838 3951 ut

2131 3977 2380 4033 corrosis
2409 3975 2684 4031 vitalibus
2717 3981 2774 4032 et
2803 3977 3004 4046 costis,
3037 3977 3308 4032 videlicet
3339 3977 3839 4041 immortalitate

2130 4069 2187 4121 et
2234 4067 2438 4120 robore
2467 4064 2645 4124 illius.
2680 4082 2813 4120 cum
2864 4082 3101 4121 summo
3133 4065 3337 4120 matris
3390 4083 3538 4123 suae
3577 4071 3838 4129 interitu

2128 4155 2396 4209 effectum
2414 4171 2587 4209 suum
2610 4153 2842 4226 capiant
2857 4157 2913 4209 et
2937 4155 3094 4210 foras
3114 4159 3458 4226 erumpant.
3497 4157 3612 4214 Sic
3639 4183 3674 4210 ‹‹
3701 4181 3838 4234 pec.

2127 4247 2322 4297 catum
2353 4259 2486 4297 cum
2517 4247 2997 4297 consummatum
3029 4242 3227 4310 fuerit,
3261 4249 3526 4314 generat
3562 4255 3836 4307 mortem

2126 4329 2257 4401 (Jac.
2285 4349 2323 4394 1,
2358 4331 2464 4401 l5).
2499 4353 2526 4379 »
2561 4361 2628 4372 --
2659 4353 2687 4380 ‹‹
2717 4329 2930 4384 Anima
2959 4330 3119 4386 enim
3143 4347 3273 4402 qua:
3295 4337 3670 4402 peccaverit
3703 4339 3837 4413 ipsa

2126 4419 2408 4473 morietur
2457 4420 2668 4490 (Ezech.
2719 4435 2877 4486 xvm,
2913 4419 2988 4490 4).
3025 4443 3046 4471 ι
3095 4419 3208 4475 Sed
3254 4419 3467 4475 anima
3519 4428 3836 4484 morietur

2123 4506 2518 4578 parturiendo,
2533 4507 2798 4562 adulator
2815 4506 2997 4572 illius,
3023 4507 3080 4562 id
3101 4511 3191 4562 est
3206 4507 3494 4564 diabolus
3509 4519 3834 4580 coeundo,

2121 4611 2296 4666 prava
2325 4595 2527 4667 utique
2560 4595 2882 4664 suadendo,
2913 4597 3101 4667 ipsius
3141 4595 3300 4650 enim
3333 4595 3580 4654 diaboli
3643 4615 3834 4678 caput

379 4690 438 4739 to
467 4683 813 4739 abhorrendi
846 4686 982 4738 sunt
1037 4681 1286 4737 haeretici
1327 4682 1448 4752 qui,
1499 4681 1620 4736 solo
1653 4683 1850 4736 afflatu
1899 4683 2012 4736 daa-
2045 4701 2089 4765 D
2121 4683 2316 4738 suasio
2345 4685 2472 4754 ejus
2503 4687 2617 4752 est;
2653 4701 2778 4754 quas
2809 4684 2860 4739 si
2885 4684 3191 4756 recipitur,
3215 4683 3416 4741 omnis
3453 4695 3718 4758 peccati
3745 4712 3834 4751 se-

379 4789 621 4828 monum
671 4771 932 4844 impulsi,
965 4771 1248 4843 quidquid
1290 4769 1560 4825 vitiorum
1603 4775 1659 4825 et
1705 4771 2010 4836 scelerum,

379 4860 784 4929 ubiquejacet,
809 4860 1184 4914 irreverenter
1206 4863 1404 4931 agunt.
1431 4861 1585 4924 Quos
1617 4875 1730 4913 non
1759 4859 2010 4915 absurde

379 4946 662 5002 Chaldeos
684 4946 1282 5018 captivantes,scilicet
1297 4947 1382 5002 vel
1401 4947 1566 5018 quasi
1589 4947 1900 5012 daemones,
1925 4964 2012 5002 ac-

379 5034 650 5106 cipimus,
681 5035 818 5105 quia
841 5037 1105 5106 quamvis
1128 5039 1335 5090 natura
1353 5035 1620 5090 homines
1643 5035 1777 5100 sint,
1811 5039 2007 5092 tamen

381 5123 723 5193 captivando
739 5121 936 5178 ﬁdeles
959 5122 1224 5196 populos,
1247 5123 1384 5176 vitio
1405 5139 1510 5176 suo
1533 5123 1822 5178 daemones
1845 5129 2002 5192 sunt,

377 5216 539 5267 tanto
569 5210 770 5282 utique
813 5211 1117 5266 sollicitius
1147 5211 1386 5265 cavendi
1423 5211 1654 5279 quando
1689 5211 2008 5267 bestiarum

379 5299 884 5370 nequissimi,non
919 5299 1106 5354 solum
1139 5298 1411 5352 dentibus
1443 5296 1674 5364 laedunt,
1710 5299 1829 5364 sed,
1859 5301 2013 5371 quod

379 5388 772 5442 miserabilius
791 5387 1098 5458 est,liugua
1115 5401 1345 5456 quoque
1361 5385 1694 5441 innumeras
1707 5387 2012 5443 hominum

379 5481 636 5530 catervas
657 5476 972 5545 perimunt,
994 5491 1122 5529 cum
1151 5473 1382 5543 reliquae
1405 5473 1600 5527 bestiae
1622 5475 1891 5531 dentibus
1913 5493 2012 5531 so-

383 5559 701 5626 lummodo,
716 5563 1011 5624 cornibus,
1031 5565 1130 5614 aut
1145 5561 1386 5630 pedibus
1401 5560 1508 5614 sibi
1525 5562 1748 5630 objecta
1771 5564 2007 5634 impete-

383 5659 441 5699 re
465 5645 702 5710 soleant,
725 5665 848 5717 quae
870 5652 1029 5702 tanto
1053 5647 1248 5701 minus
1268 5647 1641 5702 formidanda:
1663 5655 1801 5704 sunt
1822 5668 2004 5720 quan-

380 5733 440 5783 to
472 5732 721 5788 exterius
753 5737 841 5788 est
871 5735 1022 5803 quod
1055 5739 1340 5804 quaerunt,
1371 5741 1701 5805 quantoque
1751 5735 2006 5806 apertius

2122 4771 2438 4826 minarium
2471 4777 2528 4827 et
2557 4771 2787 4827 initium
2812 4772 3091 4828 efﬁcitur.

2191 4861 2257 4914 Et
2287 4877 2358 4915 ne
2385 4865 2546 4932 putet
2565 4861 2880 4932 quisquam
2910 4878 2971 4916 se
3004 4859 3385 4934 Suggerendo
3425 4865 3610 4922 mala
3645 4887 3832 4943 posse.

2121 4964 2230 5002 non
2271 4947 2760 5020 morii,intelligat
2791 4950 2986 5019 ipsum
3033 4949 3362 5016 diabolum,
3409 4953 3830 5024 spiritualem

2119 5035 2338 5092 scilicet
2367 5037 2644 5108 viperam,
2679 5037 2850 5092 toties
2882 5039 3028 5092 mori
3065 5039 3300 5109 quoties
3331 5039 3506 5097 mala
3539 5043 3832 5106 homini-

2118 5125 2226 5181 bus
2249 5125 2524 5197 suggerit.
2541 5125 2668 5193 Qui,
2691 5125 2966 5196 quoniam
2991 5126 3350 5182 immortalis
3367 5133 3465 5184 est
3489 5137 3830 5208 conditus,

2117 5211 2252 5268 licet
2282 5229 2511 5284 semper
2539 5213 2706 5279 vivat,
2731 5230 2963 5286 semper
2987 5220 3187 5271 tamen
3212 5216 3541 5286 morietur,
3579 5229 3732 5282 tum
3767 5247 3830 5285 ex

2121 5317 2228 5356 suo
2279 5307 2510 5373 peccato
2558 5304 2708 5373 quod
2743 5303 2814 5358 ab
2846 5303 3014 5359 initio
3057 5303 3331 5372 incurrit,
3367 5310 3514 5364 tum
3554 5328 3642 5368 ex
3677 5333 3828 5390 sug-

2121 5391 2379 5460 gestione
2411 5389 2686 5461 maligna,
2724 5407 2841 5462 qua
2863 5391 3092 5447 animas
3117 5393 3305 5464 perire
3325 5409 3592 5467 semper
3629 5389 3824 5477 cupit.

2121 5477 2366 5532 Moritur
2395 5493 2530 5549 ergo
2565 5479 2692 5533 sine
2723 5479 3178 5549 intermissione,
3215 5497 3322 5535 nec
3353 5485 3676 5558 moritur,
3725 5495 3822 5566 qui

2117 5566 2351 5635 quidem
2399 5566 2529 5636 ipsa
2558 5566 2674 5620 vita
2704 5585 2813 5622 sua
2841 5567 3159 5638 aliquando
3193 5569 3439 5640 penitus
3501 5591 3644 5635 non
3713 5585 3822 5655 pri-

2113 5658 2301 5719 vatur,
2349 5658 2406 5708 et
2447 5659 2639 5710 tamen
2689 5656 2815 5712 sine
2849 5657 3286 5713 intermissione
3334 5662 3703 5726 tormentis
3737 5673 3820 5727 in-

2110 5740 2420 5810 geminatis
2464 5747 2518 5796 et
2580 5743 2866 5800 renovatis
2914 5749 3176 5816 urgetur.
3237 5745 3344 5802 Cui
3399 5747 3530 5808 hoc
3599 5761 3808 5818 solum
