3876 6340
151 472 307 540 10⁵17

709 481 1124 549 ADVERSUS
1167 480 1634 549 SIMONIACOS
1679 478 1890 545 LIBRI
1934 479 2248 545 'I‘HES.-
2268 481 2505 548 LIBER
2547 480 2982 549 SECUNDUS.

3387 422 3545 543 io-is

145 608 251 667 illa
282 628 389 668 sua
417 609 534 667 vita
566 612 905 686 largitur,ne
935 633 1163 688 semper
1192 618 1446 673 moriens
1469 616 1784 690 aliquando
1814 613 1871 679 Α
1903 617 2275 688 pr0ponendo
2315 617 2583 689 cupitum
2635 632 2972 683 nummum,
3017 613 3205 670 aufert
3249 611 3301 669 ei
3350 611 3550 681 ﬁdem,

147 701 452 767 moriatur,
487 707 543 757 et
572 702 656 757 vel
692 704 774 757 sic
806 705 876 758 ab
909 706 1366 761 accrescentibus
1398 706 1507 761 sibi
1559 705 1783 777 suppli-

145 789 252 844 ciis
284 790 588 861 eripiatur.
646 791 775 861 Ipse
825 792 979 846 enim
1031 792 1323 848 homicida
1367 799 1454 849 est
1500 795 1571 848 ab
1621 794 1786 848 initio

142 878 320 949 (Joan.
356 897 477 947 vin,
510 874 1203 951 “)Primum'siquidem
1236 881 1529 936 hominem
1556 881 1787 947 occidit,

144 972 201 1021 et
232 968 509 1037 deinceps
543 973 830 1039 quotquot
863 969 1047 1039 potuit
1076 974 1129 1022 et
1162 970 1464 1039 poterit.Et
1496 988 1607 1023 non
1640 976 1793 1024 certe

148 1073 260 1110 non
287 1057 435 1111 ferro
466 1061 565 1110 aut
596 1074 812 1112 veneno
846 1062 943 1111 aut
974 1057 1231 1127 quolibet
1255 1057 1365 1111 alio
1404 1059 1559 1113 necis
1584 1058 1797 1111 instru-

148 1151 343 1200 mento
376 1150 639 1200 armatus
673 1146 1098 1217 protoplastum
1163 1146 1324 1201 adiit.
1376 1147 1621 1201 Pravum
1674 1164 1796 1201 ver-

151 1234 292 1288 bum
328 1236 635 1288 seminavit
666 1240 721 1289 et
752 1236 980 1290 occidit.
1014 1236 1386 1305 QuaprOpter
1431 1234 1629 1289 nullus
1662 1232 1801 1289 mali

154 1340 363 1377 suasor
392 1324 619 1378 dubitet
651 1341 710 1379 se
737 1323 1117 1389 homicidam,
1153 1323 1207 1377 in
1244 1341 1359 1394 quo
1392 1341 1460 1378 ne
1502 1328 1662 1395 putet
1692 1324 1803 1378 alio

157 1412 349 1466 occiso
383 1430 443 1467 se
469 1413 657 1467 adhuc
706 1413 913 1478 vivere,
966 1412 1295 1484 apostolum
1342 1413 1627 1467 Joannem
1685 1413 1805 1468 ani-

157 1502 479 1555 madvertat
531 1502 878 1556 dicentem:
940 1526 969 1550 ‹‹
1030 1502 1206 1556 Scitis
1261 1501 1538 1572 quoniam
1612 1502 1804 1556 omnis

159 1588 448 1644 homicida
480 1608 591 1644 non
616 1590 789 1645 habet
819 1590 994 1644 vitam
1023 1590 1077 1643 in
1114 1608 1173 1644 se
1209 1596 1537 1644 manentem
1573 1591 1617 1661 (I
1644 1594 1800 1645 Joan.

161 1694 244 1741 ιιι,
286 1680 385 1745 15).
424 1702 449 1725 ››
477 1679 661 1746 Quod,
696 1696 765 1733 ne
808 1680 1329 1749 tergiversaremur
1376 1684 1434 1733 et
1483 1696 1585 1750 pro
1637 1678 1803 1733 libitu

158 1768 505 1820 sententiam
557 1769 683 1835 ejus
734 1773 1111 1833 verteremus,
1163 1768 1443 1838 praemisit.
1494 1768 1801 1839 inquiens:

158 1877 186 1902 ‹‹
238 1853 343 1917 Qui
402 1855 524 1909 odit
574 1855 808 1910 fratrem
880 1874 1056 1910 suum
1117 1856 1413 1910 homicida
1471 1862 1557 1911 est
1608 1857 1807 1927 (ltuit).

1897 705 2115 760 scilicet
2145 706 2461 778 principale
2512 723 2708 772 suum,
2764 722 2870 761 nec
2913 710 3109 761 tamen
3143 702 3253 759 sibi
3302 704 3404 757 aut
3431 699 3555 757 cui-

1900 810 2074 864 quam
2102 795 2355 850 ablatam
2386 796 2563 850 fidem
2596 794 2878 866 possidet,
2912 794 3013 849 sed
3039 792 3224 848 solam
3248 790 3557 863 perﬁdiam

1901 900 2076 954 quam
2107 901 2327 940 veneno
2396 884 2611 939 diaboli
2658 884 2820 939 ebria
2862 882 3171 955 deglutivit
3201 883 3272 938 ad
3302 881 3557 936 semina-

1903 972 2055 1026 rium
2101 973 2191 1027 sui
2222 973 2493 1028 interitus
2542 977 2599 1028 et
2642 972 2915 1027 aliorum.
2949 972 3147 1042 Neque
3195 972 3352 1026 enim
3411 968 3555 1024 ﬁdes

1905 1061 2149 1130 perﬁdia
2181 1062 2300 1115 ﬁeri
2334 1066 2540 1132 potest,
2576 1063 2675 1116 sed
2708 1060 2884 1116 simul
2918 1077 2983 1115 ac
3032 1060 3277 1132 perﬁdia
3308 1058 3554 1125 accedit,

1909 1148 2052 1202 ﬁdes
2084 1150 2364 1214 abscedit,
2396 1156 2675 1222 tanquam
2708 1151 2777 1204 ab
2810 1166 2877 1205 ea
2929 1149 3019 1205 cui
3066 1148 3385 1220 aliquando
3436 1163 3554 1202 non

1909 1238 2324 1291 communicat.
2361 1240 2427 1293 Et
2457 1239 2607 1294 sicut
2636 1256 2871 1309 compar
2916 1238 3119 1309 viperae
3170 1236 3268 1292 ubi
3312 1237 3555 1291 detrun-

1911 1325 2166 1380 eandum
2198 1330 2373 1397 caput
2403 1328 2639 1391 addicit,
2663 1328 2788 1396 jam
2820 1344 2924 1381 nec
2955 1327 3063 1383 sibi
3096 1330 3269 1398 caput
3300 1329 3407 1393 est,
3442 1340 3553 1380 nec

1913 1414 2167 1469 infandae
2198 1415 2429 1485 conjugi
2465 1415 2566 1468 sed
2598 1414 2680 1468 illi
2714 1431 2891 1481 mors,
2922 1414 3017 1468 isti
3058 1418 3250 1469 autem
3285 1413 3347 1467 fit
3376 1411 3554 1468 semi-

1913 1503 2145 1557 narium
2179 1504 2423 1569 mortis;
2456 1504 2541 1557 sic
2566 1504 2800 1558 nefandi
2823 1502 3157 1567 Simoniaei,
3179 1502 3279 1556 ubi
3311 1501 3557 1573 gratiam

1913 1592 2283 1661 spiritualem
2309 1593 2674 1646 vendendam
2700 1597 2756 1646 et
2779 1591 3084 1646 emendem
3109 1590 3564 1654 adducunt,ven—

1912 1680 2158 1735 ditorem
2192 1680 2427 1752 quidem
2460 1681 2648 1751 gratia
2688 1680 2929 1746 deserit,
2965 1696 3069 1734 nec
3095 1683 3292 1733 tamen
3341 1680 3563 1748 empto-

1916 1785 2033 1823 rem
2068 1770 2207 1834 adit,
2244 1770 2340 1824 sed
2377 1770 2461 1824 ira
2506 1770 2605 1824 Dei
2640 1774 2955 1840 utrumque
2982 1767 3336 1822 horribiliter
3364 1781 3563 1838 perva-

1918 1857 2017 1912 dit.
2067 1858 2311 1912 Invicem
2362 1874 2424 1912 se
2471 1874 2606 1927 ergo
2649 1857 2869 1929 linguis
2899 1857 3048 1922 suis,
3080 1861 3145 1911 ut
3173 1855 3384 1926 viperae
3413 1853 3563 1910 occi-

154 1942 367 2043 Dinnes
401 1948 751 2043 autemnvos,
817 1945 1017 2016 inquit
1066 1944 1352 2043 Christus,
1414 1946 1618 2043 fratres
1662 1946 1810 2043 estis
1839 1978 1887 2042 Β
1916 1946 2081 2011 dunt,
2111 1947 2249 2017 quia
2294 1947 2387 2001 hic
2436 1947 2737 2018 exigendo,
2789 1945 2887 2000 ille
2936 1944 3260 2043 exhibendo
3308 1943 3560 2043 gratiam

158 2032 361 2101 (Matth.
388 2049 551 2097 xxiii,
578 2034 655 2101 8).
696 2056 720 2079 ›ι
748 2035 900 2098 Quos
936 2033 1133 2104 procul
1179 2032 1356 2087 dubio
1406 2034 1529 2087 odit
1577 2033 1673 2103 qui
1722 2033 1807 2088 eis

158 2137 331 2192 prava
362 2121 612 2175 scienter
643 2122 923 2193 suggerit.
961 2122 1123 2177 Unde
1157 2126 1210 2176 et
1242 2127 1401 2175 tanto
1444 2122 1652 2191 majori
1704 2122 1804 2176 h0-

157 2208 391 2262 micidio
426 2225 558 2264 reus
584 2214 812 2264 tenetur
834 2214 1054 2281 quanto
1116 2210 1370 2280 primum
1423 2210 1801 2277 homicidam,

158 2295 376 2352 scilicet
407 2297 702 2352 diabolum
740 2299 795 2352 in
830 2298 935 2353 hoc
970 2297 1224 2353 similius
1256 2298 1540 2363 imitatur,
1562 2304 1805 2369 quanto-

156 2401 271 2455 que
332 2385 518 2457 potior
574 2393 661 2441 est
710 2388 906 2441 anima
960 2404 1135 2457 quam
1200 2404 1431 2457 corpus.
1498 2389 1561 2441 Et
1610 2392 1802 2443 tamen

156 2473 384 2527 nullum
407 2475 701 2529 homicidii
722 2493 903 2545 genus
924 2476 1295 2546 prcetermisit
1312 2476 1461 2529 idem
1480 2476 1799 2546 apostolus,

155 2561 257 2616 ubi
284 2561 397 2616 ait:
434 2587 459 2611 ‹‹
494 2565 667 2619 Scitis
700 2564 973 2636 quoniam
1011 2565 1205 2619 omnis
1251 2563 1562 2630 homicida,
1616 2569 1722 2619 etc.
1756 2566 1802 2635 (I

150 2652 310 2707 Joan.
348 2670 428 2718 ιιι,
466 2655 570 2719 15).
604 2676 622 2700 ι

766 2742 995 2796 CAPUT
1027 2742 1170 2797 XIII.

376 2830 620 2897 Qualiter
652 2833 847 2901 viperw
878 2833 1198 2885 conveniant
1226 2830 1405 2883 Sz'mon
1418 2832 1574 2885 iacis.

228 2919 349 2973 llaec
384 2925 579 2973 autem
606 2936 731 2990 quin
764 2920 835 2973 de
889 2925 1101 2973 natura
1132 2920 1456 2990 viperaram
1508 2920 1694 2991 typice
1725 2921 1796 2975 ad

148 3005 447 3062 diabolum
486 3006 817 3073 retulimus,
854 3008 959 3062 etsi
995 3009 1063 3061 ad
1107 3009 1303 3062 omnia
1349 3009 1610 3063 membra
1640 3008 1797 3063 illius

147 3096 351 3151 referri
390 3096 978 3167 possmit,specialius
1011 3102 1201 3150 tamen
1231 3096 1651 3169 principalibus
1668 3115 1798 3151 con-

144 3190 390 3258 gruunt,
424 3185 643 3239 scilicet
670 3186 979 3252 hmreticis,
1014 3191 1075 3239 ut
1108 3191 1247 3257 puta
1275 3186 1344 3240 ab
1377 3186 1474 3239 illo
1499 3188 1793 3252 secundis;

144 3278 215 3329 ut
244 3276 395 3329 enim
459 3276 607 3328 inter
658 3275 837 3329 Deum
864 3280 920 3328 et
972 3275 1265 3346 serapliim
1303 3274 1443 3329 nulli
1479 3275 1790 3345 epirituum

1916 2035 2175 2089 venalem
2207 2035 2455 2102 haeretici
2491 2035 2623 2089 facti
2648 2035 2994 2106 pereunt.De
3017 2034 3254 2104 quibus,
3277 2031 3560 2105 quoniam

1915 2124 2180 2179 venenati
2216 2129 2373 2189 sunt,
2406 2141 2519 2178 non
2549 2124 2661 2178 nisi
2692 2123 2959 2178 venenati
2992 2121 3095 2177 ﬁlii
3128 2125 3475 2189 nascuntur,
3496 2123 3564 2175 ut

1914 2212 2151 2283 quidam
2187 2212 2430 2284 Sapiens
2477 2217 2764 2268 testatur:
2793 2235 2821 2261 ‹‹
2878 2211 3006 2266 Filii
3056 2210 3563 2266 abominationum

1913 2302 2062 2355 ﬁunt
2090 2302 2191 2355 ﬁlii
2227 2306 2623 2374 peccatorum,
2672 2306 2730 2355 et
2772 2300 2873 2373 qui
2928 2303 3344 2355 conversantur
3395 2313 3565 2353 secus

1912 2390 2117 2445 domos
2176 2392 2517 2462 impiorum.
2577 2390 2853 2445 Filiorum
2927 2392 3295 2461 peccatorum
3355 2386 3567 2459 peribit

1912 2477 2304 2546 hmreditas,et
2333 2496 2465 2533 cum
2502 2479 2722 2534 semine
2747 2478 2981 2534 illorum
3012 2476 3328 2532 assiduitas
3350 2492 3557 2548 oppro-

1912 2567 2125 2621 brium.
2161 2567 2240 2622 De
2273 2573 2435 2639 patre
2478 2568 2658 2639 impio
2707 2571 3053 2639 quaeruntur
3098 2564 3226 2633 ﬁlii,
3275 2564 3554 2637 quoniam

1909 2661 2143 2727 propter
2175 2656 2340 2711 illum
2391 2662 2529 2711 sunt
2581 2658 2640 2711 in
2688 2656 3019 2727 opprobrio.
3066 2654 3161 2708 Vae
3209 2655 3398 2719 vobis,
3448 2651 3555 2709 viri

1909 2744 2094 2816 impii,
2130 2745 2230 2816 qui
2261 2744 2658 2815 dereliquistis
2688 2744 2873 2816 legem
2905 2743 3135 2798 Domini
3167 2741 3439 2797 altissimi
3467 2744 3558 2810 ;et

1908 2832 1955 2887 si
1995 2834 2113 2887 nati
2170 2834 2395 2887 fueritis
2447 2833 2506 2887 in
2555 2832 2958 2888 maledictione
3008 2830 3348 2897 nascemini,
3396 2835 3453 2886 et
3502 2829 3552 2887 si

1908 2921 2120 2975 mortui
2173 2922 2399 2975 fueritis
2444 2922 2502 2976 in
2536 2920 2943 2976 maledictione
2994 2920 3104 2975 erit
3150 2936 3285 2991 pars
3332 2923 3542 2976 vestra.

1906 3009 2115 3065 Omnia
2146 3027 2272 3081 quae
2302 3011 2372 3064 de
2405 3014 2559 3065 terra
2589 3013 2748 3075 sunt,
2778 3009 2837 3063 in
2889 3013 3046 3064 terra
3091 3011 3547 3075 convertuntur;

1906 3098 1989 3153 sic
2018 3098 2183 3170 impii
2217 3116 2250 3153 a
2281 3098 2595 3153 maledicto
2648 3098 2704 3152 in
2738 3098 3127 3169 perditionem
3159 3097 3467 3168 (Eccli.xu,
3498 3097 3552 3167 8,

1910 3189 2034 3259 i3);
2074 3210 2099 3235 ››
2133 3192 2189 3243 et
2218 3187 2389 3243 alibi:
2425 3211 2451 3236 ‹‹
2492 3186 2614 3242 Filii
2648 3186 3048 3243 adulterorum
3081 3185 3139 3241 in
3181 3201 3555 3241 consumma-

1906 3276 2063 3330 tione
2122 3280 2313 3341 erunt,
2362 3280 2418 3330 et
2445 3276 2516 3330 ab
2545 3275 2742 3346 iniquo
2776 3276 2946 3329 thoro
2974 3291 3171 3329 semen
3202 3272 3557 3328 extermina-

144 3363 463 3431 intersunt,
516 3364 598 3418 sic
649 3364 798 3417 inter
845 3345 1141 3417 diabolum
1190 3369 1241 3417 et
1294 3362 1593 3418 hzereticos
1653 3363 1795 3418 nulli
1827 3345 1868 3410 (ἶ
1906 3364 2099 3418 bitur:
2134 3369 2191 3419 et
2220 3364 2507 3434 siquidem
2550 3345 2732 3435 longa:
2781 3362 2907 3416 vitae
2951 3366 3140 3426 erunt,
3189 3360 3247 3416 in
3303 3360 3557 3416 nihilum

143 3451 455 3508 hominum
490 3453 799 3507 intersunt.
836 3452 943 3505 Sed
979 3453 1256 3522 quoniam
1302 3469 1404 3505 nec
1438 3452 1508 3506 ad
1563 3453 1801 3506 nomina

146 3546 236 3597 tot
269 3546 662 3595 monstrorum
698 3541 1047 3605 sufficimus,
1084 3540 1435 3595 Simoniacis
1472 3541 1800 3608 tantum,de

147 3629 906 3702 quibusimprmsentiarum
931 3629 1449 3699 agitur,quomodo
1473 3635 1802 3700 congruant

138 3719 467 3774 videamus.
497 3720 869 3788 Quaecunque
895 3718 1239 3771 Christiana}
1273 3717 1654 3788 professionis
1678 3736 1804 3789 per-

140 3826 307 3875 sona,
343 3808 390 3862 si
423 3808 619 3861 vitiato
651 3806 856 3861 anima:
890 3824 1005 3861 suae.
1039 3806 1286 3861 naturali
1354 3812 1535 3874 motu,
1582 3806 1804 3861 scilicet

136 3896 516 3955 laudabiliter
537 3895 980 3967 concupiscibili
1014 3896 1347 3967 arripiatur,
1390 3902 1451 3949 ut
1497 3894 1575 3950 ita
1636 3896 1801 3951 dica-

136 3984 502 4052 tur,honoris
535 3984 1171 4047 ambitione,charitate
1192 3984 1289 4038 Dei
1315 3984 1478 4055 prius
1507 3982 1798 4055 privatur;

138 4092 210 4132 ac
241 4074 449 4130 deinde
483 4074 798 4129 ambitiosa
830 4075 1061 4139 effecta,
1094 4078 1157 4127 ut
1190 4072 1473 4127 Dominus
1525 4090 1587 4127 se
1618 4072 1801 4145 glori-

142 4165 416 4219 ﬁeantem
451 4162 736 4235 gloriticet
767 4162 1007 4217 minime
1040 4166 1358 4233 exspectat.
1398 4161 1561 4216 Unde
1594 4161 1805 4233 quietis

141 4255 205 4308 et
234 4267 411 4307 moras
458 4250 794 4322 impatiens,
847 4251 1072 4322 passim
1125 4256 1181 4303 et
1232 4250 1530 4304 inhianter
1561 4250 1808 4322 vestigat

146 4358 270 4398 sua:
294 4340 775 4411 concupiscentia:
802 4339 1134 4412 parem.Cui
1159 4339 1303 4394 forte
1328 4340 1560 4394 invento
1584 4344 1808 4395 vastam

145 4428 405 4504 pectoris
432 4429 521 4483 sui
556 4428 854 4482 flammam
890 4426 1089 4499 patulo
1133 4444 1231 4482 ore
1279 4426 1549 4498 inspirat,
1606 4428 1704 4483 ubi
1750 4428 1810 4483 in

148 4518 343 4584 corde,
390 4522 445 4573 et
494 4534 625 4572 cum
676 4517 848 4571 corde
920 4517 1203 4571 hactenus
1265 4516 1583 4587 repositam
1644 4518 1814 4571 anxia

150 4606 496 4681 proferendo
528 4604 883 4660 manifestat.
921 4604 1023 4660 Ubi
1057 4606 1214 4659 enim
1256 4604 1593 4673 thesaurus,
1633 4605 1710 4660 ibi
1756 4611 1814 4661 et

1908 3456 2426 3523 computabuntur,
2461 3456 2517 3505 et
2544 3451 2668 3506 sine
2698 3451 2915 3505 honore
2962 3449 3073 3505 erit
3120 3448 3440 3505 novissima
3471 3466 3557 3505 se-

1909 3545 2113 3595 nectus
2146 3540 2400 3605 illorum,
2434 3544 2489 3594 et
2520 3541 2565 3593 si
2600 3539 2846 3594 clericus
2876 3538 3131 3593 defuncti
3166 3537 3403 3608 fuerint,
3438 3555 3555 3593 non

1909 3630 2205 3684 habebunt
2232 3645 2533 3699 spem,nec
2571 3628 2629 3682 in
2663 3627 2755 3683 die
2788 3626 3103 3700 agnitionis
3121 3625 3555 3691 allocutionem,

1909 3718 2170 3773 Nationis
2202 3718 2355 3771 enim
2388 3717 2599 3787 iniqua:
2645 3716 2786 3771 dira:
2833 3719 2971 3771 sunt
3018 3715 3556 3771 consummationes

1911 3808 2059 3880 (Sap.
2098 3825 2180 3873 ιιι,
2212 3806 2296 3872 l6,
2335 3807 2477 3877 19).»
2510 3804 2795 3860 Dominus
2822 3821 3052 3876 quoque
3080 3820 3182 3876 per
3210 3804 3552 3876 prophetam

1912 3895 2525 3968 pseudosaeerdotium
2556 3893 3014 3966 reprobans,ait:
3050 3916 3076 3943 ‹‹
3109 3893 3255 3956 Quia
3286 3890 3554 3964 repulisti

1914 3986 2239 4049 scientiam,
2272 3983 2548 4055 repellam
2581 3988 2735 4049 te,ne
2766 3981 3085 4038 sacerdotio
3119 3981 3383 4053 fungaris
3406 3980 3551 4037 mihi

1914 4076 2054 4144 (Ose.
2083 4091 2157 4139 ιν,
2189 4073 2266 4143 6).
2306 4095 2331 4121 ››
2364 4072 2616 4126 Scientia
2646 4070 2801 4126 enim
2828 4070 2929 4127 Dei
2974 4074 3081 4137 est,
3134 4070 3294 4126 verbi
3346 4069 3555 4143 gratia,

1916 4162 2164 4235 gratiam
2209 4161 2309 4215 Dei
2360 4165 2655 4231 acceptam
2708 4158 2890 4231 gratis
2936 4159 3094 4213 dare.
3143 4158 3263 4213 Scit
3307 4174 3560 4230 namque

1917 4252 2061 4321 ipse,
2093 4250 2246 4303 sicut
2273 4249 2329 4304 in
2363 4248 2811 4304 Deuteronomio
2842 4246 3075 4319 legitur,
3098 4246 3235 4319 quid
3269 4247 3560 4319 loquatur.

1918 4340 2100 4402 Quam
2133 4336 2458 4403 scientiam,
2513 4336 2649 4407 quia
2695 4334 3006 4391 Simoniaci
3055 4334 3361 4407 repellunt,
3406 4337 3466 4391 et
3512 4334 3562 4389 ei

1921 4428 2176 4500 praebere
2207 4427 2277 4480 ad
2310 4442 2372 4483 se
2403 4425 2627 4480 aditum
2663 4423 2894 4487 nolunt,
2926 4423 3156 4478 etiamsi
3186 4440 3299 4479 non
3346 4422 3581 4488 verbis,-

1921 4521 2118 4571 tamen
2151 4514 2320 4569 factis
2352 4513 2463 4586 ipsi
2485 4512 2729 4568 Domino
2766 4513 2875 4566 Deo
2901 4512 3141 4566 dicunt:
3191 4534 3219 4560 «
3265 4511 3486 4566 Recede
3531 4527 3566 4566 a

1924 4605 2127 4670 nobis;
2187 4603 2489 4659 scientiam
2546 4601 2772 4655 viarum
2828 4604 3063 4655 tuarum
3121 4599 3397 4655 nolumus
3448 4599 3563 4669 (Job

151 4713 256 4752 cor
297 4694 506 4768 (Matth.
557 4710 635 4759 v1,
681 4696 793 4761 2t).
847 4694 1046 4765 Itaque
1096 4693 1193 4748 ille
1243 4693 1440 4758 miser,
1482 4693 1639 4748 velut
1668 4692 1816 4748 alter
1850 4711 1895 4777 D
1926 4694 2187 4763 xx1,1li).
2224 4715 2251 4740 ››
2281 4692 2442 4747 Unde
2462 4694 2517 4745 et
2548 4689 2910 4777 ipsijustea
2957 4688 3071 4743 Deo
3124 4687 3363 4777 repulsi,
3412 4704 3483 4777 ne
3512 4687 3564 4777 ei

151 4803 189 4841 a
245 4784 475 4840 diabolo
536 4782 783 4848 adulter,
853 4782 981 4837 visa
1047 4782 1312 4854 pecunia,
1375 4781 1533 4837 velut
1589 4782 1820 4837 occulta

154 4873 589 4947 quondam,sed
624 4888 777 4926 nunc
811 4872 1189 4927 manifestata
1216 4870 1326 4926 sibi
1360 4870 1601 4926 alterius
1624 4870 1815 4926 cordis

153 4961 421 5027 avaritia,
456 4961 702 5015 insanus
734 4976 929 5015 amore
952 4960 1214 5032 pecunia:
1234 4965 1409 5032 caput
1430 4977 1601 5015 suum
1625 4960 1814 5014 eidem

156 5052 530 5117 condemnat,
566 5049 665 5104 ubi
694 5050 821 5104 vita:
855 5066 973 5104 sua:
1008 5049 1303 5117 inimicus,
1342 5053 1399 5103 et
1449 5049 1816 5120 sempiterna:

157 5140 368 5197 mortis
395 5138 615 5195 oblitus
647 5138 819 5193 {idem
855 5154 1045 5205 suam,
1097 5137 1179 5191 vel
1234 5138 1539 5203 rationem,
1575 5154 1751 5208 quam
1785 5154 1820 5192 a

160 5227 431 5294 Domino,
463 5225 619 5281 velut
652 5226 971 5298 principale
997 5226 1349 5291 membrum,
1386 5226 1630 5281 sortitus
1672 5230 1817 5292 erat,

159 5316 506 5373 inﬁdelitate
538 5321 591 5370 et
624 5314 1114 5370 irrationabilitati
1150 5313 1389 5369 alterius
1422 5313 1735 5369 inﬁdeliter
1762 5320 1820 5369 et

161 5404 643 5462 irrationabiliter
676 5405 997 5471 immersat,
1032 5404 1131 5458 sed
1166 5402 1355 5458 taliter
1394 5403 1580 5474 capite
1629 5404 1817 5474 priva-

161 5499 260 5551 tus
312 5493 581 5558 moritur,
617 5510 721 5547 nec
754 5498 944 5547 tamen
977 5491 1197 5563 reliqua
1240 5493 1438 5563 vipera
1485 5492 1672 5562 capite
1721 5490 1817 5547 illo

162 5580 455 5653 comparis
485 5581 575 5635 sui
608 5580 679 5635 ad
712 5583 1035 5653 profectum
1070 5598 1246 5636 suum
1296 5579 1383 5635 vel
1439 5581 1815 5651 cujusquam,

160 5671 276 5727 nisi
308 5670 381 5724 ad
431 5668 618 5723 solum
668 5669 967 5724 interitum
1022 5670 1265 5740 potitur,
1317 5669 1456 5741 quia
1509 5668 1819 5723 ambitiosa

155 5773 408 5831 persona
438 5757 629 5829 perdit
664 5759 904 5829 quidem
967 5757 1315 5828 complicem
1357 5775 1554 5825 suum,
1593 5758 1731 5812 dum
1766 5757 1816 5813 ei

1928 4781 2249 4838 sacerdotio
2282 4782 2601 4852 iungantur
2629 4776 2913 4849 quidquid
2966 4775 3341 4832 sacerdotalis
3388 4776 3567 4832 ofﬁcii

1928 4870 2117 4942 specie
2150 4875 2321 4924 tenus
2353 4870 2739 4939 prmsumunt,
2771 4865 2880 4921 sibi
2910 4869 3140 4920 tantum
3173 4869 3230 4921 et
3267 4882 3380 4921 non
3433 4870 3566 4934 Deo,

1928 4977 2033 5015 nec
2066 4958 2280 5030 populo
2305 4960 2433 5027 ejus
2465 4958 2836 5027 funguntur:
2860 4953 3126 5026 alioquin
3155 4954 3294 5020 Deo,
3346 4953 3395 5010 si
3444 4954 3571 5026 ejus

1930 5048 2165 5121 populo.
2201 5048 2459 5111 Quorum
2494 5044 2662 5116 panis
2693 5044 2753 5098 in
2786 5048 2948 5099 utero
2988 5042 3224 5099 illorum
3254 5042 3571 5099 vertiturin

1931 5139 2002 5193 fel
2056 5136 2327 5209 aspidum
2382 5135 2737 5188 intrinsecus
2795 5133 2909 5199 (Job
2965 5151 3059 5200 xx,
3110 5134 3223 5206 14,)
3255 5132 3392 5205 quia
3446 5131 3572 5188 vita

1933 5232 2131 5298 potum
2173 5228 2515 5280 convertunt
2542 5222 2653 5277 sibi
2686 5222 2743 5276 in
2775 5221 2980 5277 veneni
3027 5220 3324 5293 poculum,
3356 5224 3414 5275 et
3443 5220 3574 5275 inde

1930 5316 2283 5379 moriuntur,
2317 5314 2471 5367 unde
2501 5310 2708 5367 nutriri
2744 5311 2813 5364 ad
2842 5310 3018 5364 vitam
3051 5307 3574 5373 videntur.Quibus

1928 5405 1987 5458 in
2018 5420 2273 5457 errorem
2306 5402 2594 5456 haereseos
2625 5399 2805 5471 lapsis
2842 5397 3125 5469 contingit
3172 5402 3254 5461 ut,
3305 5395 3455 5451 sicut
3501 5395 3573 5451 de

1930 5491 2054 5547 felle
2085 5492 2381 5562 aSpidum,
2417 5490 2499 5544 sic
2533 5488 2796 5544 infelices
2826 5487 2896 5541 de
2920 5502 3025 5539 suo
3055 5501 3204 5555 pane
3227 5484 3571 5539 moriantur.

1926 5581 1994 5635 Et
2026 5580 2080 5632 in
2118 5597 2225 5634 suo
2259 5580 2545 5635 sacriﬁcio
2582 5581 2825 5632 mortem
2852 5572 3173 5640 inveniunt,
3222 5574 3363 5645 quia
3389 5573 3448 5628 in
3481 5589 3576 5629 sa-

1925 5670 2246 5724 cramentis
2277 5669 2427 5737 vitae,
2461 5667 2545 5722 vel
2585 5663 2976 5732 verbis,vitam
3009 5660 3254 5718 minime
3285 5665 3572 5734 quaerunt.

1923 5757 1990 5811 Et
2024 5757 2353 5812 notandum
2389 5756 2524 5828 quia
2556 5749 2887 5823 bujusmodi
2918 5747 3234 5821 panis,jam
3262 5768 3375 5807 non
3404 5749 3573 5821 panis
