1961 3177
206 218 285 256 1079

732 222 936 257 BUMBERTI
959 224 992 256 S.
1014 223 1052 255 It.
1073 221 1110 255 Ε.
1132 223 1380 257 CARDINALIS.

1861 219 1921 257 ιοω

208 290 271 325 Dei,
300 290 351 318 sed
380 289 464 327 panis
487 290 550 327 ejus
573 290 703 319 videlicet
730 291 867 326 haeretici,
892 291 921 318 in
949 290 1023 318 libro
1037 290 1065 324 Α
1080 291 1150 327 quid
1166 291 1309 327 petieritis
1325 292 1440 320 Patrem
1455 291 1486 319 in
1501 290 1639 320 nomine
1653 298 1742 324 meo,
1756 289 1840 319 dabit
1857 290 1921 318 vobis

209 334 286 362 beati
301 335 355 362 Job
370 334 477 362 dicitur
492 336 549 371 (Job
564 344 609 367 xx,
627 335 680 370 14).

514 389 628 416 CAPUT
648 388 719 416 XIV.

211 432 286 467 Quod
315 433 470 460 uniusmodi
506 434 561 460 sint
595 433 764 460 subversores
795 435 1027 460 sacramentorum

246 471 272 495 et
286 468 427 495 verborum
443 468 554 502 Christi,
571 473 596 495 et
614 468 684 504 quod
698 477 748 495 nec
772 471 874 503 petant,
897 476 948 496 nec
971 469 1026 495 im-

244 505 349 539 petrent
363 504 395 531 ab
405 511 444 531 eo.

246 556 310 583 Haec
325 556 417 584 nosin
432 556 486 584 hoc
515 556 656 584 versiculo
683 556 758 583 beati
787 556 917 592 Gregorii
941 564 1028 583 sensa

210 600 358 636 sequendo
374 610 436 637 qua:
453 602 488 629 ad
504 601 653 628 hereticos
668 609 750 628 sacra
768 600 883 636 eloquia
914 608 1027 636 perver-

210 647 304 673 tentcs
315 645 424 678 retulit,
441 646 476 673 ad
491 646 561 673 istos
572 645 621 680 qui
638 646 818 672 sacramenta
835 644 935 672 altaris
964 652 1027 680 per-

210 691 327 717 vertunt
341 698 399 717 non
414 689 648 716 inconvenienter
659 688 874 722 transtulimus,
887 688 955 723 quia
969 695 1028 714 ver-

211 734 282 762 bum
298 734 349 761 Dei
360 736 388 761 et
396 733 480 769 panis
497 733 554 765 Dei,
570 732 762 759 nihilominus
772 732 861 768 paris,
876 732 934 758 imo
950 731 1030 766 ejus-

213 779 279 805 dem
298 777 460 813 dignitatis,
491 778 519 803 et
544 776 746 803 coaeternitatis
774 778 852 803 sunt.
879 775 1029 811 Siquidem

213 822 333 850 verbum
347 821 397 848 Dei
414 821 516 855 nostri,
530 821 614 856 juxta
624 820 739 854 Isaiam,
752 820 840 847 stabit
850 820 879 847 in
889 822 1029 847 aeternum

216 867 294 901 (Isai.
310 874 355 898 XL,
372 867 410 899 8),
427 865 544 900 etjuxta
555 865 652 900 ipsum
672 866 844 892 comternum
869 865 923 892 Deo
954 863 1029 891 Patri

214 911 341 938 Verbum
358 910 387 936 in
406 909 559 944 Evangelio
586 908 703 936 dicens:
722 921 735 933 ‹‹
760 908 854 936 Verba
883 916 947 936 mea
972 916 1029 935 non

214 954 383 982 transibunt
396 954 486 989 (Marc.
499 962 559 986 xm,
574 954 629 988 3t).
650 964 662 977 ›ι
684 953 723 981 De
746 953 854 989 quibus
883 954 911 980 et
927 953 1029 979 beatus

215 999 317 1026 Petrus
345 997 439 1025 eidem
462 997 516 1025 ait:
533 1008 543 1021 ε
574 997 670 1024 Verba
692 996 756 1024 vita:
789 998 901 1024 reterns:
941 996 1032 1023 habes

214 1043 302 1078 (Joan.
318 1051 359 1076 v1,
373 1041 429 1077 69).
443 1053 456 1066 ››
468 1041 532 1069 Pari
541 1041 627 1068 modo
643 1041 727 1077 panis
746 1040 806 1074 Dei,
837 1043 869 1068 ut
894 1040 977 1067 docet
1002 1039 1031 1066 in

216 1086 370 1123 Evangelio
381 1086 479 1122 ipsum
490 1085 628 1119 Verbum,
646 1086 705 1112 imo
718 1085 801 1121 panis
816 1084 967 1112 descendit
996 1084 1031 1111 de

216 1131 298 1164 cmlo,
314 1132 343 1158 et
356 1130 406 1157 dat
418 1130 509 1157 vitam
534 1130 659 1156 mundo:
679 1141 689 1153 ι
709 1130 745 1156 Et
755 1137 822 1164 ergo
851 1137 917 1156 sum
946 1128 1031 1163 panis

211 1175 306 1209 vivus,
323 1175 372 1210 qui
388 1175 423 1201 de
438 1174 507 1201 ccelo
523 1174 669 1201 descendi.
686 1174 714 1200 Si
728 1173 794 1209 quis
814 1172 1031 1200 manducaverit

213 1227 247 1247 ex
259 1219 313 1246 hoc
325 1226 410 1254 pane,
425 1218 537 1245 vivetin
548 1220 685 1245 aeternum
699 1218 788 1250 (Il)id.,
799 1219 845 1250 2|,
860 1217 915 1251 52).
935 1228 945 1240 ι
959 1216 1031 1243 Hinc

211 1271 279 1299 ergo
292 1264 412 1298 apparet
426 1261 511 1289 Verbi
530 1262 578 1289 Dei
593 1264 620 1289 et
648 1261 732 1297 panis
760 1261 824 1296 ejus
845 1260 1029 1296 coaequalitas

211 1309 240 1334 et
255 1305 444 1338 cozeternitas,
461 1305 530 1341 quia
545 1305 703 1333 sicutiilud
720 1313 753 1332 ex
768 1305 877 1333 sanctis
898 1304 1029 1340 Scriptu-

210 1352 260 1384 ris,
279 1352 318 1377 ita
333 1351 379 1377 hic
391 1359 424 1377 ex
433 1350 623 1377 sacramentis
640 1350 726 1376 vitam
743 1352 878 1376 aeternam
899 1351 1026 1384 przestat.

210 1396 266 1423 Nec
280 1396 385 1422 mirum
403 1403 467 1421 cum
486 1403 562 1421 unus
579 1394 713 1429 idemque
730 1394 871 1421 Dominus
881 1394 1030 1420 nosterJe-

209 1448 259 1466 sus
276 1439 408 1466 Christus
425 1441 452 1466 et
466 1439 493 1465 in
511 1438 667 1473 Scriptui-is
697 1438 805 1465 sanctis
836 1438 872 1465 sit
900 1438 1026 1464 Verbum

209 1483 269 1515 Dei,
288 1483 358 1510 etin
375 1483 565 1509 sacramentis
581 1482 664 1517 panis
676 1482 737 1509 Dei.
750 1482 831 1509 Unde
847 1490 1027 1517 consequens

209 1530 253 1554 est
268 1529 300 1553 ut
315 1527 375 1561 pari
389 1526 603 1553 abominatione
616 1526 776 1554 devitemus
790 1534 938 1553 eversores
955 1526 1027 1552 divi-

210 1580 313 1598 norum
343 1571 536 1605 eloquiorum,
554 1572 639 1605 atque
655 1570 968 1597 eversoresccelestium
985 1578 1028 1596 sa-

208 1618 434 1642 cramentorum.
452 1614 561 1645 Quibus
577 1616 604 1640 et
630 1614 652 1640 si
670 1614 814 1640 caelestem
845 1613 969 1645 Patrem,
996 1615 1028 1639 ut

1079 336 1157 370 (Joan
1171 344 1228 367 ενι,
1245 335 1313 371 23.).
1330 346 1344 361 ››
1359 336 1408 363 Et:
1427 347 1440 360 ‹‹
1457 336 1683 371 Quodcunque
1711 333 1858 370 petieritis
1882 334 1921 361 Ps-

1079 381 1152 407 trem
1166 379 1196 407 in
1213 379 1329 407 nomine
1344 388 1418 412 meo,
1436 379 1518 408 dabit
1528 380 1626 408 vobis
1645 380 1750 415 (Joan.
1768 387 1827 412 xxv,
1852 378 1899 413 13),
1912 390 1921 402 ιι

1115 423 1233 451 Constat
1248 423 1346 459 itaque
1361 424 1506 451 haereticis
1517 423 1565 451 his
1585 423 1662 451 dari
1678 423 1768 459 quod
1786 424 1883 458 petunt
1896 423 1922 449 ab

1080 476 1113 495 eo
1129 476 1215 503 quem
1228 470 1339 504 petunt.
1357 469 1391 495 Et
1406 477 1493 504 quem
1511 468 1651 504 petunt?
1670 469 1797 503 patrem
1813 468 1842 494 et
1851 466 1924 494 domi-

1081 520 1151 540 num
1168 521 1254 540 suum
1271 520 1481 540 mammonam.
1499 513 1533 540 Et
1543 513 1626 549 quid
1655 511 1801 548 petunt?
1825 519 1923 547 panem.

1081 557 1171 588 Quem
1184 556 1308 592 panem?
1324 556 1465 584 nimirum
1480 557 1532 592 qui
1549 557 1614 585 sibi
1627 556 1730 584 dulce
1740 562 1848 592 sapere
1857 554 1924 583 solet.

1082 603 1114 628 ut
1128 600 1264 628 Salomon
1276 600 1330 628 ait:
1345 601 1475 628 «Suavis
1485 603 1532 628 est
1541 600 1675 636 homini
1688 599 1782 636 panis
1794 599 1924 627 mendacii

1083 646 1172 679 (Prov.
1189 654 1234 677 xx,
1252 645 1310 680 t7);
1329 656 1342 669 η
1359 653 1446 680 quem
1463 653 1499 673 ne
1515 645 1683 673 dubitaret
1708 644 1784 680 quis
1813 643 1925 679 lapidem

1082 697 1156 722 esse,
1173 689 1339 724 subjunxit:
1356 700 1369 713 ››
1397 689 1433 716 Et
1455 691 1558 725 postea
1584 688 1788 725 implebitur
1817 696 1849 716 os
1874 688 1925 722 ejus

1080 733 1192 761 calculo
1206 733 1311 768 (lbid.).
1322 744 1334 756 υ
1350 732 1477 760 Videsne
1493 733 1540 760 hic
1549 742 1607 768 pro
1626 741 1716 769 pane
1728 731 1926 760 charitatisls-

1083 777 1179 813 pidem
1191 778 1292 805 datum
1304 777 1518 811 obdurationis,
1536 778 1631 813 cujus
1649 776 1813 813 pesssimo
1837 775 1926 803 merito

1083 822 1208 849 efﬁcitur
1224 823 1256 849 ut
1271 821 1439 857 petentibus
1450 821 1539 849 ﬁdem
1556 821 1701 857 perﬁdia
1717 820 1806 848 velut
1821 827 1927 855 serpens

1083 873 1135 901 pro
1151 865 1240 901 pisce,
1251 865 1355 893 detur?
1369 865 1442 893 Nam
1458 865 1509 892 ubi
1526 865 1619 901 panis
1653 864 1817 893 mendacii
1845 871 1925 891 come

1083 909 1172 942 ditur,
1184 909 1344 945 vinumque
1355 909 1522 945 iniquitatis
1530 909 1665 944 bibitur,
1679 908 1816 936 dubium
1825 916 1880 935 non
1889 915 1924 934 es:

1084 953 1153 989 quin
1174 953 1213 980 ibi
1237 953 1299 981 sola
1315 953 1436 989 perﬁdia
1460 953 1649 981 dominetur.
1671 953 1763 981 Unde
1775 952 1810 980 fit
1824 954 1923 984 ut,tsm

1087 997 1223 1033 pestifero
1239 999 1373 1034 serpente
1389 998 1529 1034 possessi,
1545 997 1571 1025 si
1589 1005 1692 1025 ovum
1705 997 1775 1033 spei
1789 994 1923 1032 petierint,

1087 1044 1254 1070 mereantur
1268 1041 1450 1077 scorpionem
1466 1042 1581 1070 extimae
1598 1040 1845 1077 desperationis.
1875 1039 1923 1071 Qus

1085 1085 1223 1122 impletur
1240 1086 1270 1113 in
1285 1085 1354 1119 illis,
1371 1086 1448 1122 quod
1459 1086 1584 1122 Sapiens
1600 1086 1665 1114 ait:
1684 1096 1701 1111 ‹‹
1720 1084 1848 1121 Impius,
1865 1091 1920 1110 cum

1084 1130 1196 1158 venerit
1209 1130 1238 1157 in
1254 1130 1433 1166 profundum
1450 1130 1612 1163 malorum,
1632 1129 1812 1158 contemnit
1841 1129 1919 1163 (Prov.

1084 1183 1163 1208 xvm,
1180 1175 1217 1210 3).
1230 1186 1243 1200 ›ι
1264 1175 1331 1206 Quae
1347 1174 1448 1210 utique
1463 1174 1520 1201 tria
1534 1174 1729 1211 principalia
1760 1173 1839 1201 mala
1858 1180 1919 1208 pre.

1085 1219 1152 1247 fatis
1167 1219 1261 1246 tribus
1276 1221 1304 1246 et
1318 1218 1530 1255 principalibus
1540 1218 1653 1247 animae
1665 1217 1834 1246 virtutibus
1860 1224 1919 1243 con-

1083 1263 1182 1297 traria,
1199 1271 1233 1291 ex
1248 1263 1309 1290 sola
1322 1263 1483 1299 procedunt
1492 1262 1628 1291 avaritia.
1641 1263 1688 1291 De
1705 1263 1796 1298 cujus
1803 1260 1918 1298 pessima

1087 1307 1199 1340 sobole,
1216 1307 1336 1343 quidam
1352 1307 1410 1335 tale
1423 1307 1583 1335 distichum
1601 1307 1782 1344 prompsit:

1115 1361 1223 1390 Semper
1237 1367 1334 1384 avarus
1349 1362 1416 1390 eget,
1433 1360 1471 1384 nil
1487 1367 1605 1391 namque
1623 1360 1774 1385 scelestius
1789 1359 1851 1388 illo;

1116 1392 1226 1422 Semper
1242 1398 1338 1415 avarus
1354 1393 1424 1415 amat
1439 1391 1589 1421 mendacia,
1607 1392 1698 1423 furta,
1715 1391 1838 1423 rapinas.

1084 1440 1136 1471 Qui
1154 1442 1263 1466 tantam
1281 1442 1437 1474 egestatem
1449 1442 1478 1466 et
1490 1439 1647 1467 miseriam
1662 1439 1780 1468 idcirco
1796 1436 1913 1466 incurrit.

1084 1484 1152 1519 quia
1164 1483 1318 1511 inﬁdeliter
1334 1492 1438 1519 panem
1455 1486 1572 1518 petens,
1596 1484 1738 1521 lapidem
1756 1479 1913 1520 promeruit.

1084 1528 1163 1555 Unde
1183 1528 1297 1563 prodito
1314 1528 1399 1555 corde
1423 1536 1540 1560 corneo,
1570 1528 1601 1556 in
1635 1537 1700 1565 quo
1731 1526 1912 1564 requiescant

1083 1572 1205 1607 spiritus
1222 1572 1339 1608 pietatis
1352 1575 1380 1599 et
1397 1572 1621 1606 misericordias,
1640 1573 1761 1601 invenit
1778 1569 1912 1608 lapideum

1083 1619 1181 1643 contra
1210 1616 1309 1644 omnia
1338 1616 1488 1643 charitatis
1517 1617 1620 1645 officia
1650 1617 1699 1646 vel
1730 1612 1910 1645 humanitatis

206 1657 1021 1695 putatur,petantpanemdnturtumenlapsis;sipiscem,
1040 1653 1060 1686 Ο
1080 1659 1288 1687 insensibiliter
1297 1660 1486 1687 obduratum.
1509 1661 1591 1693 Quod
1608 1661 1755 1690 videlicet
1769 1655 1909 1689 oorDomi-

206 1712 342 1739 serpens;
367 1703 390 1730 si
418 1711 513 1734 ovum,
540 1703 672 1737 scorpius
702 1703 804 1735 (.llultli.
835 1711 883 1735 vn,
900 1703 926 1734 tl,
958 1702 1020 1736 to);

203 1748 270 1782 quia
286 1750 317 1774 ut
332 1747 487 1774 Psalmista
504 1747 669 1782 prophetico
682 1746 867 1782 imprecatur,
889 1746 939 1773 dat
963 1745 1021 1772 illis

204 1792 347 1819 Dominus
362 1791 523 1819 secundum
537 1799 623 1826 opera
646 1791 786 1827 ipsorum,
804 1794 831 1817 et
858 1790 1019 1817 secundum

203 1835 362 1871 nequitiam
372 1835 609 1862 adinvcntionum
620 1835 748 1870 ipsorum
759 1835 918 1862 secundum
935 1843 1022 1869 opera

204 1888 343 1906 manuum
360 1888 459 1906 eorum
476 1879 655 1910 tribuitillis,
679 1879 773 1906 reddit
802 1878 1019 1905 retributionem

202 1932 302 1950 eorum
315 1923 396 1959 ipsis.
415 1923 555 1956 Quoniam
572 1931 627 1950 non
645 1922 851 1949 intellexerunt
867 1930 952 1958 opera
968 1922 1021 1949 D0-

203 1968 284 2000 mini,
301 1970 328 1995 et
343 1968 372 1994 in
389 1975 475 2003 opera
491 1976 629 1994 manuum
658 1975 757 1994 eorum
788 1967 919 1994 destrucs
944 1966 1019 1999 illos,

203 2014 231 2038 ct
247 2020 304 2039 non
320 2011 476 2039 :edilicabis
488 2020 537 2039 cos
552 2012 636 2046 (Psal.
661 2019 748 2045 xxvu,
770 2011 795 2046 ’4,
811 2011 848 2046 5).
877 2011 933 2038 Nec
963 2011 1020 2038 mi-

202 2063 282 2088 rum;
299 2063 392 2091 neque
408 2056 485 2082 enim
501 2056 645 2083 cmlestem
669 2055 781 2082 Patrem
813 2057 913 2091 petunt
942 2055 1019 2090 quod

199 2101 243 2127 est
258 2099 380 2131 sceleste,
398 2101 425 2126 et
440 2099 503 2126 ideo
522 2099 591 2125 nihil
609 2100 644 2126 ab
660 2108 692 2126 eo
721 2102 940 2135 consequuntur
963 2108 1018 2126 coe-

198 2143 279 2177 lestc,
292 2143 430 2178 sedjusto
444 2143 535 2178 ipsius
552 2143 600 2170 Dei
617 2144 710 2171 Patris
727 2144 871 2178 permissu
897 2146 924 2171 et
936 2144 1017 2178 judi-

196 2187 240 2215 cio
256 2188 403 2224 accipiunt
422 2196 438 2214 a
455 2187 580 2221 diabolo,
597 2196 647 2215 seu
665 2187 715 2214 lilii
728 2187 794 2215 mali
807 2197 822 2214 a
839 2190 919 2223 patre
948 2196 1015 2223 pes—

197 2233 282 2266 simo,
299 2241 350 2268 pro
366 2240 439 2268 pane
453 2232 603 2259 charitatis
615 2232 656 2259 vel
675 2232 860 2265 sacramenti,
889 2232 1016 2260 obdura-

196 2276 284 2304 tionis
300 2276 437 2312 lapidem,
455 2285 504 2312 pro
521 2277 609 2312 pisce,
620 2276 821 2312 fideipcrlidiaa
837 2279 1015 2311 serpentem,

199 2330 249 2357 pro
265 2330 317 2349 ovo
329 2321 389 2357 spei
405 2321 614 2357 desperationis
631 2321 823 2356 scorpionem.
845 2320 916 2347 Nam
942 2320 1014 2348 nihil

198 2365 329 2393 beneficii
346 2365 469 2393 cmlestis
483 2364 631 2400 malignus
646 2365 691 2392 hic
708 2367 789 2400 pater
800 2365 861 2392 suis
877 2364 945 2392 filiis
967 2374 1015 2392 va-

198 2409 238 2436 let
253 2410 392 2441 conferre,
415 2418 481 2436 cum
506 2409 637 2436 carnales
666 2412 762 2444 patres
790 2409 924 2444 quamvis
946 2409 1015 2436 mali

198 2454 342 2485 recusent,
359 2453 414 2479 nisi
430 2454 506 2479 bona
521 2453 597 2484 data,
614 2455 755 2488 quantum
786 2454 821 2480 ad
849 2453 903 2481 hoc
926 2462 1014 2481 saecu-

195 2495 258 2522 lum
279 2494 344 2521 ﬁliis
354 2503 384 2522 se
400 2495 566 2530 petentibus
581 2496 659 2528 dare,
691 2499 722 2523 ut
744 2497 768 2523 si
794 2499 872 2532 petat
897 2506 1012 2533 panem,

194 2539 352 2574 pancmgsi
370 2539 488 2573 piscem,
504 2539 631 2573 piscem;
653 2539 677 2567 si
706 2548 801 2573 ovum,
831 2550 916 2568 ovum
949 2551 1013 2577 por-

196 2581 217 2609 ri
221 2584 279 2618 gat.

228 2627 290 2658 Qua
304 2625 332 2652 in
345 2634 374 2652 re
389 2625 478 2652 claret
493 2633 552 2656 cos,
578 2625 684 2659 quibus
710 2627 874 2661 perniciosa
896 2630 1011 2663 dantur,

191 2670 355 2706 perniciosa
369 2669 424 2697 sibi
450 2668 579 2704 petiisse,
604 2676 684 2695 neca
700 2670 781 2697 Patre
814 2671 969 2706 luminum,
997 2682 1013 2700 a

193 2722 250 2749 quo
266 2722 350 2741 omne
363 2714 462 2740 datum
479 2712 622 2747 optimum
639 2714 666 2738 et
694 2720 779 2740 omne
809 2715 916 2743 donum
948 2726 1011 2753 per-

193 2757 302 2784 fectum
318 2760 362 2785 est
378 2759 444 2784 (Jac.
461 2766 481 2788 i,
498 2756 552 2789 47).
569 2766 581 2778 υ
599 2755 758 2789 quidquam
776 2759 957 2792 petiissemcc
980 2762 1009 2789 in

192 2798 310 2826 nomine
325 2800 392 2827 Jesu
410 2800 548 2836 petiisse;
578 2797 705 2832 alioquin
732 2802 941 2831 contradicitur
969 2805 1010 2832 sic

192 2841 404 2876 repromittcnti
421 2843 484 2878 ipso
497 2841 625 2870 Christo:
647 2852 656 2863 υ
674 2843 763 2870 Amen
777 2853 859 2872 amen
887 2848 961 2881 dico,
985 2848 1009 2876 si

1077 1713 1132 1731 nus
1149 1712 1199 1731 nec
1215 1705 1264 1732 dat
1280 1704 1402 1738 homini,
1420 1713 1471 1732 nec
1495 1705 1575 1740 facit,
1591 1707 1643 1734 sed
1659 1707 1747 1742 justo
1761 1700 1909 1732 deserendo

1077 1749 1137 1775 fieri
1154 1749 1304 1784 permittit,
1322 1749 1370 1775 ubi
1382 1748 1477 1776 ultron
1487 1758 1526 1776 ea:
1541 1750 1757 1778 obdurationis
1766 1745 1907 1778 subditum

1077 1801 1129 1820 sua
1145 1792 1321 1828 aspiratione
1337 1801 1395 1820 non
1415 1792 1542 1826 emollit,
1560 1794 1611 1821 sed
1630 1791 1844 1830 spiritualibus
1867 1795 1908 1816 ne-

1076 1836 1176 1871 quitiis
1193 1837 1371 1864 obduratum
1388 1837 1545 1872 adhucque
1561 1838 1755 1866 obduratum
1771 1831 1906 1869 relinquit-

1075 1881 1154 1912 Quod
1164 1880 1186 1907 si
1197 1889 1261 1908 vere
1272 1883 1415 1915 peteretur
1423 1881 1574 1916 ,spiritum
1584 1881 1747 1910 charitatis
1757 1879 1906 1917 gratanter-

1074 1924 1239 1960 largiretur,
1254 1925 1340 1959 cujus
1358 1925 1476 1952 fervore
1493 1925 1589 1961 frigus
1605 1926 1739 1954 avaritia
1767 1921 1908 1952 ηεοινετε-

1074 1971 1131 1996 tur.
1150 1969 1221 1996 Nam
1238 1969 1272 2002 si,
1289 1971 1320 1996 ut
1332 1969 1485 1996 Dominus
1496 1969 1681 2006 ait,patres,u
1691 1966 1826 2006 quamvis
1834 1962 1905 1994 mali.

1074 2016 1181 2040 norunt
1198 2014 1274 2040 bona
1289 2013 1360 2040 data
1369 2013 1439 2040 dare
1454 2013 1524 2041 filiis
1532 2014 1609 2048 suis,
1622 2009 1838 2050 quantomagiﬁ
1849 2008 1902 2044 ίρεε

1077 2057 1162 2084 Pater
1177 2057 1213 2084 de
1228 2056 1299 2084 cmlo
1315 2057 1398 2084 dabit
1414 2057 1552 2092 spiritum
1563 2049 1676 2087 bonum
1689 2049 1899 2095 petentibussel

1073 2101 1233 2136 (Luc.ii,t3)
1251 2112 1264 2124 υ
1282 2100 1348 2128 hinc
1366 2101 1458 2128 datur
1474 2101 1600 2139 intelligi
1616 2103 1700 2139 quia,
1716 2102 1741 2131 si
1756 2097 1824 2128 mali
1839 2097 1900 2125 sunt

1073 2144 1208 2172 liberales
1225 2145 1258 2172 ad
1278 2145 1447 2180 petitionem
1464 2148 1493 2173 et
1502 2146 1688 2175 voluntatem
1701 2146 1826 2174 ﬁliorum
1837 2147 1895 2169 suo-

1073 2198 1149 2223 rum,
1166 2189 1257 2216 multo
1274 2189 1366 2224 magis
1377 2192 1405 2217 et
1421 2189 1698 2225 incomparabiliter
1711 2186 1840 2218 liberalis
1859 2183 1898 2211 est

1072 2233 1154 2260 Pater
1169 2241 1284 2260 summe
1292 2234 1385 2261 bonus
1398 2233 1466 2261 filiis
1475 2242 1505 2262 se
1518 2235 1701 2270 petentibus.
1710 2231 1895 2262 velutinoom-

1071 2277 1211 2312 parabilia
1227 2279 1297 2304 sunt
1313 2278 1421 2304 bonum
1439 2279 1468 2304 et
1485 2278 1616 2312 malum;
1633 2279 1677 2307 sic
1689 2277 1767 2316 quod
1779 2272 1894 2312 quilibet

1031 2332 1054 2363 D
1071 2321 1200 2349 heretici
1214 2323 1243 2348 et
1258 2321 1435 2349 nominatim
1453 2322 1614 2350 Simoniaci
1630 2323 1775 2359 Spiritum
1793 2319 1891 2363 bunt"?

1071 2374 1127 2393 non
1139 2365 1298 2402 accipiunt,
1315 2367 1428 2393 constat
1445 2366 1515 2401 quia
1528 2375 1545 2394 a
1560 2358 1782 2396 Patreicaaleati
1809 2358 1890 2402 Spirif

1071 2412 1133 2437 tum
1155 2410 1265 2437 bonum
1282 2418 1338 2437 non
1356 2413 1470 2445 petunt.
1486 2411 1522 2438 Et
1536 2411 1607 2446 quia
1621 2414 1650 2439 et
1665 2420 1683 2440 a
1698 2418 1756 2448 quo
1776 2401 1890 2445 petunt?

1070 2454 1207 2489 spiritum
1226 2453 1327 2489 utique
1343 2453 1454 2481 malum
1471 2448 1887 2491 amalignopatresuoulttm:a

1069 2488 1186 2525 auctore
1204 2500 1231 2524 et
1247 2488 1396 2524 inventore
1411 2498 1503 2525 totius
1518 2488 1598 2525 mali.
1617 2488 1674 2527 Sed
1692 2498 1810 2528 econtra
1825 2488 1887 2519 dici-

1067 2544 1131 2569 tur:
1150 2542 1250 2569 Nonne
1265 2541 1411 2574 videntur,
1436 2544 1464 2569 et
1493 2542 1658 2570 audiuntur
1686 2543 1760 2572 tales
1783 2538 1884 2568 Patrem

1068 2585 1214 2613 cmiestcm
1232 2585 1373 2618 invocare,
1391 2587 1419 2612 et
1435 2586 1579 2621 Spiritum
1591 2587 1705 2615 bonum
1713 2581 1816 2615 sibivel
1826 2576 1883 2608 aliis

1069 2632 1165 2664 petere
1175 2629 1188 2656 ἰ)
1204 2629 1314 2662 Quibus
1330 2630 1486 2664 apostolice
1496 2631 1708 2665 respondetur:
1722 2642 1736 2656 «
1748 2621 1880 2662 Quomodo

1067 2673 1281 2701 invocabuntin
1299 2682 1385 2709 quem
1398 2682 1455 2701 non
1470 2674 1800 2712 crediderunt?(Rom.x,
1811 2667 1877 2715 H-i'

1068 2718 1100 2744 Et
1115 2727 1150 2744 ne
1166 2717 1289 2751 dicatur,
1311 2717 1380 2752 quia
1396 2725 1460 2745 vere
1489 2720 1516 2745 et
1546 2718 1692 2747 catholica
1720 2714 1832 2747 credunt
1851 2716 1877 2737 ¹¹¹

1067 2764 1168 2794 Deum,
1186 2761 1390 2797 subjungitur:
1412 2773 1421 2785 σι
1438 2762 1588 2793 Quomodo
1604 2763 1730 2792 credent
1751 2761 1786 2796 ei,
1801 2761 1876 2794 quem

1074 2813 1130 2832 non
1147 2805 1321 2832 audierunt?
1339 2805 1432 2839 (ΙΙνίιΙ.)
1450 2818 1462 2829 ››
1479 2806 1513 2833 Et
1541 2806 1663 2840 quidem
1693 2797 1874 2844 praetermittis

1064 2849 1198 2876 humana:
1228 2848 1403 2885 fragilitatis,
1419 2854 1444 2877 el
1461 2850 1620 2885 repentinae
1651 2841 1873 2888 concupiscentitI
