3876 6342
109 448 264 520 1081

669 451 1086 520 ADVERSUS
1132 448 1600 516 SlMONlACOS
1643 445 1854 512 LIBRI
1895 447 2216 512 TRES.-—
2241 449 2476 514 LIBER
2518 450 2952 518 SECUNDUS.

3319 493 3322 496 ι
3347 453 3504 519 1082

108 586 467 661 quotidianis
497 587 853 658 excessibus,
900 587 1191 659 quomodo
1243 586 1488 641 credunt
1533 584 1604 652 ei,
1652 581 1752 656 qui
1781 581 1838 647 Α
1867 597 1940 638 νι.
2000 585 2085 652 5);
2115 608 2143 634 ››
2203 589 2288 640 et:
2324 609 2351 634 ‹‹
2387 585 2617 641 Honora
2666 589 2892 658 patrem
2951 589 3007 641 et
3065 588 3334 657 matrem,
3387 605 3502 645 non

107 676 386 733 diuturna
409 675 904 749 przemeditatione
926 679 980 729 et
1011 673 1248 730 consilio
1279 674 1336 728 in
1368 673 1547 744 hujus
1568 673 1744 728 haere-

105 783 238 822 seos
270 767 490 821 crimen
522 765 671 837 lapsi
703 765 1083 829 contendunt,
1118 781 1221 818 nec
1253 763 1500 818 audiunt
1553 761 1746 816 dicen-

101 860 249 910 tem:
286 855 524 910 «Gratis
548 854 872 924 accepistis,
899 852 1080 923 gratis
1103 852 1274 906 date?
1300 875 1326 900 ››
1345 853 1582 907 Constat
1610 867 1745 921 ergo

104 943 245 1015 quia
276 961 388 998 non
421 943 479 997 in
506 960 639 998 eum
668 943 796 996 cred
811 947 937 1007 unt;
964 941 1346 996 sacramentis
1369 939 1492 994 suis
1514 937 1747 993 inviola-

104 1031 248 1088 bilia
279 1037 333 1086 et
355 1039 628 1104 perpetua
660 1031 957 1103 privilegia
985 1031 1389 1084 decernentem
1440 1033 1496 1082 et
1527 1027 1748 1082 consti-

108 1126 370 1177 tuentem
408 1138 522 1176 non
555 1121 821 1176 audiunt.

740 1227 967 1282 CAPUT
1010 1225 1123 1280 XV.

107 1316 358 1384 Qualiter
387 1334 419 1370 a
453 1316 778 1385 quibusdam
800 1316 964 1384 juxta
1006 1313 1251 1385 quaedam
1300 1328 1408 1367 non
1455 1312 1746 1380 audiatur,

366 1396 418 1442 et
439 1390 601 1458 juxta
632 1387 882 1457 quadam
913 1385 1176 1440 audiatur
1205 1385 1483 1439 Dominus.

179 1477 312 1542 Sed,
348 1493 415 1531 ne
450 1477 581 1547 quis
613 1475 747 1530 hinc
780 1492 982 1530 ansam
1018 1473 1322 1529 calumniae
1345 1473 1401 1527 in
1435 1490 1540 1527 nos
1565 1476 1748 1528 retor-

103 1565 396 1635 quendam
427 1565 762 1631 arbitretur,
796 1564 1110 1619 asserendo
1142 1581 1243 1618 nec
1278 1577 1383 1616 nos
1423 1563 1655 1616 credere
1689 1560 1745 1614 in

101 1652 309 1719 Deum,
345 1653 480 1724 quia
511 1653 808 1708 multoties
835 1658 1067 1724 peccata
1091 1656 1149 1708 et
1167 1652 1414 1706 crimina
1433 1653 1743 1711 vetantem,

103 1745 278 1811 atque
301 1742 371 1796 ad
401 1742 644 1796 virtutes
675 1741 1016 1796 invitantem
1041 1758 1154 1795 non
1187 1740 1482 1804 audimus,
1506 1738 1747 1804 noverit,

106 1830 261 1884 sicut
291 1828 601 1899 plurimam
634 1847 762 1884 esse
791 1829 1183 1884 diversitatem
1217 1829 1546 1882 divinorum
1599 1844 1748 1898 prai-

109 1922 433 1989 ceptorum,
468 1918 550 1972 sic
573 1923 627 1972 et
643 1917 956 1989 plurimam
981 1934 1414 1972 conversorum.
1431 1920 1577 1970 Sunt
1594 1913 1747 1970 enlm

111 2007 380 2079 quadam
412 2007 608 2061 divina
630 2011 932 2078 prmcepta,
967 2023 1092 2078 quae
1116 2006 1162 2060 si
1186 2005 1318 2077 quis
1344 2006 1434 2077 pie
1460 2010 1753 2075 transgre-

111 2096 291 2164 ditur,
325 2112 440 2150 non
473 2095 661 2150 solum
695 2095 775 2150 nil
812 2095 1016 2167 culpae,
1052 2096 1151 2150 sed
1183 2099 1238 2150 et
1263 2095 1584 2166 plurimum
1605 2109 1756 2148 mer-

113 2183 272 2238 cedis
304 2185 679 2250 nanciscitur,
713 2183 872 2240 velut
902 2184 996 2239 ille
1027 2183 1317 2256 gloriosus
1357 2189 1758 2255 transgressor

112 2272 351 2338 Paulus,
387 2273 485 2345 qui
538 2290 670 2328 cum
721 2291 754 2328 a
802 2274 1040 2328 Domino
1099 2277 1450 2346 praaceptum
1500 2275 1653 2329 sicut
1701 2279 1756 2328 et

108 2361 425 2433 coapostoli
448 2363 576 2432 ejus
599 2362 887 2427 habuerit,
912 2368 974 2416 ut
999 2363 1373 2434 Evangelium
1395 2361 1755 2418 annuntians

106 2451 175 2506 de
208 2451 518 2522 Evangelio
550 2451 764 2506 viveret
792 2453 835 2521 (Ι
866 2451 984 2506 Cor.
1047 2470 1123 2516 ιχ,
1179 2453 1286 2523 14),
1348 2451 1492 2506 nihil
1543 2451 1752 2507 horum

108 2556 273 2606 usus,
308 2538 505 2595 labore
538 2556 777 2594 manum
809 2557 1050 2594 suarum
1082 2539 1242 2605 vixit,
1276 2557 1347 2595 ne
1379 2557 1555 2611 quam
1589 2557 1753 2596 occa-

110 2628 334 2685 sionem
367 2629 531 2684 daret
561 2628 868 2701 Evangelio
901 2629 1116 2685 Christi
1177 2631 1308 2698 (Act.
1342 2647 1435 2691 xx,
1492 2632 1604 2698 31).
1663 2631 1755 2686 Sic

113 2721 252 2774 sunt
283 2722 340 2772 et
369 2717 588 2788 aliqua,
631 2735 756 2789 quae
790 2717 837 2772 si
892 2718 1277 2773 continuatim
1335 2722 1607 2790 aguntur,
1650 2735 1754 2774 nec

110 2805 427 2878 aliquando
447 2822 548 2877 pro
565 2807 1443 2878 temporeintermittuntur,non
1459 2809 1754 2863 modicum

113 2894 400 2959 deviatur,
435 2895 587 2950 sicut
616 2895 686 2950 de
719 2894 974 2961 sacculo,
1018 2895 1104 2949 vel
1164 2911 1320 2967 pera,
1373 2913 1474 2951 seu
1517 2897 1755 2968 reliquis

120 3001 233 3039 non
266 2982 540 3039 tollendis
571 2989 626 3038 et
647 2983 942 3052 tollendis,
969 2984 1188 3039 scilicet
1204 2989 1462 3055 tempore
1489 2985 1646 3056 pacis
1660 2991 1758 3041 aut

117 3072 558 3143 persecutionis.
591 3073 737 3128 Nam
769 3072 893 3145 ipse
925 3074 1024 3144 qui
1058 3074 1221 3145 prius
1251 3073 1498 3128 dixerat:
1521 3098 1546 3122 ‹‹
1573 3074 1757 3130 Nolite

114 3171 344 3232 portare
384 3160 684 3216 sacculum
742 3166 841 3216 aut
899 3178 1097 3234 peram
1161 3163 1289 3232 (Luc
1335 3181 1388 3227 χ,
1424 3165 1505 3232 li);
1543 3187 1568 3211 ››
1602 3163 1755 3218 idem

108 3255 310 3320 postea
343 3250 511 3304 dicit:
548 3274 572 3298 ‹‹
627 3250 792 3304 Nunc
823 3249 921 3320 qui
982 3250 1155 3304 habet
1204 3251 1527 3318 sacculum,
1591 3251 1756 3307 tollat

1859 671 2103 738 occides,
2137 690 2249 728 non
2284 675 2668 730 mmchaberis
2700 676 2856 746 (Deut
2909 693 2968 745 v,
3005 677 3220 748 16-18).
3261 700 3287 726 ››
3335 676 3506 733 Tales

1860 762 1907 816 si
1942 780 1972 816 a
2005 762 2156 817 malo
2187 762 2500 831 declinant,
2535 781 2639 819 nec
2661 769 2857 819 tamen
2880 765 3031 820 bona
3059 765 3508 831 faciuntﬁdeles

1861 852 2096 923 quidem
2129 856 2285 917 sunt,
2318 853 2416 907 sed
2442 852 2628 908 otiosa
2658 859 2748 907 est
2780 853 2923 909 fides
2951 870 3180 908 eorum.
3217 855 3277 910 Si
3310 859 3506 910 autem

1863 957 1966 995 nec
2005 958 2038 995 a
2069 941 2218 996 malo
2278 941 2591 1006 declinant,
2643 943 2743 996 sed
2807 943 3046 1015 insuper
3095 943 3508 1000 criminalibus

1861 1029 2109 1100 peccatis
2141 1031 2363 1100 scipsos
2413 1031 2799 1100 pessumdant
2829 1049 2842 1097 ;
2869 1032 2994 1100 jam
3053 1033 3298 1104 quidem
3355 1033 3503 1088 fides

1862 1136 2061 1173 eorum
2094 1124 2394 1190 reputatur
2425 1123 2488 1173 ut
2507 1121 2678 1174 arbor
2699 1121 3053 1185 mortua,sed
3079 1137 3194 1174 non
3223 1120 3508 1176 radicitus

1861 1207 2079 1274 evulsa,
2114 1225 2246 1262 cum
2279 1212 2470 1262 tamen
2503 1226 2736 1280 quoquo
2769 1208 2940 1263 modo
2982 1209 3175 1264 adhuc
3232 1210 3389 1264 vivat
3436 1227 3506 1266 ex

1861 1313 1963 1368 spe
1995 1313 2109 1367 qua
2137 1295 2363 1351 veniam
2394 1296 2506 1351 sibi
2529 1301 2784 1367 sperant,
2819 1302 2876 1353 et
2906 1298 3085 1352 Deum
3119 1316 3152 1354 a
3182 1299 3498 1370 quoipsam

1859 1385 2089 1441 veniam
2121 1390 2376 1456 sperant,
2410 1390 2464 1440 et
2524 1385 2854 1456 proximum
2920 1387 3502 1460 quantulumcunque

1861 1478 2078 1530 ament.
2119 1474 2394 1546 Denique,
2431 1479 2494 1527 ut
2523 1475 2834 1545 Apostolus
2867 1475 2979 1530 ait:
3021 1498 3046 1525 ‹‹
3075 1477 3242 1531 Fides
3273 1482 3360 1532 est
3381 1495 3505 1547 spc-

1861 1565 2177 1618 randarum
2210 1562 2542 1618 substantia
2576 1579 2768 1617 rerum
2820 1565 2999 1633 (Hebr.
3062 1581 3144 1631 χι,
3177 1567 3250 1633 1).
3285 1587 3311 1614 ››
3345 1565 3508 1621 Unde

1861 1656 2015 1723 patet
2048 1654 2221 1706 fidem
2246 1653 2369 1723 spei
2393 1651 2786 1708 substantiam
2814 1668 2962 1707 esse.
2988 1652 3094 1708 Ubi
3120 1657 3315 1708 autem
3350 1670 3504 1726 spes,

1860 1741 1937 1796 ibi
1961 1746 2017 1796 et
2039 1758 2221 1810 amor,
2251 1741 2389 1813 quia
2411 1757 2646 1796 necesse
2668 1745 2757 1796 est
2779 1757 2942 1796 ames
2966 1743 3116 1797 bona
3139 1759 3266 1813 quae
3285 1759 3504 1814 speras.

1860 1835 1941 1884 Ac
1972 1847 2073 1902 per
2103 1829 2210 1885 hoc
2227 1829 2616 1885 constatillud
2641 1830 3505 1902 B.Gregoriidictum,«unum-

1863 1936 2153 1992 quemque
2171 1924 2454 1990 quantum
2473 1919 2657 1974 credit
2672 1923 2896 1974 tantum
2921 1936 3156 1991 sperare
3176 1924 3233 1976 et
3247 1937 3500 1976 amare.»

1869 2009 2042 2064 Porro
2075 2025 2207 2080 spes
2232 2010 2288 2063 in
2311 2013 2544 2063 tantum
2576 2008 2786 2062 dicitur
2805 2009 3036 2081 proprie
3065 2026 3261 2065 rerum
3324 2010 3530 2065 bona-'

1867 2115 1997 2152 rum
2029 2113 2174 2164 esse,
2209 2102 2272 2151 ut
2301 2097 2585 2152 habeatur
2614 2097 3057 2169 agrammaticis
3073 2115 3175 2168 pro
3196 2098 3501 2171 vitioquod

1867 2187 2058 2242 Grmce
2108 2186 2454 2258 acyrologia,
2517 2185 2709 2241 Latine
2767 2202 2902 2240 vero
2961 2187 3282 2258 impropria
3329 2187 3505 2242 dictio

1863 2275 2095 2341 dicitur,
2129 2276 2464 2346 ubicunque
2497 2274 2664 2330 aliter
2695 2275 2885 2347 posita
2932 2274 3246 2340 invenitur,
3306 2280 3372 2331 ut
3418 2279 3507 2331 est

1863 2362 2007 2419 illud
2039 2369 2218 2436 poeta:
2241 2382 2255 2418 :

1928 2480 2060 2528 Hinc
2082 2493 2207 2542 ergo
2233 2478 2275 2526 si
2307 2479 2456 2540 potui
2481 2481 2688 2528 tantum
2711 2491 2926 2541 sperare
2957 2478 3217 2528 dolorem.

1936 2587 2099 2643 Unde
2125 2590 2180 2641 et
2210 2586 2294 2641 sic
2325 2589 2622 2657 exponunt
2643 2601 2887 2656 ;.sperare
2902 2583 3047 2640 dixit
3067 2602 3172 2658 pro
3195 2587 3391 2642 timere
3408 2585 3513 2642 Cu-

1854 2676 1956 2747 jus
1988 2675 2140 2730 verbi
2174 2675 2586 2746 proprietatem
2611 2689 2847 2730 servans
2877 2673 3022 2729 alter
3038 2674 3118 2729 ait
3143 2691 3156 2729 :

1925 2791 2099 2840 Liceat
2129 2803 2340 2852 sperare
2362 2789 2586 2838 timenti.

1864 2896 2253 2963 Quamobrem
2284 2895 2551 2967 quamvis
2575 2895 2718 2950 fides
2751 2896 3036 2950 bonarum
3070 2912 3266 2952 rerum
3326 2897 3404 2951 sit
3453 2901 3511 2954 et

1867 2985 2322 3055 malarum,spes
2343 2989 2538 3039 tamen
2563 2985 2822 3051 nonnisi,
2854 2985 3310 3057 bonarum,quia
3326 2985 3514 3042 credi-

1870 3091 2003 3129 mus
2037 3074 2274 3146 quidem
2307 3074 2460 3128 bona
2499 3091 2625 3144 quae
2684 3073 2974 3145 promittit
3016 3074 3193 3139 Deus,
3253 3079 3310 3129 et
3361 3075 3514 3130 mala

1868 3163 2254 3219 nihilominus
2275 3180 2400 3235 qua:
2426 3161 2706 3230 minatur,
2740 3179 2874 3217 cum
2939 3167 3137 3218 tamen
3191 3164 3344 3237 bona
3389 3164 3516 3236 ipsa

1868 3256 2096 3308 tantum
2131 3268 2456 3323 speremus,
2489 3251 2644 3306 mala
2674 3255 2873 3307 autem
2907 3255 3133 3306 tantum
3171 3252 3508 3308 timeamus.

109 3319 382 3394 similiter
411 3343 466 3394 et
491 3355 689 3410 peram
724 3319 856 3409 (Luc
884 3356 1020 3404 χχιι,
1054 3340 1163 3408 36).
1196 3363 1220 3387 ››
1254 3340 1752 3412 Hujusmodiergo
1786 3319 1829 3387 (ἶ
1869 3342 1948 3396 Ac
1981 3358 2082 3412 per
2113 3319 2220 3394 hoc
2252 3340 2314 3394 B.
2347 3338 2751 3395 Jacobuslicet
2774 3339 2966 3394 dicat:
3005 3360 3032 3388 «
3063 3340 3145 3394 Tu
3171 3339 3511 3412 credisquia

112 3429 412 3484 Dominica
443 3434 729 3501 praecepta
775 3446 904 3483 cum
959 3428 1204 3483 discreta
1263 3428 1751 3496 intermittuntur,

109 3515 314 3572 beatus
347 3516 759 3589 proculdubio
818 3517 1187 3571 intermissor
1234 3516 1424 3573 taliter
1484 3517 1749 3574 habetur.

111 3605 259 3661 Sunt
286 3623 520 3678 quoque
553 3605 665 3660 alia
699 3623 826 3677 quae
871 3605 1044 3660 etiam
1079 3609 1364 3676 perfectos
1397 3607 1753 3662 conturbant

110 3692 293 3748 nimia
323 3692 648 3748 subtilitate
695 3709 821 3759 sua,
859 3696 922 3747 ut
969 3696 1093 3746 est:
1129 3716 1153 3740 ‹‹
1190 3693 1313 3747 Non
1373 3694 1751 3766 concupisces

109 3780 294 3850 (Exod.
333 3799 424 3846 xx,
465 3785 572 3850 17),
609 3804 634 3829 ››
667 3786 868 3836 etnon
920 3781 1108 3837 solum
1168 3782 1597 3849 contumeliosi,
1650 3784 1749 3838 sed

106 3870 279 3925 etiam
326 3870 495 3926 otiosi
548 3870 706 3926 verbi
764 3871 1078 3926 vehemens
1154 3871 1482 3926 interdictio
1542 3872 1747 3942 (.llatth.

107 3973 204 4023 χιι,
234 3959 433 4029 36);in
462 3957 677 4030 quibus
698 3976 831 4014 cum
857 3959 1384 4030 transgrediuntur,
1412 3978 1524 4016 non
1551 3960 1751 4031 utique

103 4061 304 4103 eorum
339 4049 482 4103 fides
509 4049 808 4104 sauciatur
836 4048 936 4102 sed
971 4049 1251 4104 sanctitas
1293 4050 1752 4105 conversationis

102 4133 505 4206 deterioratur,
559 4137 830 4208 quamvis
879 4141 1009 4207 post
1060 4137 1566 4209 concupiscentiae
1612 4156 1750 4194 suas

104 4239 214 4278 non
247 4227 460 4293 eundo,
493 4243 561 4280 ex
589 4225 780 4282 verbis
807 4241 1037 4297 quoque
1061 4226 1184 4281 suis
1217 4243 1342 4281 sese
1370 4227 1583 4283 acriter
1605 4229 1753 4296 diiu-

105 4311 357 4370 dicando
387 4318 655 4386 reparata
686 4313 1043 4381 melioretur,
1077 4316 1370 4387 praecipue
1423 4317 1522 4371 ubi
1555 4318 1747 4384 corde,

109 4415 226 4467 ore,
258 4419 430 4476 opere
462 4408 574 4459 Deo
605 4403 757 4458 Patri
792 4420 898 4458 suo
926 4403 1187 4474 quotidie
1237 4404 1319 4459 sic
1366 4405 1745 4476 profitentur:

114 4508 139 4536 «ι
172 4489 412 4548 Dimitte
434 4491 602 4548 nobis
635 4491 830 4548 debita
856 4497 1075 4560 nostra,
1110 4491 1262 4547 sicut
1290 4496 1344 4547 et
1370 4509 1476 4548 nos
1498 4494 1751 4548 dimitti-

109 4591 243 4636 mus
273 4581 637 4637 debitoribus
682 4581 897 4636 nostris
930 4582 1130 4651 (Matth.
1162 4599 1238 4646 vx,
1274 4583 1424 4652 12).»
1452 4581 1596 4637 Hinc
1611 4588 1750 4638 sunt

1871 3447 2022 3484 unus
2044 3433 2134 3484 cst
2165 3429 2346 3494 Deus;
2373 3429 2518 3483 bene
2551 3428 2713 3497 facis,
2749 3433 2805 3482 et
2835 3429 3126 3483 daemones
3158 3429 3429 3496 credunt,
3452 3433 3511 3485 et

1865 3517 2322 3573 contremiscunt
2353 3518 2483 3587 (Jac.
2515 3533 2575 3582 ιι,
2612 3517 2732 3586 19);
2765 3538 2792 3564 ››
2827 3517 2885 3571 in
2918 3517 3024 3572 hoc
3047 3521 3242 3573 tamen
3258 3519 3506 3574 creduli-

1863 3611 1954 3662 tas
1985 3623 2294 3678 parvorum
2347 3606 2651 3661 hominum
2684 3622 2718 3659 a
2775 3604 3118 3662 credulitate
3167 3607 3503 3662 dzemonum

1863 3696 2075 3760 differt,
2111 3694 2251 3766 quia
2280 3695 2439 3766 pravi
2500 3693 2768 3749 homines
2824 3695 3071 3750 credunt
3119 3699 3177 3751 et
3229 3701 3507 3768 sperant;

1863 3786 2155 3841 dmmones
2186 3788 2382 3838 autem
2416 3783 2662 3838 credunt
2691 3783 2951 3854 quidem,
2975 3784 3076 3839 sed
3107 3801 3219 3838 non
3245 3789 3502 3857 sperant,

1863 3875 1980 3929 imo
2012 3875 2343 3944 desperant,
2377 3875 2432 3927 et
2457 3873 2583 3927 ideo
2605 3872 3080 3928 contremiscunt.
3114 3873 3277 3939 Quod
3312 3873 3359 3929 si
3380 3891 3505 3945 per-

1861 3963 2011 4018 versi
2039 3961 2307 4016 homines
2335 3960 2576 4016 credunt
2610 3960 2870 4031 quidem,
2923 3960 3022 4016 sed
3082 3979 3198 4016 non
3243 3967 3501 4033 sperant.

1853 4052 1980 4123 jam
2003 4068 2036 4105 a
2066 4049 2408 4106 credulitate
2439 4049 2770 4104 daemonum
2796 4049 2874 4103 nil
2906 4049 3148 4106 distant.
3181 4051 3292 4106 Sed
3325 4053 3508 4107 scien-

1860 4140 2000 4194 dum
2036 4138 2192 4210 quia,
2229 4139 2383 4192 sicut
2415 4137 2636 4193 malum
2670 4141 2758 4192 est
2779 4137 3122 4194 hominibus
3145 4139 3507 4212 desperando

1861 4245 2120 4301 peccare,
2154 4226 2258 4292 sic,
2295 4232 2352 4282 et
2380 4244 2560 4299 supra
2584 4228 2825 4282 modum
2860 4229 3170 4300 sperando,
3206 4229 3275 4284 de
3301 4229 3396 4284 die
3449 4229 3507 4284 in

1861 4318 2016 4373 diem
2072 4316 2475 4389 pmnitentiam
2525 4316 2777 4382 differre,
2811 4317 3188 4389 peccatisque
3269 4323 3508 4390 peccata

1861 4407 2094 4474 addere,
2130 4410 2185 4460 et
2216 4421 2282 4459 ex
2302 4404 2385 4459 eis
2416 4403 2572 4460 velut
2598 4405 2800 4460 restim
2831 4405 3066 4478 longam
3127 4405 3238 4461 sibi
3298 4410 3505 4474 texere,

1861 4512 1980 4567 qua
2010 4495 2068 4549 in
2102 4493 2214 4548 ﬁne
2236 4492 2407 4565 legati
2445 4510 2654 4548 manus
2686 4497 2740 4547 et
2762 4493 2939 4564 pedes
2967 4493 3398 4566 praecipitentur
3445 4496 3504 4550 in

1860 4588 2132 4642 tenebras
2165 4585 2499 4649 exteriores,
2532 4601 2702 4654 quos,
2737 4585 2999 4656 quandiu
3033 4601 3136 4639 nec
3168 4585 3501 4656 desperant,

108 4669 165 4752 et
192 4667 306 4725 alia
336 4687 462 4742 quae
489 4670 600 4726 etsi
632 4670 702 4725 ad
762 4669 1172 4742 perfectionem
1215 4669 1410 4726 minus
1455 4671 1745 4742 perfectos
1780 4688 1828 4752 D
1860 4692 1963 4730 nec
1993 4677 2232 4747 peccata
2250 4690 2357 4728 sua
2385 4673 2726 4740 defendunt,
2753 4688 3180 4744 nequaquama
3204 4672 3504 4728 catholicas

109 4751 369 4827 invitent,
403 4765 599 4815 tamen
633 4758 937 4814 arbitrium
961 4775 1164 4813 eorum
1197 4759 1541 4816 necessitate
1603 4779 1748 4832 prae-

107 4852 372 4914 gravant,
433 4853 498 4904 ut
557 4852 678 4904 est:
713 4871 740 4897 ‹‹
797 4848 855 4902 Si
913 4847 998 4902 vis
1041 4847 1332 4919 perfectus
1388 4865 1536 4914 esse,
1582 4851 1745 4918 vade,

105 4934 285 4990 vende
335 4937 532 4993 omnia
589 4953 716 5009 ques
766 4936 948 4991 habes
1002 4935 1210 5006 (Matth.
1263 4953 1380 5006 χιχ,
1438 4939 1553 5007 21).
1591 4960 1617 4986 »
1649 4939 1746 4994 Et:

109 5039 136 5067 ‹‹
165 5022 477 5096 Quipotcst
499 5043 702 5098 capere
733 5023 924 5098 capiat
949 5025 1126 5095 (Ibid,
1151 5025 1260 5095 l2).
1288 5045 1316 5073 »
1349 5026 1482 5090 Quae
1501 5031 1752 5097 quatuor

105 5105 467 5170 diversitates
489 5114 817 5170 divinorum
831 5118 1252 5185 praeceptorum
1266 5112 1672 5184 spiritualibus
1695 5121 1751 5171 et

102 5209 233 5253 vere
263 5202 568 5259 catholicis
597 5207 957 5276 competunt,
990 5202 1088 5274 qui
1122 5202 1390 5276 quamvis
1409 5220 1525 5258 non
1550 5205 1749 5261 omnia

105 5288 383 5346 mandata
414 5292 511 5348 Dei
543 5291 626 5347 sic
655 5292 904 5348 audiunt
931 5295 995 5346 ut
1025 5290 1254 5358 faciant,
1286 5294 1483 5346 tamen
1544 5307 1743 5348 eorum

102 5385 304 5432 sanam
328 5379 504 5436 ﬁdem
535 5385 692 5436 recta
713 5397 887 5452 opera
915 5379 1256 5435 clariﬁcant.
1281 5379 1483 5435 Restat
1514 5381 1742 5452 quinta,

101 5473 226 5530 qua:
257 5465 459 5525 fideles
490 5470 752 5542 quidem,
786 5470 884 5525 sed
919 5474 1114 5524 tamen
1148 5467 1411 5524 carnales
1470 5473 1525 5524 et
1567 5471 1744 5526 rudes

100 5542 397 5623 informat,
429 5563 484 5612 et
510 5575 543 5613 a
565 5557 802 5630 ﬂagitiis
826 5564 999 5629 atque
1052 5557 1407 5612 facinoribus
1458 5559 1733 5625 refrenat,

103 5639 166 5718 ut
193 5644 281 5694 est
308 5645 646 5718 Decalogus,
681 5651 737 5702 et
768 5647 1104 5718 hujusmodi
1129 5651 1350 5711 czetcra,
1379 5647 1560 5701 sicut:
1598 5671 1624 5695 ‹‹
1652 5648 1745 5702 Di-

102 5716 242 5794 liges
273 5716 585 5790 Dominum
615 5735 803 5794 Deum
824 5716 989 5791 tuum
1013 5751 1081 5789 ex
1109 5740 1229 5791 toto
1248 5736 1414 5791 corde
1439 5741 1537 5791 tuo
1557 5737 1738 5808 (Deut.

1861 4763 2125 4820 Ecclesiae
2159 4763 2433 4835 paradiso
2465 4766 2725 4816 extrema
2779 4761 3070 4816 sententia
3128 4762 3502 4828 damnamus,

1863 4851 2131 4923 quamvis
2146 4850 2438 4906 interdum
2456 4867 2489 4904 a
2510 4848 2924 4904 communione
2938 4853 3139 4905 nostra
3161 4849 3504 4922 aliquandiu

1860 4940 2096 4996 medelas
2128 4955 2306 4994 causa
2339 4955 2762 4994 removeamus.
2797 4938 2866 4992 Et
2908 4938 3040 4994 ideo
3070 4943 3300 4996 constat
3356 4939 3506 4996 tales

1859 5029 2053 5086 adhuc
2083 5027 2406 5099 computari
2440 5027 2592 5080 inter
2613 5025 2834 5092 fideles,
2858 5030 2915 5081 et
2933 5028 3204 5098 quamvis
3231 5025 3507 5083 crimino-

1858 5136 1977 5186 sos,
2003 5135 2116 5174 non
2146 5122 2339 5172 tamen
2374 5120 2528 5171 recte
2559 5115 2674 5170 dici
2702 5115 2935 5187 impios,
2961 5117 3100 5188 quia
3130 5139 3151 5167 ι
3205 5117 3444 5189 impius,
3475 5138 3502 5169 ο

1858 5206 1914 5261 id
1947 5212 2036 5261 est
2068 5204 2340 5269 infidelis,
2378 5227 2405 5252 ‹‹
2437 5220 2570 5258 cum
2601 5205 2821 5259 venerit
2851 5204 2910 5258 in
2943 5206 3299 5276 profundum
3325 5204 3505 5260 malo-

1858 5312 2012 5363 rum,
2045 5293 2366 5350 contemnit
2397 5295 2693 5364 (Prov.xv,
2727 5293 2803 5363 3).
2837 5314 2865 5342 »
2907 5295 3106 5365 Itaque
3137 5310 3240 5349 nec
3270 5293 3366 5347 isti
3399 5309 3502 5346 au-

1857 5383 2089 5440 dierunt
2120 5382 2435 5438 Dominum
2470 5381 3201 5448 criminainterdicentem,
3236 5387 3497 5435 ettamen

1856 5473 2101 5528 credunt
2129 5472 2202 5539 ei,
2237 5471 2388 5525 sicut
2417 5487 2596 5543 supra
2622 5475 2985 5525 monstratur
3015 5469 3498 5540 evidenter,quod

1854 5566 1911 5618 et
1941 5563 2010 5616 de
2041 5561 2134 5616 his
2167 5560 2485 5614 dicendum
2507 5563 2620 5623 est,
2645 5559 2744 5630 qui
2769 5559 2940 5613 etiam
2974 5559 3042 5611 de
3061 5573 3296 5611 summo
3318 5557 3499 5612 virtu-

1853 5655 1979 5706 tum
2011 5649 2270 5704 culmine
2299 5649 2372 5702 ad
2406 5647 2524 5703 ima
2553 5648 2822 5702 vitiorum
2854 5646 2977 5718 pari
3014 5646 3184 5700 modo
3230 5662 3499 5703 nonnun-

1858 5755 2037 5811 quam
2065 5741 2368 5794 corruunt.
