3876 6374
372 493 529 563 1083

375 721 480 781 Ubi
505 721 898 777 contradicitur
918 719 1212 782 hmren'cos,
1238 734 1335 772 nec
1358 720 1494 771 sicut
1515 718 1832 772 criminosas
1853 717 2008 771 intra

827 793 1118 845 Ecclesium
1141 792 1306 844 Deum
1337 789 1550 843 audire.

440 897 652 953 Verum
685 913 754 951 ne
805 895 1022 968 praefati
1081 894 1328 949 hzeretici
1389 893 1481 948 his
1532 893 1742 946 nostris
1797 892 2003 958 armis,

371 987 528 1041 velut
555 987 836 1052 incautos,
862 983 1290 1055 aggrediantur,
1317 985 1642 1036 asserentes
1665 997 1726 1034 se
1750 995 2004 1051 quoque,

379 1073 638 1144 exemplo
669 1089 867 1126 eorum
902 1089 1047 1142 quos
1077 1069 1684 1134 commemoravimus,
1723 1068 1780 1121 in
1829 1069 2004 1122 Deum

371 1164 620 1229 credere,
654 1161 920 1232 quamvis
952 1177 1084 1213 eum
1119 1176 1232 1213 non
1261 1159 1500 1212 audiant
1547 1157 2004 1229 prmcipientem:

371 1273 397 1298 «
431 1250 620 1304 Gratis
653 1248 977 1320 accepistis,
1010 1246 1190 1318 gratis
1222 1248 1371 1312 date,
1403 1269 1427 1292 ››
1461 1247 2006 1300 noverintnostram

368 1355 400 1391 a
431 1355 536 1392 sua
567 1355 742 1392 causa
773 1335 1279 1407 incorporabiliter
1309 1334 1659 1404 discrepare.
1688 1333 1744 1387 Si
1771 1333 2007 1402 quidem

371 1426 554 1480 nostri
588 1426 850 1497 qumdam
883 1423 1092 1478 Christi
1119 1423 1396 1478 mandata
1419 1423 1582 1492 quasi
1607 1437 1719 1475 non
1739 1420 2005 1489 audiunt,

370 1514 469 1569 ubi
502 1531 570 1569 ea
600 1517 701 1568 aut
723 1531 840 1568 sua:
866 1529 1147 1582 supremae
1165 1511 1530 1582 perfectionis
1546 1508 1730 1580 gratia
1743 1507 2010 1563 alacriter

373 1604 701 1667 transeunt,
735 1605 836 1654 aut
867 1599 1238 1654 imbecilitate
1289 1597 1500 1652 mentis
1558 1595 1842 1668 perterriti
1895 1611 2006 1649 non

375 1690 610 1756 adeunt,
631 1693 732 1742 aut
763 1687 1092 1760 fragillitate
1123 1687 1381 1741 humana
1411 1685 1700 1739 interdum
1732 1683 1888 1737 ducti
1919 1682 2008 1736 in-

372 1783 537 1832 caute
569 1780 935 1848 prtetereunt,
972 1779 1070 1829 aut
1101 1774 1417 1829 tentatione
1449 1772 1732 1828 diabolica
1751 1771 2008 1842 superati

373 1865 490 1920 illis
523 1866 756 1931 obeunt,
790 1869 890 1918 aut
928 1864 997 1918 ab
1030 1863 1144 1916 illis
1205 1863 1464 1917 redeunt.
1526 1861 1780 1924 Quorum
1835 1858 2006 1930 primi

373 1971 486 2008 non
515 1951 704 2007 solum
740 1956 880 2006 sunt
935 1950 1212 2005 laudandi
1247 1955 1303 2005 et
1361 1949 1651 2016 imitandi,
1700 1964 1898 2003 verum
1953 1951 2009 2000 et
2038 1981 2083 2045 Β

370 2041 772 2108 beatiﬁcandi;
808 2040 976 2095 medii
1011 2045 1205 2095 autem
1255 2037 1532 2093 laudandi
1589 2036 1845 2108 quidem,
1902 2035 2002 2089 sed

374 2129 720 2195 miserandi;
793 2129 1067 2200 postremi
1125 2145 1260 2182 vero
1309 2128 1524 2198 pariter
1579 2123 1892 2180 miserandi
1949 2127 2006 2177 et

371 2217 675 2288 arguendi,
700 2221 754 2271 et
787 2221 978 2270 tamen
1013 2232 1114 2286 pro
1147 2219 1406 2286 tempore
1437 2219 1492 2268 et
1522 2230 1696 2268 causa
1725 2211 1773 2266 si
1794 2209 2002 2280 corripi

370 2311 425 2361 et
448 2305 654 2376 corrigi
683 2303 1005 2375 patiuntur,
1041 2302 1328 2374 patienter
1379 2301 1658 2356 tolerandi
1712 2304 1767 2354 et
1814 2313 2002 2370 exspe-

373 2393 588 2448 ctandi.
612 2393 716 2455 Qui
742 2391 850 2446 etsi
874 2409 904 2446 a
927 2392 1041 2446 Deo
1062 2395 1464 2462 apostatarunt
1493 2389 1649 2460 pravi
1669 2387 1856 2459 operis
1879 2403 2004 2458 per-

373 2481 713 2553 petratione,
745 2485 940 2533 tamen
972 2479 1162 2532 adhuc
1183 2483 1472 2533 suntcum
1517 2495 1582 2532 eo
1613 2485 1664 2531 el
1698 2479 1856 2530 stant
1903 2491 2004 2546 pro

380 2587 445 2625 eo
476 2586 543 2624 ex
585 2568 714 2622 ﬁdei
749 2567 1104 2638 professione
1137 2582 1310 2637 quam
1346 2565 1592 2620 retinent
1623 2564 1791 2619 corde
1815 2566 1866 2618 et
1886 2579 2000 2616 ore.

375 2654 649 2718 Quamvis
680 2655 832 2708 enim
867 2654 1056 2722 factis,
1091 2671 1202 2708 non
1229 2657 1422 2706 tamen
1455 2653 1566 2706 ﬁde
1608 2669 1642 2706 a
1695 2651 1808 2705 Deo
1855 2666 2003 2704 rece-

374 2744 542 2809 dunt,
573 2743 711 2796 dum
741 2759 872 2796 eum
907 2741 1136 2795 fidelem
1169 2741 1227 2795 in
1260 2741 1533 2796 omnibus
1565 2739 1752 2794 verbis
1774 2738 1917 2804 suis,
1952 2740 2009 2791 et

376 2835 642 2886 sanctum
677 2830 734 2884 in
767 2831 1040 2885 omnibus
1072 2829 1343 2901 operibus
1366 2828 1488 2884 suis
1521 2829 1686 2900 (Psal.
1713 2844 1891 2892 cxuv,
1923 2825 2006 2895 15)

375 2920 621 2974 credunt
651 2922 705 2973 et
736 2919 957 2984 dicunt,
987 2919 1159 2974 etiam
1195 2935 1326 2972 cum
1371 2918 1542 2971 ﬁdem
1601 2915 1788 2987 ipsam
1843 2915 2008 2968 factis

375 3013 634 3061 astruere
665 3006 986 3078 negligant.
1022 3005 1126 3069 Qui
1161 3005 1396 3076 quidem
1424 3006 1494 3060 ad
1529 3004 1884 3058 credendum
1907 3019 2007 3055 au-

376 3095 544 3150 diunt
575 3093 869 3149 Christum
901 3094 1214 3148 Dominum
1243 3095 1526 3148 dicentem
1555 3111 1566 3148 :
1603 3093 1718 3147 Hoc
1745 3095 1832 3146 est
1863 3106 2010 3161 opus

377 3183 498 3249 Dei,
529 3187 592 3236 ut
622 3181 869 3236 credatis
933 3181 988 3236 in
1046 3199 1201 3248 eum,
1261 3197 1438 3252 quam
1491 3179 1650 3235 misit
1681 3179 1777 3234 ille
1831 3179 2004 3248 (Joan.

375 3289 449 3339 v1,
482 3271 601 3342 29);
637 3293 666 3320 »
697 3276 792 3325 et:
829 3293 853 3320 (ι
881 3269 1127 3324 Creditis
1155 3271 1212 3324 in
1245 3271 1448 3336 Deum,
1482 3273 1537 3322 et
1565 3268 1622 3322 in
1661 3285 1750 3323 me
1799 3266 2010 3322 credite

376 3361 530 3432 (Joan
563 3377 677 3424 xxv,
715 3360 762 3427 1)
786 3377 797 3424 ;
827 3381 852 3406 ››
877 3359 975 3413 sed
1001 3376 1112 3413 non
1132 3359 1379 3412 audiunt
1399 3374 1532 3412 eum
1555 3357 1624 3411 ad
1650 3355 2003 3422 faciendum,
2036 3335 2079 3403 (ἶ

376 3448 688 3503 dicentem:
725 3471 752 3496 ‹‹
783 3447 1013 3519 Diligite
1042 3446 1309 3501 inimicos
1367 3451 1622 3512 vestros;
1685 3442 2005 3500 benefacite

375 3536 465 3592 his
498 3537 594 3607 qui
628 3537 874 3590 oderunt
903 3553 1024 3604 vos,
1058 3541 1114 3590 et
1145 3539 1300 3590 orate
1324 3551 1425 3606 pro
1448 3533 1930 3605 persequentibus
1951 3533 2007 3584 et

374 3622 868 3679 calumniantibus
889 3641 987 3678 vos
1011 3623 1430 3694 (lunulam-’15),»
1461 3653 1523 3661 --
1547 3645 1574 3670 «
1601 3625 1656 3676 et
1679 3621 1856 3676 nolite
1877 3619 2002 3674 the-

375 3712 664 3767 saurizare
692 3712 1173 3767 vobisthesauros
1203 3711 1260 3764 in
1292 3715 1446 3765 terra
1475 3709 1679 3780 (Matth.
1712 3727 1791 3764 vx.
1829 3707 1948 3778 19);
1977 3729 2004 3755 »

375 3805 433 3856 et
461 3799 678 3855 similia
706 3799 798 3856 his
825 3799 1277 3871 quamplurima.
1311 3799 1392 3853 De
1424 3797 1636 3869 quibus
1668 3815 1736 3853 ex
1765 3797 1876 3851 ﬁde
1923 3796 2007 3850 vi-

373 3889 660 3956 ventibus,
693 3888 782 3943 vel
809 3887 1154 3953 virentibus,
1189 3891 1360 3958 atque
1390 3902 1458 3940 ex
1490 3887 1824 3957 operatione
1881 3901 2004 3939 mo-

377 3977 662 4032 rientibus
699 3976 785 4031 vel
847 3975 1167 4040 arentibus,
1225 3974 1366 4028 illud
1429 3973 1833 4045 propheticum
1893 3989 2008 4027 non

376 4063 945 4136 incongruedicitur:
980 4085 1008 4112 «
1044 4063 1181 4118 Pars
1207 4079 1321 4117 una
1352 4060 1646 4132 compluta
1663 4065 1770 4129 est,
1804 4063 1860 4116 et
1875 4077 2009 4132 pars

379 4167 554 4222 super
582 4169 758 4222 quam
791 4169 906 4207 non
938 4151 1105 4223 pluit,
1137 4151 1290 4206 aruit
1312 4152 1491 4221 (Amos
1525 4167 1598 4218 IV,
1619 4151 1695 4222 7).
1758 4173 1784 4198 ‹‹
1808 4149 2012 4204 Virent

379 4255 516 4311 ergo
549 4257 722 4295 succo
763 4239 894 4294 ﬁdei
955 4256 1132 4311 quam
1179 4239 1438 4293 auditam
1501 4241 1883 4310 perceperunt
1938 4237 2008 4292 ad

378 4328 752 4397 credendum,
786 4332 842 4383 et
899 4327 1176 4394 retinent;
1239 4331 1295 4381 et
1348 4331 1512 4382 arent
1569 4327 1829 4398 neglectu
1875 4325 2010 4380 boni

378 4417 591 4487 operis,
625 4418 778 4487 quod
811 4416 1074 4471 auditum
1100 4417 1170 4472 ad
1207 4415 1534 4471 faciendum
1567 4431 1680 4470 non
1743 4413 2011 4469 retinent.

379 4507 461 4560 Ad
495 4521 662 4577 quos,
691 4509 974 4577 quantum
1000 4506 1068 4560 ad
1104 4505 1299 4571 ﬁdem,
1334 4503 1434 4559 illa
1450 4502 1672 4559 Demini
1705 4503 2012 4570 sententia,

377 4593 708 4650 incredulos
721 4593 832 4649 sibi
847 4594 1080 4649 Judzeos
1101 4590 1544 4664 arguentis,non
1560 4589 1726 4662 plene
1743 4590 2015 4662 pertinet,

1415 489 1818 560 HUMBERTI
1863 489 1926 556 S.
1975 489 2046 554 Β.
2093 489 2163 553 E.
2207 489 2697 556 CARDINALIS.

2033 625 2088 692 Α
2117 643 2228 681 non
2263 631 2418 682 sunt.
2447 626 2556 682 Sed
2575 625 2808 684 interim
2833 623 3254 699 praetermissis
3275 619 3463 688 aliis,
3493 615 3838 675 Simoniaci

3695 475 3840 544 1084

2117 715 2185 768 ab
2217 714 2360 786 ipsis
2390 715 2841 770 Christianitatis
2901 711 3268 769 rudimentis
3331 706 3646 765 haeretici
3715 713 3838 760 sunt

2117 802 2252 857 dicti
2285 809 2343 858 et
2368 802 2722 876 habiti.Ergo
2745 804 2869 858 sine
2902 803 3016 858 ﬁde
3043 805 3189 858 sunt
3213 799 3294 868 ;si
3333 797 3490 853 sine
3519 795 3658 849 ﬁde
3685 799 3838 854 sunt,

2119 907 2223 946 nec
2254 908 2416 962 spem
2449 891 2662 946 habere
2687 895 2953 963 possunt,
2988 892 3130 961 quia
3163 890 3324 944 ﬁdes
3343 889 3456 942 est
3483 883 3840 940 substantia

2117 980 2258 1050 spei.
2293 979 2352 1033 Si
2384 995 2546 1050 spem
2579 997 2692 1034 non
2709 979 2946 1050 habent,
2983 996 3087 1034 nec
3115 971 3716 1044 charitatem,quia
3741 988 3836 1024 non

2117 1071 2306 1138 potest
2336 1084 2530 1122 amare
2560 1069 2714 1139 quod
2749 1085 2853 1124 nec
2911 1071 3127 1139 sperat,
3191 1081 3310 1121 nec
3375 1062 3628 1128 credit,
3701 1059 3836 1114 sicut

2118 1155 2289 1226 paulo
2321 1157 2592 1227 superius
2623 1157 2910 1210 astruitur
2937 1156 3103 1212 satis.

2188 1244 2329 1298 Hinc
2360 1244 2564 1313 conjici
2597 1243 3106 1315 potesthaereticos
3135 1246 3196 1296 et
3225 1256 3545 1312 paganos
3597 1237 3834 1292 inferio-

2117 1346 2208 1385 res
2229 1348 2356 1386 esse
2378 1347 2445 1386 ex
2467 1331 3036 1402 incredulitate,quia
3061 1331 3386 1385 daemones
3407 1342 3634 1382 unum
3655 1326 3836 1380 Deum

2117 1434 2244 1473 esse
2291 1419 2532 1473 credunt
2563 1423 2618 1473 et
2647 1421 3106 1474 contremiscunt
3131 1435 3144 1485 ;
3169 1417 3262 1472 illi
3299 1421 3542 1473 autem
3585 1431 3708 1469 nec
3741 1413 3834 1466 hoc

2115 1505 2433 1560 tantillum.
2473 1507 2536 1560 Et
2564 1511 2758 1562 tamen
2791 1507 3122 1578 superiores
3145 1505 3575 1560 daemonibus
3615 1503 3682 1557 in
3733 1502 3828 1556 hoc

2117 1599 2254 1649 sunt
2278 1595 2433 1666 quia,
2467 1599 2522 1649 et
2551 1595 2758 1666 pagani
2821 1612 2924 1666 per
2969 1594 3354 1666 baptismum
3426 1597 3498 1648 et
3569 1591 3834 1647 haeretici

2121 1683 2311 1738 forsan
2345 1699 2448 1753 per
2479 1683 2881 1754 pcnnitentiam
2911 1682 3122 1738 salvari
3157 1686 3467 1754 possunt.
3543 1679 3834 1746 Quamvis

2116 1771 2163 1825 si
2189 1771 2333 1825 bene
2364 1771 2622 1826 deﬁnitio
2651 1773 2780 1826 ﬁdei
2806 1771 3212 1827 consideretur
3245 1769 3416 1825 ﬁdes
3457 1773 3582 1824 aut
3617 1767 3834 1822 credu-

2115 1858 2249 1913 litas
2281 1859 2646 1914 dmmonibus
2677 1859 2869 1915 inesse
2899 1877 3015 1914 non
3049 1858 3316 1930 proprie,
3371 1857 3494 1913 sed
3557 1856 3832 1916 abusive.

2117 1947 2346 2002 dicitur.
2381 1947 2525 2002 Nam
2554 1948 2600 2003 si
2633 1949 2800 2014 ﬁdes,
2857 1953 2923 2002 ut
2979 1946 3306 2020 Apostolus
3377 1946 3652 2010 definit,
3697 1969 3718 1993 -
3755 1948 3832 1998 est

2113 2036 2532 2106 sperandarum
2571 2037 2905 2092 substantia
2929 2053 3149 2103 rerum,
3185 2039 3670 2108 argumentum
3723 2049 3830 2088 non

2113 2125 2518 2194 apparentium
2551 2125 2736 2196 (llcbr.
2765 2143 2823 2194 ιι,
2859 2125 2912 2194 l)
2949 2147 2974 2173 ››
3009 2127 3244 2179 constat
3309 2124 3663 2178 daamones
3729 2137 3828 2175 nec

2113 2212 2286 2266 ﬁdem
2319 2211 2552 2280 habere,
2587 2229 2692 2267 nec
2723 2213 2957 2268 credere
2987 2216 3196 2279 Deum,
3227 2227 3428 2282 quem
3467 2211 3538 2265 in
3569 2221 3828 2280 evange-

2113 2299 2224 2355 lica
2256 2299 2534 2370 dignitate
2568 2301 2640 2355 ab
2673 2301 2800 2372 ipso
2832 2301 3006 2355 creati
3043 2297 3460 2370 antelapsum
3489 2315 3696 2354 suum
3723 2315 3826 2352 no—

2112 2393 2329 2457 verant,
2364 2393 2420 2443 et
2441 2387 2702 2443 solebant
2731 2388 2875 2444 facie
2907 2389 2979 2443 ad
2997 2387 3204 2442 faciem
3231 2385 3698 2458 contemplari.
3755 2389 3826 2440 Ac

2115 2494 2215 2548 per
2243 2476 2350 2532 hoc
2381 2493 2495 2531 non
2527 2477 2768 2531 credunt
2793 2476 2982 2531 Deum
3004 2493 3134 2531 esse
3165 2491 3286 2530 non
3349 2491 3557 2546 posse
3627 2475 3824 2530 dicere

2115 2566 2268 2636 quod
2300 2565 2443 2619 dixit
2471 2565 2832 2637 insipiensin
2863 2565 3036 2620 corde
3063 2580 3201 2619 suo:
3232 2586 3260 2612 ‹‹
3293 2563 3436 2618 Non
3467 2568 3578 2619 est
3601 2563 3820 2628 Deus,»

2116 2654 2254 2724 quia
2281 2653 2338 2707 in
2371 2669 2436 2708 eo
2470 2653 2623 2725 quod
2659 2653 2822 2725 prius
2851 2653 3144 2718 viderunt,
3198 2651 3412 2706 sciunt
3467 2669 3630 2708 eum
3667 2669 3818 2707 esse.

2115 2741 2274 2804 Quod
2307 2741 2457 2795 enim
2479 2741 2631 2795 videt
2663 2740 2817 2812 quis,
2851 2741 2992 2812 quid
3015 2737 3264 2812 sperat?
3295 2739 3462 2794 Hinc
3503 2757 3664 2813 ergo
3692 2757 3824 2794 con-

2115 2833 2231 2884 stat
2262 2829 2412 2900 quod
2440 2846 2538 2884 nec
2571 2830 2862 2884 daemones
2885 2829 3060 2884 ﬁdem
3095 2828 3388 2883 habeant.
3431 2829 3742 2902 Alioquin
3767 2830 3814 2884 si

2117 2917 2288 2972 ﬁdem
2311 2933 2440 2972 vere
2473 2917 2771 2984 haberent,
2806 2933 2910 2989 spe
2935 2933 3170 2988 quoque
3221 2920 3280 2970 et
3311 2915 3648 2973 charitate
3709 2935 3820 2972 non

2117 3010 2396 3073 carerent,
2435 3023 2500 3060 ac
2531 3023 2634 3076 per
2684 3005 2793 3061 hoc
2835 3006 2963 3076 jam
3014 3005 3316 3060 daemones
3379 3022 3516 3060 non
3584 3011 3806 3062 essent.

2118 3096 2481 3165 Quapropter
2509 3098 2565 3148 et
2595 3093 2697 3148 illa
2727 3110 2862 3166 spes
2891 3093 3132 3158 diaboli,
3194 3094 3267 3148 de
3301 3110 3432 3165 qua
3497 3094 3806 3150 Dominus

2118 3181 2312 3238 B.Job
2346 3183 2574 3237 dicit:«
2607 3183 2749 3254 Spes
2809 3183 2938 3253 ejus
2999 3181 3394 3237 frustrabitur
3450 3199 3610 3238 eum
3674 3183 3810 3254 (Job.

2118 3289 2205 3337 XL,
2236 3271 2347 3342 28),
2383 3293 2403 3318 ιι
2441 3288 2554 3326 non
2579 3276 2665 3326 est
2690 3287 2825 3326 vera
2848 3287 3003 3342 spes,
3029 3271 3134 3326 sed
3165 3271 3454 3343 quiedam
3481 3273 3808 3338 securitas,

2119 3376 2232 3430 qua
2263 3357 2496 3414 sibimet
2525 3358 2648 3430 ipse
2679 3359 2762 3414 vel
2781 3359 2873 3414 sui
2901 3359 2972 3414 de
2997 3357 3416 3414 misericordia
3441 3359 3558 3415 Dei
3587 3361 3810 3416 frustra

2112 3446 2510 3514 blandiuntur,
2545 3463 2676 3502 cum
2707 3447 3102 3519 ejusjustitia:
3136 3446 3532 3504 districtione
3579 3467 3806 3521 nequa-

2113 3553 2288 3608 quam
2318 3539 2608 3592 verentur.
2641 3535 2824 3598 Quam
2843 3535 3044 3608 procul
3071 3535 3252 3591 dubio
3275 3536 3610 3605 timerent,
3641 3538 3695 3593 si
3739 3555 3802 3594 ex

2113 3624 2226 3678 ﬁde
2257 3641 2390 3696 spes
2421 3622 2653 3678 illorum
2687 3623 3052 3694 subsisteret,
3091 3625 3234 3696 quia
3263 3625 3422 3680 ﬁdes
3487 3627 3698 3682 credit
3746 3627 3802 3680 in

2113 3711 2295 3766 Deum
2325 3715 2382 3765 et
2403 3727 2470 3766 ex
2497 3727 2563 3766 eo
2620 3727 2735 3782 quo
2783 3711 3082 3766 timendus
3125 3715 3236 3779 est,
3299 3717 3361 3767 et
3423 3729 3502 3768 ex
3565 3731 3642 3770 eo
3691 3731 3804 3786 quo

2117 3799 2424 3855 amandus.
2459 3799 2621 3855 Unde
2653 3801 3046 3866 ﬁdes,retento
3061 3799 3175 3854 sibi
3207 3801 3806 3873 timorejustissimi

2115 3887 2342 3943 Judicis
2374 3904 2476 3960 spe
2499 3889 2894 3944 communicat
2915 3905 3178 3945 amorem
3203 3889 3476 3958 piissimi
3507 3893 3806 3962 Patris,ut

2117 3977 2524 4030 tantummodo
2558 3977 2806 4031 amando
2837 3981 3032 4048 speret
3052 3977 3210 4049 quod
3235 3977 3388 4032 ﬁdes
3415 3995 3680 4053 quoque
3697 3997 3813 4037 cre-

2119 4063 2205 4118 dit
2239 4064 2581 4118 amandum.
2633 4064 2727 4119 Sic
2759 4065 2902 4120 ﬁdes
2935 4069 2992 4120 et
3039 4081 3175 4137 spes
3236 4081 3346 4120 nec
3382 4067 3677 4140 diabolo,
3711 4087 3814 4126 nec

2121 4151 2317 4224 impiis
2349 4151 2570 4220 insunt,
2603 4152 2869 4224 quamvis
2900 4153 3029 4224 ejus
3059 4153 3254 4208 inesse
3277 4153 3649 4212 inveniatur
3670 4159 3812 4214 abu-

2121 4239 2240 4295 sive
2272 4239 2513 4308 dictum,
2550 4239 2701 4295 sicut
2721 4241 2780 4296 B.
2807 4241 3122 4313 Gregorius
3143 4241 3324 4298 ﬁdem
3339 4245 3816 4302 asserithabere

2119 4327 2409 4397 inﬁdeles,
2442 4343 2574 4383 cum
2599 4329 2844 4384 credunt
2891 4347 2952 4385 se
3003 4335 3172 4386 natos
3231 4331 3306 4384 ab
3353 4331 3445 4386 eis
3501 4349 3672 4405 quos
3705 4337 3812 4392 sibi

2123 4421 2389 4488 parentes
2420 4415 2644 4485 dicunt,
2680 4417 2949 4489 quamvis
2999 4418 3454 4490 conceptionem
3523 4439 3714 4480 suam
3765 4433 3816 4480 et

2125 4504 2480 4560 nativitatem
2515 4521 2630 4560 non
2657 4505 2994 4575 viderint,et
3017 4506 3276 4579 plurima
3305 4507 3690 4579 hujusmodi
3708 4513 3816 4569 hu-

2125 4609 2310 4648 manae
2342 4593 2820 4662 conversationis,
2852 4611 2954 4650 seu
2988 4595 3260 4652 actionis.
3297 4596 3380 4652 De
3413 4599 3660 4670 quibus
3691 4601 3814 4676 ipse

379 4699 495 4754 qua
525 4682 768 4737 dicitur:
804 4707 831 4732 «
869 4683 926 4737 Si
985 4681 1284 4736 veritatem
1331 4678 1477 4747 dico,
1527 4695 1706 4750 quare
1749 4695 1849 4735 vos
1898 4697 2012 4734 non
2047 4701 2094 4766 D
2125 4681 2500 4738 doctissimus
2519 4681 2684 4738 Pater
2714 4683 2832 4739 ait:
2866 4683 3143 4740 «Habent
3173 4683 3452 4742 inﬁdeles
3487 4687 3816 4760 ﬁdem,sed

382 4769 614 4826 creditis
646 4770 837 4825 mihi?
865 4769 972 4836 Qui
1003 4775 1091 4825 est
1119 4786 1188 4824 ex
1243 4768 1384 4834 Deo,
1439 4767 1614 4822 verba
1673 4767 1772 4822 Dei
1828 4767 2013 4824 audit.

381 4857 689 4928 Propterea
719 4875 820 4914 vos
849 4875 963 4913 non
995 4857 1234 4922 auditis,
1271 4855 1410 4928 quia
1438 4873 1506 4911 ex
1536 4855 1651 4910 Deo
1709 4871 1824 4910 non
1876 4853 2016 4910 estis

382 4945 560 5016 (Joan.
593 4963 720 5012 vm,
751 4947 859 5016 46).
899 4969 924 4995 ι)
957 4951 1102 5000 Nam
1134 4945 1394 5000 carnales
1427 4945 1644 5016 quique
1673 4945 1732 4999 in
1767 4943 2024 5000 Ecclesia

381 5033 647 5086 Christus
680 5033 973 5089 veritatem
1006 5035 1194 5088 dicere
1231 5034 1498 5098 credunt,
1559 5037 1615 5087 et
1666 5033 1840 5088 verba
1895 5033 2024 5102 ejus

381 5120 652 5185 audiunt,
685 5125 739 5175 et
770 5122 818 5175 si
851 5139 964 5177 non
988 5123 1059 5177 ad
1093 5123 1443 5194 profectum.
1479 5121 1644 5175 Unde
1676 5125 1734 5175 et
1787 5138 1856 5176 ex
1911 5127 2024 5177 Deo

388 5213 550 5273 sunt,
581 5207 638 5263 in
671 5215 956 5280 quantum
987 5211 1162 5266 verba
1187 5211 1282 5266 Dei
1317 5208 1586 5273 audiunt,
1611 5213 1666 5262 et
1687 5225 1754 5263 ex
1773 5213 1886 5264 Deo
1909 5227 2023 5265 non

387 5301 544 5366 sunt,
577 5297 638 5351 in
671 5303 952 5369 quantum
978 5317 1090 5355 non
1123 5297 1391 5354 audiunt.
1411 5295 1588 5350 Porro
1612 5293 1862 5351 haeretici
1886 5315 2024 5353 neu-

387 5390 476 5440 tro
511 5386 679 5442 modo
711 5387 890 5443 Deum
924 5395 1023 5444 aut
1053 5388 1226 5442 verba
1255 5383 1414 5438 illius
1440 5383 1706 5451 audiunt,
1745 5385 1882 5456 quia
1914 5386 2025 5442 ﬁde

391 5491 503 5528 non
537 5475 774 5541 amissa,
795 5477 880 5532 vel
902 5476 1138 5542 amissa,
1174 5490 1286 5528 non
1310 5470 1498 5526 solum
1523 5469 1603 5525 nil
1627 5471 1761 5526 boni
1785 5473 2023 5542 faciunt,

389 5576 590 5614 verum
622 5562 848 5618 etiamsi
883 5563 1018 5634 quid
1055 5565 1237 5616 facere
1265 5559 1552 5626 videntur,
1579 5563 1763 5614 totum
1787 5567 1874 5616 est
1895 5579 2028 5633 pec-

395 5649 611 5710 catum,
645 5654 709 5702 ut
739 5655 878 5719 puta
907 5651 1058 5721 quod
1093 5647 1217 5703 sine
1240 5648 1347 5702 ﬁde
1377 5649 1484 5700 est.
1518 5645 1789 5717 Alioquin
1818 5649 1867 5703 si
1903 5649 2029 5704 sine.

399 5729 510 5784 ﬁde
539 5733 838 5803 catholica,
873 5753 997 5807 qua:
1028 5735 1152 5791 sola
1181 5739 1267 5791 est
1301 5734 1584 5800 ﬁdes,non
1609 5739 1763 5802 sunt,
1783 5735 2032 5792 haeretici

2126 4769 2352 4825 utinam
2381 4769 2440 4824 in
2475 4769 2692 4825 Deum!
2731 4793 2752 4820 ι

2734 4877 2965 4933 CAPUT
3003 4879 3174 4935 XVII.

2131 4965 2204 5018 De
2254 4962 2566 5036 di/ferentia
2621 4967 3020 5048 negotiatorum
3075 4969 3276 5048 .sagcuiz'
3327 4973 3380 5024 et
3441 4985 3652 5028 eorum
3725 4979 3820 5048 qui

2649 5037 2912 5092 dicuntur
2941 5039 3264 5094 Sz'moniaci.

2201 5123 2336 5188 Sed,
2369 5121 2462 5177 his
2507 5139 2623 5178 non
2683 5141 3110 5200 usquequaque
3157 5129 3474 5185 incassum
3525 5135 3814 5204 praeﬁxis,

2133 5210 2495 5282 disquiratur
2527 5227 2643 5284 quo
2669 5217 2834 5284 pacto
2891 5213 3298 5283 ecclesiastici,
3332 5216 3439 5288 qui
3494 5217 3564 5274 in
3625 5237 3818 5280 sacra-

2131 5299 2345 5353 mentis
2376 5297 2788 5357 ecclesiasticis
2821 5319 2934 5358 non
2965 5304 3150 5376 gratis
3183 5305 3330 5360 dant
3351 5305 3566 5363 danda
3599 5313 3814 5382 gratis,

2135 5387 2401 5442 dicantur
2430 5387 2666 5444 omnino
2701 5390 2876 5445 ﬁdem
2901 5393 3165 5464 perdere,
3197 5397 3254 5448 et
3306 5392 3652 5466 plusquam
3687 5403 3814 5474 qui-

2133 5475 2276 5531 libet
2304 5475 2616 5532 Christiani
2651 5477 2788 5534 cleri
2816 5479 2902 5535 vel
2935 5480 3090 5550 laici,
3125 5481 3362 5538 etiamsi
3387 5487 3627 5542 terreni
3657 5505 3814 5562 qua:-

2138 5565 2264 5618 stus
2298 5579 2472 5617 causa
2503 5563 2962 5623 circumveniant
2993 5567 3050 5622 in
3084 5569 3317 5641 negotio
3365 5569 3594 5627 fratres
3655 5591 3812 5644 suos,

2141 5651 2185 5722 (1
2213 5651 2558 5723 Thcss.iv,ﬁ),
2583 5654 2944 5711 autnimium
2978 5673 3108 5713 care
3139 5657 3400 5714 vendant
3414 5661 3586 5730 quod
3601 5663 3812 5736 viliter,

2141 5743 2242 5794 aut
2281 5743 2434 5796 certe
2475 5741 2659 5812 gratis
2715 5751 3081 5816 acceperunt.
3143 5750 3213 5803 Et
3270 5747 3469 5820 primo
3529 5749 3802 5812 videatur
