3876 6352
173 466 343 541 1085

745 475 1158 541 ADVERSUS
1203 469 1671 538 SIMONIACOS
1715 463 1930 532 LIBRI
1971 467 2284 534 TRES.-—
2309 467 2546 537 LIBER
2589 467 3023 539 SECUNDUS.

3423 469 3584 540 1086

172 609 494 682 utriusque
523 609 680 665 modi
705 609 1320 681 negotiatoribus,quaa
1343 608 1420 662 sit
1434 607 1656 678 jugiter
1678 621 1831 660 com-
1857 599 1915 666 Α
1941 603 2237 661 tellectum
2269 606 2597 662 doctissimi
2631 608 2817 663 Patris
2848 606 3358 680 Augustini,prius
3391 625 3582 680 prosa,

174 699 387 754 munis
447 699 690 753 intentio
737 698 823 753 vel
883 716 1082 762 causa,
1138 699 1343 752 deinde
1399 714 1525 768 quae
1583 695 1824 767 privata.

173 785 356 857 Ergo,
381 791 444 842 ut
474 787 812 842 summatim
844 787 1089 852 dicatur,
1140 787 1259 842 hzec
1305 787 1470 841 nobis
1497 783 1830 840 communis

173 876 453 946 utrisque
487 876 731 930 intentio
755 877 812 930 in
839 894 942 931 suo
976 877 1204 946 negotio
1234 877 1479 940 videtur,
1506 875 1643 945 quia
1673 878 1828 927 uter-

173 978 299 1034 que
333 965 538 1034 qurerit
569 965 964 1035 temporaliter
984 965 1156 1019 ditari
1181 964 1602 1035 temporalibus
1632 965 1827 1016 rebus.

173 1051 309 1114 Quo
343 1055 407 1106 ﬁt
437 1058 500 1106 ut
531 1055 793 1124 utrisque
825 1055 1059 1124 pariter,
1091 1055 1358 1125 quamvis
1394 1071 1493 1124 per
1523 1052 1831 1106 diversita-

175 1144 303 1197 tem
363 1143 689 1197 otﬁciorum
739 1161 1001 1207 suorum,
1046 1143 1349 1213 impariter
1405 1142 1690 1196 feriantur
1732 1139 1831 1193 illo

173 1229 375 1301 elogio
404 1232 694 1301 Sapientis
723 1249 782 1286 :u
814 1232 919 1296 Qui
952 1232 1159 1304 quaerit
1191 1231 1361 1286 ditari
1397 1249 1510 1286 non
1543 1231 1653 1286 erit
1676 1231 1834 1284 iuno-

174 1335 325 1373 cens
358 1323 538 1389 (Prov.
581 1338 776 1386 xxviii,
809 1322 920 1390 20).
955 1344 980 1367 ››
1013 1321 1154 1375 Nam
1207 1321 1531 1375 secundum
1564 1335 1831 1374 commu-

176 1424 318 1463 nem
352 1409 735 1464 intentionem
794 1427 1103 1465 commune
1156 1411 1437 1464 damnum
1488 1407 1831 1463 innocentia:

174 1496 579 1562 incurrunt,lii
601 1503 657 1552 et
689 1515 790 1570 pro
822 1499 1044 1553 ordinis
1074 1499 1407 1553 diversitate
1442 1515 1595 1552 unus
1616 1498 1830 1566 majus,

177 1584 334 1640 alter
365 1587 582 1641 minus.
618 1587 779 1650 Quod
813 1604 924 1641 non
960 1591 1017 1641 et
1048 1603 1358 1641 commune
1389 1592 1476 1641 est
1508 1587 1591 1641 eis
1617 1584 1833 1656 negotii

175 1691 364 1729 causa
418 1692 640 1730 merces
691 1693 1030 1746 proponere,
1073 1680 1288 1739 taxare,
1338 1676 1604 1738 vendere,
1661 1679 1834 1744 atque

177 1769 508 1833 emptorem
531 1765 831 1834 cupere.ln
854 1765 1072 1835 quibus
1087 1763 1134 1818 si
1158 1763 1234 1817 nil
1255 1763 1414 1817 aliud
1436 1763 1834 1826 intercederet,

177 1857 288 1906 aut
321 1851 504 1917 nulla,
548 1857 648 1906 aut
699 1853 945 1907 minima
991 1852 1164 1923 culpa
1211 1858 1385 1906 esset.
1435 1853 1631 1922 Neque
1679 1851 1834 1906 enim

178 1939 373 2011 culpes
410 1941 822 2011 imputandum
868 1945 976 2006 est,
1011 1942 1057 1995 si
1111 1940 1443 1995 communis
1474 1940 1836 1995 necessitatis
1869 1967 1916 2030 Β

179 2045 369 2083 causa
400 2044 621 2083 merces
646 2029 876 2084 venales
916 2036 1336 2100 proponantur,
1371 2034 1662 2097 taxentur,
1701 2046 1836 2082 ven-

181 2116 410 2171 dantur
439 2122 492 2170 et
524 2119 1114 2189 emantur,siquidem
1148 2135 1259 2172 non
1302 2118 1843 2172 illicitevenduntur

182 2222 318 2276 qua:
353 2205 505 2260 licite
534 2211 831 2260 emuntur.
867 2209 965 2261 Est
995 2207 1169 2261 etiam
1202 2208 1286 2262 eis
1318 2208 1634 2278 aliquando
1677 2223 1838 2261 com-

184 2294 394 2348 munis
425 2295 836 2349 circumventio
870 2296 1240 2367 fratris,quia
1282 2313 1434 2351 unus
1463 2313 1662 2351 eorum
1697 2312 1839 2366 quo-

185 2381 540 2453 tiescunque
573 2385 922 2453 negotiatur,
959 2385 1340 2439 circumvenit
1369 2390 1424 2439 et
1455 2385 1840 2438 circumveni-

184 2475 322 2537 tur;
361 2471 508 2525 alter
541 2476 756 2536 autem,
789 2472 894 2526 etsi
936 2471 1275 2542 aliquando,
1311 2489 1424 2526 non
1458 2477 1652 2526 tamen
1687 2487 1840 2529 sem-

184 2576 310 2632 per.
351 2559 430 2614 De
463 2576 577 2630 qua
607 2560 1118 2626 circumventione,
1167 2561 1436 2631 quamvis
1492 2560 1704 2614 vindex
1768 2559 1843 2615 sit

183 2649 480 2704 Dominus
503 2648 560 2702 in
594 2654 925 2719 utrumque,
951 2654 1143 2703 tamen
1170 2666 1280 2703 non
1315 2649 1546 2720 gravius
1573 2649 1631 2703 in
1657 2666 1841 2703 unum

187 2754 373 2810 quam
406 2736 653 2791 alterum
690 2754 791 2807 pro
822 2738 1334 2792 circumventionis
1354 2742 1410 2793 et
1440 2755 1629 2792 causae
1653 2738 1841 2810 quali-

184 2831 327 2882 tate.
365 2827 458 2880 Sic
490 2831 548 2880 et
576 2826 764 2880 viliter
793 2828 1040 2881 vendere
1072 2845 1197 2898 qua:
1231 2844 1361 2881 care
1410 2832 1644 2897 accepta
1681 2831 1838 2893 sunt,

188 2917 466 2987 utrisque
489 2920 576 2970 est
597 2915 912 2987 aliquando
944 2933 1274 2981 commune,
1300 2917 1440 2988 quia
1469 2934 1623 2971 unus
1643 2934 1842 2972 eorum

185 3005 661 3077 quotiescunque
695 3005 888 3059 vendit
939 3005 1079 3076 quid
1131 3021 1260 3059 care
1309 3010 1629 3076 acceperat,
1659 3004 1847 3060 viliter

186 3093 505 3159 distrahit;
540 3093 686 3148 alter
728 3099 923 3148 autem
969 3095 1075 3149 etsi
1125 3093 1460 3166 aliquando,
1495 3111 1608 3148 non
1650 3099 1846 3149 tamen

185 3183 418 3238 sedulo.
457 3184 518 3236 Et
563 3188 755 3237 tamen
809 3183 904 3237 ille
955 3199 1188 3254 semper
1226 3183 1417 3238 viliter
1444 3183 1847 3252 :distrahendo

187 3272 346 3344 quod
381 3287 583 3325 carum
617 3276 705 3326 est
734 3272 1052 3326 enormiter
1083 3277 1309 3342 peccat;
1343 3272 1434 3326 hic
1470 3277 1665 3326 autem
1712 3273 1844 3326 inde

1939 695 2147 750 deinde
2188 701 2371 751 metro
2405 697 2487 752 sic
2517 697 2790 752 edisserit
2823 715 2835 750 :
2867 723 2892 747 ιι
2928 696 3017 752 Nil
3051 698 3205 753 Deus
3227 698 3400 768 jubet
3429 698 3583 769 quod

1938 784 2047 838 sibi
2083 785 2283 855 prosit,
2308 786 2407 840 sed
2441 785 2521 839 illi
2558 787 2651 841 cui
2679 787 3022 856 jubet.Ideo
3051 804 3225 843 verus
3256 791 3346 843 est
3391 790 3586 843 Domi-

1941 890 2052 926 nus
2082 874 2179 944 qui
2215 891 2378 929 servo
2409 892 2520 929 non
2555 875 2792 946 indiget,
2826 880 2881 930 et
2912 893 3025 947 quo
3058 876 3521 947 servusindiget.
3558 897 3584 925 ››

2263 965 2616 1034 Epigramma
2646 969 2807 1035 cujus
2833 953 2892 1020 eti
2913 966 3055 1020 unde
3083 982 3271 1037 supra.

1942 1079 2055 1150 No_n
2089 1077 2206 1125 ideo
2238 1077 2527 1150 quidquam
2558 1079 2779 1128 mandat
2797 1081 2956 1150 Deus,
2975 1084 3049 1150 .ut
3079 1080 3176 1128 sibi
3201 1083 3368 1143 prosit

2007 1141 2107 1204 Nec
2138 1141 2274 1187 servi
2305 1141 2478 1190 ofﬁcio
2507 1156 2665 1190 verus
2694 1146 2812 1204 eget
2843 1142 3113 1191 Dominus.

1942 1201 2105 1267 Cujus
2133 1205 2409 1267 praeceptis
2439 1208 2662 1256 augetur
2690 1201 3112 1267 quifamulatur.

2007 1265 2188 1328 Fitque
2222 1265 2397 1312 minor
2425 1267 2664 1328 quisquis
2689 1265 2906 1328 negligit
2933 1267 3234 1328 imperium.

1943 1327 2082 1393 Nam
2106 1327 2631 1393 Deusomuipotens,
2665 1329 2820 1393 simul
2845 1327 2993 1393 omni
3007 1327 3323 1393 teneasque
3347 1336 3585 1393 potestas

2006 1389 2086 1436 Nil
2115 1390 2290 1451 perdit
2320 1392 2610 1451 proprium,
2640 1392 2712 1438 nil
2741 1392 2882 1453 capit
2909 1391 3206 1441 occiduum.

1945 1451 2225 1514 Nunquam
2257 1466 2365 1500 non
2399 1453 2584 1502 habuit
2628 1453 2771 1516 quod
2807 1451 2999 1513 habet,
3032 1453 3164 1502 dans
3203 1454 3460 1518 quidquid
3493 1456 3583 1504 ha-

2009 1576 2262 1633 Proderit,
2297 1581 2349 1626 et
2379 1591 2600 1626 sumens
2632 1577 2844 1626 nonnisi
2878 1578 3017 1640 quod
3049 1577 3271 1628 dederit.
3377 1518 3524 1580 [bere

2541 1693 2768 1750 CAPUT
2806 1694 2999 1748 XVIII.

1947 1782 2018 1835 De
2046 1797 2103 1835 eo
2133 1782 2273 1850 quod
2297 1783 2548 1837 carnales
2580 1783 2835 1839 Ecclesiae
2861 1785 2984 1838 sine
3010 1783 3118 1851 ﬁde
3141 1800 3252 1839 non
3280 1786 3390 1840 sint
3422 1788 3594 1840 instar

2017 1860 2020 1862 ’
2114 1854 2321 1922 Ruben,
2355 1863 2406 1908 ct
2438 1855 2570 1921 Gad,
2601 1863 2651 1909 ct
2676 1855 2924 1909 dimidiae
2953 1857 3127 1910 tribus
3155 1857 3419 1912 Manassc.

2056 1943 2264 1996 Verum
2299 1947 2362 1996 ut
2394 1943 2463 1996 ad
2503 1960 2538 2014 p
2560 1943 3039 2015 ropositosnobis
3085 1946 3476 2015 negotiatores
3506 1963 3593 2002 re-

1951 2031 2213 2095 deamus,
2256 2030 2488 2086 illorum
2535 2036 2623 2086 est
2670 2032 2863 2103 ipsum
2916 2033 3097 2087 Deum
3150 2037 3206 2087 et
3252 2033 3590 2102 Dominum,

1951 2119 2235 2190 Spiritum
2265 2119 2463 2190 utique
2495 2124 2762 2174 sanctum
2794 2119 3057 2175 venalem
3107 2121 3338 2176 credere
3388 2126 3445 2177 et
3489 2121 3592 2178 ha-

1950 2209 2110 2275 bere;
2156 2209 2397 2263 istorum
2455 2226 2610 2272 vero,
2659 2209 2706 2262 si
2760 2210 2829 2263 ad
2885 2210 3238 2279 profundum
3298 2210 3591 2267 malorum

1951 2297 2200 2351 avaritia:
2234 2297 2876 2368 pervenerint,amimas
2907 2313 3045 2352 suas
3074 2298 3305 2353 venales
3359 2298 3591 2367 habere,

1951 2401 2055 2440 nec
2087 2389 2281 2439 tamen
2318 2386 2550 2439 credere
2599 2402 2660 2439 se
2711 2401 2880 2456 posse
2927 2401 3026 2439 eas
3076 2385 3251 2441 alicui
3287 2386 3595 2443 hominum

1950 2475 2199 2528 vendere
2229 2478 2332 2527 aut
2361 2474 2517 2528 dare.
2556 2473 2696 2527 llinc
2744 2473 2925 2528 vivaci
2976 2474 3190 2528 mentis
3221 2475 3344 2530 acie
3383 2476 3596 2532 rescul-

1953 2560 2140 2632 pendo
2160 2576 2502 2614 communes
2517 2563 2571 2614 et
2588 2559 2909 2631 peculiares
2921 2560 3131 2616 horum
3150 2563 3596 2633 negotiatorum,

1952 2666 2100 2720 quas
2133 2648 2810 2721 praanotavimus,lineas
2838 2649 3138 2721 sigillatim
3171 2651 3596 2724 discernamus,

1953 2737 2086 2810 quis
2118 2754 2321 2793 eorum
2355 2737 2543 2809 magis
2575 2742 2794 2808 peccat,
2829 2743 2929 2792 aut
2958 2738 3090 2808 quis
3123 2738 3324 2811 Scyllaa
3357 2757 3456 2796 seu
3491 2743 3594 2797 Ca-

1950 2826 2101 2882 ribdi
2153 2825 2408 2898 perfidia:
2459 2825 2647 2897 magis
2705 2826 3156 2898 appropinquat.
3209 2829 3276 2882 Et
3323 2829 3596 2900 primitus

1952 2916 2326 2970 attendamus
2350 2914 2646 2969 saecularis
2674 2915 2884 2986 negotii
2913 2916 3358 2986 professores,in
3381 2918 3597 2989 quibus

1953 3003 2288 3074 delinquere
2319 3003 2561 3058 soleant.
2608 3003 2785 3058 Plane
2833 3003 3188 3076 delinquunt
3215 3005 3274 3060 in
3305 3005 3413 3061 hoc
3444 3008 3597 3078 quod

1956 3092 2128 3146 ditari
2158 3091 2556 3163 temporaliter
2579 3097 2976 3164 quaerunt.sed
2999 3092 3133 3164 quis
3156 3093 3450 3150 invenitur
3470 3096 3601 3168 pius

1950 3182 2114 3249 justo
2147 3181 2320 3236 ditari
2351 3198 2466 3235 non
2499 3181 2788 3253 cupidus?
2819 3186 2970 3236 certe
3016 3182 3320 3242 rarissima
3363 3189 3451 3239 est
3494 3185 3599 3240 hu-

1949 3270 2213 3340 jusmodi
2250 3269 2521 3324 volucris.
2558 3269 2917 3341 Delinquunt
2955 3269 3131 3325 etiam
3182 3270 3240 3325 in
3291 3271 3397 3326 hoc
3446 3274 3599 3343 quod

188 3361 473 3416 meritum
507 3361 615 3414 sibi
649 3361 867 3415 bonum
902 3366 957 3415 et
986 3359 1233 3431 gratiam
1266 3361 1419 3432 apud
1453 3361 1633 3414 Deum
1658 3365 1713 3415 et
1740 3361 1841 3415 ho-
1874 3334 1916 3400 α
1956 3357 2101 3411 lucri
2133 3358 2326 3411 studio
2359 3357 2822 3412 circumveniunt
2853 3358 2908 3411 in
2943 3359 3172 3428 negotio
3201 3359 3406 3414 fratres
3432 3377 3591 3426 suos,

195 3450 388 3506 mines
424 3455 726 3521 przeparat.

265 3539 539 3594 Diximus
572 3539 807 3593 tandem
839 3556 966 3610 qua:
1015 3538 1132 3593 sint
1179 3538 1445 3609 utrisque
1485 3539 1840 3605 communia,

191 3629 467 3683 dicamus
497 3632 554 3682 et
579 3645 705 3698 qua
736 3633 874 3682 sunt
895 3627 1137 3699 privata,
1168 3627 1574 3698 episcopis,vel
1603 3626 1842 3698 reliquis

190 3715 368 3772 cleris
424 3732 673 3786 quorum
725 3717 966 3770 interest
1009 3715 1203 3770 divina
1253 3720 1620 3770 sacramenta
1651 3716 1842 3770 admi-

192 3805 468 3870 nistrare,
533 3805 890 3876 prwcipuum
951 3809 1037 3858 est
1094 3809 1150 3858 et
1212 3803 1528 3874 singulare,
1591 3820 1842 3859 mercem

189 3895 491 3950 cmlestem
526 3899 753 3948 tantum
805 3909 1144 3964 proponere,
1193 3892 1278 3947 vel
1329 3908 1646 3963 exponere;
1682 3892 1843 3948 laicis

191 3988 415 4049 autem,
450 3981 535 4037 vel
568 3983 789 4037 caeteris
820 3981 1116 4037 saecularis
1156 3981 1367 4052 negotii
1417 3981 1845 4052 professoribus

189 4076 486 4128 terrenam
527 4075 757 4126 tantum
809 4076 864 4125 et
915 4070 1281 4136 saecularem;
1329 4069 1560 4124 illorum
1613 4087 1846 4142 quoque

191 4164 281 4216 est
324 4177 449 4215 rem
498 4177 612 4215 non
664 4176 857 4224 suam,
903 4159 1333 4214 contradicente
1389 4175 1455 4213 eo
1513 4161 1683 4229 cujus
1736 4165 1841 4226 est,

190 4265 428 4322 semper
486 4265 825 4321 prOponere,
895 4253 1092 4303 taxare
1144 4253 1199 4303 et
1253 4249 1533 4315 vendere;
1599 4249 1842 4304 istorum

191 4343 390 4394 autem
443 4355 609 4393 suam
671 4337 1042 4393 solummodo
1104 4337 1336 4392 nemine
1387 4338 1840 4393 contradicente.

192 4427 360 4483 Haud
395 4443 565 4483 secus
614 4426 847 4482 illorum
897 4431 986 4482 est
1034 4443 1265 4497 semper
1293 4425 1480 4480 viliter
1511 4427 1846 4482 venundare

193 4532 309 4570 non
342 4517 738 4584 sua;istorum
761 4519 956 4570 autem
981 4515 1074 4569 vix
1094 4514 1409 4585 aliquando
1431 4513 1622 4570 viliter
1640 4514 1848 4570 distra-

193 4603 330 4661 here
363 4621 492 4661 sua.
525 4605 920 4660 Nihilominus
952 4603 1184 4660 illorum
1239 4608 1328 4658 est
1374 4601 1554 4674 gratis
1585 4608 1842 4674 accepta,

1956 3447 2097 3500 dum
2131 3445 2265 3500 vilia
2294 3446 2486 3501 carius
2517 3444 2634 3499 illis
2665 3445 2940 3512 vendunt,
2968 3444 3054 3500 vel
3096 3462 3230 3500 cara
3270 3447 3463 3502 viliter
3491 3465 3596 3503 au-

1954 3534 2167 3589 ferunt.

2026 3624 2224 3678 Restat
2254 3622 2549 3694 aliquibus
2579 3639 2779 3677 eorum
2807 3621 2948 3678 illud
2983 3624 3306 3679 maximum
3345 3626 3598 3682 avaritiae

1955 3713 2208 3778 culmen,
2241 3729 2356 3784 quo
2406 3710 2580 3767 etiam
2630 3712 2861 3766 animas
2902 3729 3042 3768 suas
3091 3713 3322 3769 venales
3361 3715 3597 3784 habent,

1956 3801 2055 3856 ubi
2085 3819 2182 3856 eas
2213 3805 2474 3872 quaestus
2503 3817 2678 3856 causa
2729 3802 3004 3856 sectando
3053 3802 3210 3857 varia
3253 3803 3500 3860 crimina
3546 3810 3603 3860 et

1955 3895 2188 3962 peccata
2216 3890 2582 3959 occidunt,ex
2611 3889 2826 3961 quibus
2847 3891 3113 3961 quamvis
3137 3891 3342 3947 anima:
3365 3892 3599 3948 illorum

1955 3979 2452 4045 morianturﬁdes
2467 3984 2662 4034 tamen
2680 3978 2794 4033 illis
2809 3979 3046 4034 omnino
3063 3996 3177 4035 non
3199 3983 3596 4052 extorquetur.

1953 4068 2076 4123 Non
2107 4068 2297 4124 solum
2330 4068 2486 4123 enim
2520 4067 2692 4123 fidem
2725 4084 2928 4123 sanam
2960 4085 3073 4124 non
3105 4069 3480 4142 impugnant,
3503 4075 3603 4126 aut

1955 4157 2228 4224 refutant,
2264 4159 2364 4212 sed
2396 4157 2662 4212 eamdem
2695 4169 2926 4230 quoque
2965 4157 3099 4214 licet
3150 4159 3259 4214 sibi
3309 4164 3600 4214 mortuam

1954 4246 2125 4303 corde
2154 4250 2211 4301 et
2232 4261 2330 4300 ore
2351 4245 2658 4300 defendere
2683 4245 3134 4312 laborant.Quos
3152 4264 3268 4303 non
3287 4247 3602 4321 incongrue

1953 4335 2056 4390 filii
2089 4335 2293 4390 Ruben
2315 4340 2372 4390 et
2391 4334 2537 4401 Gad,
2566 4339 2623 4389 et
2652 4333 2898 4390 dimidia
2926 4336 3116 4391 tribus
3147 4341 3408 4393 Manasse
3429 4337 3603 4408 signi-

1956 4423 2254 4494 ﬁcant,qui
2281 4423 2489 4478 armati
2505 4422 2820 4478 Jordanem
2845 4428 2978 4478 ante
3001 4423 3206 4480 fratres
3227 4441 3385 4491 suos,
3401 4425 3602 4496 eisque

1954 4517 2168 4567 terram
2203 4510 2674 4583 repromissionis
2708 4511 2928 4582 potenti
2963 4511 3198 4567 brachio
3229 4517 3285 4568 et
3314 4514 3466 4568 ferro
3497 4515 3602 4570 de-

1953 4606 2241 4657 certantes
2264 4599 2656 4672 acquirunt,et
2675 4599 3014 4669 subjiciunt.
3042 4601 3197 4656 Inter
3213 4618 3361 4672 quos
3381 4607 3599 4658 sortem

193 4709 311 4750 non
342 4694 527 4768 gratis
548 4695 962 4763 dare;istorum
987 4711 1120 4749 vero
1143 4697 1231 4748 est
1253 4709 1368 4748 non
1392 4692 1572 4764 gratis
1594 4697 1848 4765 accepta,
1881 4703 1926 4767 [ο
1959 4689 2132 4745 aliam
2154 4689 2268 4744 sibi
2291 4706 2406 4744 non
2430 4687 2755 4758 requirunt,
2786 4689 2885 4742 sed
2925 4689 2995 4743 ad
3025 4705 3194 4744 suam
3226 4705 3406 4761 quam
3437 4695 3601 4746 trans

195 4799 312 4838 non
344 4784 532 4856 gratis
563 4784 720 4839 dare.
763 4784 910 4838 Nam
970 4783 1019 4838 si
1063 4781 1377 4853 diligenter
1424 4781 1844 4837 consideretur.

193 4887 504 4943 nunquam
535 4873 606 4928 ab
632 4872 869 4928 homine
901 4872 1077 4927 homo
1107 4871 1289 4943 gratis
1311 4870 1529 4942 aliquid
1555 4871 1847 4926 commodi

191 4959 567 5031 adipiscitur,
596 4967 699 5017 aut
727 4962 884 5018 enim
918 4978 1021 5034 pro
1053 4959 1353 5031 obsequio,
1387 4963 1488 5015 aut
1526 4976 1629 5030 pro
1659 4960 1848 5016 favore

192 5045 454 5103 humano
491 5049 577 5106 vel
609 5051 817 5122 gratia,
850 5055 952 5105 aut
1001 5066 1102 5122 pro
1154 5048 1691 5120 recompensationc
1723 5067 1844 5105 ma-

191 5134 385 5191 nualis
415 5139 689 5194 muneris
721 5139 932 5211 accipit
962 5138 1117 5211 quod
1149 5137 1380 5209 accipit,
1411 5141 1468 5192 et
1498 5136 1547 5191 si
1581 5153 1684 5209 pro
1729 5138 1846 5194 Deo

187 5223 310 5279 solo
356 5226 428 5280 ab
484 5227 723 5284 homine
771 5229 924 5300 quod
979 5225 1208 5298 accipit,
1254 5224 1437 5280 multo
1491 5225 1680 5297 magis
1729 5243 1845 5281 non

191 5313 373 5383 gratis
403 5316 641 5387 accipit,
673 5318 812 5389 quia
868 5324 926 5373 et
973 5317 1097 5388 ipse
1145 5315 1318 5370 homo
1348 5330 1382 5368 a
1410 5313 1525 5368 Deo
1572 5319 1636 5368 ut
1683 5314 1848 5371 alteri

197 5400 336 5457 dare
366 5405 560 5476 possit
588 5407 829 5478 accepit,
862 5410 918 5462 et
947 5405 1137 5460 dando
1168 5403 1442 5458 meritum
1473 5403 1627 5472 apud
1661 5403 1848 5459 Deum

201 5492 450 5560 reponit,
469 5493 570 5562 qui
603 5494 764 5550 solus
804 5495 931 5550 ideo
955 5511 1125 5549 verus
1156 5497 1246 5548 est
1271 5492 1423 5546 Deus
1453 5494 1509 5544 et
1539 5490 1846 5560 Dominus,

203 5579 503 5647 quoniam.
537 5585 863 5638 secundum
895 5581 1284 5647 Psalmistam,
1309 5580 1595 5634 bonorum
1621 5585 1846 5635 nostro-

205 5681 335 5722 rum
367 5684 482 5722 non
511 5675 640 5740 eget
668 5671 835 5742 (Psal.
868 5689 958 5739 xv,
990 5673 1065 5741 2).
1099 5671 1178 5725 De
1209 5670 1375 5740 cujus
1408 5667 1754 5738 plenissima
1792 5674 1848 5724 et

204 5753 326 5809 solo
356 5755 720 5826 plenitudine
749 5761 923 5818 etiam
955 5759 1222 5830 egregius
1261 5758 1524 5827 Prosper,
1548 5757 1718 5826 juxta
1754 5757 1846 5813 in-

1954 4779 2271 4835 Jordanem
2329 4778 2619 4849 liquerant
2664 4780 2794 4847 post
2844 4793 2907 4832 se
2952 4776 3272 4832 habitaturi
3333 4779 3598 4834 redeunt.

1956 4873 2229 4923 Attamen
2257 4866 2437 4922 altare
2481 4881 2657 4937 super
2704 4865 2901 4937 ipsum
2948 4866 3265 4922 Jordanem
3314 4869 3606 4924 aedificant

1957 4957 2066 5014 sibi
2099 4957 2159 5011 in
2190 4955 2777 5026 testimonium,quod
2800 4955 3085 5011 Dominus
3106 4956 3232 5028 ipse
3253 4958 3331 5012 sit
3353 4957 3606 5027 Deus,ne

1957 5050 2159 5118 postea
2191 5043 2292 5099 filii
2326 5047 2666 5098 ceterarum
2695 5044 2957 5099 tribuum
2993 5051 3236 5116 possent
3257 5045 3448 5102 dicere
3470 5047 3605 5102 ﬁliis

1956 5151 2158 5190 eorum
2185 5150 2198 5188 :
2223 5157 2249 5183 «
2283 5133 2408 5187 Non
2443 5136 2531 5187 est
2550 5133 2713 5188 vobis
2737 5149 2872 5203 pars
2895 5134 2951 5188 in
2979 5135 3245 5203 Domino,
3279 5136 3420 5206 quia
3457 5137 3607 5192 inter

1957 5241 2064 5279 nos
2081 5228 2138 5278 et
2155 5239 2255 5278 vos
2275 5221 2590 5277 Jordanem
2609 5221 2806 5292 posuit
2824 5223 3597 5294 medium(Jos.xvn,25-27).n

1960 5313 2053 5368 Sic
2084 5316 2139 5367 et
2172 5309 2480 5367 saeculares
2512 5309 2731 5381 quique
2761 5314 2818 5365 et
2845 5317 3046 5366 tamen
3077 5311 3272 5367 fideles
3303 5311 3361 5365 in
3400 5316 3604 5367 sancta

1957 5401 2215 5457 Ecclesia
2244 5399 2492 5471 quoties,
2512 5397 2815 5454 catholicis
2846 5399 3195 5470 baptismum
3221 5399 3334 5453 ﬁde
3355 5404 3411 5454 et
3430 5415 3602 5471 opere

1957 5488 2460 5553 conservantibus,
2497 5492 2790 5542 certamen
2823 5488 2953 5542 ﬁdei
2987 5489 3056 5542 ab
3086 5487 3372 5542 hzereticis
3391 5487 3477 5543 vel
3499 5505 3601 5560 pa-

1956 5578 2122 5650 ganis
2156 5577 2440 5639 induitur,
2475 5593 2608 5630 mox
2639 5575 2939 5631 sententiis
2985 5578 3321 5630 sanctorum
3367 5577 3599 5632 Patrum

1964 5666 2272 5736 armati,et
2303 5666 2603 5720 interdum
2634 5661 3200 5736 potentizesaacularis
3224 5664 3598 5735 suﬂ'ulti,fra-

1954 5753 2113 5810 tribu
2195 5755 2320 5810 suis
2367 5770 2470 5824 pro
2515 5751 2629 5807 ﬁde
2648 5749 2994 5823 pugnaturis
3034 5756 3368 5808 accurrunt.
3400 5752 3599 5824 Neque
