3876 6350
200 453 355 517 1089

743 455 1153 520 aovansus
1201 458 1670 523 smouucos
1718 460 1923 525 LIBRI
1965 447 2191 528 rans.
2227 501 2305 512 —
2335 429 2566 529 Linea
2610 456 3046 535 SECUNDUS.

3433 478 3588 544 1090

197 588 414 645 diaboli
439 588 579 662 quid
604 589 806 645 infelix
823 590 1007 645 Judas
1024 591 1271 662 adeptus
1286 591 1382 657 sit,
1406 590 1587 648 Lucas
1603 596 1840 666 apertis-
1870 601 1920 664 Λ
1952 597 2111 668 prius
2135 614 2235 670 per
2257 600 2430 655 ﬁdem
2458 601 2620 657 habit
2637 604 2758 658 ibat
2779 603 2838 659 in
2872 622 3071 661 eorum
3096 608 3368 666 cordibus
3390 629 3590 670 succe-

196 680 345 735 sime
378 679 461 734 sic
483 679 738 734 ostendit
763 697 779 733 :
808 700 835 729 ‹‹
867 678 1105 735 Intravit
1134 680 1379 737 Satanas
1412 680 1468 735 in
1500 682 1712 738 Judam
1736 684 1837 755 qui

195 768 722 841 cognominabatur
751 768 1054 825 Iscariotes
1086 785 1270 823 unum
1319 769 1390 824 de
1422 770 1750 838 duodecim,
1784 776 1838 827 et

194 858 360 926 abiit,
391 861 447 913 et
479 856 709 913 locutus
740 861 829 913 est
850 873 983 913 cum
1005 857 1372 931 principibus
1393 860 1761 916 sacerdotum
1785 865 1842 917 et

194 946 659 1019 magistratibus,
694 946 1192 1018 quemadmodum
1227 946 1391 1005 illum
1426 949 1682 1005 traderet
1728 948 1835 1006 eis.

198 1038 269 1089 Et
296 1034 476 1106 gasivi
505 1039 665 1103 sunt,
705 1038 761 1090 et
792 1034 943 1107 pacti
977 1041 1111 1090 sunt
1146 1035 1454 1108 pecuniam
1486 1036 1569 1091 illi
1601 1038 1758 1105 dare,
1785 1040 1841 1093 et

192 1122 525 1195 spopondit.
560 1124 628 1178 Et
658 1124 951 1195 quaerebat
982 1124 1478 1197 opportunitatem
1503 1129 1566 1180 ut
1587 1126 1841 1181 traderet

192 1211 362 1267 illum
396 1213 521 1267 sine
554 1212 743 1268 turbis
774 1214 903 1267 (Luc
932 1230 1071 1279 χχιι,
1098 1213 1243 1283 3-6).
1282 1236 1309 1261 ››
1343 1213 1403 1269 In
1437 1213 1653 1285 quibus
1684 1231 1841 1270 vera-

191 1302 351 1357 cium
411 1300 900 1375 evangelistarnm
955 1302 1348 1358 veracissimis
1398 1303 1591 1359 verbis
1638 1308 1838 1376 aperte

189 1391 464 1446 innuitur
489 1396 778 1463 quantum
812 1394 1036 1447 reatum
1069 1408 1135 1446 ex
1156 1390 1503 1464 proditionis
1522 1390 1681 1448 illius
1704 1409 1840 1448 con-

192 1480 459 1552 ceptione
493 1480 737 1534 incurrit
767 1480 1027 1552 proditor
1053 1481 1367 1552 pessimus,
1401 1479 1498 1553 qui
1521 1480 1841 1551 licetlonge

193 1574 330 1623 ante
346 1569 533 1640 ipsam
551 1568 937 1640 proditionem
956 1567 1375 1641 fursacrilegus
1391 1569 1579 1637 fuerit,
1606 1571 1839 1641 quando

190 1657 559 1713 Dominicam
616 1658 923 1729 pecuniam
968 1656 1167 1728 egenis
1223 1657 1608 1729 profuturam,
1661 1675 1837 1730 quam

192 1746 521 1802 ministerio
552 1748 838 1819 portabat,
872 1745 1024 1801 furto
1057 1745 1313 1801 aloculis
1342 1747 1701 1819 exportabat,
1724 1764 1836 1803 non

192 1842 391 1892 tamen
419 1835 477 1891 in
503 1852 635 1891 eum
669 1835 937 1890 diabolus
972 1836 1219 1890 intrasse
1250 1835 1483 1907 legitur,
1519 1836 1631 1891 nisi
1664 1836 1837 1892 ubiin

188 1943 293 1981 cor
310 1926 437 1997 ejus
462 1929 521 1979 ut
551 1925 755 1998 prodat
770 1925 1108 1996 Magistrum
1126 1926 1376 1980 mittitur
1398 1944 1409 1993 ;
1428 1926 1581 1997 quod
1600 1925 1647 1981 si
1666 1925 1835 1981 talem

188 2016 579 2071 habitatorem
640 2014 851 2069 meruit
908 2030 973 2069 ex
1033 2013 1155 2068 solo
1207 2015 1556 2086 proditionis
1604 2016 1835 2084 affectu,

188 2104 424 2177 qualem
460 2109 737 2177 putamus
768 2102 977 2158 meruit
1006 2120 1073 2157 ex
1103 2103 1228 2175 ipso
1270 2104 1472 2159 etl'ectu
1497 2104 1525 2159 ‘I
1576 2104 1834 2177 Denique

189 2193 497 2249 sciendum
518 2193 773 2263 estquia,
794 2192 945 2247 sicut
974 2192 1201 2246 bonitas
1222 2192 1441 2263 gradus
1474 2209 1613 2248 suos
1637 2193 1831 2261 habet,

190 2282 410 2354 quibus
452 2281 731 2353 paulatim
784 2281 1147 2336 ascendendo
1192 2281 1441 2353 proficit,
1494 2282 1576 2337 sic
1609 2281 1836 2338 malitia

189 2389 353 2437 suos,
388 2370 603 2443 quibus
635 2370 1029 2425 indesinenter
1058 2371 1127 2425 ad
1190 2371 1385 2443 pejora
1424 2371 1834 2427 descendendo

189 2461 407 2516 deficit.
442 2461 552 2515 Nec
606 2460 819 2515 mirum
853 2476 984 2513 eum
1020 2460 1317 2531 suggestio
1350 2461 1485 2515 boni
1519 2461 1594 2515 sit
1634 2478 1834 2517 semen

190 2551 291 2606 Dei
321 2569 333 2619 ;
364 2550 660 2621 suggestio
693 2552 885 2604 autem
920 2548 1054 2603 mali
1075 2549 1457 2604 nihilominus
1480 2566 1677 2605 semen
1709 2551 1833 2606 dia-

188 2640 427 2695 boli.Et
457 2644 519 2693 ut
550 2654 749 2694 semen
794 2637 914 2705 Dei,
966 2638 1025 2692 in
1080 2638 1289 2693 bonam
1342 2643 1555 2694 terram
1580 2639 1831 2711 jac-tum,

188 2728 516 2786 secundum
557 2726 869 2799 evangelici
903 2726 1162 2799 agricola:
1196 2728 1627 2800 pararabolam,
1669 2729 1833 2801 prius

187 2818 374 2875 mittit
419 2834 676 2889 germen,
731 2816 863 2871 dein
927 2816 1245 2872 fructiferat
1302 2817 1565 2885 herbam,
1625 2818 1834 2873 deinde

185 2907 437 2980 spicam,
479 2906 612 2961 inde
660 2904 898 2978 plenum
950 2906 1307 2961 frumentum
1354 2906 1411 2961 in
1463 2906 1645 2979 spica,
1677 2907 1833 2978 quod

186 2997 391 3054 statim
443 2994 586 3049 falce
638 2994 929 3050 defectum
978 2999 1149 3066 atque
1193 2993 1492 3067 palearum
1552 2994 1833 3051 selectum

186 3085 494 3158 reponitur
523 3083 581 3138 in
640 3081 871 3139 cmleste
925 3083 1196 3138 horreum
1259 3084 1467 3155 (Matth.
1521 3084 1834 3150 xm,lllarc.

186 3192 268 3241 ιν,
300 3176 407 3229 Luc
437 3175 557 3243 Vlll)
585 3192 597 3241 ;
634 3174 712 3227 ita
741 3178 797 3228 et
828 3188 1026 3228 semen
1050 3172 1264 3227 diaboli
1292 3173 1349 3227 in
1371 3172 1526 3228 mala
1547 3175 1837 3231 terrasuis

187 3263 522 3336 augmentis
553 3262 847 3318 contendit
905 3261 1224 3333 provenire,
1259 3266 1322 3316 ut
1383 3279 1517 3317 mox
1555 3263 1625 3319 ad
1658 3281 1833 3320 suum

1948 685 2031 740 dit
2059 688 2129 741 ad
2163 687 2558 745 invadendum
2591 692 2850 764 perfidiae
2875 694 3088 767 hospes
3109 697 3401 756 diabolus.
3426 700 3589 772 Hinc,

1946 774 2044 829 ubi
2082 779 2255 831 tantas
2286 777 2615 850 iniquitatis
2665 787 2951 855 conceptu
3006 786 3398 857 parturientes
3428 792 3591 848 clan-

1947 862 2237 920 destinum
2272 883 2419 939 opus
2441 869 2728 928 mentium
2765 876 3258 949 suarum,quibus
3282 879 3597 938 refundant

1949 950 2169 1037 similes
2198 953 2309 1008 sibi
2334 954 2574 1012 solerter
2603 958 2909 1031 vestigant,
2944 961 3145 1035 eisque
3179 967 3424 1037 repertis
3456 969 3597 1026 talia

1948 1035 2338 1097 insusurrant.
2373 1043 2517 1109 Quid
2546 1046 2722 1102 vultis
2755 1048 2923 1104 nobis
2964 1050 3120 1118 dare,
3174 1035 3261 1108 eti
3294 1072 3400 1118 nos
3432 1058 3595 1116 vobis

1946 1127 2225 1197 Spiritum
2248 1135 2513 1189 sanctum
2538 1134 2826 1191 tradimus
2853 1137 2880 1191 ?
2900 1116 3175 1211 Nunquid
3206 1159 3318 1198 non
3346 1116 3468 1201 haec
3486 1165 3594 1204 vox

1952 1231 2079 1286 qua:
2114 1233 2233 1272 una
2265 1216 2373 1273 fuit
2395 1219 2577 1291 Judaa,
2612 1226 2667 1278 et
2696 1241 2810 1280 uno
2834 1228 3057 1283 tantum
3080 1229 3192 1297 die,
3228 1248 3374 1304 pene
3404 1236 3591 1292 conti-

1954 1322 2069 1359 nua
2102 1309 2159 1359 et
2188 1306 2527 1378 quotidiana
2558 1316 2646 1366 est
2678 1311 2853 1368 istis?

2022 1394 2209 1465 Atque
2243 1395 2465 1451 utinam
2501 1398 2595 1454 hic
2627 1400 2806 1468 milvi,
2833 1405 3152 1471 secundum
3178 1408 3410 1480 Isaiam,
3443 1412 3591 1470 alter

1951 1482 2022 1574 ad
2092 1483 2344 1574 alterum
2434 1485 2491 1540 in
2573 1504 2741 1543 suam
2820 1490 3168 1563 Babylonem
3235 1503 3588 1574 congregati,

1950 1570 2098 1626 hanc.
2123 1573 2434 1630 nefandam
2466 1592 2659 1631 vocem
2696 1577 2807 1632 sibi
2834 1578 3073 1636 invicem
3097 1581 3250 1640 lente
3271 1591 3325 1641 et
3344 1570 3595 1646 tenuiter

1950 1656 2410 1726 insusurrarent,
2437 1666 2493 1717 et
2512 1680 2627 1718 non
2652 1669 2917 1735 proterve
2938 1672 2994 1722 et
3012 1671 3313 1741 granditer
3329 1674 3600 1733 inclama-

1949 1748 2111 1802 rent!
2142 1747 2273 1838 Sed,
2296 1751 2447 1820 quod
2471 1753 2638 1823 pejus
2662 1759 2773 1819 est,
2798 1754 2853 1809 in
2882 1760 3109 1813 tantum
3136 1758 3597 1838 inolevithujus-

1949 1850 2012 1889 ce
2034 1836 2440 1907 negotiationis
2474 1857 2615 1896 usus
2649 1843 2875 1913 utjam,
2897 1845 3053 1902 velut
3083 1864 3150 1902 ex
3168 1836 3508 1911 auctoritate
3539 1860 3597 1913 et

1873 1970 1917 2034 Β
1952 1923 2169 1995 regula,
2205 1925 2457 1997 Spiritus
2484 1934 2721 1986 sanctus
2744 1930 2801 1985 in
2826 1936 3209 1993 sacramentis
3227 1940 3352 1996 suis
3374 1943 3593 2000 venalis

1949 2012 2131 2034 ..--1-...
2176 2016 2357 2034 ___,,,‘I,
2743 2024 2753 2034 ι
2967 2022 2980 2034 ι
3122 2030 3130 2034 .
3253 2032 3258 2034 .
3475 2033 3482 2034 ,

1946 2012 2136 2103 palam
2169 2016 2445 2071 omnibus
2478 2024 2853 2091 proponatur,
2888 2022 3082 2094 palam
3116 2030 3358 2098 texetur,
3394 2033 3586 2103 palam

1946 2101 2198 2172 pretium
2231 2106 2357 2175 ejus
2379 2108 2799 2180 expostuletur,
2824 2110 3039 2181 palam,
3073 2118 3136 2168 ut
3158 2101 3433 2188 creditur,
3458 2138 3589 2179 ven-

1946 2190 2138 2259 datur,
2177 2192 2486 2265 palamque
2513 2204 2762 2262 ematur,
2797 2216 2913 2270 qua
2962 2201 3020 2256 in
3083 2221 3140 2259 re
3190 2207 3586 2268 sceleratiores

1946 2284 2083 2333 sunt
2115 2280 2567 2340 sceleratissimo
2603 2286 2780 2353 Juda,
2830 2289 2928 2360 qui
2980 2292 3390 2366 proditionem,
3426 2301 3587 2358 nullo

1949 2369 2120 2423 modo
2151 2372 2549 2428 attentandam
2574 2390 2607 2429 a
2635 2374 2837 2446 quovis
2862 2377 2948 2432 vel
2970 2377 3240 2447 latenter,
3264 2389 3587 2446 attentavit.

1948 2457 2109 2521 Quod
2144 2457 2193 2513 si
2228 2458 2381 2514 inter
2410 2460 2523 2516 alia
2578 2462 2894 2520 Dominum
2954 2471 3137 2523 Deum
3190 2470 3365 2528 etiam
3392 2492 3459 2530 ex
3482 2477 3591 2534 hoc

1949 2546 2287 2603 immaniter
2327 2549 2568 2605 offendit
2614 2553 2766 2623 quod
2820 2553 3293 2615 inaestimabilem
3354 2565 3591 2623 arbitrio

1944 2634 2279 2725 Judreorum
2304 2638 2748 2708 appretiandum
2772 2640 3029 2713 reliquit,
3050 2648 3106 2699 et
3126 2648 3278 2718 quod
3295 2648 3589 2725 incompa-

1945 2724 2188 2779 rabilem
2220 2726 2362 2780 adeo
2395 2727 2778 2800 parvipendit,
2833 2734 2896 2786 ut
2944 2732 3316 2793 denariorum
3342 2724 3587 2800 numero

1945 2828 2075 2867 cum
2109 2814 2360 2869 traderet
2391 2816 2671 2886 profanis,
2697 2834 2811 2890 quo
2834 2818 3003 2876 ibunt
3029 2839 3063 2877 a
3084 2823 3302 2896 Spiritu
3330 2827 3452 2896 Dei,
3476 2836 3533 2886 et
3552 2851 3587 2887 a

1945 2902 2087 2956 faeie
2107 2903 2255 2972 ejus,
2279 2919 2395 2974 quo
2416 2905 2770 2977 fugientisti,
2785 2909 2883 2979 qui
2902 2926 3055 2965 nunc
3069 2929 3195 2981 suo,
3220 2932 3375 2971 nunc
3397 2918 3586 2978 alieno

1948 2991 2185 3048 arbitrio
2208 2992 2402 3064 ipsum
2426 2993 2709 3066 Spiritum
2734 3002 3004 3054 sanctum
3029 3004 3356 3074 appretiare
3377 3007 3587 3078 solent,

1948 3080 2205 3152 adeoque
2227 3081 2455 3137 minimi
2490 3082 2731 3150 faciunt,
2766 3089 2830 3140 ut
2868 3103 2983 3142 non
3032 3090 3224 3147 solum
3270 3110 3588 3166 paucorum

1949 3168 2664 3243 summulanummorum,
2688 3191 2891 3231 verum
2915 3176 3087 3233 etiam
3105 3181 3591 3262 piget,pudetque

1947 3260 2157 3328 dicere,
2193 3277 2294 3332 pro
2326 3277 2489 3329 cane,
2524 3279 2648 3327 sue,
2670 3264 2964 3337 accipitre,
3006 3271 3061 3323 et
3091 3268 3374 3344 relinquis
3406 3260 3590 3347 quali-

186 3353 489 3427 perveniat
546 3351 760 3418 locum,
793 3354 1136 3423 perpetuum
1198 3349 1421 3407 scilicet
1476 3351 1834 3411 incendium.
1868 3339 1911 3410 C
1946 3349 2310 3420 buscunque,
2338 3355 2395 3405 et
2424 3350 2827 3422 hujuscemodi
2876 3354 3119 3411 xeniolis
3174 3339 3440 3418 vendere-
3466 3382 3583 3421 non

186 3442 389 3515 Neque
419 3441 576 3497 enim
608 3440 922 3512 quisquam
956 3444 1190 3511 repente
1243 3440 1307 3494 fit
1353 3439 1510 3496 imus
1565 3441 1623 3496 in
1660 3442 1837 3513 malo,

189 3531 346 3587 sicut
377 3547 547 3586 nemo
580 3534 814 3602 repente
844 3546 1112 3584 summus
1143 3528 1201 3582 in
1233 3529 1404 3584 bono.

266 3618 429 3674 Unde
446 3622 501 3674 et
522 3634 721 3673 semen
744 3616 1015 3672 diabolici
1048 3616 1169 3671 lolii
1196 3617 1253 3672 in
1278 3634 1377 3673 cor
1401 3618 1641 3690 pessimi
1670 3619 1834 3676 Judze

178 3710 414 3781 jactum
459 3707 622 3779 prius
681 3705 904 3762 occulte
962 3705 1308 3780 germinavit
1355 3706 1832 3766 deliberationem

186 3797 562 3872 proditionis,
594 3795 802 3851 deinde
833 3800 1028 3868 aperte
1059 3796 1253 3867 erupit
1284 3795 1525 3851 herbam
1549 3798 1834 3869 pestifera:

189 3885 667 3951 machinationis,
683 3885 781 3940 ubi
804 3885 1073 3940 abeundo
1094 3889 1149 3940 et
1164 3885 1449 3957 loquendo
1463 3885 1595 3943 inde
1610 3888 1833 3945 Judaeis

183 3976 380 4033 verbis
415 3974 561 4042 suis,
595 3974 752 4029 velut
780 3972 1216 4030 luxuriantibus
1266 3975 1375 4030 sibi
1437 3975 1589 4031 foliis
1621 3978 1834 4035 umbra

183 4065 463 4137 nequitiae
495 4082 635 4133 suae,
670 4062 764 4120 alii
800 4064 1008 4119 semini
1042 4081 1292 4136 nequam
1327 4064 1396 4119 ad
1424 4065 1829 4124 mortiﬁcando

181 4153 595 4229 principalem,
628 4151 988 4225 etsingulare
1002 4170 1251 4225 granum
1271 4155 1547 4210 frumenti
1565 4172 1830 4212 commu-

177 4244 416 4301 nicavit.
448 4244 672 4310 Quibus
703 4243 842 4297 dum
873 4242 1168 4316 superhoc
1210 4243 1427 4316 gavisis
1446 4248 1503 4300 et
1521 4245 1829 4317 pecuniam

181 4351 365 4407 super
392 4333 499 4389 hoc
548 4332 1010 4406 pasciscentihus
1050 4334 1383 4405 spopondit,
1417 4333 1574 4390 velut
1604 4336 1828 4409 spicam

184 4422 447 4497 protulit,
471 4440 598 4495 quae
620 4422 1007 4492 adolescebat,
1030 4422 1172 4477 dum
1197 4423 1463 4479 tradendi
1489 4426 1828 4497 opportuni-

176 4516 361 4569 tatem
395 4513 689 4585 quaerebat
746 4511 955 4583 (Matth.
1018 4529 1172 4579 xxvi,
1207 4513 1292 4582 15,
1330 4513 1441 4585 16),
1501 4519 1557 4569 et
1587 4515 1823 4587 plenum

180 4600 390 4657 lolium
423 4601 480 4657 in
514 4619 637 4657 sese
656 4600 938 4668 exhibuit,
963 4602 1198 4673 quando
1220 4601 1591 4659 traditionem
1644 4604 1826 4661 osculi

1947 3439 2262 3494 dubitent?
2294 3439 2719 3496 Inazstimabilis
2748 3441 2904 3498 enim
2934 3443 3116 3515 culpae
3146 3452 3235 3503 est
3255 3448 3583 3510 Creatorem

1946 3527 2071 3581 σα)ιὶ
2104 3531 2159 3583 et
2184 3531 2347 3582 terra:
2378 3544 2481 3599 pro
2513 3529 2948 3599 quantumlibet
2978 3549 3212 3607 magna,
3244 3541 3301 3593 et
3330 3541 3585 3611 pretiosa

1945 3633 2134 3672 merce
2162 3616 2306 3672 velle
2336 3616 2676 3673 distrahere.
2725 3618 2881 3690 Ideo,
2925 3622 3079 3678 sicut
3126 3642 3306 3698 supra
3346 3629 3580 3702 dicitur,

1942 3705 2304 3763 intolerabile
2335 3706 2559 3763 facinus
2581 3713 2917 3780 perpetrant
2936 3712 3400 3790 quotiescunque
3427 3723 3582 3793 quod

1944 3796 2287 3869 pretiosum,
2311 3800 2366 3851 et
2388 3812 2565 3868 super
2586 3797 2785 3853 omnia
2811 3815 3012 3856 carum
3037 3806 3124 3858 est
3145 3803 3337 3861 viliter
3359 3825 3581 3866 venun~

1943 3886 2081 3941 dare
2112 3888 2357 3940 tentant.
2391 3885 2537 3949 Quid
2564 3885 2720 3942 enim
2751 3888 2944 3945 carius
2991 3894 3047 3946 et
3075 3893 3389 3963 pretiosius
3422 3902 3532 3954 Deo
3552 3899 3581 3955 ‘I

1942 3975 2121 4046 Cujus
2153 3974 2668 4047 incomparabilem
2718 3977 3140 4050 excellentiam,
3202 3984 3311 4040 sub
3345 3987 3581 4044 nomine

1941 4063 2258 4137 sapientiae,
2293 4064 2538 4136 Sapiens
2570 4065 2653 4121 sic
2685 4069 3076 4139 commendat,
3101 4070 3338 4131 dicens:
3375 4099 3401 4125 ‹‹
3426 4076 3582 4133 Nihil

1940 4170 2067 4209 esse
2098 4154 2234 4209 duxi
2268 4154 2326 4209 in
2376 4156 2812 4227 comparatione
2864 4156 3062 4228 illius;
3093 4178 3199 4217 nec
3252 4166 3582 4238 comparavi

1938 4241 2024 4298 illi
2054 4242 2308 4315 lapidem
2348 4242 2693 4315 pretiosum,
2744 4247 3021 4318 quoniam
3074 4267 3245 4308 omne
3284 4270 3491 4311 aurum
3523 4255 3581 4312 in

1940 4333 2374 4405 comparatione
2404 4332 2565 4389 illius
2597 4351 2775 4390 arena
2800 4341 2888 4392 est
2917 4338 3143 4411 exigua,
3185 4346 3253 4397 et
3300 4347 3581 4418 tanquam

1938 4420 2127 4477 lutum
2159 4422 2549 4477 aestimabitur
2579 4428 2888 4497 argentum
2939 4427 2999 4482 in
3057 4436 3368 4503 conspectu
3399 4433 3579 4502 illius,

1939 4510 2217 4584 quoniam
2242 4511 2717 4584 inexstinguibile
2740 4519 2830 4569 est
2858 4514 3056 4572 lumen
3099 4517 3279 4577 illius.
3306 4521 3577 4581 Inﬁnitus

1937 4600 2095 4656 enim
2118 4600 2429 4656 thesaurus
2454 4607 2542 4656 est
2572 4601 2912 4660 hominibus
2937 4605 3088 4677 (Sap.
3136 4621 3237 4675 vn,
3260 4610 3428 4682 8-14).
3460 4633 3488 4660 »
3510 4612 3580 4668 Et

181 4690 355 4780 signo
387 4689 624 4763 perfecit
650 4690 833 4759 (Ibz'd.,
856 4690 962 4761 49).
996 4690 1099 4780 cui
1132 4691 1365 4746 tandem
1397 4690 1513 4746 falx
1559 4695 1827 4766 accessit,
1860 4716 1905 4780 Ι)
1939 4693 2072 4761 post
2103 4707 2324 4780 pauca:
2350 4713 2375 4739 ‹‹
2402 4689 2676 4780 Εδιθᾷηἰφ
2725 4690 2784 4745 in
2837 4691 2937 4748 illa
2985 4695 3228 4765 spiritus
3251 4696 3580 4758 intellectus

179 4779 286 4835 ubi
317 4779 524 4852 laqueo
557 4796 882 4851 suspensus
916 4779 1142 4835 medius
1172 4780 1415 4852 crepuit,
1456 4785 1513 4837 et
1542 4782 1600 4839 in
1632 4782 1824 4840 locum

179 4884 358 4925 suum
391 4870 759 4941 reponendus
789 4869 924 4924 hinc
954 4868 1098 4924 abiit
1127 4870 1263 4937 (Act.
1302 4869 1472 4942 1,18).
1503 4872 1683 4943 Cujus
1701 4890 1828 4946 pro-

179 4957 523 5031 pinquiores
549 4973 830 5030 sequaces
861 4958 1048 5014 etl‘ecti
1078 4958 1414 5026 Simoniaci,
1464 4977 1579 5015 non
1613 4962 1823 5018 minori

178 5045 425 5102 avaritia
479 5047 550 5103 ad
609 5046 717 5102 hoc
763 5064 950 5118 usque
982 5046 1385 5113 devolvuntur,
1443 5053 1507 5103 ut
1538 5049 1822 5122 Spiritum

178 5140 455 5191 sanctum
468 5137 710 5209 prodere
724 5140 1027 5191 conentur.
1045 5135 1187 5191 Cum
1203 5152 1318 5208 qua
1332 5153 1439 5192 sua
1455 5137 1823 5196 immissione

178 5223 450 5281 diabolus
468 5226 643 5281 corda
664 5242 887 5290 eorum,
906 5224 1159 5280 effractis
1182 5225 1403 5280 foribus
1424 5226 1578 5296 fidei,
1605 5227 1828 5284 scilicet

174 5313 388 5369 timore
420 5318 476 5369 et
506 5331 723 5381 amore,
756 5313 1044 5369 violentus
1078 5313 1274 5381 intrat,
1296 5313 1393 5385 qui
1423 5313 1709 5372 hactenus
1741 5318 1825 5374 eis

174 5403 433 5458 exterius
464 5403 795 5470 assistebat,
828 5403 967 5459 dum
1001 5401 1115 5458 alia
1147 5402 1398 5458 avaritia:
1422 5402 1823 5464 malaillectos

178 5490 623 5564 supplantabat,
657 5509 728 5547 ne
763 5496 958 5547 tamen
990 5491 1476 5563 qualemcumque
1509 5493 1686 5549 fidem
1720 5495 1821 5551 Dei

170 5581 247 5637 ab
281 5596 487 5635 eorum
519 5580 792 5636 cordibus
823 5580 1119 5637 elimabat.
1178 5587 1254 5636 At
1306 5596 1457 5650 mox,
1511 5587 1574 5637 ut
1603 5584 1674 5639 de
1706 5585 1821 5641 Deo

167 5668 391 5729 sentire
411 5684 589 5740 prava
610 5673 665 5725 et
682 5670 878 5725 conari
910 5669 1059 5739 licet,
1081 5670 1264 5726 celam
1289 5687 1401 5725 non
1425 5675 1715 5739 metuunt,
1755 5674 1817 5728 ti-

166 5759 306 5821 dem
345 5756 588 5817 omnino
609 5757 885 5837 perdunt,
907 5758 1106 5834 sicque
1128 5759 1418 5819 secedenti
1443 5759 1693 5836 Christo,
1718 5764 1821 5842 qui

1936 4778 3578 4858 sanctus,unicus,multiplex,subtilis,mobilis,disertus,

1936 4869 2440 4940 ineoinquinatus,
2466 4872 2576 4925 etc.
2601 4870 2781 4941 (ibz‘d.,
2802 4872 2957 4943 22).»
2993 4874 3200 4931 Beatus
3223 4893 3458 4949 quoque
3471 4878 3580 4935 Job

1937 4957 2071 5013 inde
2088 4958 2200 5013 ait:
2223 4958 2447 5013 «Nescit
2463 4958 2638 5013 homo
2659 4959 2907 5031 pretium
2928 4962 3076 5033 ejus.
3093 4964 3217 5020 Non
3236 4966 3585 5023 dabiturau-

1936 5065 2068 5102 rum
2085 5047 2347 5103 obrisum
2366 5065 2468 5119 pro
2489 5065 2577 5116 ea,
2616 5065 2720 5103 nec
2760 5051 3126 5122 appendetur
3172 5061 3484 5127 argentum
3524 5058 3582 5113 in

1936 5137 2389 5193 commutatione
2412 5138 2562 5208 ejus.
2583 5137 2708 5193 Non
2728 5139 3026 5197 confertur
3043 5141 3243 5201 tinctis
3258 5146 3315 5201 in
3330 5146 3421 5202 die
3439 5145 3583 5203 colo-

1936 5226 2121 5295 ribus,
2147 5244 2251 5282 nec
2276 5226 2454 5298 lapidi
2490 5227 2798 5284 sardonico
2830 5231 3281 5301 pretiosissimo,
3332 5235 3418 5290 vel
3448 5252 3578 5307 sap-

1935 5315 2123 5387 phiro.
2149 5316 2271 5371 Non
2303 5317 2707 5388 adaequabitur
2727 5317 2778 5374 ei
2805 5336 3039 5385 aurum,
3074 5340 3177 5378 nec
3206 5323 3440 5392 vitrum,
3471 5340 3576 5379 nec

1934 5406 2457 5459 commutabuntur
2488 5423 2593 5477 pro
2622 5423 2689 5461 ea
2718 5423 2856 5462 vasa
2886 5410 3033 5464 auri.
3070 5408 3301 5464 Excelsa
3342 5415 3399 5465 et
3428 5410 3570 5466 emi-

1933 5493 2128 5549 nentia
2162 5510 2276 5549 non
2311 5496 2800 5550 memorabuntur
2856 5496 2912 5550 in
2966 5496 3392 5569 comparatione
3424 5500 3570 5570 ejus.

1928 5582 2206 5638 Trahitur
2237 5587 2433 5639 autem
2469 5584 2755 5655 sapientia
2787 5585 2856 5639 de
2874 5584 3141 5641 occultis.
3168 5585 3290 5640 Non
3309 5588 3575 5660 adaequa-

1926 5671 2088 5727 bitur
2118 5672 2169 5727 ei
2200 5673 2491 5745 topazium
2521 5674 2592 5729 de
2617 5673 2922 5745 Ethiopia,
2958 5690 3063 5730 nec
3094 5674 3361 5733 tinctura:
3400 5694 3569 5735 mun-

1932 5760 2190 5821 dissimae
2225 5766 2613 5839 componatur
2640 5763 2754 5840 (Job
2783 5778 2980 5834 xxvm,
3016 5763 3085 5821 13
3113 5763 3223 5840 19).
3258 5786 3288 5819 ››
3310 5766 3418 5836 Qui
3440 5770 3587 5843 post’
