3876 6356
305 417 452 484 1091

1347 413 1748 478 HUMBERTI
1793 415 1855 474 s.
1901 411 1976 474 Β.
2021 403 2093 474 E.
2139 399 2629 473 CARDINALIS.

3575 395 3758 468 1.92

305 569 491 626 pauca
507 548 754 606 breviter
779 545 1042 617 aperiens
1066 547 1208 618 quid
1233 547 1309 601 sit
1329 546 1632 617 sapientia,
1650 561 1716 598 ex
1737 560 1930 614 perso-
1960 543 2016 610 Α
2046 544 2488 610 catechismum,
2523 543 2902 613 baptismum,
2921 542 2978 595 et
2989 537 3264 612 perfectae
3287 535 3756 626 Christianita-

305 657 382 696 na
401 638 500 695 Dei
534 635 673 692 dicit
694 634 952 689 homini:
993 657 1012 683 a
1049 635 1190 688 Ecce
1221 634 1397 688 timor
1427 631 1653 687 Domini
1686 632 1812 702 ipsa
1851 635 1938 686 est

305 725 615 798 sapientia,
673 727 728 778 et
775 722 1041 777 recedere
1101 739 1135 776 a
1185 720 1338 776 malo
1397 719 1782 792 intelligentia
1815 720 1936 786 (Job

301 832 498 880 xxvm,
525 814 634 879 28).
667 827 697 880 ξ)
728 810 872 864 IIinc
923 811 1123 864 beatus
1153 809 1558 880 Hieronymus,
1621 808 1680 862 in
1711 807 1936 879 exposi-

302 903 458 958 tione
487 898 791 965 Zachariae,
828 896 938 951 ait:
966 919 993 946 ‹‹
1027 897 1291 952 Salvator
1339 896 1590 967 pretium
1649 913 1844 962 suum,
1879 895 1936 949 id

303 996 393 1047 est
422 986 765 1059 majestatis,
797 985 854 1039 in
888 1003 997 1040 xxx
1019 1003 1262 1040 cernens
1286 985 1596 1056 argenteis,
1621 989 1677 1039 et
1699 989 1814 1038 tam
1839 983 1936 1038 vili

304 1078 566 1134 mercede
599 1091 658 1131 se
689 1073 981 1146 proditum
1015 1073 1234 1129 ironice
1266 1073 1385 1128 ait:
1418 1095 1445 1121 ‹‹
1495 1073 1776 1127 Decorum
1809 1088 1935 1142 pre-

303 1167 450 1222 tium
486 1181 598 1236 quo
628 1161 984 1234 appretiatus
1014 1179 1145 1216 sum
1192 1162 1264 1216 ab
1308 1161 1390 1216 eis
1421 1161 1599 1232 (Zach.
1659 1178 1734 1224 x1,
1771 1161 1870 1231 I3).
1907 1181 1934 1208 ››

306 1255 422 1309 Hoc
452 1257 646 1308 autem
675 1254 762 1306 est
793 1251 1099 1321 legendum
1135 1266 1268 1304 cum
1325 1248 1591 1303 irrisione
1650 1247 1930 1302 dicentis:

305 1343 538 1396 «Tanto
563 1356 655 1394 me
685 1338 937 1410 populus
968 1355 1154 1402 meus,
1216 1342 1273 1392 et
1325 1353 1608 1408 pauperes
1639 1337 1934 1406 quondam

302 1431 514 1503 gregis,
547 1432 604 1482 et
632 1445 665 1482 a
694 1442 785 1482 me
807 1425 968 1481 electi
992 1427 1048 1480 in
1073 1425 1245 1490 ﬁlios,
1265 1426 1577 1480 emendum
1602 1429 1773 1495 atque
1797 1442 1933 1478 ven-

303 1519 559 1574 dendum
589 1515 774 1587 pretio
794 1513 1202 1583 judicaverunt
1234 1513 1246 1567 l
1283 1535 1310 1562 »

921 1619 1155 1674 CAPUT
1193 1619 1301 1673 XX.

306 1714 439 1781 Quot
467 1709 937 1766 maledictionibus
964 1725 1086 1761 cum
1113 1706 1246 1781 {adq
1269 1705 1932 1781 Simoniacz:subjaceant,

530 1784 578 1836 et
609 1781 845 1852 qualiter
873 1796 1089 1834 omnem
1118 1779 1416 1832 Ecclesium
1447 1778 1696 1832 vendant.

373 1870 534 1925 Haud
569 1885 734 1923 secus
749 1868 854 1921 hos
869 1865 1166 1922 haereticos
1181 1865 1746 1920 nefandiambitione
1775 1882 1931 1920 com-
1961 1901 2008 1965 Β

303 1958 498 2013 mercii
531 1956 861 2026 dirumpere
881 1954 1113 2008 vincula
1132 1954 1468 2008 Christiana:
1492 1952 1655 2024 legis,
1679 1958 1733 2008 et
1754 1953 1930 2025 proji-

300 2064 425 2102 cere
456 2063 488 2100 a
519 2046 806 2116 sejugum
862 2041 1185 2114 apostolicae
1235 2041 1554 2112 disciplinae
1586 2046 1928 2112 quaarentes,

302 2135 400 2207 qui
431 2134 654 2189 habitat
683 2133 741 2186 in
774 2131 932 2186 cmlis
963 2131 1168 2185 irridet
1197 2134 1253 2185 et
1284 2131 1610 2185 subsannat
1667 2130 1831 2200 (Psal.
1867 2147 1929 2196 II,

300 2223 441 2294 3-1:),
476 2221 573 2277 ubi
607 2221 978 2290 impudenter
1007 2218 1354 2289 negotiando
1378 2219 1448 2272 de
1471 2218 1586 2273 Deo
1610 2217 1752 2271 nihil
1784 2218 1934 2272 inve-

303 2312 471 2366 niunt
500 2311 558 2364 in
593 2308 865 2363 manibus
924 2307 1047 2362 suis
1079 2307 1251 2378 (Psal.
1288 2324 1451 2373 Lxxv,
1499 2307 1575 2376 6),
1639 2306 1748 2361 nisi
1780 2307 1929 2376 quod

301 2399 486 2455 Judas
517 2401 573 2452 et
603 2395 786 2451 Judaei
819 2395 875 2448 in
910 2396 1054 2460 suis,
1083 2398 1419 2466 perpetuam
1445 2394 1666 2449 scilicet
1691 2393 1932 2448 maledi-

304 2487 552 2542 ctionem
613 2489 668 2538 et
722 2483 1180 2546 damnationem,
1245 2481 1400 2553 quia,
1461 2481 1720 2552 exemplo
1747 2481 1930 2548 Judaz,

305 2575 455 2628 ﬁunt
487 2571 588 2626 ﬁlii
621 2587 816 2626 eorum
853 2570 1095 2641 orphani
1129 2571 1296 2640 (Psal.
1319 2587 1474 2638 cvm,
1497 2570 1573 2638 9),
1606 2574 1660 2623 et
1685 2587 1823 2622 uxor
1850 2568 1931 2624 vi-

303 2663 439 2728 dua,
474 2660 608 2732 quia
640 2658 942 2730 sanguinis
964 2658 1174 2712 Christi
1202 2674 1377 2729 super
1397 2675 1494 2712 eos
1514 2661 1570 2712 et
1591 2675 1766 2728 super
1788 2657 1935 2713 ﬁlios

303 2765 502 2806 eorum
564 2747 754 2818 (Matth
810 2764 988 2810 xxvu,
1047 2747 1158 2817 25),
1221 2751 1284 2800 ut
1338 2746 1682 2810 vindicetur,
1719 2749 1930 2800 manet.

303 2839 558 2902 Quorum
591 2835 760 2907 plane
793 2834 897 2888 ﬁlii
929 2835 998 2889 ab
1030 2835 1157 2905 ipsa
1187 2834 1561 2905 conceptione
1583 2851 1690 2888 sua
1714 2833 1932 2888 etnati-

303 2927 479 2981 vitate
512 2925 660 2978 ﬁunt
693 2923 958 2990 orphani,
993 2922 1131 2993 quia
1161 2923 1285 2976 sine
1315 2923 1429 2977 Deo
1455 2923 1659 2987 Patre;
1683 2927 1741 2976 et
1771 2939 1930 2989 uxor,

306 3013 526 3069 scilicet
556 3011 750 3082 plebes
781 3027 1002 3076 eorum,
1065 3011 1259 3074 vidua,
1318 3011 1456 3081 quia
1513 3011 1638 3065 sine
1675 3009 1934 3081 legitimo

307 3100 534 3166 marito,
569 3098 814 3153 Christo.
851 3097 1010 3152 Unde
1028 3103 1266 3168 apparet
1287 3097 1586 3152 haereticos
1607 3099 1934 3169 generando

308 3189 477 3254 mori,
512 3203 759 3258 quorum
792 3202 936 3239 uxor
967 3186 1139 3238 vidua
1170 3190 1447 3251 remanet,
1473 3193 1528 3240 et
1549 3185 1929 3256 ﬁliicrpbani.

307 3278 374 3332 Et
406 3293 530 3331 vere
554 3275 783 3345 penitus
807 3274 918 3328 Deo
942 3273 1288 3337 moriuntur,
1319 3273 1414 3327 ubi
1438 3279 1932 3328 sacramentorum
1965 3256 2006 3320 (ἶ

306 3367 433 3436 ejus
463 3364 708 3436 gratiam
742 3379 1005 3433 perverse
1038 3362 1180 3416 alios
1205 3362 1524 3416 ordinando
1544 3363 1788 3416 vendere
1819 3379 1932 3417 non

303 3458 596 3518 verentur,
631 3457 693 3506 ut
725 3450 826 3504 ﬁlii
891 3451 1218 3518 amborum,
1254 3449 1484 3504 nonnisi
1529 3450 1794 3522 orphani,
1828 3468 1933 3505 na-

306 3546 562 3608 scantur,
596 3539 732 3610 quia
765 3557 894 3594 mox
926 3539 1280 3610 sempiterno
1312 3539 1475 3594 Patre
1497 3539 1794 3604 orbantur,
1835 3538 1935 3592 ubi

306 3629 681 3686 sacramentis
714 3644 838 3698 quae
872 3629 1022 3698 apud
1058 3627 1356 3682 haereticos
1388 3627 1662 3681 dicuntur
1697 3627 1932 3680 initian-

305 3725 418 3773 tur.
454 3716 675 3782 Quibus
709 3717 922 3786 pariter
951 3716 1020 3770 ad
1056 3733 1171 3770 suae
1195 3714 1588 3770 damnationis
1633 3715 1933 3769 cumulum

305 3806 602 3874 accrescit,
637 3809 700 3859 ut
731 3821 762 3859 a
790 3804 1156 3876 generatione
1187 3821 1384 3858 eorum
1411 3803 1740 3862 requiratur
1777 3803 1934 3858 blas—

304 3894 538 3967 phemia
566 3893 817 3964 Spiritus
849 3891 1054 3958 sancti,
1085 3893 1184 3964 qui
1234 3897 1321 3948 est
1377 3892 1641 3947 remissio
1673 3897 1932 3964 peceato-

307 3999 458 4049 rum,
485 3981 721 4036 sicutab
737 3981 938 4036 insano
951 3982 1101 4035 Juda
1118 3981 1419 4052 etperﬁdis
1441 3981 1680 4048 Judzeis,
1699 3981 1937 4052 sanguis

307 4070 538 4136 Christi,
563 4069 661 4140 qui
686 4071 908 4124 ell'usus
931 4069 1094 4124 estin
1129 4069 1529 4123 remissionem
1547 4075 1935 4139 peccatorum.

307 4159 562 4222 Quorum
595 4157 980 4212 substantiam
1008 4174 1238 4211 omnem
1265 4157 1520 4228 perﬁdus
1541 4157 1636 4212 ille
1655 4158 1942 4212 fenerator

305 4261 676 4302 mammonae
731 4262 835 4316 pro
891 4245 1328 4299 accommodato
1397 4244 1480 4300 eis
1533 4246 1782 4316 perﬁdia:
1823 4263 1940 4300 suae

309 4351 550 4391 nummo
576 4337 890 4398 scrutatur,
917 4333 1260 4406 laboresque
1283 4350 1482 4388 eorum
1507 4334 1787 4405 diripiunt
1808 4332 1941 4388 alie-

309 4423 366 4478 ni
389 4423 495 4490 illi,
521 4439 770 4494 quorum
789 4439 958 4478 voces
991 4439 1104 4477 non
1131 4425 1420 4478 noverunt
1447 4439 1578 4477 oves
1609 4421 1844 4477 Christi.
1878 4422 1946 4476 Et

311 4511 408 4584 qui
439 4511 630 4584 plura,
663 4527 795 4566 cum
823 4511 1088 4583 psalmus
1117 4512 1188 4565 de
1219 4528 1333 4581 quo
1381 4510 1501 4564 haec
1551 4511 1796 4565 strictim
1847 4511 1942 4565 de-

2047 631 2122 685 tis
2155 629 2412 702 sigillum
2438 631 2718 694 vendunt,
2735 627 2956 683 scilicet
2977 628 3218 699 aprimo
3240 624 3479 698 pabulo
3513 625 3752 680 sacrati

2049 718 2188 774 salis
2217 736 2400 790 usque
2423 719 2492 774 ad
2515 717 3018 773 conﬁrmationem
3047 733 3154 788 per
3177 716 3588 788 episcOpum,
3617 730 3756 785 qua:

2049 811 2136 862 est
2167 808 2417 879 septima
2444 809 2944 862 sacramentorum
2968 803 3476 876 regenerationis,
3521 819 3757 857 secun-

2047 896 2187 950 dum
2211 895 2481 951 eumdem
2512 892 2948 964 septemplicem
2979 891 3390 963 Spiritum,ad
3419 889 3758 948 remissio-

2047 1001 2178 1039 nem
2212 983 2475 1038 omnium
2509 985 2899 1054 peccatorum.
2923 981 2992 1035 Et
3011 980 3135 1034 haec
3155 980 3412 1052 quidem
3427 979 3754 1046 vendunt,

2045 1071 2507 1144 quotiescunque
2537 1069 2810 1125 ordinant
2839 1067 3024 1141 pretio
3047 1068 3392 1140 episcopos,
3419 1067 3754 1140 presbyte-

2045 1177 2163 1228 ros,
2196 1159 2475 1230 aliosque,
2509 1175 2757 1229 quorum
2791 1157 2986 1213 ofﬁcia
3042 1157 3487 1228 regeneratrici
3527 1157 3752 1228 gratia:

2045 1249 2104 1303 in
2135 1247 2389 1304 Ecclesia
2444 1245 2727 1301 catholica
2783 1246 3140 1301 deserviunt.
3192 1243 3652 1300 Nihilominus
3687 1244 3748 1298 in

2043 1336 2406 1402 diaconibus,
2439 1334 2722 1406 quidquid
2755 1336 3262 1389 sacramentorum
3325 1333 3394 1387 in
3433 1333 3754 1389 diaconos

2043 1425 2308 1496 pertinet;
2329 1423 2384 1476 in
2399 1421 2854 1480 subdiaconibus
2873 1421 3160 1493 quidquid
3176 1422 3248 1477 ad
3265 1421 3748 1490 subdiaconos;

2042 1512 2100 1566 in
2135 1511 2374 1583 acolytis
2398 1509 2682 1582 quidquid
2701 1510 2774 1564 ad
2793 1509 3046 1582 acolytos
3071 1528 3086 1577 ;
3112 1510 3171 1564 in
3193 1509 3542 1565 exorcistis
3567 1511 3751 1582 quid-

2045 1601 2184 1672 quid
2207 1601 2279 1655 ad
2309 1599 2622 1655 exorcistas
2648 1616 2660 1665 ;
2685 1597 2743 1652 in
2765 1597 3082 1654 lectoribus
3103 1597 3412 1670 quidquid
3439 1599 3528 1653 ad
3555 1597 3752 1654 lecto-

2043 1706 2134 1744 res
2159 1707 2171 1756 ;
2198 1688 2257 1742 in
2283 1687 2532 1744 ostiariis
2557 1686 2840 1758 quidquid
2865 1686 2938 1742 ad
2952 1686 3318 1756 ostiarios;in
3337 1685 3544 1742 cleris
3569 1688 3752 1759 quid-

2043 1778 2182 1849 quid
2207 1779 2276 1832 ad
2297 1777 2500 1842 cleros,
2519 1775 2576 1830 in
2596 1773 2911 1830 oeconomis
2923 1774 3213 1846 quidquid
3235 1775 3309 1830 ad
3326 1791 3750 1842 aeconomos;

2041 1865 2098 1919 in
2131 1864 2390 1920 ecclesiis
2422 1862 2702 1935 quidquid
2733 1863 2804 1916 ad
2838 1861 3114 1918 ecclesias
3142 1880 3154 1928 ;
3221 1861 3284 1916 in
3319 1863 3752 1919 monasteriis

2039 1953 2322 2024 quidquid
2343 1952 2399 2006 in
2415 1950 2768 2006 monasteria
2788 1953 2843 2006 et
2863 1951 2934 2005 ad
2955 1951 3248 2022 ejusmodi
3275 1950 3562 2024 reliqua.
3589 1952 3752 2007 Tali-

2041 2047 2126 2097 ter
2147 2042 2286 2095 dum
2312 2039 2538 2095 nullum
2562 2040 2903 2094 Christianae
2935 2037 3239 2112 religionis
3271 2040 3582 2096 ordinem
3628 2041 3746 2096 im-

2041 2146 2278 2185 munem
2299 2128 2649 2183 venditionis
2671 2126 3031 2198 relinquunt,
3057 2127 3136 2182 nil
3161 2145 3280 2182 non
3300 2129 3654 2184 venditum
3689 2130 3750 2184 in

2039 2219 2220 2274 totius
2250 2215 2704 2272 Christianitatis
2763 2216 2985 2277 mundo
3042 2214 3560 2286 praetermittunt.
3611 2219 3748 2274 Non

2045 2305 2568 2378 quantulaecunque
2597 2303 2986 2376 possessionis
3016 2303 3332 2376 angulum,
3397 2322 3532 2360 non
3573 2306 3748 2378 agel-

2043 2395 2187 2460 lum,
2222 2411 2336 2448 non
2366 2393 2748 2466 tuguriolum,
2778 2391 2877 2448 sed
2911 2409 3016 2447 nec
3046 2391 3378 2448 minimum
3427 2394 3704 2450 obolum
3735 2414 3748 2460 ;

2044 2485 2334 2538 intantum
2367 2487 2430 2535 ut
2457 2498 2571 2536 non
2595 2480 2784 2536 solum
2811 2483 3146 2552 praesentes,
3172 2495 3393 2536 verum
3421 2486 3488 2537 et
3515 2483 3748 2538 futurae

2045 2569 2302 2626 fidelium
2355 2569 2677 2624 oblationes
2735 2569 2793 2622 in
2855 2567 3114 2624 Ecclesia
3169 2569 3752 2641 deprehendantur

2043 2661 2206 2731 prius
2237 2658 2479 2713 venditis
2507 2674 2682 2729 quam
2715 2655 2957 2712 collatae.
2991 2657 3088 2712 Sic
3144 2657 3207 2712 hi
3272 2659 3385 2730 qui
3437 2660 3754 2716 dicuntur

2043 2747 2376 2814 Christiani,
2397 2749 2582 2802 totum
2601 2745 3068 2801 Christianorum
3083 2746 3392 2802 mundum
3414 2754 3748 2819 quantum

2043 2838 2101 2891 in
2134 2837 2216 2891 eis
2242 2841 2329 2891 est
2349 2835 2608 2890 vendunt
2635 2852 2648 2902 ;
2683 2851 2856 2906 quem
2880 2855 2906 2884 ‹‹
2930 2833 3014 2889 sic
3069 2834 3226 2889 Deus
3285 2835 3530 2892 dilexit
3558 2855 3750 2894 mun-

2043 2927 2288 2992 dum,ut
2317 2923 2528 2978 Filium
2561 2939 2732 2978 suum
2767 2921 3130 2992 unigenitum
3165 2921 3338 2978 daret
3391 2925 3610 2996 (Joan.
3653 2945 3742 2994 III,

2044 3013 2131 3084 16)
2165 3035 2190 3061 ››
2225 3011 2680 3082 redemptionem
2709 3013 2943 3083 propter
2972 3027 3128 3065 eum.
3161 3011 3233 3065 Et
3264 3011 3368 3066 cui
3426 3015 3748 3084 vendunt,

2043 3101 2154 3155 nisi
2186 3100 2413 3154 diabolo
2435 3099 2462 3152 εἴ
2484 3100 2551 3153 Et
2578 3100 2648 3153 ad
2681 3098 2820 3170 quid
2851 3099 2900 3152 ei
2931 3098 3320 3154 venduntur?
3351 3099 3438 3156 Ut
3473 3103 3622 3158 sint
3657 3104 3752 3159 de-

2045 3205 2158 3244 nuo
2190 3188 2397 3259 ipsius,
2429 3193 2482 3242 et
2515 3187 2728 3242 faciant
2758 3185 2910 3241 mala
2931 3187 3002 3242 ad
3031 3186 3408 3244 voluntatem
3436 3191 3618 3261 ejus,
3651 3209 3752 3248 ne-

2045 3294 2158 3349 que
2191 3277 2416 3348 prosint
2444 3276 2527 3330 eis
2557 3279 2921 3330 sacramenta
2969 3274 3168 3346 aliqua
3202 3275 3746 3348 Christianitatis,

2045 3367 2180 3438 quia
2210 3365 2390 3437 gratis
2420 3368 2653 3434 accepta
2682 3380 2787 3418 nec
2821 3363 3038 3418 dantur
3068 3380 3172 3418 nec
3195 3365 3751 3426 administrantur

2043 3454 2259 3527 gratis;
2295 3453 2390 3524 qui
2412 3451 2458 3507 si
2479 3452 2656 3506 etiam
2681 3452 2834 3506 bona
2853 3451 3162 3506 videantur
3183 3454 3550 3525 agere,jam
3579 3457 3750 3513 bona

2045 3560 2156 3598 non
2189 3545 2346 3608 sunt,
2381 3540 2518 3612 quia
2549 3538 2630 3593 illi
2655 3543 3001 3611 reputantur
3021 3540 3113 3595 cui
3139 3540 3292 3595 servi
3315 3542 3576 3600 addicti
3597 3551 3750 3602 sunt

2044 3649 2146 3703 per
2189 3629 2600 3700 magistrorum
2629 3644 2868 3682 suorum
2902 3627 3053 3684 male
3113 3632 3364 3684 cautum
3399 3631 3752 3707 chirogra-

2047 3720 2226 3791 phum
2254 3735 2266 3784 ;
2298 3716 2393 3787 qui
2423 3715 2582 3770 velut
2608 3716 2762 3771 vasis
2794 3716 2928 3771 boni
2959 3715 3214 3787 pastoris
3245 3719 3583 3788 praecincti
3603 3724 3750 3795 (18),

2047 3806 2448 3862 fraudulenter
2477 3804 2733 3876 maligno
2756 3803 2908 3859 leoni
2932 3805 3244 3860 retrahunt
3269 3821 3432 3875 quos
3465 3809 3756 3884 benigno

2044 3899 2207 3967 Agno
2231 3893 2602 3965 pertinaciter
2623 3893 3003 3948 subtrahunt.
3029 3892 3196 3948 Unde
3225 3898 3285 3949 et
3303 3894 3758 3955 inconsolabi-

2051 3984 2181 4039 litcr
2211 3980 2523 4054 plangendi
2555 3985 2713 4045 sunt,
2747 3981 2884 4052 quia
2905 3979 3032 4036 sola
3061 3981 3422 4052 suainjuria
3441 3987 3552 4041 vel
3575 3988 3760 4060 igno-

2051 4071 2241 4127 rantia
2271 4073 2533 4142 pereunt,
2555 4070 2694 4124 dum
2718 4068 2968 4124 devitarc
2989 4073 3291 4125 tantorum
3311 4075 3374 4126 et
3397 4073 3648 4131 talium
3672 4075 3762 4131 lu-

2052 4176 2258 4232 porum
2283 4156 2565 4212 malitiam
2597 4161 2695 4211 aut
2725 4156 3047 4228 negligunt,
3081 4161 3183 4212 aut
3213 4159 3544 4217 nesciunt.

2123 4249 2376 4312 Quorum
2411 4246 2588 4300 rabiei
2623 4245 2672 4300 si
2701 4246 2862 4300 Juda:
2895 4245 3088 4302 rabies
3119 4253 3550 4320 comparetur,
3601 4253 3758 4310 tole-

2053 4336 2289 4392 rabilior
2306 4333 2506 4389 multis
2527 4335 2717 4390 modis
2742 4335 3080 4406 reperietur.
3113 4335 3214 4391 Ille
3237 4338 3507 4407 etenim,
3531 4358 3764 4414 repen-

2051 4425 2175 4481 tina
2207 4425 2356 4479 furia
2385 4427 2569 4490 actus,
2595 4422 2774 4478 semel
2797 4423 3168 4494 Magistrum,
3193 4441 3378 4496 quem
3403 4431 3762 4488 mortalem

2054 4513 2287 4568 videbat
2317 4515 2372 4566 et
2402 4509 2740 4583 passibilem
2777 4527 2892 4566 non
2919 4511 3251 4578 dubitabat,
3285 4515 3590 4573 vendidit
3619 4520 3764 4586 ;isti

311 4601 652 4672 cerpsimus,
687 4599 862 4655 latius
895 4599 1039 4655 tales
1065 4599 1429 4655 insectatur?
1457 4599 1635 4662 Quem
1670 4599 1718 4653 si
1758 4599 1946 4654 ﬁdelis
1980 4621 2024 4684 D
2055 4605 2272 4668 autem,
2297 4597 2522 4654 diutina
2552 4597 2928 4654 meditatione
2959 4599 3250 4668 succensi,
3285 4601 3539 4661 millies
3562 4607 3764 4680 Spiri-

308 4688 488 4744 lector
515 4688 846 4744 Christiano
877 4705 1050 4742 sensu
1087 4687 1450 4751 discusserit,
1503 4703 1606 4742 nec
1649 4704 1810 4760 mora
1839 4687 1948 4742 sub

311 4776 482 4832 titulo
495 4776 656 4830 Judze
674 4775 1017 4848 prodictoris
1035 4776 1454 4830 animadvertat
1469 4775 1948 4846 quantae,quales,

313 4869 368 4919 et
415 4869 554 4934 quot
605 4864 1042 4919 maledictiones
1093 4869 1264 4934 atque
1321 4863 1571 4919 ultiones
1623 4864 1946 4918 debeantur

313 4950 680 5007 Simoniacis.
715 4951 910 5020 Neque
941 4951 1094 5006 enim
1128 4951 1420 5022 aliquibus
1451 4951 1737 5006 haereticis
1760 4951 1946 5022 magis

316 5038 500 5110 aptari
519 5042 705 5108 potest
728 5037 936 5107 psalmi
958 5038 1116 5094 illius
1143 5039 1480 5111 prOphetica
1504 5039 1862 5109 imprecatio,
1889 5039 1947 5094 in

314 5123 670 5181 venditorem
707 5124 916 5180 Christi
951 5131 1006 5180 et
1035 5133 1325 5200 emptores
1347 5129 1475 5197 ejus
1500 5127 1739 5191 directa,
1773 5143 1949 5197 quam

314 5215 444 5270 istis
481 5214 576 5285 qui
611 5213 894 5285 Spiritum
929 5222 1195 5271 sanctum
1217 5215 1476 5270 venalem
1507 5214 1726 5270 faciunt
1755 5215 1810 5268 in
1836 5233 1955 5270 om-

315 5303 481 5358 nium
513 5307 1014 5358 sacramentorum
1050 5303 1233 5375 ipsius
1263 5303 1470 5374 gratia.

388 5391 697 5462 Exquibus
719 5390 1330 5463 utaliquaSpecialiter
1355 5391 1956 5458 commemorem,isti,

423 5513 506 5586 18)
540 5515 606 5586 ln_
635 5515 972 5586 mstcodice
991 5514 1050 5568 in
1077 5516 1338 5586 margine
1358 5514 1478 5568 haec
1506 5513 1815 5584 leguntur:

431 5581 705 5657 ecundam
735 5585 1143 5657 Hieronymum,
1179 5581 1312 5657 υᾶδα
1355 5581 1590 5657 pastoris
1613 5585 1864 5657 _insignia
1893 5587 1962 5642 il—

325 5650 438 5758 lius
467 5653 518 5712 et
546 5649 798 5712 habitum
842 5649 1096 5716 dab—emus
1130 5649 1416 5732 accipere,
1468 5649 1751 5731 baculum;
1773 5671 1966 5740 peram

2063 4695 2185 4744 tum
2211 4691 2500 4752 sanctum,
2534 4703 2705 4758 quem
2739 4686 3132 4744 immortalem
3163 4698 3222 4743 et
3269 4690 3762 4762 impassibilem

2060 4793 2156 4832 ore
2189 4776 2550 4848 proﬁtentur,
2583 4775 2860 4830 vendunt.
2887 4773 3008 4844 Ille,
3037 4763 3446 4849 quamvispro
3465 4787 3764 4858 tempore

2060 4883 2275 4938 paucos
2305 4863 2624 4934 discipulos
2656 4864 2722 4918 ad
2749 4863 2952 4918 horam
2972 4866 3454 4938 conturbaverit,
3485 4889 3624 4928 non
3675 4879 3768 4930 ta-

2059 4971 2190 5009 men
2224 4953 2306 5009 eis
2336 4953 2631 5008 Christum
2668 4952 2844 5007 etiam
2877 4953 3137 5008 occisum
3159 4954 3428 5012 abstulit
3457 4977 3474 5026 ;
3519 4960 3634 5017 isti
3667 4979 3770 5018 au-

2059 5049 2176 5099 tem
2209 5047 2264 5097 et
2293 5039 2680 5096 universalem
2733 5039 3048 5095 Eeclesiam
3104 5041 3232 5097 sine
3261 5043 3767 5107 intermissione

2061 5131 2432 5194 conturbant,
2464 5133 2518 5184 et
2547 5129 2618 5183 ab
2641 5128 3169 5186 innumerabilibus
3229 5131 3474 5191 Christi
3515 5140 3774 5213 populis

2065 5221 2191 5290 ejus
2214 5217 2462 5291 gratiam
2484 5215 3017 5282 exterminantllle,
3035 5233 3192 5274 unus
3210 5219 3364 5276 dum
3389 5240 3614 5284 unum
3643 5247 3774 5302 pro.

2067 5308 2232 5374 didit,
2267 5324 2328 5361 se
2358 5305 2592 5378 quidem
2615 5309 2672 5359 et
2693 5321 2910 5375 paucos
2937 5305 3256 5377 complices
3281 5325 3444 5368 suos
3463 5319 3774 5387 perdidit,

2069 5396 2168 5451 sed
2202 5401 2396 5450 tamen
2429 5393 2606 5449 totius
2637 5394 2842 5448 mundi
2875 5393 3050 5449 saluti
3083 5398 3368 5467 quamvis
3433 5405 3680 5464 nolens
3723 5413 3778 5464 et

2071 5520 2337 5594 fistulam,
2356 5518 2615 5594 sibalum.
2645 5515 2813 5574 ludas
2843 5519 3020 5594 semel
3051 5518 3367 5594 Christum,
3435 5525 3784 5592 δίηιοτιίπξ

2069 5589 2272 5648 millies
2299 5591 2580 5666 Spiritum
2607 5596 2855 5648 sanctum
2883 5589 3138 5650 vendunt.
