3876 6344
57 384 209 449 1093

596 376 1008 447 ADVERSUS
1056 376 1525 447 SIMONIACOS
1568 377 1781 446 LIBRI
1824 378 2050 447 TRES.
2083 419 2160 429 —
2188 378 2423 448 LIBER
2467 384 2904 454 SECUNDUS.

3292 388 3445 460 1094

56 518 319 575 nesciens
378 519 650 585 servivit;
704 519 798 573 isti
848 534 1004 584 vero,
1051 519 1190 572 dum
1242 519 1694 574 innumerabiles
1721 520 1776 585 Α
1807 518 1959 573 idem
1981 518 2206 591 Moyses
2228 520 2283 575 in
2315 522 2763 578 Deuteronomio
2795 523 2877 579 sic
2898 529 3079 581 vetat:
3105 549 3133 576 «
3156 528 3281 583 Non
3314 530 3448 585 olfe-

57 626 238 663 unum
274 608 550 681 produnt,
584 626 645 662 se
680 609 839 680 ipsos
871 624 1123 679 suosque
1149 608 1397 660 fautores
1424 607 1691 678 perdunt,

55 706 114 753 et
147 700 203 753 in
230 699 542 770 perniciem
574 696 753 752 totius
784 696 988 751 mundi
1037 704 1388 769 grassantes,
1429 696 1694 750 omnium

58 788 320 844 fidelium
353 788 526 843 saluti
560 787 860 853 resistunt,
884 791 940 841 et
970 802 1071 841 nec
1097 786 1229 854 sibi,
1254 802 1356 840 nec
1379 785 1549 839 alicui
1586 784 1697 838 nisi

54 879 201 934 forte
233 877 624 950 resipiscendo
656 876 930 948 prodesse
960 874 1273 947 aliquando
1302 877 1567 945 possunt.
1600 871 1700 926 Ille

57 966 406 1038 magistrum
439 965 652 1031 solum,
675 970 731 1020 et
756 965 881 1019 sine
912 981 1018 1019 sua
1041 979 1398 1034 suorumque
1416 960 1701 1033 supellec-

56 1055 156 1110 tile
176 1054 480 1120 distraxit;
515 1054 607 1108 isti
642 1056 837 1109 autem
869 1070 981 1107 non
1016 1052 1202 1107 solum
1225 1050 1507 1123 Spiritum
1542 1064 1708 1120 para-

58 1143 402 1211 cletum,sed
425 1142 664 1213 insuper
684 1141 967 1213 quidquid
990 1141 1117 1211 ejus
1130 1143 1557 1207 est,etsuorum
1582 1136 1708 1191 ubi-

58 1233 167 1298 vis,
201 1246 389 1302 usque
411 1232 481 1286 ad
506 1231 817 1286 minimum
850 1230 1022 1285 assis.
1060 1228 1159 1284 Ille
1190 1232 1399 1301 praeter
1419 1244 1481 1282 se
1515 1224 1704 1281 nemi-

64 1337 198 1375 nem
231 1320 631 1387 mediatorem,
665 1319 750 1373 vel
783 1323 987 1373 testem
1022 1333 1277 1389 quaerere
1312 1312 1705 1387 praesumpsit;

65 1409 161 1462 isti
194 1414 388 1464 autem
424 1426 537 1463 non
557 1408 746 1463 solum
772 1424 834 1462 se
863 1412 920 1462 et
948 1406 1299 1461 domesticos
1324 1421 1483 1467 suos,
1507 1418 1706 1458 verum

64 1502 121 1552 et
152 1503 453 1553 extraneos
486 1498 574 1553 sui
600 1496 811 1569 negotii
838 1496 1183 1551 mediatores
1212 1511 1277 1550 ac
1300 1498 1479 1549 testes
1504 1508 1708 1565 persan-

65 1604 135 1659 pe
165 1587 396 1642 acciunt
417 1591 473 1642 et
494 1587 733 1641 faciunt.
772 1584 869 1641 llle
890 1585 1227 1657 pcenitentia
1255 1584 1467 1639 ductus
1484 1599 1593 1637 xxx
1616 1598 1706 1637 ar-

64 1680 305 1747 genteos
335 1676 508 1731 etiam
531 1675 864 1731 nolentibus
894 1673 1135 1740 refudit;
1161 1673 1254 1729 isti
1287 1677 1481 1728 autem
1504 1670 1707 1741 impre-

67 1766 321 1819 nitentes
355 1781 467 1819 non
501 1764 694 1819 solum
727 1780 841 1818 non
864 1764 1182 1818 refundunt
1212 1760 1708 1834 quantulumcun-

1805 624 1895 663 res
1927 610 2247 663 mercedem
2278 611 2608 681 prostibuli,
2645 630 2746 667 ucc
2781 614 3033 685 pretium
3065 616 3228 672 canis
3260 617 3319 671 in
3353 618 3451 673 do-

1806 712 1966 750 mum
2002 697 2229 752 Domini
2248 698 2347 753 Dei
2371 699 2455 754 tui
2481 718 2495 768 ;
2521 700 2810 772 quidquid
2836 701 2981 758 illud
3009 709 3096 760 est
3118 706 3272 778 quod
3295 722 3455 762 vove-

1806 783 1907 851 ris,
1942 785 2079 855 quia
2108 786 2463 842 abominatio
2492 793 2581 844 est
2611 794 2929 863 utrumque
2951 795 3104 866 apud
3139 794 3454 851 Dominum

1810 873 1993 929 Deum
2021 877 2183 929 tuum
2215 877 2385 946 (Deut.
2404 895 2565 945 xxm,
2595 879 2699 950 18).
2716 899 2741 930 1
2765 880 2888 954 Quo
2911 881 3118 938 divina:
3142 883 3287 956 legis
3311 903 3456 957 prte-

1812 966 1979 1033 cepto
2012 964 2351 1034 reprobatur
2372 983 2473 1037 per
2500 967 2704 1022 vitium
2737 970 3027 1041 acquisita
3049 971 3288 1039 oblatio,
3316 972 3458 1045 quia

1812 1048 2097 1105 Dominus
2149 1052 2280 1107 odio
2319 1052 2492 1108 habet
2522 1056 2784 1128 rapinam
2822 1058 2881 1113 in
2921 1058 3301 1129 holocausto;
3353 1063 3454 1134 qui

1816 1139 2143 1193 mercedem
2176 1141 2482 1211 prostibuli
2515 1145 2720 1200 merito
2761 1146 3131 1220 dedignatur,
3177 1166 3352 1222 quam
3388 1168 3457 1207 ex

1820 1242 1939 1281 sum
1972 1230 2029 1281 et
2061 1226 2258 1282 aliena:
2292 1230 2481 1285 carnis
2514 1234 2882 1311 corruptione
2912 1237 3187 1292 meretrix
3212 1239 3456 1310 profana

1817 1331 1850 1368 a
1879 1315 2492 1385 prolanisfornicando
2516 1322 2910 1392 consequitur,
2934 1330 3153 1395 quanto
3176 1327 3361 1398 magis
3382 1326 3451 1382 il-

1818 1403 1959 1469 lam,
1992 1421 2170 1475 quam
2202 1422 2271 1459 ex
2302 1421 2420 1459 sua:
2451 1408 2679 1474 animm,
2714 1410 3147 1485 multarumque
3178 1418 3453 1487 prostitu-

1815 1492 1974 1547 tione
1999 1493 2368 1550 Simoniacus
2389 1512 2422 1549 a
2447 1496 2560 1551 ﬁde
2582 1498 2911 1555 Christiana
2941 1501 3273 1559 fornicando
3304 1523 3457 1562 mer-

1818 1582 2021 1637 catur?
2041 1580 2437 1639 Nihilominus
2460 1586 2835 1643 abominaiur
2854 1590 3102 1661 pretium
3135 1594 3317 1660 canis,
3346 1613 3463 1652 non

1818 1672 1971 1743 quod
1996 1671 2080 1727 eis
2101 1673 2506 1745 cujuscunque
2527 1676 2805 1733 animalis
2836 1685 3043 1736 natura
3061 1682 3137 1738 sit
3165 1683 3466 1741 abomina-

1820 1761 1971 1828 bilis,
1998 1762 2098 1817 sed
2124 1763 2278 1834 quod
2301 1763 2675 1820 abominetur
2700 1767 3075 1837 oblationem,
3100 1789 3276 1844 quam
3309 1776 3464 1847 quis,

66 1871 180 1925 que
196 1854 469 1926 pretium,
487 1854 585 1909 sed
602 1853 813 1909 vellent
836 1852 966 1925 plus
990 1856 1316 1925 acceptum.
1342 1850 1489 1917 Quin
1510 1849 1707 1949 etiam,
1742 1884 1789 1949 B
1819 1851 1973 1907 velut
2000 1856 2199 1907 mutus
2221 1853 2384 1907 canis
2399 1853 2693 1911 adulando
2717 1861 2774 1911 et
2795 1856 3037 1914 favendo
3060 1860 3214 1918 vitiis
3235 1862 3465 1934 alienis,

68 1960 139 1997 ne
172 1942 231 1996 in
263 1942 457 2013 aliquo
482 1942 778 1996 inferiores
803 1942 1452 2013 perditoJudaejusque
1470 1936 1711 2009 compli-

69 2032 237 2085 cibus
270 2035 549 2103 putentur
569 2031 665 2103 qui
694 2032 750 2084 in
776 2035 860 2085 tot
881 2030 1227 2085 criminibus
1250 2028 1579 2101 superiores
1597 2026 1714 2081 illis

73 2125 500 2189 monstrantur,
516 2120 840 2192 gaudentet
860 2119 954 2174 isti
979 2136 1109 2174 cum
1130 2118 1415 2189 Spiritum
1444 2120 1712 2171 sanctum

70 2210 541 2281 appretiaverint,
557 2209 745 2263 instar
764 2208 1019 2274 illorum,
1033 2208 1130 2280 qui
1154 2207 1533 2279 appretiando
1552 2205 1626 2259 Ch
1638 2205 1714 2259 ri-

70 2304 230 2353 stum
278 2303 413 2353 sunt
445 2298 648 2370 gavisi,
682 2301 738 2353 et
766 2304 829 2351 ut
859 2296 941 2352 illi
975 2296 1464 2369 opportunitatem
1516 2294 1708 2366 prodi-

69 2389 272 2458 tionis,
305 2389 386 2443 sic
419 2393 478 2443 et
512 2388 603 2441 isti
638 2386 949 2458 exquirunt
979 2403 1098 2441 suae
1139 2384 1569 2458 negotiationis.

688 2493 915 2549 CAPUT
963 2492 1108 2547 XXI.

71 2588 147 2642 De
177 2602 238 2643 eo
269 2585 409 2656 quod
442 2601 545 2640 non
571 2584 1097 2708 prositlSimoniacis
1117 2583 1508 2653 qualiscunque
1531 2596 1715 2636 eorum

714 2671 742 2708 e
766 2670 1075 2708 eemosuna.

714 2670 1075 2725 eteemosyna.

142 2747 365 2818 Nempe
396 2745 551 2800 velut
582 2745 712 2816 quis
735 2744 1115 2800 avarissimus
1139 2742 1484 2814 negotiator,
1508 2741 1718 2797 anxius

69 2840 391 2908 exspectat,
424 2840 477 2889 et
510 2833 751 2904 angelus
774 2834 985 2904 expetit
1016 2832 1309 2887 nundinas
1326 2848 1553 2886 annuas
1586 2848 1599 2887 :
1635 2831 1718 2886 sic

70 2931 127 2980 et
150 2924 247 2980 isti
280 2922 697 2988 ordinationes,
714 2927 971 2992 tempore
994 2938 1099 2976 suo
1125 2921 1401 2992 agendas,
1425 2925 1489 2975 ut
1505 2925 1606 2975 aut
1631 2920 1719 2974 in-

70 3016 140 3069 de
164 3013 457 3069 redimunt
488 3029 579 3067 res
612 3028 770 3076 suas,
799 3010 933 3066 talis
965 3009 1131 3081 pretii
1164 3026 1264 3081 spe
1287 3010 1719 3081 oppigneratas,

71 3108 173 3158 aut
204 3101 520 3158 saccellum
554 3117 802 3155 vacuum
844 3099 1152 3171 impleant,
1180 3104 1281 3153 aut
1312 3099 1481 3170 pleno
1516 3116 1720 3171 super-

73 3193 346 3248 fundent.
381 3192 461 3245 Ex
488 3208 602 3262 qua
626 3188 824 3261 utique
847 3190 1114 3261 pecunia,
1139 3204 1316 3260 quam
1340 3189 1423 3243 sic
1437 3192 1637 3245 amant
1662 3193 1723 3245 ut

73 3282 362 3355 Spiritum
413 3285 678 3335 sanctum
725 3280 969 3335 vendere
1001 3295 1115 3333 nun
1159 3281 1442 3347 metuant,
1494 3277 1720 3334 fructus
1752 3254 1795 3321 C

76 3390 192 3428 non
222 3371 454 3444 capient
481 3369 709 3425 etiarnsi
744 3370 799 3423 in
830 3385 1115 3441 pauperes
1156 3373 1211 3423 et
1240 3367 1366 3424 loca
1404 3372 1607 3423 sancta
1628 3384 1721 3423 ex-

73 3464 359 3537 pendunt,
402 3459 901 3532 quemadmodum
952 3475 1058 3513 nec
1105 3458 1289 3513 Judas
1318 3474 1386 3512 ex
1428 3474 1555 3527 sua,
1606 3475 1723 3530 qua

72 3557 314 3625 emptus
331 3554 419 3605 est
432 3565 567 3621 ager
581 3549 637 3603 in
683 3546 1123 3620 peregrinorum
1139 3546 1595 3618 sepultura,quze
1615 3564 1719 3603 nec

67 3640 361 3699 venditori
379 3638 611 3700 Christi.
636 3654 740 3693 nec
756 3637 1119 3709 emptoribus
1138 3635 1211 3691 ad
1233 3636 1561 3692 animarum
1585 3654 1720 3693 sua-

69 3749 205 3789 rum
241 3729 568 3787 mercedem
617 3727 940 3799 quidquam
974 3726 1237 3800 frofecit,
1268 3725 1326 3780 in
1356 3730 1586 3782 tantum
1615 3743 1719 3783 nec

63 3822 180 3878 vile
214 3822 459 3877 bustum
506 3818 724 3873 ibidem
764 3816 1047 3888 profanus
1074 3815 1262 3871 Judas
1291 3815 1599 3887 acciperet,
1630 3814 1717 3871 vel

64 3912 417 3967 inhumatus
432 3908 843 3979 superjaceret.
869 3904 1015 3960 Hinc
1048 3903 1097 3959 si
1128 3903 1271 3960 illud
1297 3904 1714 3977 consideretur,

61 4000 223 4072 quod
278 3998 646 4055 sacerdotum
680 3995 972 4069 principes
1020 3993 1329 4067 pecuniam
1370 3994 1717 4066 proditionis

62 4089 176 4145 sibi
211 4088 472 4144 refusum
506 4084 772 4141 arbitrati
816 4087 975 4154 sunt,
1010 4082 1187 4140 simul
1227 4087 1284 4139 et
1319 4083 1563 4155 professi
1598 4101 1713 4142 non

58 4177 238 4234 licere
273 4176 428 4232 mitti
460 4176 517 4231 in
543 4174 881 4245 corbonam,
913 4174 968 4229 id
1003 4178 1091 4230 est
1121 4172 1322 4245 reponi
1361 4190 1495 4229 cum
1543 4173 1717 4229 dena-

59 4265 168 4323 riis
222 4263 429 4339 templi
478 4265 650 4334 saeri,
700 4262 838 4336 quia
893 4263 1148 4336 pretium
1208 4262 1514 4335 sanguinis
1562 4267 1718 4319 esset

59 4356 277 4427 (Matth.
311 4372 486 4426 xxvii,
516 4356 635 4422 5-8)
661 4371 674 4421 ;
700 4358 1053 4426 putamusne
1076 4357 1295 4424 quanto
1316 4351 1714 4409 sceleratiores

54 4445 287 4501 Judzeis
319 4444 675 4500 arbitramur
704 4443 869 4509 istos,
905 4440 1005 4514 qui
1038 4441 1289 4514 pretium
1320 4440 1597 4497 Paracleti
1622 4441 1709 4497 in-

57 4536 297 4591 terdum
316 4551 447 4589 cum
469 4532 882 4599 oblationibus,
904 4549 1052 4604 quas
1067 4530 1533 4588 Christianorum
1548 4533 1712 4588 devo-

1822 1959 1855 1995 a
1883 1940 2108 1997 vitiosis
2139 1942 2370 1997 meruit.
2404 1943 2501 1999 Vel
2534 1950 2688 2001 certe
2738 1947 2985 2017 pretium
3020 1951 3181 2006 canis
3231 1953 3347 2009 Deo
3377 1959 3466 2010 est

1824 2030 2105 2102 quidquid
2144 2035 2273 2102 post
2300 2032 2695 2103 paenitentiam
2726 2036 2795 2090 ad
2820 2037 3034 2108 peccati
3058 2040 3342 2097 vomitum
3372 2060 3463 2100 re-

1820 2136 2025 2176 versus
2055 2121 2238 2176 oll'ert.
2272 2120 2594 2194 Utrumque
2624 2141 2780 2180 enim
2813 2127 3166 2185 abominatio
3188 2136 3276 2187 est
3305 2135 3461 2205 apud

1824 2210 2026 2274 Deum,
2052 2210 2169 2265 sive
2190 2210 2608 2280 fornicationis,
2634 2213 2753 2269 sive
2767 2218 3175 2275 asseutationis
3198 2225 3308 2276 tua:
3330 2240 3463 2294 pre-

1823 2298 1970 2354 tium
2002 2299 2052 2355 ei
2084 2316 2290 2355 voveas
2322 2301 2702 2369 offerendum,
2744 2307 3172 2376 quantumlibet
3212 2311 3290 2366 sit
3320 2312 3467 2370 illud

1826 2405 2107 2460 magnum
2148 2390 2441 2461 pretium,
2488 2397 2543 2445 et
2589 2392 2930 2463 pretiosum.
2990 2397 3290 2460 Quomodo
3332 2419 3469 2475 ergo

1826 2477 2157 2548 placabitur
2186 2478 2339 2534 Deus
2371 2480 2553 2551 pretio
2586 2498 2701 2552 quo
2733 2483 3033 2555 virginitas
3066 2486 3471 2547 innumerabi-

1829 2565 1975 2621 lium
2007 2566 2362 2635 animarum,
2389 2569 2445 2624 id
2477 2570 2730 2625 estfides
2752 2570 3090 2646 incorrupta
3121 2577 3349 2651 sibique
3380 2582 3474 2639 de-

1829 2660 2115 2726 sponsata
2160 2657 2551 2727 prostituitur,
2567 2663 2668 2715 aut
2688 2676 2803 2731 quo
2825 2663 3145 2733 pertinacia
3167 2668 3250 2723 vel
3274 2668 3473 2744 impre-

1828 2744 2072 2833 nitentia
2122 2745 2427 2818 flagitiosis
2480 2748 2948 2820 administratur,
2998 2756 3470 2833 quandocunque

1828 2856 1855 2882 ‹‹
1892 2831 2168 2889 laudatur
2199 2840 2465 2906 peccator
2496 2835 2553 2890 in
2576 2837 2884 2894 desideriis
2906 2841 3112 2898 animae
3143 2862 3260 2901 sua:
3278 2853 3335 2903 et
3367 2831 3470 2906 ini-

1832 2939 1985 2994 quus
2013 2922 2414 2980 benedicitur?
2449 2949 2469 2972 ι
2512 2926 2687 2996 (Psal.
2719 2943 2777 2994 x,
2816 2929 2921 3001 in.)
2952 2930 3112 2993 Quod
3146 2933 3194 2989 si
3243 2954 3471 3008 posses-

1830 3013 2047 3078 siones,
2077 3013 2331 3069 familias
2362 3019 2419 3069 et
2450 3015 2697 3088 reliqua,
2729 3020 2961 3073 tantum
2992 3022 3254 3079 saeculari
3284 3025 3472 3084 homi-

1830 3118 1974 3156 num
2004 3102 2427 3158 eonversationi
2460 3104 2645 3173 utilia,
2669 3106 2803 3163 inde
2833 3108 2940 3163 sibi
2966 3110 3207 3185 suisque
3235 3116 3473 3189 propin-

1832 3193 1965 3267 quis
1993 3198 2049 3249 et
2079 3192 2274 3261 amici,
2301 3201 2362 3247 ut
2383 3192 2532 3249 alter
2552 3195 2725 3265 Giezi,
2753 3203 3235 3273 comparaverint,
3260 3206 3475 3262 nihilo-

1834 3283 2032 3339 minus
2063 3284 2287 3338 fructus
2314 3300 2424 3338 non
2457 3285 2687 3357 capient
2708 3302 2773 3340 ex
2803 3286 2908 3353 eis,
2935 3290 3073 3361 quia
3099 3290 3258 3363 lepra
3284 3294 3471 3352 Simo-

1834 3373 2011 3428 niueae
2047 3372 2475 3427 maledictionis
2505 3374 2615 3429 sibi
2647 3380 2701 3430 et
2730 3376 2939 3431 semini
2969 3379 3241 3435 eorumin
3263 3400 3467 3457 perpe-

1830 3465 1997 3517 tuum
2032 3461 2116 3517 sic
2145 3460 2461 3516 adhaerebit
2492 3467 2556 3517 ut
2586 3468 2857 3519 nutantes
2891 3467 3320 3526 transferantur
3362 3474 3469 3530 lilii

1830 3567 2031 3607 eorum
2063 3555 2120 3605 et
2148 3550 2568 3607 interdicentur
2590 3557 2646 3607 et
2670 3553 2976 3623 ejiciantur
3004 3556 3074 3612 de
3096 3558 3471 3619 habitationi-

1830 3641 1941 3696 bus
1971 3639 2096 3695 suis
2126 3638 2298 3711 (Psal.
2323 3657 2480 3708 cvm,
2505 3641 2614 3712 lO).
2639 3642 2765 3698 Sive
2789 3660 2924 3715 ergo
2951 3646 3335 3717 spiritualiter
3354 3652 3474 3710 sive

1828 3727 2140 3785 carnaliter
2150 3728 2445 3801 pretiailla
2459 3731 3168 3802 expendant,omnimodis
3182 3755 3280 3794 eos
3294 3739 3477 3799 incas-

1829 3836 1960 3874 sum
1982 3818 2248 3873 laborare
2279 3823 2525 3887 constat,
2560 3820 2698 3891 quia
2719 3838 2823 3877 nec
2845 3823 3025 3894 juste,
3051 3842 3156 3881 nec
3178 3828 3472 3888 fructuosa

1827 3907 2103 3978 cuiquam
2130 3924 2389 3979 unquam
2404 3907 2625 3978 tribuit,
2646 3908 2744 3981 qui
2774 3910 2991 3983 injuste
3022 3911 3194 3971 tollit.
3220 3916 3380 3975 Unde
3410 3918 3469 3975 hi

1828 3996 2179 4069 negotiando
2210 4014 2337 4052 sese
2369 3996 2617 4054 invicem
2639 3998 3124 4072 circumveniunt,
3158 4010 3215 4061 et
3239 4007 3353 4063 sibi
3382 4007 3472 4064 in-

1824 4087 2009 4142 vicem
2041 4103 2167 4158 qua:
2192 4086 2487 4143 habebant
2506 4088 2798 4144 auferunt.
2821 4089 3102 4149 Venditor
3123 4096 3341 4169 quippe
3361 4098 3474 4154 exi-

1824 4176 2012 4248 gendo
2043 4176 2376 4248 pecuniam,
2407 4178 2657 4249 emptori
2701 4178 2879 4235 simul
2915 4181 3090 4238 ﬁdem
3135 4185 3391 4259 subripit
3417 4191 3473 4244 et

1822 4264 2152 4337 pecuniam.
2177 4265 2413 4337 Emptor
2442 4270 2640 4322 autem
2660 4268 2986 4326 exhibendo
3005 4273 3287 4330 venditori
3319 4275 3469 4332 nihi-

1823 4352 2080 4409 lominus
2132 4353 2385 4426 subripit
2418 4355 2593 4411 ﬁdem
2615 4361 2672 4411 et
2697 4357 2950 4429 Spiritus
2974 4361 3467 4433 sanctigratiam;

1823 4443 2005 4514 ﬁtque
2036 4442 2184 4497 miro
2217 4446 2273 4497 et
2302 4443 2515 4499 misero
2548 4444 2720 4500 modo
2752 4449 2815 4500 ut
2847 4451 3052 4503 neuter
3093 4451 3247 4521 quod
3298 4451 3469 4508 alteri

1823 4530 2121 4604 subripuit
2150 4531 2381 4599 habeat,
2417 4532 2517 4587 sed
2541 4532 2785 4605 insuper
2805 4539 3049 4607 uterque
3079 4539 3283 4610 perdat
3312 4541 3466 4612 quod

56 4623 139 4681 tio
159 4622 430 4679 ecclesiis
465 4622 560 4677 Dei
592 4620 838 4677 contulit
871 4625 973 4677 aut
998 4620 1243 4687 confert,
1289 4620 1710 4692 reponendum,
1743 4629 1790 4694 D
1822 4620 1983 4693 prius
2013 4620 2286 4690 habebat,
2319 4625 2377 4676 et
2405 4620 2477 4675 ab
2503 4621 2749 4677 invicem
2782 4624 3027 4696 accipiat
3072 4626 3256 4683 solam
3299 4628 3464 4684 dam-

51 4710 469 4768 arbitrantur?
499 4710 698 4767 Solent
728 4709 1020 4783 siquidem
1054 4707 1322 4781 sacrilegi
1354 4725 1423 4765 ex
1462 4713 1583 4766 tam
1616 4728 1707 4767 sa-

49 4800 276 4873 crilego
302 4800 483 4872 pretio
505 4801 759 4872 quadam
776 4816 922 4855 vana
943 4815 1044 4871 spe
1059 4798 1477 4871 redemptionis
1500 4799 1707 4855 animae

49 4907 173 4945 suae
198 4890 378 4945 modo
392 4890 628 4961 praedia,
645 4888 817 4944 modo
837 4887 1034 4961 pallia,
1059 4886 1551 4958 modolihrorum,
1587 4907 1709 4946 mo-

48 4981 125 5034 do
146 4995 431 5034 vasorum
464 4983 637 5051 atque
660 4976 1001 5033 utensilium
1033 4974 1413 5033 ecclesiastici
1447 4978 1710 5035 ministe-

48 5067 118 5121 rii
153 5067 324 5122 varia
342 5068 393 5123 ei
413 5068 712 5139 superflua
740 5066 1015 5138 insignia,
1038 5066 1512 5138 possessionibus
1534 5071 1591 5122 et
1610 5084 1711 5141 ga-

44 5155 401 5229 zOphilaciis
430 5156 809 5212 ecclesiarum
841 5155 937 5211 Dei
960 5156 1295 5227 adjungere.
1317 5155 1475 5219 Quod
1502 5156 1714 5211 facien-

44 5249 136 5301 tes
190 5261 314 5302 non
362 5245 555 5302 solum
605 5245 685 5301 nil
718 5245 1024 5312 mercedis,
1069 5261 1267 5300 verum
1300 5248 1356 5299 et
1386 5244 1709 5301 maximum

46 5338 446 5408 augmentum
478 5335 872 5391 damnationis
904 5333 1016 5390 sibi
1044 5332 1417 5405 conquirunt,
1453 5334 1553 5388 ubi
1588 5352 1708 5390 suae

44 5423 382 5480 immunda:
411 5424 721 5481 oblationis
746 5427 1014 5480 contactu
1042 5421 1465 5489 sanctuarium,
1497 5426 1554 5478 et
1582 5439 1708 5478 om-

44 5514 147 5570 nia
184 5530 321 5586 quaa
371 5513 530 5570 illius
568 5518 734 5569 erant
780 5512 1069 5585 polluant,
1104 5511 1259 5568 sicut
1294 5510 1576 5567 Dominus
1607 5528 1709 5583 per

24 5604 295 5683 (Moysen
330 5602 542 5659 astruit
575 5620 589 5659 :
632 5626 659 5654 «
696 5601 987 5676 Quidquid
1036 5600 1292 5674 tetigerit
1336 5599 1703 5669 immundus,

38 5689 438 5755 immundum
480 5691 655 5755 faciet
683 5695 866 5769 (Num.
899 5708 1017 5762 xxx,
1047 5690 1177 5770 22);
1210 5712 1240 5745 ››
1273 5689 1428 5769 quod
1459 5705 1532 5750 ne
1578 5690 1703 5764 ﬁat,

1820 4709 2118 4765 nationem
2143 4726 2319 4781 quam
2342 4709 2506 4781 prius
2537 4727 2650 4765 non
2674 4710 2947 4768 habebat.
2970 4713 3116 4778 Quid
3139 4715 3189 4771 si
3221 4720 3467 4790 uterque

1818 4803 1906 4854 est
1936 4799 2136 4866 miser,
2184 4798 2452 4854 miserior
2480 4804 2676 4855 tamen
2712 4800 2828 4869 ille,
2873 4801 2973 4874 qui
3002 4808 3057 4859 et
3086 4821 3255 4861 suam
3297 4823 3467 4879 pecu-

1820 4887 1978 4942 niam
2001 4893 2058 4941 et
2080 4888 2250 4942 fidem
2267 4887 2586 4958 perdiditet
2604 4889 2851 4961 gratiam
2874 4892 3264 4963 spiritualem,
3286 4911 3467 4967 quam

1819 4992 1925 5049 pro
1956 4976 2090 5030 dato
2123 4976 2302 5048 pretio
2330 4976 2625 5049 exigebat;
2658 4977 2825 5033 alteri
2850 4980 3088 5051 quidem
3112 4983 3378 5050 abstulit,
3412 4990 3471 5040 et

1820 5063 1933 5120 sibi
1965 5081 2077 5119 non
2111 5065 2361 5136 accepit;
2397 5066 2538 5137 quin
2567 5067 2761 5137 potius
2793 5085 2896 5140 pro
2919 5070 3323 5129 benedictione
3344 5091 3467 5130 ma-

1822 5152 2190 5209 ledictionem
2214 5154 2608 5218 incurrit.Quo
2624 5155 2688 5211 fit
2707 5161 2769 5212 ut
2782 5159 3279 5228 quemadmodum
3315 5163 3466 5233 quis,

1819 5241 1960 5296 dum
1983 5241 2149 5297 alteri
2171 5243 2429 5299 animam
2452 5242 2626 5313 tollit,
2644 5244 2728 5299 illi
2752 5246 2992 5317 quidem
3016 5248 3190 5316 tollit,
3214 5251 3315 5306 sed
3340 5250 3466 5320 ipse

1819 5332 1967 5386 duas
1988 5332 2219 5387 animus
2240 5350 2350 5388 non
2375 5332 2569 5401 habet,
2594 5334 2737 5405 quin
2761 5336 2958 5407 potius
2980 5341 3036 5391 et
3057 5354 3223 5393 suam
3246 5338 3462 5409 perdit?

1818 5419 1902 5475 sic
1922 5423 1979 5475 et
2004 5421 2102 5475 isti
2132 5422 2307 5477 ﬁdem
2330 5422 2441 5477 sibi
2467 5427 2524 5478 et
2544 5423 2792 5496 gratiam
2816 5426 3061 5481 invicem
3096 5424 3326 5492 tollunt,
3358 5427 3458 5483 sed

1817 5511 2084 5563 neutram
2108 5526 2310 5565 earum
2340 5510 2513 5569 habet
2544 5512 2788 5584 quilibet
2829 5513 3085 5580 illorum,
3124 5517 3182 5569 et
3222 5514 3465 5588 insuper

1816 5597 1876 5653 in
1907 5613 2123 5654 manus
2152 5598 2253 5654 Dei
2285 5599 2529 5655 viventis
2559 5600 2917 5657 horribiliter
2960 5601 3233 5659 incidunt
3277 5604 3459 5677 (Hebr.

1812 5705 1870 5761 x,
1887 5685 2000 5762 3t),
2022 5687 2126 5747 ubi
2148 5692 2396 5749 mortem
2417 5688 2752 5767 eisgenerat
2769 5693 3068 5766 peccatum
3087 5706 3462 5757 consumma-
