3876 6394
331 497 484 561 1095

325 637 453 688 tum
475 631 611 700 (Jac.
645 641 685 689 ι,
717 623 828 692 15).
857 618 1018 674 Unde
1049 630 1180 669 mox
1199 609 1426 665 diabolo
1449 606 1546 677 qui
1578 603 1739 674 prius
1767 600 1953 654 intra-
1983 601 2037 666 Α
2066 593 2214 648 mias
2250 608 2260 646 :

327 686 408 775 vit
437 686 611 773 corda
637 686 868 766 illorum
900 707 968 761 ad
1003 699 1392 758 invadendum
1423 694 1727 748 tradentur
1749 686 1955 744 divini-

327 813 423 863 tus
453 806 525 860 ad
555 815 785 870 semper
805 795 914 851 sibi
937 794 994 847 in
1018 806 1156 862 pace
1175 783 1590 860 possidendum
1605 821 1620 848 ,
1640 779 1840 849 sicque
1861 791 1959 830 eos

329 897 538 958 denuo,
584 866 742 944 velut
781 884 1026 940 alterum
1071 877 1307 939 Judam,
1338 875 1469 945 post
1514 866 1836 925 buccellam
1872 866 1958 920 in-

329 952 589 1044 tinctam,
623 977 870 1032 Satanas
889 969 1068 1023 intrat
1088 965 1264 1036 (Joan.
1295 977 1421 1027 xm,
1445 959 1558 1028 27),
1581 955 1681 1010 ubi
1704 952 1960 1026 prodito-

331 1090 422 1128 res
450 1067 582 1124 fidei
615 1081 732 1120 suae
764 1078 830 1116 ex
859 1061 1065 1114 mutua
1088 1052 1290 1108 fraude
1318 1047 1609 1105 convictos
1631 1042 1742 1100 sibi
1773 1039 1960 1094 vindi-

332 1127 441 1217 cat.
475 1156 757 1212 Intinctus
785 1149 940 1205 enim
990 1143 1158 1217 panis
1187 1139 1388 1194 fraude
1419 1135 1693 1190 infectam
1739 1127 1961 1200 signiﬁ-

331 1249 477 1305 cavit
533 1247 786 1300 mentem
845 1231 1178 1309 prodituris.
1238 1225 1497 1296 Denique
1563 1237 1678 1276 non
1736 1232 1966 1288 semper

331 1335 586 1394 atluitur
629 1328 782 1402 quod
816 1305 1146 1393 intingitur,
1181 1315 1258 1372 sel
1301 1310 1612 1384 aliquando
1659 1305 1958 1378 polluitur.

916 1405 1151 1464 CAPUT
1201 1402 1370 1457 XXII.

439 1510 576 1580 Quid
605 1507 791 1576 vulpes
823 1499 1148 1555 Simoniacw
1191 1491 1400 1563 faciant
1431 1488 1512 1542 vel
1548 1485 1856 1557 patiantur.

403 1568 601 1670 Itaque
630 1568 768 1666 quia
800 1583 1153 1645 fraudulenti
1183 1585 1241 1635 et
1269 1575 1603 1649 versipelles
1633 1571 1729 1628 isti
1756 1585 1860 1642 pro
1883 1568 1967 1622 ni-

331 1691 447 1747 hilo
479 1662 698 1743 habent
719 1685 783 1737 ut
807 1677 1083 1734 Dominus
1105 1687 1239 1744 pars
1263 1684 1462 1724 eorum
1482 1665 1558 1720 sit
1581 1662 1807 1735 ipsique
1831 1674 1967 1730 pars

334 1777 560 1836 Domini
599 1792 611 1829 :
643 1777 922 1841 tanquam
941 1759 1279 1834 vulpeculae,
1310 1771 1380 1811 ne
1411 1754 1562 1810 sicut
1581 1751 1965 1806 Sodomorum

333 1871 520 1933 vinea,
553 1859 964 1920 demolientur,
993 1853 1168 1908 etiam
1191 1842 1732 1902 ﬂorentemvineam
1753 1835 1966 1893 Christi

337 1929 598 2031 capiunt,
631 1955 688 2007 et
719 1953 912 2020 partes
940 1941 1204 2012 vulpium
1245 1934 1481 1990 illarum
1507 1929 1804 2031 'el‘liciunt,
1838 1941 1964 1995 quae
1996 1955 2043 2018 B

335 2012 448 2105 sibi
479 2047 538 2100 in
569 2043 652 2098 eis
685 2041 872 2095 foveas
908 2033 1137 2088 habent.
1171 2027 1312 2092 Qua,
1345 2019 1622 2093 quoniam
1646 2033 1748 2088 pro
1780 2012 1966 2085 quali-

475 2152 576 2189 scu
609 2124 931 2186 dill'erentia
956 2136 1071 2175 sua:
1103 2110 1474 2186 nequissima:
1523 2104 1827 2178 potestatis
1859 2101 1970 2155 sibi

339 2222 749 2301 possidendam
767 2213 1090 2296 patiuntur,
1125 2204 1232 2261 sub
1256 2197 1591 2256 nominibus
1613 2198 1668 2248 et
1681 2191 1970 2263 signiﬁca-

1204 2293 1213 2301 ’
1520 2284 1533 2301 ⁸
1597 2300 1628 2301 κέ
1655 2298 1742 2301 γκμ-
1809 2280 1939 2301 --ι.-

341 2280 601 2374 tionibus
633 2280 992 2364 diversarum
1016 2301 1072 2351 et
1092 2293 1426 2348 nocivarum
1448 2284 1770 2347 volucrum,
1805 2280 1972 2333 arbo-

343 2421 495 2470 rum,
519 2399 853 2458 herbarum,
879 2393 934 2443 et
955 2383 1272 2440 bestiarum
1305 2373 1764 2434 immundarum,
1795 2367 1975 2422 Isaias

345 2451 360 2462 ³
379 2451 495 2470 ul..-"
521 2451 615 2456 ""
630 2451 652 2452 ί
843 2451 851 2458 1

345 2509 520 2563 super
543 2487 853 2542 Idumazam
880 2477 962 2530 sic
989 2468 1335 2528 vaticinatur
1358 2480 1372 2517 :
1397 2451 1784 2516 Possidebunt
1815 2454 1974 2508 illam

345 2544 734 2636 onocrotalus,
765 2571 822 2622 et
837 2563 1068 2620 ericius.
1094 2563 1150 2612 et
1171 2555 1284 2610 ibis
1315 2556 1370 2606 et
1393 2565 1597 2604 corvus
1627 2544 1978 2600 habitabant

531 2662 659 2735 (Isai
687 2631 838 2718 xxiv,
873 2651 982 2720 11).
1021 2670 1047 2696 ››
1071 2645 1285 2715 Etpost
1317 2654 1501 2710 pauca
1530 2653 1542 2691 :
1578 2658 1605 2684 u
1639 2639 1694 2689 et
1719 2631 1980 2687 orientur

346 2759 404 2812 in
432 2751 704 2809 domibus
734 2746 860 2816 ejus
885 2739 1062 2810 spinae
1087 2737 1143 2788 et
1173 2729 1392 2792 urticae,
1417 2730 1472 2780 ct
1493 2723 1753 2797 paliurus
1775 2721 1834 2774 in
1851 2735 1976 2772 mu-

348 2841 667 2900 nitionibus
699 2813 844 2904 ejus.
880 2829 950 2884 Et
973 2825 1082 2880 erit
1101 2819 1290 2877 cubile
1315 2816 1654 2876 draconum,
1681 2813 1736 2864 et
1766 2822 1982 2880 pascua

348 2928 766 2990 struthionum,
782 2925 838 2976 et
853 2915 1158 2973 occurrent
1177 2903 1462 2962 daemonia
1474 2897 1984 2960 onocentaurus,et

351 2983 573 3093 pilosus
589 2983 858 3068 clamavit
878 3003 1022 3058 alter
1041 3000 1112 3055 ad
1133 2996 1402 3052 alterum.
1427 2989 1509 3046 lbi
1535 2985 1764 3042 cubavit
1783 2983 1981 3048 lamia,

353 3073 410 3164 ξι
439 3101 658 3160 invenit
687 3095 988 3167 requiem;
1014 3088 1090 3142 ibi
1125 3083 1329 3139 habuit
1389 3080 1608 3133 foveam
1653 3073 1885 3136 ericius,
1930 3075 1986 3126 et

355 3159 628 3252 enutrivit
653 3159 896 3249 catulos,
930 3183 986 3233 et
1007 3168 1394 3234 circumfodit,
1425 3168 1481 3220 et
1511 3161 1648 3218 fovit
1679 3162 1733 3215 in
1777 3159 1987 3214 umbra

355 3248 500 3354 ejus.
537 3277 679 3334 Illuc
713 3248 1044 3342 congregati
1090 3265 1227 3316 sunt
1256 3255 1414 3312 milvi
1462 3252 1606 3308 alter
1634 3251 1701 3306 ad
1738 3248 1982 3303 alterum

356 3333 504 3444 (Iani.
535 3381 660 3430 xm,
691 3362 766 3433 5).
793 3382 820 3408 ››
841 3355 1066 3411 Talium
1093 3350 1296 3420 ergoet
1311 3337 1838 3410 tamversipellium
1861 3333 1983 3388 vul-

1187 3437 1217 3444 ..
1262 3435 1273 3444 .
1443 3430 1482 3444 η.
1553 3433 1562 3444 ,
1688 3421 1959 3444 ,,,H___,_

549 3421 741 3528 partes
765 3446 978 3519 pariter
998 3444 1053 3496 et
1075 3435 1382 3511 participes
1405 3430 1617 3486 effectae
1647 3421 1983 3496 vulpeculae,

357 3510 426 3603 de
458 3510 667 3616 quibus
699 3552 854 3592 nunc
897 3545 1086 3586 sermo
1127 3529 1233 3592 est,
1287 3519 1659 3594 possidentur
1707 3518 1764 3568 et
1805 3510 1990 3582 possi-

359 3602 497 3691 dent
543 3621 897 3700 duplicitatis
937 3633 1052 3674 suae
1089 3611 1293 3669 merito
1325 3627 1358 3664 a
1389 3603 1731 3661 multiformi
1771 3602 1987 3654 daemo-

535 3685 794 3788 nequitia
823 3703 1218 3777 multipliciter
1248 3697 1489 3771 partitae,
1509 3699 1564 3748 et
1584 3691 1773 3746 adhuc
1797 3685 1994 3750 multi-

365 3811 571 3885 plicius
585 3781 916 3878 partiendai,
941 3789 1434 3856 multifariamque
1448 3781 1783 3853 partientes,
1797 3781 1852 3832 et
1867 3792 1994 3847 par-

363 3864 551 3955 trituree
585 3864 715 3950 .sibi
766 3887 892 3942 illas
922 3885 1078 3954 ipsas
1110 3872 1513 3949 possidendas,
1548 3887 1582 3924 a
1612 3867 1826 3938 quibus
1857 3864 1996 3935 ipsze

367 3980 726 4060 possidenda:
773 3972 1032 4030 vicissim
1064 3965 1413 4038 partiuntur.
1460 3963 1536 4012 De
1568 3955 1782 4028 quibus
1813 3968 1999 4023 quon-

369 4043 503 4131 dam
536 4063 818 4140 sapientia
848 4063 964 4115 ait:
997 4077 1018 4106 (ι
1046 4047 1602 4124 Vulpesinhabitant
1624 4043 1852 4104 animm,
1876 4055 2001 4110 quae

369 4128 711 4219 memorest
742 4148 995 4211 malitize,
1029 4149 1084 4199 et
1115 4139 1309 4195 bestia:
1339 4136 1556 4190 cubant
1585 4132 1641 4186 in
1671 4128 2002 4186 turbulento

372 4217 562 4308 corde.
612 4269 632 4298 ι
683 4243 856 4297 Porro
904 4229 1116 4289 Christi
1166 4225 1402 4283 oviculze
1451 4217 1840 4292 simplicitatis
1889 4231 2008 4270 suae

374 4337 576 4396 merito
609 4334 788 4388 beatae
817 4327 991 4390 sunt;
1022 4332 1272 4392 quarum
1313 4311 1592 4368 Dominus
1621 4313 1708 4362 est
1737 4305 1891 4360 Deus
1921 4320 2010 4358 ca-

375 4392 527 4494 rum,
561 4421 657 4496 qui
689 4423 846 4474 totus
876 4417 964 4468 est
992 4409 1162 4464 unica
1190 4413 1324 4478 pars
1355 4399 1635 4473 praeclarae
1657 4392 2012 4450 haereditatis

633 4523 807 4582 quam
830 4500 1054 4572 eis’ipse
1076 4495 1344 4552 restituet
1372 4488 1540 4559 (Psal.
1573 4503 1666 4550 xv,
1697 4483 1752 4552 5)
1783 4480 2010 4536 totusin

377 4569 925 4677 singulis-quasque
955 4569 1198 4658 singulas
1228 4584 1358 4636 tota:
1389 4577 1447 4631 in
1473 4576 1599 4646 ipso
1630 4577 1772 4636 toto,
1805 4573 1869 4624 ut
1899 4569 2018 4624 sint

1371 469 1774 538 HUMBERTI
1820 471 1882 529 s.
1932 449 2002 525 Ρ..
2051 463 2122 523 E.
2167 455 2651 524 CARDINALIS.

3623 405 3867 486 {096‘

2293 615 2312 638 α
2347 591 2614 642 Moestum
2637 585 2854 638 factum
2878 580 2970 634 est
2991 577 3052 630 in
3075 571 3290 628 dolore
3314 579 3431 622 cor
3453 561 3766 626 nostrum,

2067 676 2464 736 contenebrati
2481 677 2620 731 sunt
2640 670 2790 727 oculi
2806 665 2992 724 nostri
3015 665 3262 735 propter
3287 655 3596 712 montem
3619 648 3768 712 Sion,

2067 768 2204 841 quia
2232 765 2518 838 disperiit;
2541 761 2742 832 vulpes
2760 751 3218 813 ambulaverunt
3235 747 3300 802 in
3325 759 3406 800 eo
3443 738 3694 812 (Thren.
3721 751 3776 801 γ,

2069 827 2154 924 t7,
2191 827 2358 928 18)..-
2397 827 2663 908 Sedvlicet
2681 848 2916 920 prepter
2945 835 3303 912 hujusmodi
3339 827 3776 904 speculatores

2070 963 2239 1002 mons
2252 945 2389 1001 Sion
2411 941 2706 997 interdum
2726 935 3020 1006 dispereat
3039 923 3340 984 nonnulla
3355 927 3594 977 tamen
3613 915 3778 972 nobis

2069 1039 2158 1090 est
2187 1031 2524 1096 consolatio,
2556 1026 2711 1100 quod
2743 1003 2858 1080 non
2890 1020 3192 1077 habitasse
3213 1017 3325 1070 aut
3351 1007 3653 1070 stetisse,
3687 1003 3776 1061 sed

2071 1121 2404 1180 ambulasse
2419 1122 2650 1174 tantum
2671 1115 2947 1170 dicuntur
2974 1111 3035 1164 in
3055 1125 3141 1163 eo.
3167 1105 3389 1176 Neque
3427 1100 3500 1154 in
3529 1095 3710 1154 enim
3729 1095 3776 1148 in

2070 1207 2617 1270 catholicaEcclesia
2656 1193 2758 1260 seu
2800 1195 3424 1267 canonicaScriptura
3461 1186 3776 1245 haeretico-

2071 1319 2202 1358 rum
2242 1299 2633 1372 episcopatus,
2661 1291 2752 1348 vel
2796 1285 3192 1344 ministerium
3243 1277 3652 1353 aliquandiu
3697 1292 3774 1330 rs—

2072 1365 2390 1465 quiescere,
2416 1365 2517 1442 aut
2545 1388 2700 1439 stare
2731 1377 2957 1452 poterit.
2989 1373 3306 1446 Siquidem
3329 1370 3506 1442 quia
3543 1385 3676 1423 non
3705 1365 3779 1420 lo-

2075 1485 2336 1555 quuntur
2357 1475 2656 1532 veritatem
2676 1472 2734 1528 in
2753 1468 2924 1524 corde
2937 1482 3063 1532 suo,
3079 1463 3223 1534 quia
3233 1464 3447 1534 agunt
3459 1457 3695 1514 dolum
3723 1455 3778 1511 in

2073 1573 2275 1643 lingua
2285 1584 2410 1633 sua,
2435 1563 2572 1636 quia
2595 1575 2840 1616 munera
2855 1571 3034 1628 super
3049 1555 3412 1608 innocentes
3427 1547 3778 1620 accipiunt,

2074 1662 2133 1716 in
2161 1653 2536 1715 tabernaculo
2549 1650 2650 1708 Dei
2669 1647 2954 1712 habitare,
2975 1647 3079 1699 aut
3091 1639 3492 1712 requiescere
3516 1638 3590 1692 in
3609 1653 3778 1692 mon-

2073 1755 2130 1806 te
2162 1751 2359 1805 sancto
2391 1745 2519 1815 ejus
2549 1739 2848 1811 nequeunt
2881 1732 3056 1806 (Psal.
3079 1748 3197 1796 xiv,
3221 1728 3506 1799 t-3).Sic
3525 1727 3784 1799 quiaae-

2075 1839 2296 1911 cipiunt
2325 1836 2382 1890 in
2414 1847 2562 1890 vano
2586 1828 2814 1884 animas
2835 1840 2976 1880 suas
3006 1826 3063 1877 et
3073 1821 3285 1892 jurant
3305 1818 3374 1872 in
3390 1817 3554 1873 dolo
3579 1815 3784 1889 proxi-

2075 1946 2171 1984 mo
2203 1943 2327 1990 suo,
2362 1938 2466 1977 nec
2487 1923 2640 1974 stare
2669 1912 2981 1988 praevalent
3011 1911 3070 1964 in
3101 1909 3228 1964 loco
3251 1908 3394 1978 ejus
3423 1909 3686 1961 sancto.
3719 1904 3786 1958 Et

2078 2016 2230 2090 quod
2265 2012 2498 2075 dicitur,
2535 2007 2674 2078 quia
2703 2019 2808 2058 nec
2839 2000 3101 2068 stabunt,
3133 1997 3192 2052 in
3225 2011 3420 2066 quem
3457 2009 3586 2048 nec
3635 1991 3788 2048 tales

2079 2079 2421 2160 ascendunt.
2451 2094 2647 2160 Qualis
2678 2091 2834 2146 enim
2865 2086 3165 2150 ascendat,
3189 2081 3548 2140 Psalmista
3583 2079 3786 2136 decla-

2080 2198 2189 2258 rat,
2225 2191 2422 2244 dicens
2449 2204 2460 2240 :
2497 2207 2524 2234 ‹‹
2555 2184 2837 2237 Innocens
2858 2175 3134 2231 manibus
3154 2177 3212 2228 et
3232 2171 3482 2226 mundo
3507 2169 3724 2232 corde,
3759 2189 3782 2216 ι

2082 2286 2191 2337 etc.
2226 2277 2396 2347 (Psal.
2441 2288 2600 2336 mu,
2624 2270 2677 2333 3,
2709 2267 2785 2338 4.)
2817 2265 2981 2320 Unde
3009 2262 3195 2333 liquet
3225 2258 3452 2332 vulpes
3491 2258 3618 2313 has
3655 2261 3782 2312 tam

2082 2345 2360 2425 subdolas
2381 2367 2438 2420 et
2467 2374 2702 2431 rapaces
2734 2371 2839 2410 nec
2857 2350 3194 2408 ambulasse
3219 2349 3278 2402 in
3304 2349 3534 2403 monte
3559 2345 3782 2402 catho-

2083 2459 2202 2513 licae
2250 2455 2408 2516 Sion,
2440 2463 2614 2520 quem
2646 2461 2752 2500 nec
2781 2432 3095 2499 ascendere
3144 2440 3514 2510 potuerunt.
3561 2437 3632 2489 In
3669 2451 3787 2506 quo

2083 2552 2299 2608 tamen,
2325 2537 2647 2596 secundum
2665 2529 3136 2593 aestimationem,
3159 2525 3324 2598 vulgi
3343 2523 3690 2580 credentis
3707 2526 3790 2578 ta-

2085 2634 2170 2689 les
2198 2627 2467 2686 Ecclesize
2487 2623 2585 2679 Dei
2605 2615 3045 2693 principari,vel
3063 2614 3405 2670 doctrinam
3439 2613 3598 2682 ejus
3617 2627 3790 2667 scru-

2085 2721 2217 2786 tari,
2251 2713 2586 2773 ambulasse
2614 2709 2908 2773 dicuntur,
2937 2703 3190 2760 Domino
3236 2717 3344 2774 per
3399 2699 3790 2772 prophetam

2089 2811 2316 2864 dicente
2349 2822 2361 2858 :
2401 2826 2427 2854 ι(
2456 2799 2570 2873 Ipsi
2604 2797 2992 2870 regnaverunt
3022 2797 3079 2846 et
3107 2807 3226 2846 non
3257 2805 3330 2845 ex
3375 2805 3513 2844 me.
3557 2787 3790 2843 Princi-

2091 2914 2190 2970 pes
2217 2891 2559 2950 exstiterunt
2587 2889 2643 2941 et
2663 2901 2780 2940 non
2807 2879 3048 2954 cognovi
3069 2879 3214 2948 (Ose.
3247 2894 3382 2942 vm,
3409 2878 3500 2943 4).
3531 2899 3565 2926 υ
3583 2877 3668 2931 Et
3689 2875 3792 2931 ali-

2090 2963 2150 3040 hi
2185 3001 2196 3038 :
2233 3006 2260 3033 ‹‹
2295 2981 2509 3036 Omues
2538 2973 2831 3048 principes
2861 2970 2989 3040 ejus
3018 2971 3193 3023 erunt
3217 2966 3278 3020 in
3317 2963 3614 3020 nihilum
3655 2965 3790 3036 (15a.

2091 3088 2282 3136 xxxw,
2317 3069 2424 3138 12).
2461 3087 2488 3114 υ
2521 3064 2601 3117 Ex
2630 3061 2843 3132 quibus
2866 3057 3066 3128 utique
3088 3057 3392 3110 trecentas
3411 3052 3658 3125 vulpes
3695 3053 3794 3108 for-

2093 3160 2360 3217 tissimus
2408 3153 2506 3208 ille
2547 3152 2794 3206 Samson
2839 3145 3026 3218 lypice
3057 3142 3229 3215 cepit,
3282 3145 3364 3206 et,
3403 3144 3481 3196 ut
3515 3141 3794 3197 Historia

2097 3248 2289 3308 refert,
2323 3241 2538 3297 caudas
2579 3250 2782 3292 eorum
2833 3229 3080 3288 revinxit
3121 3229 3193 3284 ad
3225 3227 3494 3291 caudas,
3535 3233 3604 3282 et
3639 3227 3796 3282 faces

2016 3307 2057 3373 C
2097 3334 2296 3409 ligavit
2332 3333 2392 3386 in
2426 3326 2636 3390 medio,
2660 3338 2804 3396 quas
2828 3321 2964 3393 igne
2985 3317 3380 3384 succendens,
3409 3315 3702 3382 dimisit,
3737 3321 3796 3369 ut

2095 3403 2208 3480 huc
2240 3421 2492 3490 illucque
2524 3413 2934 3468 discurrerent.
2969 3409 3103 3472 Quae
3127 3403 3332 3461 statim
3367 3407 3796 3476 perrexerunt

2097 3515 2154 3567 in
2190 3516 2413 3583 segetes
2440 3501 2900 3564 Philistinorum,
2927 3495 3142 3568 quibus
3170 3491 3605 3552 succensiset
3638 3509 3794 3548 com-

2096 3580 2331 3673 portatis
2356 3597 2481 3665 jam
2505 3593 2718 3662 fruges,
2747 3591 2803 3642 et
2819 3585 3010 3641 adhuc
3031 3586 3259 3639 stantes
3281 3581 3342 3636 in
3369 3580 3630 3653 stipula
3653 3597 3790 3637 eon-

2103 3690 2365 3743 crematac
2395 3679 2870 3746 sunt,intantum
2901 3677 2964 3727 ut
2983 3671 3183 3726 vineas
3203 3685 3454 3742 quoque
3481 3675 3554 3724 et
3579 3669 3800 3726 oliveta

2105 3777 2338 3831 ﬂamma
2368 3770 2752 3825 consumeret.
2788 3761 2948 3828 Quod
2983 3761 3204 3814 factum
3235 3757 3298 3812 in
3331 3756 3620 3829 ﬁguram
3658 3774 3802 3814 con-

2105 3863 2306 3935 tigisse
2327 3859 2464 3922 illis,
2489 3859 2544 3910 et
2556 3854 2625 3908 ad
2641 3855 2897 3907 nostram
2919 3847 3246 3904 doctrinam
3269 3845 3388 3903 scri
3397 3849 3594 3916 ptum
3621 3861 3804 3902 nemo

2109 3931 2354 4020 ambigit
2381 3945 2480 4017 qui
2513 3939 2672 3998 Pauli
2706 3935 3013 4008 Evangelio
3057 3933 3264 3989 credit.
3305 3931 3655 4004 Siquidem
3701 3933 3812 3989 Do-

2111 4039 2308 4094 minus
2323 4037 2519 4090 noster
2533 4031 2704 4086 Jesus
2727 4026 3018 4090 Christus,
3037 4021 3405 4078 fortissimus
3423 4023 3734 4078 omnium
3757 4027 3814 4078 et

2112 4127 2342 4188 zelotes,
2365 4138 2480 4176 non
2505 4119 2695 4174 ferens
2717 4130 2976 4174 uxorem.
3002 4127 3181 4184 quam
3200 4127 3270 4165 ex
3291 4111 3601 4182 gentibus
3628 4111 3818 4167 duxe-

2117 4219 2224 4280 rat,
2257 4211 2492 4268 cuilibet
2519 4207 2616 4261 alii
2650 4208 2915 4276 nuptam,
2951 4202 3022 4264 ad
3055 4203 3231 4255 tantas
3257 4199 3510 4270 injuria
3543 4217 3686 4256 sua:
3721 4200 3818 4256 ul-

2116 4304 2356 4364 tionem,
2387 4314 2484 4354 eos
2517 4294 2615 4366 qui
2647 4292 2938 4364 sapientes
2967 4292 3136 4345 erant
3176 4291 3240 4342 ut
3285 4287 3574 4344 facerent
3623 4288 3818 4356 mala,

2119 4394 2266 4447 bene
2297 4391 2491 4442 autem
2541 4383 2728 4438 facere
2757 4378 3116 4442 nesciebant,
3157 4375 3218 4430 in
3269 4375 3511 4430 astutia
3567 4394 3816 4446 eorum,

2123 4477 2292 4551 quasi
2321 4477 2544 4545 vulpes,
2575 4465 3033 4541 comprehendit,
3067 4481 3194 4537 qua:
3225 4480 3330 4520 ccc
3359 4481 3646 4522 numero
3679 4465 3820 4522 illas

2123 4569 2371 4622 hzereses
2402 4559 2734 4632 exprimunt
2756 4553 3189 4618 tantummodo,
3224 4569 3355 4624 qua:
3389 4551 3518 4608 sibi
3556 4554 3822 4627 applau-

379 4640 647 4677 ⁵¹³¹5¹⁴¹⁸¹υ³
682 4640 922 4669 Ὶ“νν“1-·”
957 4640 1003 4644 τ-
1050 4640 1083 4658 a
1499 4640 1515 4646 _

379 4709 581 4752 omnes
612 4681 1027 4744 consummata:
1059 4675 1118 4728 in
1153 4685 1332 4727 unum
1382 4668 1552 4738 (Joan.
1595 4677 1735 4724 xvu,
1763 4659 1875 4730 23),
1910 4657 2012 4712 sit—
2040 4662 2086 4726 Ι)
2118 4657 2263 4711 dunt
2291 4653 2362 4706 de
2391 4648 2626 4705 nomine
2656 4643 3004 4702 Christiano.
3049 4641 3205 4697 sicut
3251 4640 3654 4714 Simoniaca,
3715 4644 3822 4700 Sa-

1690 4751 1716 4752 ”
1838 4749 1875 4752 ”“
1904 4750 1924 4752 “
2123 4747 2134 4752 “
2200 4741 2256 4752 ···
2446 4743 2458 4752 -
2515 4737 2524 4748 υ
2620 4751 2629 4752 κ
2696 4737 2737 4752 ᾼι
2765 4731 2993 4752 v-12---“
3048 4728 3297 4752 __.___12_
3331 4727 3700 4752 L__-_:L-_-
3733 4732 3797 4752 τη

380 4799 492 4855 que
524 4781 676 4835 Deus
694 4771 846 4829 unus
863 4766 1156 4830 omnibus,
1180 4765 1237 4816 et
1254 4755 1450 4813 omnia
1465 4753 1522 4807 in
1543 4749 2009 4818 omnibus(lCor.

379 4835 485 4936 in},
503 4869 616 4936 28).
653 4867 735 4920 Ita
763 4874 902 4915 sane
929 4856 1053 4926 ipse
1096 4847 1346 4922 populus
1377 4845 1506 4914 ejus
1555 4842 1748 4908 erunt,
1799 4841 1855 4892 et
1893 4835 2017 4907 ipse

384 4959 538 5014 Deus
567 4969 699 5008 cum
731 4948 813 5004 eis
845 4945 954 5000 erit
981 4956 1180 4996 earum
1211 4937 1363 4991 Deus
1384 4932 1565 5005 (Zuch.
1607 4945 1729 4993 vm,
1762 4927 1837 4994 8).

458 5047 714 5109 Quarum
775 5034 1006 5090 unicam
1052 5023 1490 5098 simplicitatem
1533 5017 1666 5090 quia
1710 5013 2021 5069 abhorrent

389 5103 638 5206 praefata:
651 5115 1258 5195 vulpecultc,habitant
1272 5111 1374 5167 soli
1387 5114 1444 5164 tu
1457 5107 1622 5161 dines
1635 5105 1952 5157 draconum
1968 5103 2024 5153 et

391 5187 788 5278 struthionum
821 5207 1054 5274 deserti,
1089 5204 1320 5276 privatae
1361 5195 1632 5268 praeclara
1660 5195 1714 5246 et
1743 5187 2025 5262 populosa

392 5306 726 5366 haereditate
753 5298 927 5355 unius
949 5293 1112 5350 ovilis
1136 5290 1428 5356 uniusque
1443 5281 1710 5354 pastoris.
1736 5281 1867 5343 Quae
1884 5292 2024 5346 quo-

395 5399 554 5454 niam
587 5401 1006 5455 nonnunquam
1031 5372 1444 5453 pastoralitatis
1473 5367 1558 5423 vel
1591 5367 1792 5422 divinae
1822 5380 2024 5436 specu-

395 5483 629 5540 lationis
662 5481 914 5533 mentem
942 5469 1244 5539 occupant,
1276 5463 1416 5516 dum
1451 5455 1706 5528 regimen
1738 5451 2024 5518 Ecclesiae,

395 5570 486 5624 vel
538 5585 712 5622 sacrae
771 5563 1078 5630 Scriptura:
1137 5551 1400 5608 studium
1457 5543 1568 5600 sibi
1627 5539 2028 5613 praesumendo

402 5659 715 5722 utrumque
762 5625 941 5724 prava
971 5644 1214 5706 actione,
1264 5643 1322 5692 et
1351 5629 1820 5704 interpretatione
1867 5625 2033 5684 dissi-

407 5741 566 5830 pant,
589 5743 738 5798 recte
759 5715 818 5796 in
838 5727 1353 5794 lamentationibus
1373 5721 1457 5780 sic
1480 5717 1852 5794 conqueritur
1871 5715 2036 5774 Jers-

2123 4741 2395 4806 belliana,
2432 4737 2664 4802 Ariana,
2689 4737 2746 4788 et
2765 4731 3019 4802 reliqua),
3043 4728 3300 4801 exceptis
3331 4727 3706 4788 hazresibus
3723 4732 3826 4788 Ju-

2127 4833 2379 4887 dzeorum
2409 4831 2465 4881 et
2485 4837 2868 4896 paganorum,
2890 4819 3107 4890 quibus
3138 4815 3466 4871 crucifixus
3495 4817 3824 4886 Christus,

2127 4925 2227 4976 aut
2259 4913 2600 4973 scandalum
2629 4914 2737 4976 est,
2786 4911 2887 4963 aut
2916 4905 3187 4963 stultitia.

2709 4995 2936 5053 CAPUT
2983 4994 3178 5049 XXIII.

2341 5089 2610 5161 Allegoria
2639 5087 2701 5141 de
2729 5084 2978 5156 vulpibus
3007 5101 3042 5138 α
3068 5083 3337 5137 Samsone
3367 5085 3596 5154 captis.

2202 5181 2362 5246 Quod
2397 5186 2584 5233 autem
2610 5177 3000 5230 trecentorum
3033 5186 3319 5226 numerus
3339 5171 3828 5230 universitatem

2133 5269 2617 5328 Christianorum,
2645 5277 2814 5318 cruce
2837 5259 3053 5316 Christi
3072 5259 3478 5331 signatorum,
3508 5261 3826 5335 designet,

2135 5361 2280 5414 Thau
2307 5357 2500 5416 littera
2529 5351 2799 5414 ostendit,
2852 5365 2997 5422 quae,
3047 5346 3237 5403 crucis
3286 5345 3670 5406 charactere
3725 5351 3829 5408 for-

2137 5452 2292 5503 mata
2341 5445 2533 5516 ipsum
2593 5454 2902 5495 numerum
2935 5435 3230 5508 exprimit.
3279 5433 3362 5488 De
3421 5451 3562 5506 qua
3595 5439 3668 5494 in
3705 5441 3827 5495 Eze.

2137 5533 2319 5592 chiele
2347 5532 2468 5587 viro
2493 5529 2628 5584 linei
2660 5527 2864 5582 induto
2895 5524 3107 5580 dicitur
3139 5540 3151 5578 :
3192 5546 3212 5572 ι
3265 5521 3458 5595 Signa
3519 5525 3720 5584 Thau
3779 5529 3830 5583 in

2141 5622 2429 5680 frontibus
2449 5619 2704 5678 virorum
2735 5614 3098 5689 gementium
3127 5614 3186 5668 et
3207 5609 3566 5670 dolentium
3609 5617 3826 5692 (Eur-lt.

2142 5729 2219 5784 ix,
2249 5709 2323 5788 4).
2351 5733 2378 5762 ››
2409 5709 2563 5780 Quos
2585 5721 2656 5768 ne
2685 5703 3080 5764 interfectores
3108 5703 3376 5776 tangant,
3413 5703 3830 5785 subjungitu:
