3876 6390
174 444 322 507 1097

724 446 1141 509 ADVERSUS
1189 444 1660 509 SlMONlACOS
1707 444 1909 506 LIBRI
1955 443 2181 507 TRES.
2215 446 2548 508 —LIBER
2595 446 3027 510 SECUNDUS.

3401 412 3563 507 ιι)θῇ

171 600 196 625 ‹‹
228 578 414 649 Super
429 594 600 650 quem
621 578 881 633 videritis
900 577 1088 645 Thau,
1118 594 1188 633 ne
1210 577 1569 633 interficietis
1592 576 1802 648 (Exech.
1838 576 1895 644 Α
1924 576 2049 643 hoc,
2075 578 2190 633 nisi
2214 583 2277 634 ut
2301 579 2940 636 innotescathzereticos
2963 576 3049 634 vel
3076 576 3327 633 fautores
3359 591 3560 635 eorum

168 684 241 734 Ix,
264 668 365 722 6.»
388 666 545 730 Quod
569 666 869 722 character
889 671 945 721 et
974 667 1225 722 Gedeoni
1258 666 1441 731 alluit,
1477 666 1573 722 ubi
1610 666 1806 722 divino

164 754 396 811 oraculo
430 755 755 811 instructus
779 756 837 810 in
861 756 1135 810 trecentis
1155 755 1291 809 viris
1312 754 1659 811 Madianitas
1682 772 1810 827 pro-

165 844 387 911 stravit,
420 844 477 899 in
512 844 701 915 figura
730 845 914 899 nostri
960 844 1269 908 Gedeonis,
1310 844 1409 915 qui
1440 860 1647 915 gyrum
1679 842 1808 901 οωὶὶ

165 932 533 997 circumiens,
570 932 628 987 in
662 937 824 988 utero
859 931 1109 1005 Virginis
1139 937 1295 987 totus
1319 932 1551 987 mansit.
1591 933 1714 1000 Hic,
1748 933 1806 987 in

170 1021 445 1077 trecentis
462 1022 705 1077 armatis
728 1022 883 1076 tubis
908 1020 1231 1093 spiritualis
1263 1020 1688 1091 praedicationis
1720 1020 1808 1076 la-

167 1110 334 1182 genis
357 1126 641 1181 corporea:
673 1109 1004 1181 fragilitatis
1036 1113 1091 1164 et
1112 1109 1485 1181 lampadibus
1504 1108 1809 1165 miraculo-

164 1214 297 1253 rum
339 1198 681 1266 divinitatis,
733 1198 1018 1252 mundum
1067 1197 1296 1266 devicit,
1342 1202 1399 1251 et
1442 1196 1623 1252 vincit
1662 1215 1809 1269 quos

164 1285 509 1357 semetipsos
534 1286 839 1357 abnegare,
876 1291 932 1341 et
970 1302 1200 1341 crucem
1224 1302 1392 1340 suam
1415 1284 1613 1341 tollere
1634 1290 1810 1357 atque

166 1378 297 1445 post
326 1391 386 1429 se
417 1374 608 1429 venire
639 1374 855 1429 docuit.
890 1375 1147 1439 Quorum
1180 1372 1297 1441 Sol,
1332 1372 1387 1427 id
1419 1380 1507 1429 est
1538 1374 1807 1444 Samson,

164 1467 296 1533 post
325 1463 467 1529 hmo,
499 1464 636 1533 quia
668 1480 780 1517 non
813 1467 903 1517 est
952 1462 1051 1533 qui
1096 1479 1158 1517 se
1207 1462 1527 1517 abscondat
1557 1480 1591 1518 a
1623 1462 1809 1519 calore

163 1550 291 1620 ejus
312 1556 366 1605 et
391 1551 626 1619 clarere,
654 1553 723 1606 ab
748 1551 881 1607 ovili
907 1551 1172 1606 Ecclesiae
1198 1568 1338 1618 sua},
1373 1552 1810 1623 quamjustitizn

162 1638 341 1693 radiis
365 1640 769 1711 profundebat,
794 1640 1027 1695 dolosas
1041 1639 1450 1695 etimmundas
1467 1641 1669 1712 vulpes
1691 1641 1809 1695 ha:-

163 1742 365 1781 reseon
395 1731 637 1783 venatus
670 1728 977 1799 separavit,
1021 1728 1212 1800 specie
1262 1728 1499 1798 quidem
1551 1729 1800 1799 pietatis,

161 1814 264 1869 sed
298 1832 410 1869 non
442 1816 650 1871 virtute
682 1821 991 1880 trecentas,
1036 1834 1184 1887 quas
1234 1816 1438 1871 caudis
1478 1818 1548 1871 ad
1598 1820 1811 1873 caudas

172 1901 417 1956 invicem
442 1902 750 1974 colligavit,
773 1905 989 1959 docens
1013 1904 1169 1975 quia,
1197 1905 1464 1975 quamvis
1490 1905 1561 1959 ad
1585 1906 1813 1962 diversa

170 1990 481 2046 intendant
502 1992 677 2046 facies
691 1998 745 2046 et
767 2010 886 2047 ora.
916 2009 1098 2047 unum
1123 1998 1316 2047 tamen
1335 2010 1596 2049 errorum
1613 1994 1808 2063 finem,

164 2077 327 2134 velut
356 2095 423 2133 ex
455 2080 627 2133 unius
660 2080 912 2151 perfidiae
944 2080 1116 2146 nodo,
1141 2080 1329 2135 celant
1346 2087 1403 2136 et
1435 2082 1683 2137 retinent
1711 2100 1811 2139 ea-

165 2184 299 2223 rum
334 2168 672 2239 posteriora.
698 2170 867 2236 Nam,
889 2170 1156 2240 qnamvis
1181 2169 1426 2241 singula:
1452 2170 1697 2226 haereses
1720 2188 1815 2225 su-

160 2258 371 2327 perbice
404 2274 544 2322 suae,
579 2257 737 2314 velut
780 2257 989 2315 turrim
1038 2258 1367 2329 Babyloniae
1420 2276 1561 2328 sua),
1610 2264 1813 2315 contra

161 2346 346 2400 Deum
376 2346 615 2400 exaltari
648 2345 973 2412 molientes,
1006 2346 1335 2401 diversitate
1378 2347 1710 2419 linguarum
1730 2348 1814 2403 di-

163 2434 384 2489 vinitus
432 2436 705 2499 confusm,
759 2436 988 2489 diversa
1038 2436 1107 2489 de
1157 2436 1434 2507 religione
1480 2436 1811 2492 Christiana

161 2522 421 2577 sentiant
450 2528 505 2577 et
536 2523 748 2589 dicant,
791 2540 1032 2594 seseque
1082 2523 1275 2594 palam
1324 2524 1567 2579 invicem
1618 2525 1810 2596 impu-

160 2615 365 2682 gnent,
398 2610 454 2664 in
481 2612 593 2664 fine
616 2615 808 2665 tamen
839 2612 1013 2666 unius
1037 2611 1352 2683 impietatis
1376 2613 1525 2667 nodo
1548 2630 1809 2668 convexa:

160 2700 314 2754 clam
338 2702 709 2764 concordant,
732 2702 829 2755 ubi
857 2701 1378 2772 deprehenduntur
1414 2701 1492 2755 nil
1516 2701 1672 2756 aliud
1697 2702 1808 2756 nisi

161 2789 339 2843 fidem
369 2789 612 2860 perfidia
642 2790 997 2858 subvertere,
1046 2796 1102 2844 et
1153 2806 1389 2861 gregem
1436 2790 1649 2844 Christi
1696 2790 1808 2844 sibi

162 2876 415 2949 diripere
446 2883 684 2934 conatm.
716 2880 773 2933 In
800 2894 1049 2949 quarum
1090 2879 1300 2946 medio,
1337 2879 1556 2933 scilicet
1583 2879 1643 2933 in
1674 2896 1808 2934 con-

158 2966 406 3022 nexione
439 2968 758 3022 caudarum
794 2972 988 3022 noster
1020 2969 1267 3022 Samson
1312 2967 1464 3021 faces
1514 2967 1807 3038 apposuit,

156 3054 259 3109 ubi
282 3072 481 3109 earum
507 3055 825 3127 malignam
850 3056 1245 3119 concordiam,
1288 3073 1415 3126 qua:
1449 3055 1505 3109 in
1529 3056 1641 3110 line
1665 3057 1808 3126 jun-

154 3144 405 3215 gebatur
431 3144 651 3199 mutuis
673 3150 727 3199 et
766 3144 1059 3199 intestinis
1103 3144 1276 3213 odiis,
1316 3143 1551 3214 zeleque
1585 3144 1809 3200 invidiae

154 3237 362 3286 contra
383 3248 442 3286 se
466 3231 709 3286 invicem
736 3233 1062 3287 concitavit.
1086 3231 1229 3287 Hinc
1251 3237 1340 3286 est
1360 3232 1510 3303 quod
1528 3232 1668 3286 dum
1693 3250 1809 3288 una

1912 679 2115 724 Verum
2138 667 2492 724 sacrificium
2513 673 2567 724 et
2588 666 3107 725 sanctiﬁcationem
3129 663 3482 738 perdidisse?
3500 665 3566 724 In

1918 754 2207 810 messibus
2219 756 2372 811 enim
2389 760 2445 811 et
2456 756 2641 811 vineis
2655 760 3092 811 sacramentum
3106 752 3366 826 corporis
3376 758 3568 810 etsan-

1916 843 2112 913 guinis
2134 844 2546 916 Domini,quod
2568 844 2704 899 inde
2720 846 2792 899 ad
2815 845 2994 899 vitam
3010 841 3210 915 populi
3232 841 3423 898 ﬁdelis
3435 858 3567 901 con-

1917 930 2249 1003 ficitur,non
2267 932 2582 1005 incongrue
2603 932 2906 1004 accipitur.
2928 932 2992 987 In
3013 930 3238 987 olivetis
3261 934 3458 986 autem
3479 946 3568 987 sa-

1918 1036 2024 1075 cra:
2048 1020 2337 1077 unctionis
2359 1021 2580 1089 oleum;
2602 1021 2816 1093 quibus
2833 1020 2988 1092 apud
3004 1018 3137 1076 illos
3149 1019 3567 1087 evacuatis,su-

1920 1113 2110 1179 perest
2124 1108 2238 1165 illis
2252 1127 2319 1164 ex
2332 1111 2607 1165 omnibus
2620 1108 3028 1165 ecclesiasticis
3041 1107 3425 1165 sacramentis
3437 1107 3565 1165 sola

1919 1214 2073 1268 aqua
2092 1197 2481 1270 baptismatis,
2512 1199 2667 1270 quod
2698 1198 2887 1254 solum
2919 1198 2991 1253 ad
3023 1196 3208 1253 solam
3238 1196 3559 1269 perniciem

1921 1286 2059 1342 dare
2080 1291 2346 1358 possunt,
2373 1288 2527 1342 sicut
2549 1286 2821 1359 superius
2846 1287 2989 1342 satis
3011 1288 3239 1342 constat
3261 1289 3560 1342 monstra-

1920 1377 2069 1429 tum.
2104 1378 2171 1428 Et
2204 1374 2323 1429 haec
2361 1378 2525 1429 tanta
2562 1375 2715 1430 mala
2742 1378 2939 1431 noster
2968 1374 3237 1444 Samson,
3267 1372 3554 1444 Christus,

1921 1462 2125 1517 iecisse
2143 1462 2228 1517 vel
2254 1462 2441 1518 facere
2472 1462 2705 1532 dicitur,
2731 1480 2843 1519 non
2887 1463 3024 1535 quia
3058 1462 3198 1518 talia
3229 1462 3429 1533 jussit,
3451 1462 3555 1519 sed

1919 1552 2056 1622 quia
2082 1552 2239 1622 juste
2270 1551 2394 1607 fieri
2432 1553 2720 1624 permisit.
2746 1552 2962 1608 Paulus
2982 1568 3211 1623 quoque
3225 1550 3334 1607 has
3355 1550 3559 1623 vulpes

1922 1640 2326 1695 coambulates
2357 1645 2409 1695 et
2442 1641 2765 1709 occasione,
2800 1640 2921 1696 sive
2948 1638 3167 1695 invidia
3211 1639 3559 1694 Crucifixnm

1920 1727 2000 1783 sic
2024 1728 2423 1799 praedicantes,
2447 1734 2513 1783 ut
2533 1729 2660 1800 ejus
2688 1745 2919 1784 erucem
2937 1744 3217 1784 evacuare
3239 1728 3559 1795 studerent,

1920 1817 2204 1871 cavendas
2232 1816 2706 1889 Philippensibus
2738 1816 3064 1883 denuntiat,
3098 1816 3335 1873 dicens:
3369 1838 3397 1865 «
3424 1813 3561 1871 Imi-

1838 1941 1889 2006 B
1921 1908 2137 1960 tatores
2170 1906 2279 1959 mei
2312 1909 2516 1973 estote,
2549 1910 2604 1961 et
2642 1906 2944 1962 observate
2973 1922 3071 1962 eos
3117 1904 3215 1976 qui
3250 1904 3331 1959 ita
3351 1903 3561 1961 ambu-

1918 1992 2062 2058 lant,
2107 1992 2259 2048 sicut
2288 1994 2573 2049 habentes
2604 1994 2853 2050 formam
2885 1998 3166 2049 nostram.
3202 1991 3369 2048 Multi
3398 1991 3557 2049 enim

1922 2080 2246 2147 ambulant,
2280 2099 2422 2151 quos
2445 2099 2594 2154 saepe
2614 2082 2878 2137 dicebam
2901 2081 3085 2148 vobis,
3108 2097 3264 2137 nunc
3285 2084 3481 2136 autem
3502 2083 3562 2137 et

1921 2171 2065 2225 ﬂens
2098 2171 2247 2238 dico,
2282 2171 2554 2226 inimicos
2585 2171 2775 2226 crucis
2824 2170 3038 2225 Christi
3082 2169 3316 2242 (Philip.
3350 2187 3435 2236 III,
3468 2170 3560 2235 17,

1922 2260 2006 2325 18)
2035 2277 2070 2325 ;.
2102 2282 2128 2309 ι)
2152 2276 2400 2330 quarum
2423 2259 2626 2315 caudis
2647 2259 2841 2331 ignem
2865 2276 2982 2314 sua:
3004 2257 3349 2330 perditionis
3371 2257 3565 2314 inesse

1920 2347 2350 2414 demonstrans,
2387 2347 2726 2419 subjungit:
2764 2372 2790 2397 ‹‹
2825 2351 3085 2412 Quorum
3128 2346 3261 2403 ﬁnis
3290 2344 3567 2402 interitus

1921 2436 2103 2505 (lbitl.,
2137 2436 2242 2507 19).
2284 2460 2303 2485 ιι
2339 2436 2578 2502 Deinde,
2631 2441 2696 2490 ut
2743 2435 3069 2508 physiologi
3121 2438 3412 2503 astruunt,
3439 2432 3568 2490 vul-

1920 2541 2023 2595 pes
2045 2525 2311 2580 famelica
2328 2525 2386 2579 in
2409 2524 2601 2580 locum
2625 2524 2963 2596 squalidum
2987 2540 3048 2580 se
3067 2522 3317 2596 proiicit,
3339 2527 3396 2578 et
3412 2539 3567 2578 mor-

1921 2616 2086 2667 tuam
2118 2612 2305 2684 fingit,
2337 2612 2536 2683 sicque
2566 2630 2698 2667 aves
2731 2611 2882 2667 male
2928 2610 3196 2667 credulas
3231 2610 3425 2667 subito
3452 2610 3565 2666 sibi

1922 2701 2127 2772 arripit
2146 2706 2201 2756 et
2216 2700 2443 2756 occidit.
2471 2702 2631 2765 Quod
2655 2705 2885 2757 constat
2921 2716 3345 2771 nonnunquam
3373 2699 3562 2756 facere

1918 2789 2234 2857 haereticos,
2269 2791 2391 2861 qui,
2412 2796 2707 2845 terrenum
2730 2789 2959 2845 lucrum
2983 2793 3083 2845 aut
3112 2789 3452 2862 popularem
3473 2789 3557 2847 ta-

1916 2894 2110 2933 vorem
2143 2878 2486 2945 esurientes,
2523 2883 2784 2935 mortuos
2819 2896 2879 2934 se
2904 2878 3041 2933 huic
3060 2878 3280 2934 mundo
3303 2877 3560 2949 quadam

1920 2967 2275 3022 continentia
2305 2967 2610 3036 simulant,
2642 2972 2699 3022 et
2729 2967 2958 3022 animas
3000 2967 3259 3022 volantes
3299 2966 3562 3039 quidem,

1922 3057 2021 3110 sed
2052 3054 2242 3110 adhuc
2275 3056 2558 3122 carnales,
2602 3072 2838 3111 securas
2888 3054 3275 3127 periculorum
3308 3054 3564 3121 etl'ectas,

1921 3162 2029 3199 sua
2061 3145 2303 3215 perﬁdia
2332 3144 2723 3217 strangulant,
2749 3150 2807 3200 et
2830 3144 3130 3199 diabolum
3153 3160 3353 3199 secum
3377 3142 3567 3198 incor-

1922 3236 2148 3303 porant.
2175 3233 2251 3286 Ex
2291 3234 2506 3303 quibus
2540 3232 2716 3288 etiam
2759 3233 3013 3288 Herodes
3062 3232 3303 3300 exstitit,
3336 3231 3436 3303 qui
3460 3231 3568 3285 lin-

156 3320 434 3392 quislibet
456 3320 697 3375 alteram
724 3325 852 3393 post
876 3339 936 3375 se
959 3321 1185 3376 trahere
1208 3327 1309 3375 aut
1336 3338 1368 3375 a
1391 3337 1450 3375 se
1473 3320 1808 3393 disjungere
1840 3308 1883 3374 C
1922 3322 2095 3393 gebat
2117 3338 2177 3375 se
2197 3322 2400 3375 Jesum
2417 3322 2717 3392 signorum
2733 3321 2920 3392 gratia
2937 3338 3144 3392 cupere
3158 3320 3372 3386 videre,
3390 3333 3564 3390 quem

153 3408 617 3471 laborat,omnes
634 3410 877 3463 invicem
898 3410 1291 3481 pertinacibus
1305 3409 1517 3463 animis
1537 3410 1807 3464 serviant.

157 3521 191 3547 ‹‹
220 3497 345 3553 Non
369 3502 457 3553 est
480 3520 505 3546 ››
530 3499 683 3552 enim
710 3524 734 3546 ‹‹
762 3498 1110 3569 paximpiis,
1152 3498 1293 3552 dicit
1328 3496 1610 3551 Dominus
1633 3523 1653 3549 ι
1685 3499 1808 3568 (Isa.

158 3603 359 3653 XLVIII,
383 3587 497 3657 22).
520 3587 671 3649 Quas
696 3589 847 3642 faces
872 3593 1007 3641 tunc
1027 3587 1311 3653 accendit,
1336 3586 1568 3657 quando
1600 3586 1811 3641 irrevo-

161 3674 339 3731 cabili
363 3676 757 3740 anathemate,
789 3677 956 3747 quasi
993 3675 1123 3747 igne
1146 3674 1358 3729 furoris
1382 3674 1496 3744 sui,
1524 3675 1623 3746 qui
1647 3675 1813 3730 arde-

160 3767 255 3819 ret
278 3779 463 3835 usque
485 3764 555 3819 ad
582 3764 791 3819 inferni
830 3764 1164 3832 novissima,
1196 3780 1296 3835 per
1316 3763 1666 3819 sententiam
1697 3780 1814 3818 suae

159 3851 466 3907 catholica:
489 3869 688 3908 earum
714 3853 845 3907 odia
866 3853 934 3907 ad
961 3852 1253 3925 pernicem
1278 3850 1390 3917 sui,
1415 3855 1472 3906 et
1493 3850 1814 3906 multorum

155 3944 363 4013 aperte
395 3941 797 3996 inflammavit.
832 3940 925 3995 Sic
960 3941 1241 4007 dimissae,
1265 3956 1444 4011 vagae,
1467 3944 1523 3994 et
1559 3939 1811 4012 perfuga;

154 4030 280 4085 huc
302 4028 557 4102 illucque
590 4030 949 4095 discurrunt,
973 4030 1111 4099 quia
1132 4029 1543 4083 exardescente
1565 4027 1622 4081 in
1660 4027 1817 4083 brevi

152 4118 252 4174 ira
282 4117 405 4184 Dei,
438 4118 508 4172 de
539 4117 627 4171 via
651 4120 816 4189 justa
847 4118 1148 4189 perierunt
1180 4118 1355 4190 (Psal.
1391 4134 1451 4181 II,
1487 4116 1706 4187 43,13).

238 4205 487 4261 Demum
504 4206 859 4261 Philistliiim
877 4207 1174 4277 ingressa},
1191 4204 1820 4276 omniavictualiagen-

156 4294 243 4351 tis
297 4293 573 4349 adulterm
624 4300 679 4350 et
727 4294 1065 4366 alienigenae
1105 4311 1305 4349 secum
1356 4309 1817 4361 concremavere,

158 4382 309 4456 quia
332 4384 733 4455 proculdubio
757 4384 1185 4439 consentientes
1230 4382 1548 4439 adulterari
1584 4398 1820 4437 uxorem

158 4472 409 4540 Christi,
443 4472 575 4544 igne
612 4472 979 4543 justijudieii
1006 4473 1053 4542 ej
1067 4489 1155 4537 us,
1175 4489 1347 4543 quem
1370 4471 1431 4526 in
1452 4472 1565 4526 fine
1587 4488 1691 4526 suo
1714 4471 1824 4525 hae-

158 4577 352 4627 reses,
384 4565 666 4632 tanquam
692 4562 747 4615 in
772 4560 997 4631 caudis,
1030 4561 1349 4626 advehunt,
1374 4559 1660 4631 quidquid
1684 4559 1821 4614 boni

1922 3410 2200 3480 querebat
2219 3409 2497 3464 occidere.
2526 3410 2684 3464 Unde
2719 3414 2775 3463 et
2816 3410 2940 3481 ipse
2976 3408 3262 3463 Dominus
3301 3407 3415 3462 sibi
3454 3406 3563 3462 hoc

1922 3496 2393 3552 renuntiantibus
2412 3497 2709 3568 respondit
2727 3515 2781 3551 :«
2810 3498 2907 3562 Ite,
2932 3496 3105 3552 dicite
3126 3495 3283 3568 vulpi
3306 3494 3389 3549 illi
3409 3496 3559 3567 (Luc.

1922 3602 2044 3652 xm,
2068 3585 2180 3656 3'2),
2208 3607 2233 3632 ››
2255 3586 2409 3655 quod
2446 3585 2738 3641 evidenter
2777 3585 2841 3639 in
2883 3584 3161 3641 Passione
3182 3588 3565 3653 monstratur,

1923 3674 2021 3729 ubi
2042 3674 2212 3729 Jesus
2238 3672 2442 3729 illusus
2473 3678 2527 3729 et
2562 3678 2793 3745 spretus
2810 3674 2883 3729 ab
2900 3674 3019 3742 illo,
3040 3678 3098 3730 et
3113 3672 3383 3731 universo
3406 3688 3565 3731 exer-

1925 3764 2044 3818 citu
2076 3764 2205 3834 ejus
2237 3768 2509 3818 narratur
2537 3763 2665 3833 (Duc
2692 3780 2857 3831 xxm,
2888 3762 2996 3834 Η).

2514 3852 2749 3907 CAPUT
2793 3851 2982 3906 XXIV'

2132 3940 2358 3995 Collatia
2390 3944 2611 3996 actuum
2637 3941 2796 3995 Judas
2825 3945 2875 3996 et
2906 3941 3360 3996 Sz'moniacorum.

1995 4029 2107 4085 Sed
2154 4028 2289 4084 hinc
2334 4030 2462 4099 jam
2522 4029 2699 4083 ﬁnem
2740 4028 3109 4102 proditionis,
3161 4032 3217 4084 et
3259 4028 3572 4102 proditoris

1927 4118 2141 4173 Christi
2169 4118 2629 4186 consideremus,
2663 4122 2719 4173 et
2748 4136 2815 4173 ex
2845 4117 3154 4175 collatione
3187 4117 3348 4174 illius
3377 4123 3574 4174 actum

1927 4211 1983 4262 et
2012 4206 2288 4262 meritum
2321 4206 2685 4278 proditorum
2733 4207 2984 4280 Spiritus
3030 4207 3216 4263 sancti
3257 4207 3576 4279 perpenda-

1930 4313 2082 4350 mus.
2106 4296 2288 4351 Judas
2312 4298 2602 4350 mercator
2622 4296 2919 4366 pessimus
2938 4297 3062 4351 suis
3080 4296 3271 4368 inquit
3287 4295 3579 4368 complici-

1931 4386 2040 4440 bus
2067 4402 2080 4439 :
2111 4408 2136 4434 ‹‹
2164 4385 2581 4456 Quemcunque
2602 4384 3096 4452 osculatusfuero,
3120 4386 3242 4457 ipse
3264 4388 3372 4452 est,
3390 4387 3580 4441 tenete

1930 4491 2090 4539 eum,
2117 4478 2172 4529 et
2202 4474 2395 4528 ducite
2427 4478 2594 4528 caute
2627 4475 2833 4543 (Matth.
2872 4491 3024 4542 xxvr,
3061 4475 3169 4545 48).
3206 4495 3233 4523 ››
3265 4472 3578 4529 Simoniaci

1934 4567 2128 4619 autem
2180 4562 2303 4618 suis
2355 4562 2775 4618 nihilominus:
2847 4564 3261 4633 Cujuscunque
3316 4565 3579 4617 vestrum

158 4649 489 4716 habebant,
515 4651 811 4705 amittunt.
839 4650 1001 4705 Unde
1032 4654 1087 4704 et
1107 4649 1423 4704 Philistiim
1445 4649 1825 4720 interpretan-
1855 4666 1903 4731 D
1934 4652 2153 4707 orando
2185 4668 2395 4706 manus
2434 4651 2907 4723 imposuerimus,
2932 4668 3036 4707 nec
3058 4668 3247 4706 mora:
3276 4649 3510 4706 advenit
3526 4649 3580 4706 ei

160 4745 292 4807 tur,
324 4753 415 4793 ore
445 4737 530 4793 vel
569 4740 761 4809 poculo
808 4743 1141 4805 carmentes,
1200 4744 1265 4792 ut
1313 4737 1704 4793 subaudiatur
1732 4752 1828 4791 suo
1938 4740 2189 4812 Spiritus
2221 4744 2459 4795 sanctus
2482 4756 2657 4811 quem
2699 4756 2936 4795 necesse
2975 4744 3066 4796 est
3109 4739 3375 4811 accipiat,
3425 4742 3482 4794 et
3505 4738 3579 4795 ad

155 4826 260 4882 vel
286 4827 485 4881 alieno.
517 4827 643 4882 Sive
668 4827 825 4882 enim
846 4826 1205 4899 alienigenae,
1227 4826 1440 4898 pagani
1463 4826 1704 4890 scilicet,
1727 4842 1830 4880 seu
1940 4828 2399 4885 ecclesiasticum
2428 4829 2684 4883 ofﬁcium
2708 4827 2885 4883 libere
2912 4829 3206 4901 agendum
3236 4828 3346 4885 sibi
3366 4831 3582 4884 teneat.

158 4912 351 4969 vicini
382 4931 583 4970 eorum
622 4916 916 4983 vecordes,
960 4921 1015 4970 et
1047 4915 1198 4970 male
1230 4915 1486 4969 viventes
1517 4912 1835 4969 Christiani
1946 4918 2007 4972 In
2032 4934 2148 4988 qua
2170 4915 2622 4987 praesumptione
2646 4915 3072 4987 multopejores
3099 4915 3389 4988 fiuntipso
3410 4915 3587 4985 Juda,

158 5019 276 5060 ore
305 5001 492 5059 alieno
526 5012 796 5071 coruunt,
824 5004 1289 5076 quandocumque
1330 5003 1610 5058 doctrinis
1654 5002 1835 5057 haere-
1946 5005 2044 5076 qui
2076 5021 2181 5059 nec
2214 5004 2521 5059 Dominum
2556 5004 2848 5076 proditum
2884 5005 2997 5059 sibi
3038 5005 3393 5061 remansisse
3422 5008 3592 5078 puta-

152 5093 451 5160 tieorum,
485 5108 616 5164 quae
655 5093 859 5164 utique
900 5098 1040 5147 sunt
1087 5091 1536 5161 dzemoniorum,
1565 5093 1837 5160 credunt,
1945 5094 2045 5159 vit,
2081 5110 2184 5148 nec
2215 5098 2453 5160 temere,
2487 5093 2586 5148 sed
2619 5096 2786 5148 caute
2835 5094 3176 5149 ducendum
3224 5091 3592 5167 praemonuit,

155 5180 333 5238 sicut
354 5180 553 5237 miseri
578 5182 772 5249 Gothi,
799 5199 1051 5253 quorum
1084 5180 1180 5236 alii
1205 5199 1237 5236 a
1277 5180 1647 5252 paganismo,
1674 5180 1773 5234 alii
1805 5196 1840 5235 a
1949 5199 2085 5237 cum
2116 5182 2210 5237 isti
2242 5180 2527 5253 Spiritum
2561 5185 2831 5237 sanctum
2864 5182 2949 5237 sic
2972 5182 3244 5253 prodant,
3270 5186 3335 5237 ut
3361 5181 3479 5237 sive
3498 5195 3593 5236 re-

157 5266 468 5328 catholica
483 5269 595 5325 ﬁde
619 5271 688 5325 ad
706 5270 979 5326 Arianam
1004 5269 1401 5340 hmresim,per
1422 5269 1837 5339 imperatorem
1950 5271 2243 5326 mansisse
2266 5271 2527 5339 credant,
2568 5274 2624 5325 et
2652 5270 2707 5325 ei
2735 5270 2985 5342 gratiam
3017 5270 3151 5326 aliis
3176 5269 3461 5342 proditam
3486 5282 3592 5338 pro

148 5356 483 5414 Valentem
510 5364 564 5414 et
584 5359 910 5415 Eudoxium
934 5356 1840 5431 Constantinopolitanum,tran—
1950 5358 2122 5414 libitu
2144 5359 2508 5414 tractandam
2548 5376 2616 5414 ex
2651 5358 2993 5414 auctoritate
3013 5359 3278 5430 jubeant.
3312 5357 3379 5411 Et
3404 5354 3590 5412 Judas

158 5448 431 5507 sierunt.
456 5447 564 5513 Qui
595 5448 772 5504 etiam
804 5465 910 5504 suo
942 5465 1039 5503 ore
1055 5446 1511 5518 corruunt,dum
1537 5445 1838 5503 hmreticos
1948 5448 2189 5519 quidem
2220 5448 2529 5504 salutando
2556 5452 2613 5505 et
2633 5447 2975 5515 osculando,
3013 5462 3213 5519 pacem
3247 5449 3302 5500 et
3329 5441 3591 5499 dilectio-

158 5551 293 5596 suo
315 5532 507 5592 favore
528 5534 1383 5609 protegunt,etextollunt;nec
1399 5534 1713 5590 sinecausa
1735 5550 1837 5589 no-
1948 5551 2084 5591 nem
2107 5552 2225 5601 ore,
2258 5540 2429 5605 nutu,
2461 5535 2550 5592 vel
2583 5540 2751 5608 gestu
2782 5534 3086 5599 simulans,
3121 5550 3299 5605 quam
3329 5532 3389 5587 in
3418 5531 3593 5586 corde

159 5623 460 5686 minatim
494 5641 717 5682 messes
743 5643 755 5680 :
781 5626 957 5682 vineae
977 5630 1032 5681 et
1048 5624 1255 5680 oliveta
1273 5640 1471 5680 eorum
1492 5626 1841 5696 consumpta
1948 5637 2063 5676 non
2088 5621 2364 5690 habebat,
2382 5622 2694 5677 Dominum
2717 5622 2749 5677 J
2756 5637 2918 5677 esum
2954 5620 3140 5691 pretio
3184 5619 3463 5687 tradidit;
3491 5617 3591 5673 isti

154 5712 519 5777 referuntur
538 5728 671 5769 cum
682 5713 1089 5772 nonnullaalia
1100 5730 1235 5773 cum
1248 5712 1380 5775 istis
1404 5710 1841 5791 perierunt.Cur
1945 5725 2080 5770 vero
2103 5709 2512 5790 supplicando,
2540 5710 2781 5783 orando,
2808 5723 3017 5769 manus
3047 5706 3429 5784 imponendo,
3453 5708 3591 5783 θωη

504 5839 768 5910 Panem.
812 5839 1071 5910 CXLIII.
3196 5833 3277 5921 δυ
