3876 6350
343 395 500 463 I099

1425 391 1828 456 HUMBER'I‘I
1873 393 1940 454 S.
1988 391 2062 451 lt.
2106 388 2176 449 E.
2223 387 2716 452 CARDINALIS.

3621 381 3792 445 nco

343 543 473 602 qua
490 528 630 584 sunt
647 524 1042 598 legitimorum
1065 525 1428 582 sacerdotum
1466 523 1718 596 propria,
1741 523 1811 576 ad
1834 537 1969 576 ocu-
1997 519 2054 587 Α
2087 534 2385 591 quaquam
2438 518 2550 575 tale
2594 519 2735 592 quid
2785 479 3115 576 attentaret'.
3147 519 3570 591 Cognosceret
3622 516 3792 572 enim

341 616 470 674 lum
483 613 763 680 faciendo,
787 613 1068 686 Spiritum
1091 617 1358 670 sanctum
1384 611 1588 684 pretio,
1619 615 1684 666 ut
1713 613 1968 682 putatur,

342 702 616 770 tradunt;
665 717 912 774 quorum
942 702 1181 758 vocibus
1211 705 1267 756 et
1297 698 1631 755 reverentiis
1674 696 1968 754 exteriori-

343 793 480 860 bus,
506 791 658 863 quod
681 805 1025 862 responsum
1053 787 1486 844 convenientius
1509 787 1768 842 redditur
1787 803 1820 840 a
1836 785 1970 856 Spi-

343 879 462 936 ritu
483 881 701 946 sancto,
727 893 899 949 quam
915 877 1066 948 quod
1080 877 1242 931 Judee
1259 875 1526 930 aChristo
1538 874 1605 930 Ἠ
1617 873 1748 939 uda,
1773 871 1972 928 osculo

346 966 626 1040 Spiritum
652 965 834 1037 patris
855 968 912 1020 et
935 963 1059 1018 Filii
1074 963 1256 1018 tradis
1270 964 1298 1018 ?
1313 961 1480 1034 quasi
1497 960 1712 1017 ironice
1732 961 1932 1014 dicens
1954 975 1966 1014 :

346 1055 597 1110 Putasne
643 1069 734 1108 me
757 1051 860 1106 tibi
889 1051 968 1106 ita
1006 1067 1368 1118 concessum,
1403 1053 1466 1104 ut
1494 1049 1710 1104 habeas
1737 1047 1972 1102 cuicun-

346 1159 459 1215 que
476 1140 726 1197 volueris
748 1139 922 1195 etiam
945 1139 1074 1194 ﬁcte
1100 1139 1448 1194 tradendum
1477 1141 1532 1192 et
1562 1135 1924 1192 vendendum
1947 1133 1974 1188 ?

345 1231 444 1286 sed
465 1247 545 1284 vae
561 1227 646 1283 illi
687 1245 789 1300 per
812 1244 984 1299 quem
1009 1227 1262 1300 Spiritus
1297 1229 1537 1282 sanctus
1568 1224 1752 1297 pretio
1784 1223 1972 1278 trade-

343 1322 458 1374 tur.
482 1316 688 1372 Melius
704 1315 931 1372 illierat
949 1316 998 1370 si
1039 1318 1211 1370 natus
1239 1331 1351 1368 non
1377 1313 1604 1368 fuisset.
1653 1313 1720 1366 Et
1737 1329 1846 1366 non
1873 1311 1974 1365 ab-

343 1405 517 1462 surde
537 1403 904 1460 Simoniacus
931 1401 1103 1458 isthic
1121 1406 1360 1457 vocatus
1395 1405 1484 1456 est
1515 1401 1544 1456 J
1554 1401 1716 1464 udas,
1746 1399 1844 1470 qui
1877 1398 1974 1452 in-

341 1493 992 1566 terpretaturconfessio,
1027 1491 1164 1562 quia
1193 1489 1346 1545 sicut
1393 1488 1488 1543 ille
1521 1505 1616 1543 ore
1647 1487 1974 1542 confitendo

343 1579 674 1644 etdicendo,
705 1578 911 1644 Rabbi,
943 1578 1223 1650 prodebat
1253 1577 1632 1650 Magistrum;
1665 1575 1748 1631 sic
1779 1579 1834 1629 et
1863 1575 1972 1629 iste

345 1671 611 1724 sanctam
642 1666 986 1722 Trinitatem
1027 1683 1123 1720 ore
1170 1665 1496 1720 conﬁtendo
1540 1668 1598 1720 et
1627 1663 1970 1730 invocando,

346 1754 619 1812 distrahit
644 1753 922 1826 Spiritum
937 1758 1226 1820 sanctum,
1251 1769 1422 1824 quem
1449 1752 1814 1808 nominatum
1836 1749 1975 1806 dicit

2089 608 2399 664 Dominum
2431 624 2546 662 non
2579 624 2750 679 posse
2778 607 2974 674 vendi,
3023 624 3130 664 nec
3179 606 3454 678 aliquem
3490 604 3794 661 resistam

2078 695 2266 768 ipsius
2294 694 2576 750 voluntati
2607 698 2664 750 et
2691 695 2986 767 potestati.
3021 695 3133 751 Sed
3169 693 3358 750 miser
3390 709 3520 748 non
3562 708 3794 766 cogno-

2076 783 2160 838 vit
2180 783 2240 837 in
2263 798 2328 837 eo
2351 781 2462 837 nisi
2490 783 2644 854 quod
2669 782 2929 838 hominis
2960 785 3086 838 erat
3114 787 3174 838 et
3199 781 3472 837 videbat.
3503 779 3641 836 Nec
3676 781 3793 836 mi-

2081 887 2209 926 rum
2243 870 2341 942 qui
2374 885 2478 926 nec
2507 886 2575 926 ea
2605 886 2730 942 quas
2761 871 2998 926 videbat
3038 886 3109 926 ex
3159 873 3280 926 toto
3329 869 3790 942 cognoscebat,

2080 959 2221 1014 dum
2254 959 2467 1014 forsam
2497 957 2828 1014 Pbarisario
2861 958 3145 1014 fermento
3189 961 3558 1030 corruptus,
3598 956 3792 1013 mira-

2080 1047 2210 1101 cula
2233 1044 2550 1102 Salvatoris
2578 1045 2828 1118 principi
2851 1047 3190 1102 daemonum
3216 1045 3609 1102 ascribebat.
3629 1045 3789 1101 Nam

2082 1135 2130 1190 si
2161 1138 2556 1206 cognosceret,
2585 1133 2787 1206 utique
2812 1135 3110 1203 crederet;
3154 1151 3296 1190 nam
3341 1149 3536 1190 nemo
3573 1134 3788 1190 credet

2083 1223 2236 1294 quod
2259 1221 2595 1277 nullatenus
2617 1221 2936 1294 cognoscit,
2981 1221 3255 1294 Quamvis
3286 1222 3607 1278 credendo
3642 1237 3786 1294 pro-

2083 1315 2374 1366 mereatur
2391 1325 2738 1381 cognoscere
2759 1311 3095 1382 perfectius,
3131 1309 3290 1366 sicut
3317 1309 3474 1365 dicit
3506 1313 3786 1384 Aposto-

2080 1397 2174 1452 lus
2199 1414 2212 1452 :
2245 1419 2274 1448 «
2305 1398 2470 1452 Nunc
2501 1413 2786 1469 cognosco
2812 1414 2882 1454 ex
2913 1402 3112 1470 parte;
3135 1402 3282 1454 tunc
3312 1401 3527 1454 autem
3554 1413 3790 1471 cogno-

2082 1502 2240 1542 scam
2273 1485 2428 1540 sicut
2456 1489 2513 1540 et
2550 1485 2818 1558 cognitus
2868 1502 3001 1542 sum
3028 1486 3078 1558 (Ι
3123 1485 3248 1542 Cor.
3299 1502 3436 1554 xm,
3473 1487 3601 1555 12).
3640 1507 3674 1535 ι»
3711 1485 3789 1542 Et

2082 1573 2258 1629 alibi:
2295 1594 2323 1621 ‹‹
2355 1575 2782 1645 Cognoscentes
2817 1578 2998 1628 Deum
3033 1595 3061 1622 ››
3113 1572 3344 1629 scilicet
3391 1589 3506 1644 per
3555 1574 3782 1643 ﬁdem,

2083 1685 2108 1711 ‹‹
2145 1661 2357 1732 cogniti
2383 1661 2523 1716 estis
2551 1661 2620 1716 ab
2653 1677 2719 1716 eo
2751 1662 2798 1732 (Ι
2827 1660 2947 1717 Cor.
2990 1678 3116 1728 vm,
3149 1661 3209 1717 3.
3255 1683 3284 1711 »
3316 1661 3436 1718 Sed
3474 1662 3630 1734 quis
3663 1661 3785 1720 hoc

2081 1749 2151 1803 de
2179 1748 2333 1804 Juda
2362 1747 2577 1803 carnali
2599 1753 2656 1804 et
2677 1747 2906 1805 mortali
2934 1748 3219 1822 ambiget,
3243 1749 3582 1806 cumidem
3607 1752 3782 1824 Apo-

345 1843 528 1899 Deum
567 1847 626 1897 et
671 1841 1002 1897 Dominum.
1049 1841 1262 1896 Verum
1305 1839 1522 1896 talibus
1573 1839 1971 1894 haereticorum
2004 1875 2052 1940 B
2082 1835 2269 1890 stolus
2324 1841 2548 1890 asserat
2607 1835 2836 1892 nullum
2908 1836 3243 1908 principum
3279 1837 3468 1908 hujus
3535 1838 3780 1907 saeculi,

345 1931 648 1988 conatibus
660 1928 992 1986 nullomodo
1006 1933 1347 2000 cooperatur
1362 1928 1536 1994 Deus,
1561 1928 1660 1983 sed
1682 1927 1973 1998 malignus

345 2018 606 2091 spiritus,
630 2017 730 2090 qui
751 2015 963 2074 Christi
987 2016 1402 2089 proditoribus,
1437 2017 1507 2070 de
1537 2015 1749 2087 quibus
1779 2015 1860 2070 sic
1887 2014 1972 2069 di-

345 2106 530 2163 citur:
559 2128 586 2155 ‹‹
620 2105 746 2161 Haec
777 2109 865 2161 est
892 2105 1034 2160 hora
1060 2108 1272 2174 vestra,
1303 2109 1360 2160 et
1401 2109 1658 2176 potestas
1706 2103 1974 2158 tenebra-

344 2211 474 2251 rum
505 2195 654 2266 (Luc.
686 2211 824 2262 χχιι,
873 2195 984 2260 53).
1039 2215 1066 2241 η
1111 2193 1308 2264 Neque
1353 2193 1507 2248 enim
1559 2192 1831 2262 deinceps
1875 2191 1973 2246 isti

344 2286 594 2356 possunt
638 2281 919 2352 Spiritum
971 2284 1234 2336 sanctum
1279 2279 1410 2335 aliis
1446 2279 1660 2334 habere
1699 2278 1787 2333 vel
1839 2279 1971 2346 sibi,

344 2369 574 2426 etiamsi
605 2368 920 2440 aliquando
960 2367 1291 2430 habuerint,
1346 2367 1838 2438 quemadmodum
1871 2383 1976 2422 nec

343 2456 550 2527 Judaei,
569 2473 674 2512 nec
689 2456 872 2512 Judas
901 2454 1217 2520 Christum,
1241 2455 1374 2510 licet
1396 2455 1517 2526 ipse
1535 2455 1695 2526 prius
1716 2471 1848 2509 eum
1870 2454 1972 2509 ha-

345 2545 558 2601 buerit.
584 2545 692 2599 Sed
715 2561 819 2600 cur
839 2543 1052 2598 dicitur
1067 2543 1341 2614 quiajam
1361 2543 1572 2598 habere
1595 2560 1706 2598 non
1731 2547 1976 2614 possunt

345 2649 518 2705 quem
545 2649 647 2688 nec
666 2631 930 2687 invocare
945 2632 1068 2702 jam
1091 2630 1384 2703 possunt?
1418 2631 1580 2696 Quod
1613 2629 1975 2686 detestabilis

344 2719 532 2777 exitus
551 2720 715 2776 Judm
737 2719 1101 2792 signiﬁcavit,
1125 2719 1222 2790 qui
1233 2761 1246 2786 ,
1273 2718 1499 2792 prodito
1523 2717 1768 2781 Christo,
1797 2719 1864 2773 ad
1891 2717 1974 2774 la-

345 2825 560 2880 queum
590 2809 898 2876 festinavit,
943 2808 1346 2880 condignaque
1395 2824 1501 2863 suo
1551 2805 1752 2862 sceleri
1784 2823 1975 2880 pmna,

345 2897 574 2953 nodatis
603 2901 660 2952 et
678 2895 915 2952 omnino
935 2895 1378 2951 circumstrictis
1418 2895 1683 2950 faucibus
1709 2895 1826 2950 illis
1849 2912 1976 2966 quze

347 2984 587 3040 funestae
635 2985 758 3040 voci
810 2983 1150 3056 proditionis
1197 3001 1336 3039 suos
1384 2988 1612 3038 meatus
1651 2982 1843 3039 laxare
1885 2983 1976 3038 vel

348 3071 716 3127 commodare
735 3076 1239 3143 praesumpserant.
1265 3071 1501 3137 interiit,
1528 3087 1631 3124 nec
1650 3075 1780 3142 post
1810 3087 1976 3126 veras

346 3174 514 3214 voces
553 3157 716 3214 malae
755 3157 1224 3227 machinationis,
1275 3175 1379 3214 nec
1413 3163 1541 3229 post
1569 3158 1730 3213 fictos
1761 3159 1974 3230 pejoris

345 3245 810 3318 supplicationis,
836 3263 938 3302 nec
959 3263 1086 3302 vere
1109 3263 1212 3302 nec
1234 3247 1360 3302 ficte
1386 3251 1562 3300 Deum
1592 3245 1854 3302 invocare
1873 3264 1973 3319 po-

340 3334 471 3392 tuit.
496 3335 676 3406 Cujus
699 3351 814 3390 non
840 3333 1132 3390 immerito
1157 3339 1454 3408 anguntur
1483 3335 1726 3401 arteriae,
1759 3339 1823 3391 ut
1844 3336 1970 3406 jam

337 3439 441 3480 nec
469 3421 700 3478 vitalem
738 3422 937 3478 tlatum
989 3423 1214 3494 possint
1251 3422 1531 3490 emittere,
1587 3439 1712 3493 qum
1755 3427 1972 3480 temere

335 3507 637 3564 eniserunt
656 3525 854 3564 vocem
885 3525 1087 3564 ausam
1123 3509 1570 3580 Redemptorum
1604 3511 1806 3565 mundi
1833 3527 1968 3566 ven-

333 3597 486 3652 dere.
505 3595 666 3652 Unde
679 3621 704 3646 ‹‹
721 3612 1044 3668 suspensus
1061 3597 1284 3668 crepuit
1299 3598 1546 3661 medius,
1566 3603 1621 3652 et
1635 3599 1817 3654 effusa
1831 3604 1971 3654 sunt

331 3683 527 3740 omnia
547 3684 763 3740 viscera
779 3685 906 3755 ejus
923 3685 1055 3755 (Act.
1072 3703 1109 3752 ι,
1142 3686 1247 3753 18).
1271 3707 1296 3734 ››
1315 3685 1428 3740 Nec
1446 3701 1816 3742 communem
1837 3686 1968 3744 aliis

329 3770 686 3836 hominibus,
701 3775 757 3828 et
773 3771 1094 3827 naturalem
1113 3772 1328 3828 exitum
1353 3773 1595 3844 spiritus
1609 3773 1656 3844 ej
1670 3791 1737 3829 us
1752 3774 1966 3830 habere

329 3859 561 3928 meruit,
593 3859 692 3932 qui
723 3865 923 3916 contra
955 3877 1325 3916 communem
1379 3865 1599 3916 naturae
1651 3861 1962 3916 Dominum

327 3947 699 4020 conspiravit.
732 3947 938 4019 Sicque
965 3948 1105 4004 ccelo
1157 3954 1436 4022 terraeque
1476 3965 1742 4021 perosus,
1777 3949 1964 4006 omni-

327 4051 439 4108 que
469 4039 746 4091 creaturaa
777 4036 1025 4106 invisus,
1055 4037 1206 4092 inter
1255 4043 1569 4110 utrumque
1601 4038 1789 4110 periit,
1822 4039 1963 4095 dum

325 4125 480 4179 terra
497 4123 738 4178 cadaver
759 4125 888 4195 ejus
911 4125 1297 4180 foedissimum
1321 4130 1377 4181 et
1399 4125 1832 4192 fetidissimum,
1867 4144 1965 4184 aer

325 4216 521 4267 autem
543 4211 815 4282 spiritum
835 4212 1252 4283 impiissimum
1267 4218 1322 4269 et
1341 4214 1804 4286 impurissimum
1829 4231 1960 4271 sus-

326 4299 516 4372 cipere
551 4299 782 4372 refugit.
807 4302 1167 4373 Quapropter
1201 4301 1256 4356 in
1282 4303 1558 4374 primitiis
1581 4302 1703 4360 suis
1735 4303 1962 4360 discant

326 4387 638 4444 Simoniaci
661 4387 762 4468 qui
782 4393 838 4444 et
863 4389 1064 4460 quales
1092 4390 1212 4445 sint
1233 4395 1288 4446 et
1329 4391 1480 4462 quod
1509 4396 1859 4452 mereantur.
1894 4397 1962 4448 Et

325 4475 372 4532 si
422 4475 690 4548 primitim
741 4475 956 4548 duplici
1007 4479 1350 4534 contritione
1400 4484 1798 4546 conteruntur,
1839 4485 1957 4536 tam

2083 1923 2348 1996 quamvis
2378 1923 2698 1979 subtilioris
2727 1928 2783 1979 et
2811 1923 3170 1980 immortalis
3218 1928 3480 1996 natura,
3515 1931 3590 1981 ut
3623 1931 3782 1998 puta

2083 2009 2408 2082 spiritualia
2439 2010 2704 2082 nequitiae
2736 2011 2795 2066 in
2828 2011 3169 2067 ccelestibus
3212 2011 3504 2082 existant,
3539 2030 3782 2088 cogno-

2081 2099 2232 2154 visse
2261 2098 2619 2156 incarnatam
2652 2099 2748 2155 Dei
2783 2099 2970 2155 Patris
2991 2099 3408 2173 Sapientiam?
3430 2124 3462 2151 «
3501 2102 3572 2158 Si
3607 2103 3780 2160 enim

2083 2186 2504 2259 cognovissent,
2528 2203 2831 2259 nunquam
2852 2188 3165 2244 Dominum
3187 2187 3392 2262 gloriae
3419 2189 3782 2249 cruciﬁxis-

2085 2281 2214 2331 sent
2241 2275 2287 2346 (I
2311 2278 2434 2332 Cor.
2471 2292 2532 2344 II,
2565 2276 2642 2346 8).
2677 2298 2698 2328 ι

2665 2381 2898 2438 CAPUT
2953 2382 3107 2438 XXV
3121 2425 3134 2440 .

2083 2469 2157 2524 De
2200 2469 2436 2544 ecquod
2481 2469 2649 2544 ludas
2692 2470 2816 2544 sine
2851 2469 2960 2540 ﬁde
2999 2471 3283 2544 paenituit,
3334 2475 3392 2544 et
3422 2473 3600 2544 quod
3649 2490 3780 2531 con-

2151 2541 2434 2664 sentientes
2514 2541 2860 2611 principibus
2954 2541 3304 2598 sacerdotum
3353 2541 3470 2613 βάὸ
3551 2547 3783 2616 privati

2154 2627 2259 2664 sun
2289 2652 2302 2664 .

2154 2627 2302 2666 sunt.

2153 2717 2258 2772 Sed
2292 2733 2362 2771 ne
2381 2716 2524 2771 forte
2545 2717 2858 2789 cpinentur
2893 2733 3028 2777 eum
3068 2718 3401 2776 credidisse
3430 2721 3543 2776 ubi
3574 2724 3777 2795 paeni-

2081 2805 2266 2860 tuisse
2289 2809 2344 2860 et
2359 2805 2609 2876 pretium
2631 2804 2901 2862 retulisse
2921 2805 3156 2880 legitur,
3188 2808 3474 2864 noverint
3509 2810 3773 2867 abusive

2084 2893 2386 2949 dicendam
2421 2893 2822 2965 paenitentiam
2853 2893 2994 2965 illic,
3040 2911 3178 2950 cum
3229 2896 3479 2968 proprie
3511 2898 3774 2955 tristitia

2085 2981 2278 3036 saeculi
2299 2982 2490 3048 fuerit,
2510 2999 2635 3054 quae
2654 2986 2901 3037 mortem
2925 2988 3353 3054 operatur,non
3374 2983 3504 3053 illa,
3526 2991 3769 3058 qua,ut

2084 3069 2505 3142 aitApostolus,
2530 3093 2558 3119 «
2577 3071 2900 3126 secundum
2916 3070 3102 3126 Deum
3121 3077 3233 3138 est,
3250 3076 3311 3128 et
3325 3075 3769 3144 paenitentiam

2083 3157 2143 3213 in
2162 3157 2408 3214 salutem
2433 3158 2699 3237 stabilem
2715 3162 2990 3230 operatur
3011 3159 3088 3230 (II
3108 3158 3230 3215 Cor.
3254 3176 3359 3224 vn,
3379 3161 3499 3230 40).
3530 3183 3554 3212 ι
3580 3162 3774 3219 Deni-

2005 3230 2048 3296 C
2087 3263 2198 3318 que
2230 3245 2540 3302 laudabilis
2569 3230 2910 3318 poenitentia
2946 3246 3075 3302 sine
3119 3263 3225 3319 spe
3271 3265 3394 3304 non
3426 3255 3544 3316 est,
3583 3253 3773 3324 cujus

2080 3334 2408 3390 substantia
2427 3334 2570 3390 ﬁdes
2591 3338 2698 3389 est.
2723 3333 2886 3389 Unde
2901 3335 3250 3406 paenitentia
3265 3337 3464 3403 Judae,
3491 3338 3602 3411 qui
3632 3340 3775 3396 sine

2081 3438 2181 3494 spe
2208 3421 2334 3486 fuit,
2359 3425 2583 3478 constat
2614 3422 2747 3493 quia
2789 3421 3013 3478 nullam
3039 3423 3217 3478 fidem
3253 3423 3513 3494 habuit;
3550 3444 3624 3482 ac
3658 3444 3776 3501 per

2079 3508 2188 3564 hoc
2215 3509 2417 3564 videns
2467 3525 2527 3564 se
2576 3510 2942 3578 damnatum,
2993 3509 3240 3567 tristitia
3269 3511 3474 3568 saeculi
3507 3515 3770 3587 ductus,

2079 3597 2290 3652 maluis
2323 3597 2682 3669 desperando
2713 3597 2826 3653 sibi
2856 3601 3064 3670 guttur
3113 3598 3334 3656 elidere
3383 3618 3576 3673 quam
3610 3621 3766 3677 spe-

2077 3685 2258 3742 rando
2280 3686 2504 3740 fructus
2525 3685 2732 3757 dignos
2752 3685 3108 3758 poenitentiae
3135 3687 3489 3760 suppliciter
3509 3691 3766 3749 offerre.

2075 3774 2236 3837 Quod
2258 3773 2307 3828 si
2332 3773 2579 3840 fecisset,
2599 3789 2760 3828 error
2784 3773 2939 3829 haud
2973 3773 3296 3831 nocuisset.
3335 3778 3447 3832 Sed
3476 3781 3769 3850 perfidus

2074 3861 2173 3932 qui
2197 3861 2361 3934 prius
2381 3861 2883 3933 blasphemavcrat
2899 3861 3114 3918 Filium
3129 3863 3251 3930 Dei,
3275 3881 3452 3936 quem
3480 3869 3774 3926 credide-

2074 3954 2164 4004 rat
2193 3965 2364 4022 posse
2392 3949 2584 4017 vendi,
2618 3950 2677 4004 in
2711 3950 2824 4004 fine
2856 3949 3292 4024 blasphemavit
3337 3957 3395 4008 et
3439 3953 3769 4026 Spiritum

2073 4042 2361 4106 sanetum,
2387 4053 2561 4110 quem
2583 4038 2829 4094 credidit
2850 4055 2966 4094 non
2990 4056 3165 4111 posse
3186 4041 3332 4096 tanti
3354 4046 3605 4112 peccati
3640 4047 3767 4104 sibi

2068 4125 2295 4182 veniam
2327 4125 2545 4198 largiri.
2578 4126 2740 4190 Quod
2771 4131 2968 4183 autem
3019 4127 3320 4184 Christum
3371 4128 3598 4189 Jesum
3635 4152 3764 4192 non

2068 4214 2273 4280 Deum,
2296 4215 2394 4270 sed
2419 4214 2830 4270 tantummodo
2851 4215 3176 4286 hominem,
3202 4219 3488 4290 quamvis
3505 4221 3769 4292 justum

2067 4302 2396 4370 crediderit,
2419 4303 2706 4358 confessio
2731 4304 2858 4374 ejus
2873 4305 3152 4374 ostendit,
3177 4305 3321 4378 quia
3341 4307 3494 4363 dicit
3517 4325 3534 4366 :
3567 4333 3600 4361 «
3623 4311 3769 4369 Pec-

2068 4391 2189 4446 cavi
2214 4392 2450 4447 tradens
2477 4391 2826 4463 sanguinem
2865 4393 3092 4464 jestum
3126 4393 3344 4463 (Matth.
3382 4413 3582 4463 xxvu,
3611 4401 3695 4468 4).
3735 4424 3760 4452 ι

2067 4480 2166 4534 Cui
2188 4496 2320 4534 mox
2350 4479 2590 4551 pessimi
2613 4485 2903 4552 emptores
2925 4482 3400 4554 responderunt:
3435 4508 3456 4534 ι
3489 4487 3660 4554 Quid
3686 4490 3765 4546 ad

323 4565 574 4637 grandes
605 4565 788 4620 acervi
811 4582 1009 4620 eorum
1034 4566 1261 4638 quoties
1283 4571 1652 4622 conterentur
1671 4567 1698 4620 ‘2
1719 4567 1955 4623 Vident-
1990 4589 2036 4653 ι)
2070 4583 2173 4622 nos
2193 4567 2221 4622 ‘I
2240 4571 2322 4622 Tu
2362 4567 2575 4623 videris
2613 4567 2796 4640 (ibid.)
2814 4586 2866 4635 ;››
2893 4585 2960 4624 ac
3002 4569 3052 4625 si
3079 4569 3315 4626 dicant:
3342 4571 3505 4636 Quid
3540 4577 3625 4633 ad
3650 4595 3764 4635 nos

324 4669 395 4709 ne
425 4653 576 4726 quod
618 4659 749 4725 post
793 4654 980 4726 ipsam
1021 4671 1218 4710 vocem
1263 4655 1615 4710 venditionis
1661 4661 1960 4727 nequeunt

240 4804 246 4810 _
321 4739 633 4796 Dominum
655 4742 936 4808 invocare,
961 4741 1235 4813 quoniam
1276 4748 1698 4815 angustanturr
1719 4747 1957 4816 guttura

321 4827 582 4899 ipsorum
611 4829 993 4884 inextricabili
1034 4830 1240 4902 laqueo
1279 4831 1551 4903 perfidia}.
1595 4831 1781 4887 Etnim
1805 4848 1948 4903 quo-

321 4915 493 4969 modo
514 4913 865 4971 invocabunt
885 4917 941 4970 in
965 4933 1138 4988 quem
1161 4936 1272 4974 non
1293 4919 1708 4974 crediderunt?
1727 4919 1825 4974 sed
1848 4921 1958 4974 for-

325 5017 429 5057 san
453 5001 669 5058 cervice
709 5004 892 5059 ferrea
908 5005 1096 5060 adhuc
1142 5006 1466 5077 pertinaces
1504 5012 1559 5062 et
1582 5009 1765 5063 fronte
1802 5024 1959 5063 aenea

324 5089 696 5160 impudentes
712 5092 998 5148 obstinate
1014 5095 1372 5150 contendunt
1389 5110 1448 5150 se
1480 5094 1762 5151 catholico
1781 5112 1956 5152 sensu

325 5177 556 5233 credere
585 5177 643 5233 in
669 5183 868 5246 Deum,
899 5181 1032 5237 licet
1072 5182 1326 5237 vendant
1354 5181 1632 5252 Spiritum
1667 5187 1954 5239 sanctum.

322 5266 618 5338 Vestigent
640 5283 794 5340 ergo,
821 5273 1104 5340 quotquot
1126 5269 1313 5324 modis
1340 5274 1602 5340 possunt,
1640 5286 1840 5327 omnes
1872 5271 1958 5328 la-

325 5354 519 5410 tebras
541 5354 698 5412 illius
719 5355 891 5429 primi
913 5356 1166 5412 auctoris
1188 5356 1279 5410 sui
1303 5355 1359 5410 in
1382 5356 1710 5412 venditione
1731 5360 1958 5415 Domini

325 5441 448 5510 Dei,
471 5446 528 5498 et
551 5445 854 5514 praeferant
870 5444 1053 5500 sicubi
1074 5443 1390 5514 repererint
1409 5459 1540 5498 eum
1560 5445 1876 5503 credidisse
1898 5449 1957 5504 in

323 5528 527 5584 Jesum
555 5546 621 5586 ex
650 5548 764 5604 quo
793 5531 1038 5588 Satanas
1067 5530 1301 5586 intravit
1330 5546 1430 5586 cor
1453 5531 1579 5602 ejus
1609 5533 1682 5588 ad
1709 5535 1956 5606 proden-

330 5613 471 5672 dum
500 5614 686 5675 illum.
717 5619 781 5678 In
811 5636 984 5696 quem
1013 5618 1063 5678 si
1083 5617 1342 5694 quolibet
1364 5618 1534 5677 modo
1554 5621 1831 5694 crederet,
1855 5641 1956 5684 ne-

2068 4654 2314 4727 pertinet
2335 4655 2486 4710 istud
2511 4661 2810 4727 peccatum
2832 4659 3024 4724 tuum,
3054 4658 3154 4730 qui
3179 4657 3581 4719 solummodo
3617 4666 3766 4722 emi-

2067 4760 2198 4798 mus
2230 4760 2400 4816 quem
2432 4744 2788 4799 vendidisti?
2819 4746 2903 4800 Tu
2935 4745 3098 4802 vides
3143 4747 3288 4818 quid
3319 4747 3569 4818 feceris,
3609 4755 3756 4826 quia

2067 4847 2194 4898 nos,
2228 4848 2398 4903 quem
2431 4835 2693 4903 emptum
2719 4836 2776 4888 et
2804 4833 3090 4890 traditum
3119 4837 3254 4907 apte
3299 4839 3671 4910 accepimus
3701 4847 3762 4900 et

2067 4923 2356 4983 tenemus,
2388 4937 2504 4974 non
2545 4919 2934 4976 dimittemus.
2969 4921 3174 4978 Nonne
3204 4922 3318 4979 hac
3341 4930 3764 4998 responsione

2068 5007 2326 5079 quotidie
2358 5008 2671 5064 Simoniaci
2703 5013 2972 5076 utuntur,
3007 5012 3505 5084 quandocunque
3537 5034 3759 5075 eorum

2069 5095 2350 5168 sacrilega
2369 5095 2657 5151 ordinatio
2682 5097 3030 5168 reprobatur
3048 5099 3076 5154 '?
3099 5097 3246 5162 Quid
3273 5101 3348 5156 ad
3379 5117 3498 5160 nos
3520 5106 3762 5164 crimen

2067 5184 2412 5240 Simoniace:
2433 5183 2720 5240 haereseos
2743 5185 2770 5239 ?
2789 5185 3040 5242 Videant
3059 5185 3142 5242 illi
3165 5187 3310 5259 quid
3340 5189 3630 5266 fecerint,
3655 5196 3762 5269 qui

2067 5273 2236 5328 nobis
2265 5271 2628 5344 spiritualem
2659 5273 2908 5345 gratiam
2939 5275 3340 5332 vondiderunt
3383 5283 3448 5335 et
3480 5285 3760 5341 tradide-

2067 5365 2224 5424 runt,
2247 5361 2386 5433 quia
2405 5361 2559 5432 quod
2587 5360 2766 5417 semel
2789 5362 3125 5435 accepimus
3148 5368 3459 5435 tenemus,
3485 5387 3607 5428 nec
3635 5373 3764 5431 ofﬁ-

2067 5449 2222 5504 cium
2258 5452 2526 5504 nostrum
2552 5449 2967 5506 dimittemus?
3007 5453 3054 5507 A
3083 5468 3344 5524 quorum
3373 5463 3552 5516 sorte
3585 5477 3665 5519 ne
3696 5478 3758 5520 se

2067 5542 2272 5610 putent
2309 5542 2602 5610 exceptos,
2639 5539 2908 5611 quamvis
2937 5539 3122 5598 multo
3152 5541 3619 5609 tolerabiliores
3639 5551 3760 5610 sint

2066 5626 2184 5698 isti,
2207 5626 2307 5702 qui
2327 5627 2399 5686 ab
2421 5627 2784 5704 emptoribus
2813 5627 3012 5705 gratiis
3049 5630 3237 5710 gratis
3255 5645 3666 5717 acceperunt,
3695 5645 3760 5703 ut
