3876 6384
10 832 17 873 l

10 922 17 963 I

73 470 219 532 1101

72 693 276 747 derent
294 692 448 763 quod
468 692 758 763 principes
773 692 1137 746 sacerdotum
1156 691 1353 745 Jesum
1374 707 1545 761 quem
1567 704 1718 743 cme-

68 786 199 835 rant
229 781 419 836 turbis
450 797 705 852 quarum
752 780 1000 835 favorem
1034 781 1143 835 sibi
1174 779 1552 835 conciliarent
1580 778 1716 833 dare

66 869 475 940 nequiverunt,
501 870 601 924 sed
632 870 955 924 secundum
984 870 1136 940 quod
1172 869 1253 923 eis
1283 870 1711 940 persuaserant,
1754 912 1762 921 .

65 958 416 1025 Barabbam,
465 958 810 1013 seditiosum
859 957 1143 1013 latronem
1192 961 1247 1012 et
1294 956 1650 1011 homicidam
1681 972 1717 1011 a

56 1048 257 1117 judice
286 1047 697 1119 impetrarunt.
724 1047 814 1102 Sic
842 1047 1019 1101 miser
1046 1046 1143 1101 ille
1175 1044 1446 1118 populus,
1474 1061 1715 1117 persua-

10 1130 13 1207 ξ
62 1154 165 1191 sus
197 1154 231 1191 a
262 1136 570 1191 Phariszeis
604 1142 659 1191 et
707 1137 1002 1204 seductus,
1038 1135 1383 1203 Phariszeus,
1415 1134 1474 1189 id
1506 1138 1595 1190 est
1626 1133 1712 1187 di-

10 1216 13 1291 Ῐ
61 1225 223 1280 visus
253 1242 286 1280 a
319 1224 433 1280 Deo
466 1224 633 1279 Patre
663 1228 717 1279 et
740 1224 1036 1295 Magistro,
1063 1224 1184 1279 ﬁeri
1217 1223 1449 1291 meruit,
1472 1228 1529 1277 et
1557 1221 1714 1278 ﬁlius

63 1315 247 1386 patris
278 1313 366 1369 vel
401 1313 665 1385 magistri
710 1330 910 1369 eorum
942 1312 1113 1379 efﬁci,
1148 1317 1212 1368 ut
1240 1312 1512 1383 deinceps
1538 1312 1716 1367 frater

10 1400 13 1499 ἑ
64 1403 295 1458 illorum
324 1408 496 1468 esset,
523 1404 618 1474 qui
644 1419 709 1457 ex
734 1407 897 1473 patre
928 1402 1158 1457 diabolo
1178 1401 1265 1456 vel
1286 1419 1351 1457 cx
1378 1400 1712 1472 magisterio

65 1494 195 1562 ejus
228 1498 411 1547 erant.
448 1491 563 1547 Hoc
608 1492 762 1546 enim
817 1491 1231 1563 interpretatur
1278 1490 1592 1556 Barabbas,
1623 1488 1712 1544 vel

10 1636 13 1675 ι
63 1583 405 1637 Barrabbas.
423 1580 543 1644 Quo
568 1581 714 1635 facto
736 1585 965 1635 tantum
988 1580 1118 1635 ﬁdei
1143 1580 1401 1651 pristinae
1423 1580 1711 1635 defectum

61 1671 304 1724 incurrit
355 1674 441 1735 ut,
475 1669 574 1740 qui
624 1669 795 1741 paulo
836 1670 999 1741 prius
1030 1669 1275 1725 Domino
1318 1685 1451 1723 cum
1502 1666 1713 1739 palmis

58 1759 287 1813 obviam
318 1762 573 1823 venerat,
597 1762 652 1812 et
683 1759 1031 1813 vestimenta
1062 1774 1170 1812 sua
1201 1774 1511 1827 ramosque
1545 1756 1714 1811 arbo-

10 1910 11 1919 γ
59 1865 188 1902 rum
223 1847 283 1900 in
312 1846 404 1900 via
450 1846 610 1901 illius
656 1851 959 1912 straverat,
994 1852 1049 1901 et
1079 1848 1313 1901 Osanna
1344 1846 1461 1900 ﬁlio
1511 1844 1711 1912 David,

58 1936 404 1991 Benedictus
426 1934 524 2005 qui
548 1935 703 1988 venit
734 1935 791 1988 in
818 1935 1053 1989 nomine
1085 1934 1336 2000 Domini,
1363 1934 1481 1988 Rex
1512 1932 1709 1999 Israel,

10 2024 11 2095 ξ
57 2025 295 2079 Osanna
345 2022 399 2077 in
451 2022 691 2078 excelsis
747 2021 1119 2086 clamaverat,
1154 2026 1389 2093 repente
1433 2020 1711 2076 clamaret

10 2112 11 2183 Ῐ
58 2112 572 2175 Barabbam.0uos
596 2111 1062 2182 quotiescunque
1090 2110 1294 2180 judex,
1319 2114 1382 2165 ut
1401 2115 1543 2182 puta
1563 2109 1712 2165 desi-

10 2206 11 2211 “
60 2202 309 2272 pientes,
342 2202 705 2272 resipiscere,
739 2207 794 2255 et
823 2200 896 2253 ab
927 2216 1118 2255 errore
1150 2200 1434 2271 corrigere
1467 2199 1706 2266 curavit,

60 2291 204 2345 nihil
238 2290 501 2363 profecit,
530 2291 628 2344 sed
674 2290 862 2361 magis
911 2288 1200 2343 tumultus
1252 2288 1443 2356 ﬁebat,
1467 2292 1520 2343 et
1551 2288 1709 2343 inva-

61 2380 357 2435 lescebant
387 2396 552 2434 voces
582 2396 803 2444 eorum,
841 2395 943 2432 nec
986 2377 1141 2432 aliud
1174 2376 1443 2432 volebant
1474 2377 1583 2432 nisi
1614 2378 1708 2432 Je-

60 2487 187 2523 sum
220 2487 252 2524 a
284 2486 344 2523 se
401 2468 669 2536 abjicere,
705 2473 759 2523 et
799 2468 1120 2521 Barabbam
1170 2466 1279 2521 sibi
1330 2483 1566 2538 poscere
1617 2467 1708 2522 di-

60 2559 240 2613 cendo
268 2576 313 2613 :u
342 2558 463 2612 Non
509 2557 684 2619 hunc,
710 2557 809 2611 sed
854 2557 1172 2611 Barabbam
1198 2556 1704 2627 (lautianm/10);-

59 2653 113 2702 et
148 2665 213 2703 :u
248 2646 409 2701 Tolle
440 2646 612 2712 hunc,
640 2651 695 2700 et
744 2646 967 2699 dimitte
1012 2645 1178 2700 nobis
1210 2644 1529 2699 Barabbam
1555 2646 1706 2712 (Luc.

58 2754 213 2807 xxiii,
251 2737 369 2805 18);
400 2760 426 2783 ››
457 2740 512 2789 ct
554 2751 617 2789 ;‹‹
653 2733 835 2801 Tolle,
887 2733 1040 2801 tolle,
1093 2733 1383 2804 cruciﬁge,
1435 2734 1710 2806 cruciﬁge

56 2842 186 2879 cum
221 2827 550 2895 (Joan.x1x,
589 2824 702 2889 15);
733 2846 757 2868 ››
781 2827 836 2877 et
862 2839 910 2875 ει(
936 2822 1187 2893 Sanguis
1218 2823 1345 2891 ejus
1378 2839 1553 2893 super
1580 2840 1706 2892 nos,

53 2920 107 2969 et
150 2932 326 2987 super
376 2912 528 2968 ﬁlios
582 2916 811 2966 nostros
844 2912 1051 2981 (Matth.
1085 2928 1259 2977 xxvii,
1290 2913 1411 2981 25);
1440 2934 1465 2960 ››
1498 2916 1555 2967 et
1599 2912 1711 2967 alia

57 3004 145 3059 liis
178 3003 421 3058 similia.

123 3094 248 3156 Qua
274 3090 705 3163 conspiratione
727 3095 784 3144 et
807 3089 1099 3144 sententia
1133 3089 1215 3143 sic
1249 3106 1310 3144 se
1332 3106 1587 3161 suosque
1622 3108 1714 3163 po-

58 3188 245 3237 steros
277 3180 514 3237 diabolo
546 3179 985 3250 manciparunt;
1021 3178 1363 3250 paucissimi
1402 3179 1557 3234 enim
1591 3180 1712 3235 fue-

56 3276 191 3326 runt
210 3271 310 3343 qui
339 3270 476 3323 inde
499 3268 967 3335 crediderunt,ad
991 3269 1487 3338 comparationem
1512 3284 1712 3324 eorum

626 468 1041 533 ADVERSUS
1089 469 1555 532 SlMONIACOS
1600 468 1802 529 LIBRI
1846 465 2070 529 TRES.
2097 464 2429 528 -—-LIBER
2473 464 2904 529 SECUNDUS.

10 588 19 695 ἑ
73 608 335 675 putatur,
366 604 612 674 gratiam
643 603 1165 658 ecclesiasticarum
1196 588 1489 669 ordinum,
1524 601 1715 656 consi—
1745 604 1802 666 Α
1828 599 1964 654 dicti
1993 604 2151 666 sunt,
2183 600 2283 670 qui
2326 616 2458 655 eum
2509 616 2623 654 non
2673 599 2971 655 credentes
3000 598 3086 656 vel
3133 600 3469 659 dubitantes

3309 471 3462 533 1102

1826 688 2026 755 Deum,
2060 687 2217 743 velut
2265 687 2561 742 hominem
2612 704 2846 759 purum,
2890 705 2993 760 pro
3042 705 3191 761 puro
3236 690 3473 747 homine

1824 776 2289 832 interﬁciendum
2308 776 2493 847 judici
2515 776 2901 845 tradiderunt,
2924 776 3369 836 dubitabiturne
3398 796 3472 836 an

1825 872 2035 937 negent
2062 866 2344 938 Spiritum
2368 873 2634 921 sanctum
2668 865 2769 939 qui
2791 882 2851 921 se
2872 870 3148 922 asserunt
3177 884 3313 924 eum
3347 886 3470 925 om-

1824 954 1960 1010 nino
1988 956 2217 1010 credere
2248 955 2427 1010 Deum
2459 959 2517 1010 et
2544 953 2879 1019 Dominum,
2903 959 2959 1010 et
2979 961 3177 1012 tamen
3200 974 3306 1030 pro
3327 974 3470 1014 auro

1823 1044 2122 1099 vendunt?
2143 1045 2227 1112 Et,
2252 1062 2284 1099 ο
2316 1047 2531 1115 quanto
2563 1042 2921 1099 tolerabilior
2956 1043 3079 1099 haec
3110 1047 3344 1119 negatio
3376 1048 3469 1103 fo-

1824 1138 1931 1200 ret,
1962 1133 2010 1188 si
2042 1132 2128 1189 vel
2161 1150 2261 1205 pro
2291 1133 2526 1189 homine
2557 1131 2742 1189 ﬁeret!
2788 1135 2949 1189 tanto
2994 1133 3217 1208 utique,
3243 1140 3464 1209 quanto

1823 1222 2010 1294 potior
2038 1226 2126 1277 est
2153 1221 2328 1277 homo
2355 1221 2564 1294 lapide.

2415 1327 2642 1383 CAPUT
2680 1326 2868 1384 XXVI.

1824 1416 1972 1494 Quod
2004 1418 2106 1487 nil,
2134 1418 2250 1494 nisi
2289 1417 2717 1494 damnationem,
2748 1435 2781 1472 a
2828 1418 3148 1494 Simonideis
3192 1424 3465 1494 accipiant

1892 1490 2059 1567 etiam
2103 1490 2276 1567 gratis
2320 1487 2578 1567 ordinati,
2621 1492 2672 1543 et
2720 1488 2859 1560 quod
2907 1489 3055 1547 idola
3105 1487 3318 1563 faciant
3363 1510 3463 1567 pro

1895 1560 2099 1616 Christo
2126 1560 2366 1615 adorari.

1894 1666 2036 1720 Hinc
2069 1682 2305 1721 necesse
2327 1682 2455 1722 esse
2477 1664 2755 1739 colligant
2775 1667 2915 1740 quid
2938 1669 3267 1742 acceperint
3287 1687 3321 1727 a
3338 1670 3471 1728 tali-

1822 1754 1932 1810 bus
1946 1754 2198 1827 Spiritus
2212 1754 2396 1810 sancti
2415 1756 2877 1827 negotiatoribus
2894 1758 3475 1832 persuasi,etsicgra—

1822 1842 1897 1897 tis
1918 1843 2187 1897 ordinati.
2216 1842 2386 1897 Nullo
2411 1844 2581 1899 modo
2601 1844 2758 1899 enim
2793 1860 3003 1901 manus
3033 1846 3469 1918 impositionem

1823 1930 2166 2003 acciperent,
2193 1931 2299 1986 nisi
2323 1948 2422 1987 eos
2453 1933 2781 1988 sacerdotes
2811 1933 3040 1989 Domini
3068 1952 3197 1992 esse
3226 1952 3467 2009 persua-

1820 2036 1951 2074 sum
1976 2020 2273 2075 haberent.
2294 2022 2606 2077 Attendant
2627 2038 2858 2094 quoque
2879 2027 3101 2095 quanta
3126 2026 3467 2097 pmnitentia

1819 2108 1937 2164 sint
1967 2109 2290 2180 castigandi
2329 2110 2600 2178 scientes,
2632 2112 3106 2184 quandoquidem
3139 2116 3463 2184 attendant,

1821 2214 1923 2253 nec
1954 2198 2184 2253 Judzeos
2206 2198 2379 2253 etiam
2403 2198 2784 2270 baptizandos
2805 2218 2835 2255 a
2858 2202 3200 2272 pmnitentia
3222 2220 3465 2261 excusa-

1820 2291 1930 2354 tos,
1947 2286 2215 2358 quamvis
2242 2286 2596 2358 ignorantes.
2622 2289 2693 2343 Et
2712 2292 2886 2359 certe,
2900 2294 3188 2361 quantum
3208 2292 3465 2351 humano

1818 2374 2046 2429 videtur
2068 2374 2314 2445 judicio,
2345 2376 2547 2431 debuit
2576 2378 2839 2432 excusari
2870 2378 3219 2451 ignorantia.
3241 2382 3356 2437 Sed
3386 2382 3473 2438 in-

1821 2464 2172 2519 excusabilis
2226 2464 2353 2530 fuit,
2386 2465 2521 2536 quia
2561 2465 2732 2536 juxta
2778 2467 2932 2537 quod
2978 2468 3292 2540 Apostolus
3339 2470 3468 2528 ait:

1821 2578 1845 2601 ι(
1883 2554 1989 2619 Qui
2042 2553 2293 2626 ignorat,
2346 2554 2713 2626 ignorabitur
2749 2560 2799 2624 (Ι
2831 2558 2950 2612 Cor.
2984 2575 3101 2627 x1v,
3132 2559 3244 2631 38).
3282 2582 3309 2610 ι»
3339 2561 3411 2616 Et
3438 2577 3471 2618 ο

1820 2646 1961 2715 quot
1991 2646 2047 2696 et
2079 2648 2307 2713 quantae
2357 2646 2595 2697 caterva:
2636 2643 2992 2716 simplicium
3040 2650 3097 2702 et
3144 2647 3474 2705 rusticano-

1822 2748 1973 2799 rum,
2014 2731 2325 2802 quzerendo
2357 2730 2677 2798 veritatem,
2712 2732 3047 2805 ignorantes
3075 2736 3148 2791 ab
3180 2736 3469 2794 hzereticis

1819 2825 1955 2874 sunt
1984 2821 2081 2874 sed
2095 2825 2259 2889 uotae,
2280 2836 2423 2891 quas
2447 2820 2680 2892 quidem
2714 2822 3007 2879 credimus
3029 2825 3193 2894 juste
3211 2826 3463 2897 perisset

1820 2910 1918 2963 sed
1952 2908 2454 2980 qualiterjustum
2488 2910 2662 2965 fuerit
2690 2913 3005 2982 nequimus
3049 2930 3117 2968 ex
3155 2918 3276 2971 toto
3306 2931 3467 2972 com-

1821 2997 2195 3069 prehendere.
2232 2999 2299 3052 Et
2328 3014 2525 3053 revera
2546 3022 2573 3048 ‹‹
2606 3000 2707 3071 qui
2739 2999 2997 3072 tetigerit
3026 3002 3238 3074 picem,
3268 3003 3474 3077 inqui~

1822 3087 2060 3141 nabitur
2091 3088 2161 3141 ab
2194 3104 2289 3153 ea;
2323 3091 2378 3142 et
2415 3088 2513 3159 qui
2555 3090 3074 3147 communicaverit
3103 3093 3355 3166 superbo
3382 3094 3472 3149 in-

1822 3177 1961 3231 duet
2010 3176 2345 3248 superbiam
2379 3178 2563 3248 (Ecclz'.
2600 3196 2721 3250 xm,
2756 3180 2829 3251 1).
2857 3202 2883 3228 ››
2916 3180 3023 3246 Qui
3055 3182 3167 3237 sibi
3217 3199 3472 3255 nequam

1821 3270 1932 3331 est,
1955 3266 2049 3320 cui
2083 3265 2195 3321 alio
2226 3267 2415 3321 bonus
2447 3266 2592 3322 erit?
2621 3268 3005 3340 Cognoscant,
3029 3270 3115 3326 vel
3160 3271 3466 3342 admoniti,

57 3360 154 3431 qui
181 3342 295 3415 nOn
318 3358 723 3424 crediderunt;
751 3374 853 3411 nec
878 3374 939 3411 se
958 3373 1211 3426 suosque
1231 3363 1491 3427 posteros
1512 3377 1545 3413 a
1565 3375 1713 3413 sem-
1741 3342 1784 3410 C
1824 3354 1963 3424 quia
1987 3358 2275 3425 quotquot
2301 3355 2457 3409 fures
2490 3359 2626 3410 sunt
2656 3361 2712 3410 et
2750 3355 3005 3412 latrones
3043 3362 3200 3424 sunt,
3224 3377 3339 3415 non
3369 3375 3465 3416 ve-

60 3450 287 3519 piterna
312 3451 501 3503 morte
525 3445 866 3501 subtrahere
887 3448 1183 3499 curarunt.
1202 3444 1360 3500 Unde
1382 3446 1555 3524 etiam
1580 3462 1714 3502 cum

60 3543 244 3593 morte
268 3536 481 3593 anima:
504 3534 905 3605 turpissimam
927 3539 979 3587 et
1000 3533 1436 3589 acerbissimam
1458 3535 1717 3606 corporis

66 3632 309 3683 mortem
340 3627 737 3687 incurrerunt,
761 3622 915 3676 velut
946 3639 1046 3693 per
1075 3622 1502 3693 Vespasianum
1534 3628 1589 3679 et
1618 3623 1715 3679 Ti-

64 3721 211 3780 tum,
246 3720 429 3786 atque
481 3730 581 3783 per
610 3712 817 3765 .lilium
852 3711 1193 3765 Adrianum.
1230 3711 1309 3767 De
1341 3729 1453 3783 quo
1504 3712 1717 3784 populo

69 3809 122 3859 et
154 3804 297 3859 illud
348 3801 843 3859 considerandum
875 3804 962 3854 est
1010 3800 1148 3870 quia
1183 3805 1469 3872 quotquot
1516 3818 1718 3857 eorum

70 3893 270 3948 salvati
305 3895 468 3957 sunt,
503 3908 617 3945 non
669 3889 862 3943 solum
912 3889 1280 3959 baptismate,
1314 3891 1465 3961 quod
1519 3890 1719 3963 procul

69 3980 247 4037 dubio
279 3978 687 4037 remissionem
721 3978 985 4032 omnium
1033 3982 1399 4048 peccatorum
1430 3980 1719 4047 attribuit,

68 4070 182 4126 Deo
225 4072 480 4143 perfecte
526 4066 886 4123 reconciliari
938 4071 1294 4133 meruerunt,
1330 4066 1439 4122 nisi
1472 4072 1528 4123 et
1558 4070 1722 4139 prius

70 4176 169 4230 per
200 4158 606 4233 pmnitentiam
640 4174 772 4211 eum
816 4155 927 4210 sibi
959 4155 1185 4226 placare
1222 4155 1608 4212 laborassent.
1631 4158 1725 4213 Sic

69 4249 224 4303 enim
248 4249 320 4304 ad
349 4246 606 4319 Spiritus
628 4245 813 4300 sancti
837 4244 1161 4299 evidentem
1186 4245 1548 4313 effusionem,
1575 4252 1629 4302 et
1651 4247 1722 4302 ad

70 4336 547 4405 prazdicationem
568 4333 717 4387 Petri
741 4332 1106 4403 compunctis
1128 4332 1349 4387 dictum
1368 4338 1520 4387 est:«
1543 4334 1727 4389 Pmni-

68 4426 316 4481 tentiam
339 4423 587 4496 agite,et
609 4422 935 4493 baptizetur
958 4422 1365 4494 unusquisque
1386 4429 1640 4478 vestrum
1664 4423 1723 4478 in

71 4514 308 4570 nomine
350 4514 493 4569 Jesu
525 4511 741 4566 Christi
792 4511 849 4564 in
902 4510 1308 4565 remissionem
1355 4516 1724 4582 peccatorum

69 4608 422 4663 vestrorum,
449 4606 506 4656 et
526 4599 821 4672 accipietis
843 4601 1061 4654 donum
1100 4598 1350 4671 Spiritus
1373 4600 1560 4656 sancti
1584 4602 1722 4672 (Act.

72 4694 268 4762 11,38).
300 4715 328 4741 ››
354 4692 471 4747 Nec
501 4706 776 4746 excusare
814 4706 913 4745 eos
961 4688 1289 4760 ignorantia
1340 4690 1529 4761 potuit
1584 4690 1726 4762 quin

70 4781 443 4852 pceniterent,
478 4778 751 4853 quamvis
795 4778 967 4833 etiam
1002 4778 1124 4849 ipse
1156 4777 1359 4833 Petrus
1406 4778 1490 4834 eis
1522 4780 1591 4835 de
1628 4778 1729 4835 illa

10 4866 11 4899 ἶ
71 4870 482 4926 testimonium
514 4868 844 4941 perhiberet
867 4866 923 4921 in
947 4867 1463 4938 subsequentibus,
1488 4867 1725 4924 dicens:

10 4956 11 4987 ³
71 4982 96 5007 (ι
131 4959 199 5014 Et
232 4976 413 5025 nunc,
448 4958 679 5022 fratres,
714 4956 833 5011 scia
865 4955 1003 5026 quia
1035 4972 1135 5026 per
1172 4955 1560 5027 ignorantiam
1594 4958 1729 5013 feci-

66 5049 194 5116 stis,
223 5049 382 5104 sicut
413 5050 473 5102 et
501 5046 795 5119 principes
824 5044 1023 5100 vestri.
1058 5043 1427 5100 Pmnitemini
1468 5046 1646 5118 igitur
1675 5050 1733 5102 et.

67 5134 503 5203 convertimini,
530 5140 595 5190 ut
625 5133 932 5189 deleantur
953 5138 1145 5188 vestra
1178 5137 1432 5205 peccata.
1462 5158 1490 5183 ››
1514 5137 1582 5190 Et
1602 5152 1729 5207 quae

66 5224 359 5297 praecipue
386 5223 491 5279 illa
514 5224 730 5279 fuerint
761 5223 818 5277 in
852 5222 1313 5294 praecedentibus
1346 5223 1618 5288 ostendit,
1642 5224 1729 5279 di-

10 5352 11 5355 η
66 5328 203 5370 cens
236 5330 285 5370 ;‹‹
312 5319 471 5368 Deus
505 5316 737 5385 patrum
772 5316 1104 5366 nostrorum
1144 5310 1487 5382 gloriﬁcavit
1519 5312 1731 5369 Filium

10 5404 11 5431 ξ
67 5417 241 5458 suum
266 5403 690 5474 Jesum,quem
715 5418 814 5456 vos
846 5399 1079 5472 quidem
1114 5400 1436 5455 tradidistis
1465 5405 1522 5455 et
1553 5419 1732 5473 nega-

9 5674 17 5719 ι

66 5490 171 5546 stis
190 5495 326 5551 ante
349 5489 568 5546 faciem
589 5489 781 5557 Pilati,
798 5488 1102 5560 judicante
1121 5487 1217 5544 illo
1240 5489 1597 5546 dimitti.Vos
1623 5508 1733 5547 au-

68 5582 186 5635 tem
217 5580 510 5635 Sanctum
542 5583 601 5635 et
626 5579 657 5634 J
667 5582 863 5634 ustum
897 5577 1175 5649 negastis,
1199 5581 1255 5632 et
1283 5578 1510 5649 petistis
1539 5580 1611 5634 vii
1630 5597 1731 5635 um

71 5666 437 5725 homicidam
461 5665 669 5724 donari
688 5666 883 5735 vobis;
911 5667 1221 5722 Auctorem
1242 5683 1373 5723 vero
1392 5668 1523 5724 vitae
1548 5668 1733 5725 inter-

70 5756 294 5826 feoistis
325 5754 514 5835 (ἰὸίἀη
544 5757 767 5829 13,15).
796 5779 825 5809 υ
856 5754 916 5815 Si
963 5769 1099 5830 ergo
1148 5770 1392 5833 negasse
1436 5755 1733 5818 Christum

1827 3444 1997 3498 niunt
2035 3442 2149 3496 nisi
2201 3447 2264 3497 ut
2311 3447 2564 3497 mactent
2595 3448 2651 3499 et
2679 3444 2927 3515 perdant
2962 3447 3136 3515 (Joan.
3159 3464 3284 3514 xm,
3316 3449 3387 3520 1).
3416 3450 3466 3504 A

1826 3548 2073 3603 quorum
2098 3530 2561 3603 sanguinolentis
2583 3532 2856 3589 manibus
2878 3550 2990 3589 non
3015 3533 3205 3591 solum
3237 3536 3318 3592 nil
3339 3554 3472 3594 san-

1826 3620 2213 3688 ctiﬁcationis,
2249 3621 2348 3675 sed
2394 3620 2568 3676 etiam
2608 3620 2927 3693 plurimum
2960 3625 3473 3686 contaminationis

1828 3714 2196 3781 acceperunt,
2222 3709 2279 3763 in
2314 3713 2541 3765 tantum
2571 3716 2636 3765 ut
2682 3711 2833 3767 facta
2863 3712 2940 3768 sit
2977 3714 3250 3770 meretrix
3278 3716 3479 3773 anima

1829 3816 2029 3856 eorum
2064 3800 2361 3870 quondam
2396 3800 2584 3855 ﬁdelis
2615 3801 2902 3872 plenaque
2922 3801 3153 3873 judicii.
3179 3804 3250 3860 Et
3279 3805 3337 3860 in
3359 3821 3477 3877 qua

1830 3887 2242 3961 priusjustitia
2264 3888 2565 3959 requievit,
2584 3906 2738 3944 nunc
2760 3889 3251 3963 homicida,cujus
3271 3910 3475 3966 argen-

1832 3982 1958 4032 tum
1982 3993 2214 4032 versum
2245 3981 2333 4032 est
2362 3977 2421 4031 in
2454 3977 2797 4046 scoriam,et
2814 3978 3013 4035 vinum
3046 3980 3289 4038 mistum
3322 3998 3479 4055 aqua

1832 4069 1959 4136 (Isa.
1996 4084 2033 4133 ι,
2056 4068 2169 4135 22).
2198 4067 2262 4119 Et
2291 4082 2395 4119 cur
2423 4065 2571 4120 hoc?
2611 4069 2886 4138 quoniam
2937 4086 3141 4125 omnes
3184 4071 3480 4144 principes

1832 4158 1959 4227 ejus
1990 4154 2253 4210 inﬁdeles
2286 4155 2425 4210 socii
2450 4155 2666 4224 furum,
2688 4173 2722 4212 a
2743 4158 2956 4229 quibus
2987 4160 3254 4230 persuasi
3291 4160 3482 4234 ignari

1834 4243 2230 4315 simplicitatis
2252 4242 2549 4299 catholicae
2581 4244 2738 4315 ﬁdei,
2761 4251 2817 4301 et
2846 4247 3087 4317 incauti,
3121 4266 3225 4321 pro
3253 4249 3481 4306 Christo

1835 4334 2129 4406 accipiunt
2178 4332 2344 4387 illum
2391 4333 2735 4389 seditiosum
2766 4335 3073 4405 latronem,
3098 4338 3199 4409 qui
3230 4339 3288 4393 in
3310 4339 3482 4396 corde

1835 4440 1941 4479 suo
1974 4422 2118 4477 dixit
2151 4440 2217 4476 :«
2251 4422 2468 4477 Ponam
2514 4423 2709 4478 sedem
2761 4440 2951 4479 meam
3000 4426 3071 4480 ad
3121 4426 3478 4497 aquilonem,

1836 4510 2046 4567 similis
2078 4527 2174 4565 ero
2204 4508 2504 4566 Altissimo
2536 4514 2661 4581 (Isa.
2689 4530 2803 4579 xxv,
2832 4513 2937 4584 14),
2965 4535 2993 4562 ››
3026 4517 3204 4585 atque
3234 4514 3479 4571 homici-

1836 4601 1972 4656 dam
2006 4600 2170 4655 illnm
2222 4598 2321 4671 qui
2371 4604 2496 4655 erat
2543 4601 2616 4654 ab
2671 4599 2856 4656 initio.
2888 4602 2981 4656 Sic
3038 4602 3140 4673 qui
3197 4603 3479 4661 hactenus

1757 4711 1804 4778 Ι)
1834 4688 2089 4762 prompti
2140 4688 2471 4778 laudatores
2502 4693 2557 4778 et
2597 4689 2783 4778 devoti
2831 4696 3199 4763 susceptores
3248 4692 3482 4749 Domini

1837 4780 2085 4844 tuerant,
2123 4795 2235 4832 non
2284 4777 2535 4848 improbi
2586 4777 3085 4850 blasphematores
3130 4781 3278 4850 ejus,
3311 4785 3486 4854 atque

1838 4866 2157 4939 importuni
2176 4866 2452 4937 petitores
2474 4866 2718 4922 latronis
2740 4868 3014 4938 existunt,
3031 4886 3282 4941 quorum
3304 4871 3495 4929 inten-

1838 4957 1916 5012 tio
1935 4955 2098 5010 illum
2124 4954 2314 5010 solum
2338 4956 2601 5026 requirit,
2618 4957 2791 5012 etiam
2810 4974 2943 5012 cum
2961 4975 3070 5014 vox
3087 4976 3288 5017 eorum
3308 4960 3495 5018 Deum

1840 5063 1901 5102 se
1933 5043 2301 5115 interpellare
2333 5044 2517 5117 ﬁngit.
2544 5044 2746 5114 Quem,
2772 5063 2933 5120 rogo,
2959 5048 3357 5121 interpellant,
3382 5050 3498 5108 nisi

1842 5150 2263 5201 mammonam,
2285 5134 2383 5205 qui
2409 5150 2512 5188 nec
2544 5151 2645 5206 pro
2677 5135 2791 5191 Deo
2821 5152 2925 5190 nec
2952 5153 3058 5208 pro
3089 5139 3356 5210 proximo
3375 5157 3499 5196 ver-

1841 5223 1982 5277 bum
2016 5222 2228 5289 ederet,
2268 5227 2368 5276 aut
2399 5221 2669 5291 hisceret,
2703 5223 2792 5279 vel
2834 5241 3078 5281 manum
3110 5226 3343 5295 levaret,
3378 5227 3493 5283 nisi

1843 5310 2155 5382 acciperet‘
2183 5313 2283 5365 aut
2332 5318 2593 5382 speraret
2640 5314 2995 5384 pecuniam?
3043 5315 3153 5370 Sed
3203 5314 3491 5387 benignus

1842 5400 2094 5472 Spiritus
2126 5399 2420 5470 sapientiae
2445 5418 2558 5455 non
2581 5400 2845 5457 liberavit
2872 5402 3223 5458 maledicum
3253 5419 3287 5457 a
3316 5402 3489 5461 labiis

1842 5489 1985 5545 suis.
2001 5487 2303 5559 Siquidem
2328 5490 2606 5560 quoniam
2626 5507 2830 5547 renum
2849 5491 3008 5547 illius
3029 5490 3191 5546 testis
3207 5493 3294 5545 est
3309 5491 3489 5566 Deus,

1841 5584 1897 5634 et
1924 5576 2115 5633 cordis
2145 5578 2193 5649 ej
2207 5594 2275 5632 us
2306 5583 2599 5635 scrutator
2640 5585 2729 5635 est
2765 5596 2954 5646 verus,
2979 5583 3039 5633 et
3084 5578 3295 5650 linguae
3326 5579 3491 5641 illius

1842 5665 2093 5735 auditor,
2126 5665 2241 5722 nisi
2273 5665 2540 5723 liberavit
2571 5668 2901 5725 haereticum
2935 5665 3316 5723 maledictum
3348 5687 3384 5726 a
3413 5670 3495 5730 la-

1840 5755 1954 5818 biis
1984 5753 2136 5829 suis,
2162 5754 2258 5816 cui
2304 5755 2452 5816 nihil
2488 5763 2578 5818 est
2606 5758 2763 5823 aliud
2792 5758 2937 5819 bene
2964 5754 3146 5834 loqui,
3171 5770 3353 5834 quam
3383 5776 3492 5829 sua
