3876 6384
409 442 566 504 1103

405 573 662 646 seipsum
689 589 826 631 voce
844 575 1211 645 damnare,et
1235 575 1342 631 sibi
1367 573 1728 640 maledicere,
1744 572 1913 642 cujus
1933 571 2042 627 lin-
2065 573 2114 640 Α

407 677 534 735 guis
554 660 970 728 henedicentis,
995 667 1050 718 et
1079 663 1126 718 si
1176 663 1409 718 auditur
1437 666 1524 718 est
1547 661 1800 733 Spiritus
1845 660 2040 714 Domi-

408 749 491 816 ni,
523 749 661 822 quia
686 751 867 823 replet
909 752 1104 806 orbem
1137 757 1420 806 terrarum
1451 753 1507 806 et
1536 749 1789 804 continet
1821 748 2039 814 omnia,

407 841 603 896 tamen
654 838 795 911 quia
839 839 1014 894 habet
1069 839 1372 895 scientiam
1413 839 1589 902 vocis,
1623 841 1689 892 ut
1739 840 2040 908 putarunt,

405 930 696 984 scrutator
718 943 921 982 renum
939 931 995 982 et
1015 928 1204 983 cordis
1227 945 1339 982 non
1364 930 1528 982 curat
1545 925 1682 997 quid
1709 925 1841 996 quis
1862 925 2042 994 dicat,

401 1015 502 1071 sed
533 1015 772 1072 dicendo
793 1015 942 1088 quod
973 1015 1259 1071 intendat.
1289 1014 1634 1084 Huiusmodi
1659 1030 1828 1068 voces
1859 1019 1915 1068 et
1945 1030 2040 1068 ex-

398 1102 637 1160 teriores
660 1103 990 1159 devotiones
1019 1108 1366 1176 aspernatus
1388 1103 1510 1175 ipse
1528 1101 1778 1174 Spiritus
1800 1105 2040 1156 sanctus

400 1206 502 1264 per
532 1191 740 1247 Isaiam
773 1195 1127 1264 protestetur
1153 1209 1166 1246 :
1193 1217 1218 1242 «
1253 1194 1394 1248 Cum
1427 1189 1799 1246 exlenderitis
1829 1206 2038 1244 manus

395 1283 638 1347 vestras,
661 1284 916 1335 avertam
942 1280 1140 1336 oculos
1174 1298 1332 1336 meos
1354 1297 1388 1335 a
1417 1279 1598 1334 vcbis.
1620 1279 1690 1332 Et
1719 1295 1849 1332 cum
1884 1276 2034 1332 mul-

393 1367 796 1442 tiplicaveritis
817 1369 1157 1436 orationem,
1184 1385 1298 1424 non
1320 1367 1646 1423 exaudiam.
1671 1367 1878 1421 Manus
1907 1381 2036 1421 ves-

393 1460 496 1514 tra:
525 1457 812 1529 sanguine
844 1457 1026 1530 plena:
1059 1462 1199 1512 sunt
1221 1458 1342 1528 (lsa.
1366 1474 1406 1523 ι,
1432 1457 1538 1526 15).
1566 1479 1584 1505 ι
1614 1454 1886 1524 Nunquid
1921 1471 2036 1509 non

396 1545 537 1602 socii
568 1545 762 1600 furum
793 1549 850 1600 et
874 1545 1166 1601 latronum
1197 1547 1355 1600 fures
1388 1547 1524 1599 sunt
1554 1547 1608 1598 et
1636 1542 1907 1610 latrones,
1931 1543 2033 1597 Sa-

398 1631 630 1690 lomone
675 1633 902 1690 dicente
936 1650 1003 1688 ;‹‹
1036 1633 1272 1689 Amicus
1320 1633 1630 1688 stultorum
1679 1631 1928 1686 efﬁcitur
1956 1631 2036 1686 si-

396 1720 554 1777 milis
585 1722 764 1794 (Prov.
797 1739 921 1789 xm,
949 1721 1074 1792 20);
1101 1744 1127 1772 ››
1152 1727 1209 1777 et
1242 1739 1306 1776 :«
1336 1720 1440 1786 Qui
1474 1736 1605 1775 cum
1647 1719 1770 1774 fure
1802 1717 2034 1790 partici-

403 1813 522 1882 pat,
553 1809 674 1864 odit
721 1809 975 1864 animum
1027 1809 1234 1863 suam?
1273 1810 1452 1880 (Prov.
1475 1825 1627 1874 xxxx,
1661 1807 1772 1875 24).
1800 1828 1826 1855 ››
1859 1807 2034 1861 Porro

399 1897 560 1953 fures
581 1901 635 1952 et
655 1897 926 1964 latrones,
948 1897 1048 1952 viri
1075 1897 1426 1967 sanguinum
1449 1901 1504 1951 et
1521 1895 1702 1950 dolosi
1725 1901 1880 1962 sunt,
1897 1912 2034 1966 quo-

398 2002 528 2042 rum
573 1985 860 2058 particeps
906 1985 1239 2057 quicunque
1289 1990 1398 2052 est,
1448 1983 1930 2056 sanguinolentus
1979 1989 2034 2038 et

397 2073 801 2130 fraudulentus
831 2075 908 2130 sit
936 2091 1169 2130 necesse
1201 2079 1308 2130 est.

466 2163 627 2219 Unde
648 2163 784 2235 quia
807 2179 1016 2218 manus
1038 2163 1162 2234 ejus
1188 2162 1366 2234 plenre
1390 2166 1528 2217 sunt
1559 2159 2035 2233 sanguine,et1a-

392 2255 625 2308 tronum
667 2251 776 2306 sibi
817 2251 1332 2306 confoederatorum
1386 2251 1814 2314 communione,
1850 2250 2032 2304 oratio

395 2341 522 2410 ejus
553 2338 851 2410 repellitur
895 2356 928 2393 a
976 2339 1366 2394 mundissima
1418 2341 1738 2410 majestate.
1765 2338 1836 2392 Ut
1878 2339 2031 2392 enim

393 2427 635 2499 Sapiens
657 2426 738 2480 ait
771 2443 818 2482 ;‹‹
843 2426 948 2490 Qui
981 2427 1186 2482 avertit
1215 2443 1411 2480 aurem
1437 2443 1601 2481 suam
1637 2443 1704 2479 ne
1735 2426 1931 2480 audiat
1953 2425 2031 2480 le-

392 2531 545 2588 gem,
570 2514 750 2570 oratio
771 2515 897 2585 ejus
920 2514 1287 2569 exscerabilis
1311 2516 1489 2583 (Prov.
1517 2532 1713 2580 xxvm,
1737 2501 1848 2583 9).)3
1871 2514 2030 2577 Quod

393 2602 443 2658 si
463 2601 650 2658 evenit
682 2601 798 2656 illis
829 2601 926 2672 qui
965 2619 1076 2656 non
1112 2603 1358 2656 audiunt
1387 2601 1571 2674 legem
1606 2601 2032 2674 praicipientem

390 2689 660 2748 honorari
685 2691 996 2746 Dominum
1017 2691 1088 2746 de
1109 2690 1340 2762 propria
1361 2696 1415 2744 et
1436 2690 1743 2745 vernacula
1763 2691 2034 2746 substan-

387 2778 473 2836 tia
495 2779 676 2852 (Prov.
702 2795 788 2845 ιιι,
809 2779 886 2850 9),
911 2779 1048 2851 quid
1074 2779 1169 2834 ﬁet
1189 2778 1294 2845 eis,
1319 2779 1416 2849 qui
1449 2778 1687 2834 alterius
1717 2777 2032 2851 elcemosy-

389 2883 525 2924 nam
547 2867 656 2923 sibi
681 2867 763 2923 sic
781 2867 1078 2934 creditam,
1097 2873 1159 2922 ut
1179 2867 1361 2940 gratis
1379 2868 1516 2922 dent
1535 2867 1717 2940 gratis
1739 2871 2030 2938 acceptam

390 2955 567 3027 impie
595 2955 892 3010 vendunt?
923 2957 1176 3020 Quorum
1211 2955 1395 3010 oratio
1439 2955 1520 3011 vel
1565 2955 1886 3010 benedictio
1918 2972 2031 3010 non

391 3043 582 3100 solum
603 3059 717 3098 non
737 3043 976 3099 auditur
991 3049 1090 3098 aut
1112 3043 1605 3115 recipitur,verum
1627 3045 1802 3099 etiam
1827 3045 1882 3098 in
1909 3061 2034 3116 pec-

391 3135 588 3188 catum
619 3135 676 3187 et
719 3131 778 3186 in
827 3130 1290 3186 maledictionem
1337 3132 1716 3198 convertitur;
1753 3133 2029 3204 quoniam

396 3241 425 3271 α
457 3235 570 3277 non
595 3224 685 3276 est
703 3219 762 3274 in
785 3237 881 3276 ore
902 3237 1101 3276 eorum
1124 3219 1352 3286 veritas,
1375 3237 1472 3275 cor
1491 3237 1688 3276 eorum
1713 3237 1920 3276 vanum
1946 3226 2034 3276 est

397 3309 884 3381 (Psal.v,iO).»—-«
905 3307 1244 3380 Sepulcrum
1265 3313 1468 3380 patens
1485 3313 1571 3364 est
1590 3313 1792 3381 guttur
1808 3326 2028 3377 eorum,
2063 3293 2105 3360 C

394 3397 611 3471 linguis
639 3399 764 3454 suis
791 3397 988 3454 dolose
1009 3398 1288 3470 agebant;
1319 3414 1603 3453 venenum
1630 3398 1894 3470 aspidum
1921 3399 2030 3454 sub

393 3486 566 3544 labiis
587 3503 810 3544 eorum.
827 3488 1084 3551 Quorum
1107 3503 1172 3542 os
1197 3486 1599 3542 maledictione
1620 3492 1675 3542 et
1697 3487 2034 3543 amaritudi-

395 3591 466 3632 ne
488 3575 722 3648 plenum
741 3581 857 3644 est;
878 3575 1099 3631 veloces
1123 3577 1294 3648 pedes
1313 3592 1510 3630 eorum
1527 3577 1597 3630 ad
1611 3577 2029 3631 effundendum

393 3664 760 3737 sanguinem.
780 3664 1056 3720 Contritio
1087 3669 1144 3719 et
1173 3663 1479 3720 infelicitas
1512 3665 1569 3718 in
1591 3664 1697 3720 viis
1727 3681 1948 3725 eorum.
1975 3669 2032 3720 et

389 3752 542 3810 viam
567 3753 726 3826 pacis
750 3770 861 3809 non
889 3758 1312 3825 cognoverunt;
1338 3771 1451 3807 non
1473 3755 1561 3807 est
1582 3753 1757 3807 timor
1775 3753 1872 3808 Dei
1898 3758 2030 3808 ante

390 3841 588 3898 oculos
612 3858 834 3898 eorum.
852 3841 1052 3899 Nonne
1075 3844 1640 3913 cognoscentomnes
1665 3841 1762 3912 qui
1787 3857 2029 3912 operan-

389 3935 486 3990 tur
522 3930 1028 4003 iniquitaten:,qui
1069 3931 1341 3986 devorant
1388 3928 1611 3996 plebem
1659 3945 1846 3984 meam
1880 3929 2032 3986 sicut

389 4035 580 4078 escam
603 4019 810 4092 panis?
830 4019 1142 4074 Dominum
1161 4035 1274 4073 non
1296 4017 1707 4073 invocaverunt
1727 4019 2026 4089 (Psal.xm,

388 4108 445 4176 3,
469 4108 578 4180 4).»
601 4108 668 4163 Et
699 4106 799 4179 qui
831 4107 1018 4178 magis
1047 4106 1270 4178 plebem
1317 4106 1417 4161 Dei
1449 4107 1599 4163 sicut
1638 4107 1831 4163 cibum
1861 4110 2028 4180 panis

389 4195 684 4261 devorant,
707 4211 884 4266 quam
907 4194 1003 4265 qui
1027 4194 1225 4250 omnia
1245 4193 1585 4250 Christianae
1619 4196 1914 4266 religionis
1936 4214 2028 4253 sa-

388 4288 685 4340 crementa
713 4282 936 4338 venalia
985 4287 1232 4354 portant,
1265 4287 1321 4338 et
1368 4283 1518 4355 plebi
1569 4285 1667 4340 Dei
1718 4286 2026 4357 denegant,

387 4373 503 4429 nisi
531 4389 598 4430 ea
628 4371 808 4445 pretio
867 4371 975 4427 sibi
1022 4372 1346 4428 redimant?
1375 4374 1484 4428 Sed
1544 4391 1622 4430 vae
1683 4375 1894 4430 misero
1926 4375 2025 4447 qui

385 4461 579 4519 taliter
619 4460 836 4533 duplici
869 4461 1082 4517 damno
1130 4461 1402 4529 afﬁcitur,
1437 4463 1576 4534 quia
1629 4467 1687 4518 et
1743 4464 2027 4520 exteriora

383 4549 539 4608 bona
567 4567 674 4606 sua
703 4547 1050 4622 negotiande
1081 4548 1290 4620 perdit,
1321 4555 1379 4603 et
1422 4549 1699 4604 interiora
1728 4566 1842 4604 non
1875 4549 2024 4604 acci-

1453 439 1856 506 HUMBERTI
1903 440 1974 500 ὃ..
2017 441 2090 501 Β.
2135 438 2209 504 E.
2253 441 2740 506 CARDINALIS.

3708 439 3858 504 μοι

2152 597 2180 623 ‹‹
2213 575 2352 646 quia
2376 575 2560 631 Deum
2592 591 2705 631 non
2746 575 3169 632 invocaverunt
3190 575 3377 647 (Psal.
3410 589 3527 629 LII.
3551 575 3686 641 ὢν)
3707 589 3852 648 qna-

2154 664 2398 718 rendum
2428 667 2516 719 est
2544 679 2718 736 quem
2751 662 3040 732 invocent,
3075 662 3374 736 quoniam
3411 660 3709 734 prolixae
3738 679 3856 720 ors-

2151 751 2338 807 tiones
2369 768 2790 824 nonnunquam
2833 751 3076 818 habent,
3099 755 3159 808 et
3187 751 3390 808 Deum
3427 751 3738 808 invocare
3763 769 3850 808 au-

2151 840 2412 906 diuntur,
2435 845 2489 896 et
2518 840 2792 896 videntur
2822 841 2894 896 ab
2925 839 3300 897 hominibus.
3323 841 3456 896 Sed
3495 839 3584 896 ab
3617 839 3740 896 hac
3757 841 3850 897 dii-

2150 927 2406 984 ticultate
2436 928 2777 1000 quaestionis
2819 929 2882 984 B.
2910 929 3313 1002 Hieronymus
3368 927 3578 985 solito
3623 929 3850 986 succin-

2149 1020 2275 1072 ctus
2307 1033 2412 1072 nos
2443 1016 2661 1083 eximit,
2696 1017 2794 1072 ubi
2827 1017 3169 1074 Zachariam
3201 1017 3294 1073 sic
3326 1017 3668 1074 dicentem
3700 1033 3852 1090 expo-

2148 1103 2234 1158 nit
2257 1121 2268 1158 :
2295 1127 2323 1154 «
2355 1106 2423 1160 Et
2451 1105 2559 1159 erit
2585 1104 2645 1159 in
2673 1104 2765 1160 die
2795 1103 2916 1172 illa,
2941 1105 3086 1162 dicit
3105 1105 3412 1162 Dominus
3440 1106 3846 1174 exercituum,

2147 1193 2479 1264 diSperdam
2505 1193 2744 1248 nomina
2763 1191 3054 1249 idolorum
3077 1193 3151 1248 de
3171 1196 3359 1263 terra,
3381 1197 3450 1250 et
3478 1210 3616 1250 non
3643 1210 3848 1251 memo-

2146 1281 2430 1336 rabuntur
2446 1280 2617 1349 ultra,
2637 1287 2690 1336 et
2708 1281 3023 1353 prophetas
3044 1286 3102 1337 et
3121 1282 3419 1354 spiritum
3445 1281 3541 1338 im
3553 1284 3844 1340 mundum

2144 1369 2403 1424 auferam
2427 1369 2497 1422 de
2518 1373 2668 1424 terra
2693 1369 2873 1437 (Zach.
2897 1385 3021 1434 xm,
3040 1369 3157 1441 2).»
3179 1369 3352 1426 Sicut
3385 1369 3574 1426 idola
3605 1371 3768 1427 ﬁunt
3787 1373 3846 1427 de

2145 1473 2320 1512 manu
2353 1457 2615 1522 artificis,
2647 1457 2728 1512 ita
2763 1457 3170 1513 hareticorum
3210 1475 3514 1530 perversa
3547 1460 3845 1530 doctrina,

2145 1547 2530 1616 quodcunque
2577 1543 2940 1600 simulaverit
2966 1545 3026 1600 in
3058 1543 3289 1601 idolum
3343 1546 3568 1614 vertit,
3605 1551 3673 1604 et
3719 1548 3846 1605 facit

2144 1651 2247 1706 pro
2277 1633 2500 1688 Christo
2531 1633 2758 1688 adorari
2785 1633 3235 1689 Antichristum.
3259 1634 3376 1700 Qui
3405 1635 3466 1690 si
3501 1636 3701 1692 etiam
3733 1653 3846 1693 vers

2143 1721 2234 1778 bis
2276 1721 2589 1793 aliquando
2638 1720 2936 1776 diabolum
2989 1720 3384 1791 maledicunt,
3422 1723 3686 1796 seipsos
3717 1742 3842 1798 pro-

2144 1810 2288 1864 recto
2323 1809 2698 1876 maledicunt,
2721 1808 2875 1864 sicut
2904 1808 3201 1881 Sapientis
3238 1809 3446 1884 elogio
3477 1814 3840 1886 comproba-

2145 1902 2238 1952 tur
2259 1898 2504 1952 diccntis
2525 1914 2571 1952 :u
2600 1901 2741 1952 llum
2767 1897 3312 1970 maledicitimpius
3335 1899 3700 1969 diabolum,
3721 1918 3841 1958 ma-

2143 1985 2339 2040 ledicit
2375 1985 2496 2056 ipse
2528 1986 2785 2040 animam
2819 2003 2990 2040 suam
3026 1988 3218 2052 (Eccli.
3245 2005 3368 2054 xxx,
3393 1989 3566 2059 30).»
3592 1991 3735 2047 Haec
3766 1992 3841 2046 ita

2142 2090 2269 2129 esse
2292 2090 2460 2128 nemo
2479 2073 2578 2145 qui
2601 2075 2941 2146 refragetur,
2960 2074 3070 2130 nisi
3095 2075 3469 2133 manifestus
3492 2077 3839 2136 haereticus.

2145 2162 2304 2217 Unde
2335 2162 2696 2232 perpendant
2733 2178 2887 2216 nunc
2919 2179 2953 2216 a
2981 2161 3318 2220 latronibus
3351 2165 3428 2220 ad
3467 2164 3836 2224 benedicen-

2141 2251 2303 2316 dum,
2327 2254 2384 2304 et
2403 2251 2687 2305 orandum
2713 2249 2975 2321 quolibet
2997 2251 3174 2306 modo
3193 2252 3376 2308 etiam
3402 2255 3690 2326 gratuito
3709 2274 3840 2312 con-

2142 2338 2330 2394 stituti
2355 2341 2411 2392 ct
2431 2355 2496 2392 su
2508 2337 2894 2409 brogati,quid
2917 2337 3004 2394 vel
3025 2339 3136 2394 sibi
3155 2337 3244 2394 vel
3271 2341 3413 2398 aliis
3433 2344 3838 2414 acquisierint

2141 2443 2207 2481 ex
2238 2425 2472 2480 illorum
2505 2427 2914 2481 communione
2938 2427 3108 2497 cujus
3131 2427 3464 2501 participes
3489 2437 3646 2486 sunt
3678 2433 3834 2496 facti,

2141 2519 2196 2569 et
2217 2515 2306 2568 cui
2333 2513 2636 2586 spnntanei
2663 2514 3331 2585 subscripserunt,dum
3357 2517 3601 2574 factum
3628 2537 3832 2588 eorum

2142 2620 2254 2656 non
2289 2601 2479 2658 solum
2502 2601 2873 2678 crediderunt
2894 2607 3112 2670 ratum,
3133 2604 3236 2659 sed
3261 2604 3451 2661 etiam
3471 2609 3835 2678 praedicave-

2142 2695 2294 2746 runt.
2319 2690 2608 2745 Nimirum
2641 2675 2945 2746 homicidae
2977 2697 3118 2747 sunt
3147 2691 3363 2764 quales
3393 2693 3452 2750 ei
3472 2675 3578 2751 illi
3613 2699 3834 2770 quibus

2140 2779 2531 2834 consentiunt.
2564 2779 2781 2851 Nempe
2813 2778 2897 2833 sic
2940 2779 3282 2836 interiorem
3317 2781 3644 2841 hominem
3677 2787 3740 2842 in
3773 2802 3836 2842 se

2140 2873 2198 2924 et
2227 2869 2284 2923 in
2316 2867 2447 2923 aliis
2476 2867 2748 2922 occidunt
2790 2871 2856 2922 ut
2901 2867 3154 2924 exterior
3181 2884 3397 2926 eorum
3429 2872 3595 2929 vivat
3627 2875 3834 2932 incas-

2141 2973 2294 3021 sum,
2335 2961 2466 3028 post
2511 2954 2816 3028 paululum
2876 2956 3172 3012 habituris
3231 2963 3540 3017 aeternum
3591 2963 3831 3036 suppli-

2141 3045 2316 3101 cium.
2347 3047 2701 3116 Quocunque
2727 3043 2880 3100 enim
2909 3044 3110 3101 anima
3143 3047 3392 3104 tandem
3423 3050 3678 3122 peribit.
3702 3069 3832 3110 cor-

2141 3151 2252 3206 pus
2277 3149 2506 3206 quoque
2539 3137 2670 3205 post
2698 3132 2825 3188 ibit.

2719 3239 2951 3296 CAPUT
2989 3241 3212 3298 XXVII.

2141 3331 2421 3386 Sententia
2445 3331 2621 3384 sancti
2640 3329 2950 3398 Augustini,
2973 3347 3079 3400 qua
3101 3347 3290 3388 omnes
3310 3334 3576 3392 haeretici
3593 3341 3834 3393 convin-

2217 3405 2416 3456 cuntur
2444 3417 2644 3470 negarc
2671 3402 2852 3456 Iesum
2885 3400 3164 3456 Christum
3197 3406 3259 3458 in
3289 3421 3470 3461 carne
3499 3411 3752 3465 venisse.

2209 3489 2422 3544 Verum
2456 3505 2526 3544 ne
2555 3487 2948 3550 calumnietur
2979 3495 3112 3562 quis
3145 3508 3255 3548 nos
3287 3493 3364 3548 de
3397 3510 3660 3567 corpore
3694 3515 3839 3570 pro-

2139 3579 2348 3651 prio,et
2365 3595 2478 3632 non
2501 3594 2569 3632 ex
2590 3575 2803 3632 divinis
2825 3577 3296 3650 paginis,novam
3322 3583 3838 3656 suggillationem

2139 3668 2197 3722 in
2220 3667 2517 3722 bzereticos
2539 3682 2906 3736 componere,
2923 3667 3064 3722 dum
3093 3685 3212 3724 non
3245 3674 3422 3742 putat
3444 3689 3553 3728 eos
3575 3676 3840 3733 omnino

2139 3756 2262 3812 sine
2286 3755 2398 3810 ﬁde
2419 3771 2568 3820 esse,
2595 3759 2696 3809 aut
2721 3755 3030 3810 Dominum
3057 3759 3242 3812 Deum
3268 3775 3515 3832 negare,
3545 3763 3837 3822 animad-

2138 3849 2322 3900 vertat
2349 3842 2736 3899 venerabilem
2769 3848 2826 3898 et
2859 3843 3215 3901 catholicum
3267 3847 3584 3905 doctorem
3618 3853 3838 3926 Augu-

2139 3933 2356 3988 stinum
2381 3931 2395 3986 i
2406 3949 2438 3986 ιι
2462 3931 2720 4003 Epistola
2743 3932 2802 3986 Β.
2827 3931 3074 3988 Joannis
3097 3935 3349 4006 apostoli
3371 3935 3506 3992 hac
3534 3938 3840 3999 intonan-

2139 4027 2256 4078 tem
2299 4025 2488 4093 (Aue.,
2531 4021 2700 4076 Tract.
2741 4024 2796 4088 2,
2843 4023 2903 4075 in
2933 4023 3092 4093 epist.
3125 4028 3292 4080 Joan.
3325 4040 3362 4078 n
3396 4025 3494 4095 4):
3527 4048 3560 4077 ‹‹
3601 4029 3838 4090 Omnes

2137 4109 2408 4178 haeretici,
2441 4125 2644 4164 omnes
2683 4109 3044 4165 schismatici
3089 4128 3159 4166 ex
3204 4112 3374 4169 nobis
3417 4115 3746 4186 exierunt,
3783 4121 3838 4176 id

2137 4203 2243 4264 est,
2277 4197 2528 4253 Ecclesia
2571 4201 2802 4264 exeunt,
2834 4198 2933 4253 sed
2983 4215 3101 4255 non
3132 4200 3361 4256 exirent
3405 4201 3458 4257 si
3518 4220 3598 4260 ex
3659 4209 3836 4265 nobis

2137 4290 2332 4342 essent
2361 4290 2672 4356 antequam
2704 4285 2945 4341 exirent.
2973 4309 3001 4335 »
3033 4287 3105 4342 Et
3137 4293 3274 4360 post
3301 4287 3574 4362 aliqua.«
3604 4293 3836 4353 Omnes

2135 4380 2289 4432 certe
2318 4374 2415 4446 qui
2451 4378 2662 4428 exeunt
2683 4374 2754 4429 de
2774 4374 3052 4443 Ecclesia,
3075 4381 3135 4432 et
3163 4377 3238 4432 ab
3269 4376 3507 4435 unitate
3541 4382 3832 4442 Ecclesia

2137 4463 2623 4537 prescinduntur,
2674 4463 3018 4519 Antichristi
3075 4470 3245 4533 sunt;
3308 4483 3492 4524 nemo
3557 4470 3828 4530 dubitat.

2136 4553 2264 4625 Ipse
2293 4551 2447 4608 enim
2479 4552 2803 4623 designavit
2830 4569 2878 4607 τι(
2912 4553 2994 4607 Ex
3023 4553 3198 4610 nobis
3230 4555 3534 4625 exierunt,
3560 4562 3684 4618 sed
3713 4579 3828 4618 non

382 4640 487 4711 pit.
510 4639 650 4712 quin
684 4639 878 4711 potius
906 4638 1336 4694 damnationem
1366 4637 1626 4704 incurrit,
1661 4637 1799 4710 quia
1829 4656 1863 4694 a
1891 4655 2020 4694 cor-
2054 4658 2102 4720 ι)
2131 4646 2296 4698 erant
2322 4657 2389 4696 ex
2421 4640 2608 4696 nobis.
2635 4640 2778 4695 Nam
2825 4639 2874 4695 si
2917 4639 3170 4696 fuissent
3199 4659 3270 4698 ex
3303 4644 3507 4710 nobis,
3537 4664 3828 4720 pel-man-

380 4743 516 4799 pore
545 4727 779 4796 Christi,
803 4727 958 4782 velut
989 4727 1157 4798 panis
1188 4731 1496 4798 corruptus
1528 4728 1841 4799 respuitur,
1865 4733 1924 4783 et
1951 4729 2023 4783 ab

379 4814 664 4871 haereticis
692 4816 1015 4879 decoratur,
1049 4816 1250 4886 eisque
1281 4815 1661 4870 invisceratus
1693 4816 1776 4871 sic
1807 4813 2019 4872 consui-

380 4902 563 4959 mitur
590 4907 655 4958 ut
683 4919 794 4958 non
828 4902 904 4958 sit
941 4902 1053 4958 nisi
1083 4919 1217 4958 cum
1251 4901 1424 4957 sociis
1459 4905 1584 4974 ejus
1616 4903 1712 4976 qui
1747 4921 1861 4958 non
1895 4909 2016 4973 est;

380 5005 574 5062 quem,
615 4989 770 5046 velut
825 4990 1051 5046 leonem
1111 4991 1390 5063 rugiendo
1448 4993 1905 5048 circumeuntem
1963 4998 2022 5049 et

379 5094 550 5150 quem
575 5078 809 5134 devoret
829 5079 1354 5151 quaerentem,duni
1381 5080 1543 5135 stulti
1567 5081 1798 5136 incaute
1824 5081 2019 5152 fugere

378 5171 682 5235 conantur,
711 5167 960 5223 occurrit
989 5167 1072 5224 eis
1102 5169 1281 5234 visus,
1307 5166 1516 5222 callida
1543 5168 1810 5225 videlicet
1837 5169 2017 5225 haere-

377 5256 480 5324 sis,
509 5255 823 5329 quamdam
855 5255 1107 5327 speciem
1140 5255 1542 5321 bumauitatis,
1569 5257 1734 5326 quasi
1773 5257 2016 5313 rationis

377 5345 714 5417 praeferens;
771 5343 970 5414 sicque
1027 5342 1234 5396 intima
1283 5341 1494 5410 jecoris
1550 5357 1775 5408 eorum,
1817 5342 1876 5397 id
1929 5348 2017 5398 est

377 5437 594 5494 rectam
643 5432 1026 5488 intentionem
1057 5429 1373 5486 bestialiter
1420 5429 1720 5501 dirumpit,
1754 5435 1810 5486 et
1839 5430 2013 5498 leoni,

377 5535 550 5591 quem
583 5536 646 5576 se
693 5521 908 5578 frustra
956 5521 1300 5590 putaverant
1329 5517 1620 5590 etllugisse,
1653 5519 2015 5576 devorandos

376 5604 624 5662 latenter
653 5609 886 5664 addicit.

450 5691 612 5754 Unde
639 5695 776 5770 quia
803 5697 874 5756 de
903 5693 1243 5768 huiusmodi
1283 5694 1716 5753 devoratoribus
1744 5694 2015 5754 subditur

2135 4731 2351 4786 sissent
2379 4729 2581 4800 utique
2607 4727 2910 4784 nobiscum
2935 4730 2982 4798 (I
2995 4731 3158 4786 Joan.
3183 4747 3250 4799 ιι,
3275 4732 3423 4801 19).»
3452 4735 3827 4812 Quicunque

2129 4835 2264 4890 ergo
2312 4835 2428 4872 non
2479 4820 2718 4872 manent
2749 4817 3084 4885 nobiscum,
3118 4820 3216 4874 sed
3247 4827 3476 4878 exeunt
3531 4841 3570 4880 a
3631 4829 3824 4894 nobis,

2133 4906 2507 4962 manifestum
2537 4910 2626 4961 est
2655 4907 2807 4977 quud
2841 4906 3186 4962 Antichristi
3213 4911 3376 4964 sunt.
3404 4910 3478 4966 Et
3512 4918 3826 4986 quomodo

2130 4995 2450 5068 probantur
2494 4993 2879 5049 Antichristi?
2909 5011 2978 5049 ex
3020 4996 3358 5052 mendacio.
3379 5019 3410 5048 «
3446 4999 3528 5056 Et
3563 5005 3714 5076 quis
3743 5010 3826 5062 est

2131 5083 2396 5145 mendax,
2429 5081 2538 5136 nisi
2574 5081 2676 5154 qui
2727 5087 2902 5153 negat
2929 5083 3084 5153 quod
3117 5083 3294 5140 Jesus
3341 5091 3440 5141 est
3491 5090 3823 5150 Christus?

2130 5171 2310 5243 (Ibid.,
2332 5171 2498 5242 22.)»
2523 5169 2728 5225 Videat
2756 5169 3018 5226 charitas
3049 5176 3246 5228 vestra
3278 5189 3592 5248 magnum
3628 5198 3822 5239 sacra-

2129 5265 2412 5315 mentum.
2439 5257 2732 5313 Attendite
2756 5259 2898 5329 quid
2924 5259 3302 5332 inspiraverit
3323 5261 3651 5326 Dominus
3673 5271 3820 5328 Deus

2127 5353 2183 5402 et
2207 5348 2344 5420 quid
2369 5347 2667 5402 insinuare
2687 5346 2850 5402 vobis
2873 5346 3066 5402 velim.
3083 5348 3229 5404 Ecce
3251 5349 3543 5410 exierunt
3563 5372 3608 5412 a
3630 5360 3816 5427 nobis,

2127 5440 2184 5490 et
2211 5435 2345 5491 facti
2366 5441 2505 5491 sunt
2524 5433 2860 5490 Donatistis.
2879 5436 3320 5509 Interrogemus
3339 5454 3448 5496 eos
3481 5447 3714 5504 utrum
3731 5448 3816 5504 Je-

2126 5539 2228 5578 sus
2252 5523 2518 5579 Christus
2547 5522 2642 5590 sit,
2664 5522 2862 5579 statim
2885 5522 3243 5581 confitentur
3263 5527 3411 5598 quia
3429 5529 3634 5592 Iesus
3656 5535 3816 5593 Chri-

2125 5615 2251 5700 stus
2281 5616 2388 5666 est.
2420 5612 2476 5666 Si
2530 5628 2672 5700 ergo
2717 5610 2812 5666 ille
2853 5615 2946 5667 est
2985 5613 3397 5672 Antichristus
3457 5621 3578 5692 qui
3645 5626 3816 5700 negat

2121 5698 2326 5758 Jssurn
2355 5715 2484 5760 esse
2513 5699 2835 5768 Christum.
2866 5715 2974 5760 nec
2999 5717 3108 5761 nos
3129 5709 3392 5779 possunt
3418 5698 3816 5784 diost-auiti-
