3876 6414
134 444 330 513 “09

715 450 1135 517 ADVERSUS
1182 449 1651 517 SIMONIACOS
1696 448 1904 513 LIBRI
1948 450 2176 516 TRES.
2211 487 2286 499 —
2315 455 2547 518 LIBER
2591 457 3025 525 SECUNDUS.

3407 456 3566 530 mo

131 581 326 653 gavit
349 581 630 657 Spiritum
655 583 756 641 Dei
787 584 1023 651 habere,
1043 587 1182 659 quia
1203 604 1315 644 non
1330 587 1685 645 confitentur
1711 590 1814 647 Je-
1842 582 1898 650 Α
1924 583 2374 661 interrogemUS,
2410 608 2525 647 non
2546 590 2720 648 verba
2740 593 3047 651 credamus
3065 591 3094 651 ?
3113 592 3327 653 Omnes
3355 602 3571 671 negant

135 688 303 728 sum
336 674 633 729 Christum
667 676 725 729 in
758 692 932 731 carne
961 677 1209 732 venisse.
1234 680 1431 744 Quaere
1464 680 1534 734 ab
1559 680 1811 747 Arianis,

131 764 522 817 conﬁtentur
540 764 742 818 Jesum
765 764 1061 819 Christum
1082 766 1138 819 in
1154 784 1323 821 carne
1344 769 1601 835 venisse;
1623 786 1815 840 quaere

130 865 172 904 ει
187 850 665 917 Macedonianis,
681 855 1240 910 conﬁtenturJesum
1264 856 1340 911 Cb
1351 858 1557 912 ristum
1574 859 1629 913 in
1645 876 1816 914 carne

125 940 427 1005 venisse;
462 941 756 1010 interroga
785 942 1203 1014 Cataphrygas,
1236 946 1589 999 conﬁtentur
1612 947 1812 1003 Jesum

126 1025 462 1085 Christum
497 1030 550 1082 in
588 1047 757 1084 carne
799 1033 1051 1099 venisse;
1100 1032 1395 1103 interroga
1443 1035 1811 1106 Novatianos,

125 1131 256 1169 con
272 1117 731 1171 ﬁtenturJesum
750 1118 1043 1173 Christum
1068 1120 1123 1173 in
1144 1138 1315 1175 carne
1338 1124 1582 1177 venisse.
1600 1124 1813 1181 Omnes

123 1216 297 1273 ergo
333 1204 461 1258 ista:
495 1204 744 1261 hzereses
777 1207 1053 1278 Spiritum
1089 1209 1186 1263 Dei
1222 1209 1485 1265 habent?
1522 1213 1643 1267 Non
1678 1231 1811 1284 ergo

128 1292 388 1361 pseudo
420 1294 706 1363 prophetae
731 1296 909 1349 sunt?
938 1296 1110 1350 Nulla
1144 1302 1231 1351 est
1261 1315 1395 1368 ergo
1426 1300 1502 1354 ibi
1528 1302 1808 1373 deceptio,

125 1380 324 1435 nulla
358 1382 648 1436 seductio?
678 1386 838 1437 Certe
871 1385 1196 1439 antichristi
1230 1392 1363 1440 sunt
1398 1388 1495 1457 qui
1529 1406 1594 1444 ex
1643 1391 1811 1446 nobis

121 1470 444 1535 exierunt,
468 1472 565 1524 sed
589 1489 698 1525 non
718 1478 881 1527 erant
904 1475 1173 1529 exnohis.
1195 1476 1339 1539 Quid
1365 1492 1501 1547 ergo
1535 1478 1811 1535 facimus?

123 1555 314 1611 Unde
330 1559 945 1632 discernimus?Opera
961 1564 1351 1630 attendamus,
1372 1582 1482 1619 non
1499 1568 1805 1638 strepitum

52 1648 63 1663 ‘
122 1642 391 1715 linguae,
427 1665 761 1717 quarramus
790 1668 967 1720 quare
991 1652 1048 1705 in
1080 1668 1252 1705 carne
1273 1654 1489 1707 venerit
1516 1655 1805 1723 Christus,

120 1738 187 1787 et
223 1734 571 1790 invenimus
603 1737 735 1807 quis
762 1754 896 1791 eum
922 1744 1095 1807 negat
1116 1740 1173 1793 in
1198 1758 1369 1795 carne
1391 1744 1635 1796 venisse.
1662 1744 1803 1798 Nam

124 1822 181 1876 si
236 1822 482 1892 linguas
529 1826 818 1892 attendas,
854 1828 1072 1882 multas
1104 1828 1352 1883 hrereses
1404 1830 1713 1887 auditurus
1745 1850 1806 1888 es

122 1912 501 1966 conﬁtentes
523 1913 815 1969 Christum
840 1916 898 1969 in
922 1933 1093 1970 carne
1118 1918 1365 1985 venisse,
1392 1921 1489 1973 sed
1516 1923 1804 1977 convincit

122 2016 239 2055 eas
264 2001 698 2065 veritas.Quare
719 2004 873 2057 venit
895 2004 1163 2060 Christus
1182 2006 1239 2060 in
1263 2009 1466 2063 carne?
1488 2010 1624 2079 quia
1646 2028 1805 2081 opor-

120 2088 307 2143 tebat
344 2090 508 2143 nobis
543 2090 733 2144 afferri
772 2108 936 2163 spem
987 2096 1451 2151 resurrectionis.
1487 2098 1638 2153 Deus
1670 2116 1805 2169 ergo

121 2178 303 2233 venit
342 2178 399 2232 in
424 2195 616 2245 carne,
644 2186 706 2233 ut
732 2186 1055 2236 moreretur
1078 2200 1180 2253 pro
1206 2185 1394 2239 nobis.
1422 2187 1804 2249 Quemadmo-

121 2267 281 2321 dum
323 2273 523 2321 autem
550 2273 815 2323 mortuus
837 2275 924 2325 est
947 2288 1049 2341 pro
1068 2273 1276 2327 nobis?
1302 2297 1320 2321 ι
1354 2275 1627 2343 Majorem
1654 2276 1802 2332 hanc

122 2356 493 2411 charitatem
530 2373 699 2412 nemo
724 2358 916 2425 habet,
944 2376 1115 2430 quam
1141 2367 1203 2415 ut
1226 2363 1479 2417 animam
1514 2382 1679 2419 suam
1706 2384 1801 2437 po-

121 2450 234 2499 nat
260 2445 403 2515 quis
428 2462 528 2516 pro
552 2446 755 2500 amicis
774 2448 895 2501 suis
920 2450 1093 2509 (Jonn.
1120 2450 1327 2519 xv,l3).
1348 2452 1642 2509 nCharitas
1663 2472 1799 2525 ergo

120 2533 308 2589 illum
347 2534 589 2588 adduxit
615 2536 685 2589 ad
719 2553 970 2590 carnem.
1007 2540 1283 2609 Quisquis
1310 2558 1443 2609 ergo
1475 2559 1587 2596 non
1623 2542 1798 2598 habet

118 2622 517 2688 charitatem,
552 2629 725 2691 negat
754 2625 1048 2680 Christum
1075 2628 1129 2681 in
1165 2645 1335 2683 carne
1367 2630 1613 2685 venisse.

202 2734 231 2762 ι(
261 2713 434 2767 Nunc
459 2711 631 2765 etiam
651 2714 941 2783 interrogo
965 2732 1167 2770 omnes
1190 2716 1510 2772 haereticos.
1528 2719 1793 2783 Christus

115 2801 287 2858 venit
324 2801 386 2854 in
420 2801 635 2855 carne?
664 2801 851 2869 Venit,
878 2803 982 2857 hoc
1006 2806 1197 2867 credo,
1221 2805 1326 2859 hoc
1352 2810 1642 2877 proﬁteor.
1671 2809 1790 2863 Iino

115 2890 235 2946 hoc
280 2906 488 2959 negas.
527 2889 685 2945 Unde
719 2908 863 2960 nego
885 2892 912 2945 ‘?
942 2894 1124 2947 Audis
1158 2895 1295 2964 quia
1327 2894 1433 2949 hoc
1461 2896 1587 2950 diro
1612 2897 1639 2950 ‘I
1674 2899 1789 2952 lmo

116 2979 231 3035 hoc
256 2978 567 3042 convinco,
603 2981 740 3049 quia
773 2997 969 3048 negas.
999 2981 1149 3036 Dicis
1180 3000 1335 3048 voce,
1373 3001 1549 3053 negas
1580 2986 1786 3053 corde;

114 3069 276 3124 dicis
308 3067 532 3133 verbis,
569 3085 747 3138 negas
782 3069 969 3124 factis.
1006 3072 1326 3138 Quomodo,
1375 3072 1590 3144 inquis,
1645 3091 1789 3145 nego

120 3156 342 3213 factis?
381 3156 527 3219 Quia
554 3156 681 3211 ideo
712 3158 869 3211 venit
898 3158 1166 3214 Christus
1191 3160 1246 3213 in
1280 3178 1474 3228 carne,
1507 3167 1569 3216 ut
1603 3180 1788 3218 more-

120 3251 291 3302 retur
326 3261 433 3316 pro
469 3245 657 3299 nobis.
695 3245 826 3299 Ideo
861 3254 1129 3303 mortuus
1160 3254 1249 3302 est
1288 3266 1389 3319 pro
1425 3251 1618 3319 nobis,
1652 3253 1789 3322 quia

122 3335 482 3391 charitatem
527 3333 771 3388 multam
805 3336 1021 3389 docuit.
1053 3337 1138 3390 Tu
1174 3355 1287 3392 non
1320 3338 1500 3393 habes
1532 3340 1785 3395 Charita-

122 3428 272 3490 tem,
300 3421 445 3493 quia
476 3438 577 3492 pro
610 3438 805 3477 amore
838 3428 934 3477 tuo
960 3425 1170 3479 dividis
1191 3426 1491 3481 unitatem.
1519 3429 1666 3497 Ergo
1697 3428 1783 3482 in-

122 3510 379 3583 telligite
436 3509 572 3564 hinc
622 3511 904 3582 Spiritum
956 3529 1021 3567 ex
1078 3514 1215 3568 Deo.
1268 3515 1520 3581 Pulsate,
1568 3517 1785 3586 tangite

122 3618 270 3656 vasa
303 3598 512 3654 ﬁctilia
542 3616 613 3653 ne
649 3601 792 3655 forte
821 3603 1172 3673 crepuerint,
1210 3608 1264 3657 et
1296 3605 1445 3658 male
1492 3610 1782 3660 resonent.

119 3689 338 3744 Videte
370 3687 421 3741 si
448 3686 667 3758 integre
700 3694 926 3755 sonent,
960 3690 1147 3745 videte
1180 3693 1225 3745 si
1258 3692 1333 3745 ibi
1380 3698 1467 3746 est
1507 3693 1782 3749 Charitas.

121 3777 310 3833 Tollis
344 3781 401 3831 te
434 3776 505 3830 ab
539 3777 760 3831 unitate
791 3778 949 3833 orbis
982 3783 1301 3847 terrarum;
1336 3780 1549 3836 dividis
1595 3782 1785 3837 Eccle-

122 3867 277 3923 siam
302 3866 377 3921 ab
400 3865 644 3932 unitate,
670 3866 919 3920 dilanias
943 3884 1155 3938 corpus
1177 3868 1411 3923 Christi.
1442 3869 1541 3924 Ille
1562 3871 1786 3925 venitin

122 3950 303 4010 carn'e
337 3957 405 4008 ut
434 3953 704 4024 colligat;
741 3959 800 4008 tu
833 3956 959 4011 ideo
993 3956 1215 4011 clamas
1248 3962 1310 4011 ut
1343 3975 1604 4029 spargas.
1640 3960 1787 4030 Ergo

122 4043 252 4115 ipse
301 4046 395 4098 est
442 4042 696 4112 Spiritus
732 4044 824 4097 Dei
860 4044 959 4115 qui
992 4045 1135 4099 dicit
1162 4046 1363 4101 Jesum
1399 4047 1695 4102 Christum
1730 4049 1788 4102 in

123 4146 303 4186 carne
334 4130 590 4197 venisse,
622 4132 719 4202 qui
753 4131 894 4186 dicit
926 4150 1039 4186 non
1066 4132 1288 4205 lingua,
1324 4135 1425 4189 sed
1455 4136 1653 4203 factis;
1689 4137 1788 4207 qui

125 4219 270 4275 dicit
299 4237 419 4275 non
452 4220 737 4286 sonando,
774 4221 873 4275 sed
898 4222 1171 4276 amando.
1210 4221 1307 4277 Ille
1333 4228 1525 4277 autem
1560 4241 1671 4278 non
1705 4230 1793 4280 est

124 4307 390 4379 Spiritus
428 4308 524 4362 Dei
548 4308 647 4379 qui
668 4310 1055 4379 negatJesum
1085 4310 1383 4365 Christum
1412 4312 1467 4365 in
1500 4329 1672 4368 carne
1696 4331 1791 4369 ve-

127 4396 308 4452 nisse.
342 4397 528 4467 Negat
557 4402 613 4451 et
647 4397 769 4468 ipse
804 4415 915 4452 non
953 4398 1173 4469 lingua,
1208 4400 1307 4454 sed
1336 4400 1488 4467 vita;
1525 4418 1638 4455 non
1668 4418 1791 4457 ver-

127 4483 243 4551 bis,
271 4485 376 4541 sed
405 4486 594 4539 factis.
621 4485 996 4541 Manifestum
1022 4493 1111 4541 est
1136 4504 1270 4559 ergo
1298 4490 1451 4543 unde
1478 4506 1790 4561 cognosca-

130 4589 267 4629 mus
317 4573 549 4628 fratres.
585 4573 752 4628 Multi
788 4574 967 4642 intus,
1002 4577 1169 4647 quasi
1207 4577 1367 4631 intus
1398 4583 1574 4644 sunt;
1622 4596 1792 4635 nemo

1921 675 2124 732 Jesum
2152 678 2211 732 in
2243 695 2415 735 carne
2435 680 2683 750 venisse,
2710 681 2808 754 qui
2827 681 3049 739 violant
3068 683 3432 741 cbaritatem.
3468 686 3571 743 Je-

1924 782 2025 821 sus
2071 767 2226 821 enim
2277 785 2390 823 non
2432 786 2579 840 Opus
2610 776 2734 825 erat
2764 775 2827 826 ut
2874 772 3095 829 veniret
3134 774 3194 829 in
3228 791 3423 843 carne,
3457 774 3571 832 nisi

1924 861 2156 927 propter
2186 857 2547 913 charitatem.
2577 859 2877 923 Quomodo
2904 867 3128 933 poterat
3148 862 3307 920 ﬁlius
3337 863 3437 919 Dei
3470 881 3570 937 po-

1924 960 2057 998 nere
2082 945 2334 1000 animam
2364 964 2529 1001 suam
2550 965 2650 1017 pro
2664 950 2986 1018 nobis,'nisi
3011 968 3183 1007 carne
3208 952 3571 1025 indueretur,

1926 1032 2020 1085 ubi
2057 1034 2207 1087 mori
2242 1036 2482 1105 posset?
2511 1036 2786 1108 Quisquis
2818 1054 2953 1110 ergo
2984 1039 3159 1095 violat
3194 1040 3569 1108 oharitatem,

1924 1120 2209 1191 quidlibet
2238 1123 2390 1177 dicat
2421 1123 2636 1195 lingua,
2667 1126 2785 1181 vita
2812 1127 2999 1198 ipsius
3048 1134 3222 1201 negat
3266 1129 3568 1187 Christum

1924 1209 1982 1263 in
2014 1226 2185 1264 carne
2207 1212 2449 1274 venisse,
2480 1218 2533 1267 et
2556 1214 2659 1269 iste
2680 1220 2769 1269 est
2790 1215 3199 1283 Antichristus,
3227 1218 3566 1292 ubicunque

1926 1297 2117 1364 fuerit,
2152 1316 2497 1371 quocunque
2541 1301 2858 1359 intraverit.
2893 1327 2920 1354 «
2947 1305 3061 1360 Nos
3085 1322 3152 1361 ex
3184 1311 3296 1362 Deo
3327 1324 3559 1365 sumus.

1921 1386 2028 1449 Qui
2061 1389 2219 1442 novit
2267 1394 2472 1451 Deum,
2506 1390 2667 1445 audit
2708 1409 2843 1459 nos;
2878 1394 2978 1463 qui
3019 1411 3130 1449 non
3164 1395 3323 1451 novit
3353 1396 3558 1465 Deum,

1925 1492 2040 1529 non
2074 1477 2236 1531 audit
2269 1495 2394 1531 nos.
2430 1479 2508 1532 Ex
2539 1478 2643 1533 hoc
2674 1481 3040 1551 cognoscitur
3068 1482 3319 1554 Spiritus
3349 1485 3562 1541 verita-

1920 1565 2015 1630 tis,
2069 1570 2125 1619 et
2157 1566 2401 1637 spiritus
2432 1567 2645 1623 erroris
2676 1570 2721 1638 (Ι
2749 1570 2905 1624 Ιοαη.
2949 1587 3027 1637 1v,
3055 1571 3133 1640 6).
3179 1594 3206 1619 ››
3248 1570 3379 1627 Jam
3427 1589 3562 1645 ergo

1917 1653 2172 1708 intentos
2206 1671 2310 1708 nos
2344 1655 2496 1722 fecit,
2530 1656 2668 1726 quia
2698 1657 2796 1727 qui
2822 1659 2981 1712 novit
3010 1658 3219 1725 Deum,
3242 1660 3366 1731 ipse
3382 1661 3566 1727 audit,

1915 1744 2011 1814 qui
2046 1749 2240 1797 autem
2274 1761 2386 1797 non
2419 1744 2596 1812 novit,
2631 1762 2744 1800 non
2777 1746 2972 1813 audit;
3002 1756 3057 1803 et
3085 1747 3207 1803 haec
3229 1754 3318 1804 est
3345 1749 3563 1806 discre-

1915 1830 1995 1883 tio
2038 1831 2351 1901 Spirituum
2412 1834 2668 1888 veritatis
2703 1839 2759 1889 et
2805 1836 3039 1891 erroris.
3073 1836 3390 1893 Videamus
3423 1838 3561 1917 quid

1918 1920 2249 1975 moniturus
2272 1926 2379 1987 est,
2404 1920 2462 1976 in
2486 1939 2600 1993 quo
2630 1922 2793 1978 illum
2818 1924 3020 1979 audire
3043 1926 3382 1983 debeamus.
3413 1946 3440 1979 ι
3461 1928 3561 1982 Di—

1915 2006 2239 2077 lectissimi,
2274 2010 2590 2081 diligamus
2622 2012 2886 2080 invicem,
2920 2014 3058 2086 quia
3086 2014 3318 2072 dilectio
3344 2033 3412 2073 ex
3445 2017 3557 2074 Deo

1914 2102 2004 2151 est
2031 2098 2077 2168 (I
2102 2101 2257 2154 Joan.
2294 2117 2365 2165 IV,
2392 2101 2468 2170 7).
2507 2124 2527 2148 ι

1987 2185 2125 2241 Item
2158 2188 2311 2241 unde
2342 2204 2519 2259 supra
2549 2189 2738 2258 (Aur...
2768 2191 2956 2245 Tract.
2987 2195 3042 2257 7,
3078 2194 3136 2247 in
3164 2194 3320 2248 Joan.
3352 2194 3552 2265 Epist,

1911 2288 1969 2325 n.
2005 2272 2094 2341 lt)
2148 2291 2160 2328 :
2214 2296 2241 2321 ‹‹
2272 2273 2593 2329 Violatores
2622 2275 2924 2332 charitatis
2965 2278 3224 2335 schisma
3268 2280 3550 2336 fecerunt.

1911 2361 2209 2424 Quomodo
2236 2362 2481 2417 oderunt
2512 2364 2697 2433 ipsam
2722 2364 3084 2431 charitatem,
3116 2367 3199 2421 sic
3220 2369 3471 2424 oderunt
3500 2372 3556 2424 et

1909 2448 2385 2504 columbam.Sed
2410 2452 2698 2507 convincit
2718 2452 2847 2508 illos
2878 2453 3168 2509 columba.
3194 2456 3459 2512 Procedit
3485 2458 3557 2513 de

1907 2536 2070 2604 coelo,
2104 2538 2444 2608 aperiuntur
2473 2540 2620 2605 CtBll,
2645 2545 2702 2595 et
2724 2546 2915 2595 manet
2935 2560 3113 2615 super
3131 2550 3304 2616 caput
3329 2544 3554 2601 Domini

1907 2624 1979 2679 Ut
1997 2628 2135 2697 quid
2152 2626 2301 2681 hoc?
2316 2632 2375 2680 ut
2393 2628 2631 2683 audiant
2646 2647 2659 2684 :
2679 2653 2704 2678 ι(
2721 2629 2823 2684 Hic
2836 2632 3035 2702 estqui
3052 2632 3307 2704 baptizat
3319 2636 3493 2702 (Joan.
3511 2652 3551 2701 ι,

1903 2714 2012 2783 33).
2038 2738 2063 2762 ››
2080 2715 2363 2779 ltecedite,
2381 2718 2702 2787 praedones,
2724 2719 2990 2784 recedite,
3010 2720 3303 2777 invasores
3317 2739 3549 2794 posses-

1902 2802 2087 2877 sionis
2110 2804 2340 2857 Christi.
2365 2805 2424 2859 In
2444 2806 3156 2875 possessionibusvestris,
3179 2810 3550 2867 ubidomina-

1900 2890 1946 2944 ri
1979 2891 2177 2957 vultis,
2214 2892 2413 2947 titulos
2439 2893 2693 2948 Potentis
2717 2896 2844 2949 ausi
2871 2895 3012 2952 estis
3032 2896 3288 2970 inﬁgere.
3320 2900 3544 2972 Cogno-

1901 2978 2117 3034 scitille
2130 2980 2329 3034 titulos
2344 2982 2558 3045 suos,vi
2570 2982 2765 3037 ndicat
2779 2983 2890 3038 sibi
2907 2987 3338 3056 possessionem
3350 3004 3541 3043 suam.

1900 3067 2024 3121 Non
2060 3069 2210 3123 delet
2244 3070 2469 3133 titulos,
2503 3072 2600 3125 sed
2625 3070 2804 3126 intrat
2825 3077 2881 3127 et
2910 3074 3188 3145 possidet.
3222 3075 3314 3131 Sic
3345 3076 3419 3131 ad
3450 3093 3544 3132 ca-

1900 3155 2178 3211 tholicam
2213 3157 2465 3213 venienti
2488 3176 2602 3213 non
2625 3158 2856 3215 deletur
2876 3162 3230 3235 baptismus,
3249 3182 3321 3219 ne
3341 3164 3546 3222 titulus

1902 3244 2271 3316 imperatoris
2322 3247 2620 3314 deleatur;
2676 3250 2778 3303 sed
2824 3251 2925 3321 qui
2973 3252 3050 3307 sit
3095 3252 3154 3307 in
3213 3253 3545 3309 catholica?

1901 3335 2241 3404 agnoscitur
2267 3335 2491 3389 titulus.
2516 3336 2698 3390 Intrat
2719 3354 3024 3408 possessor
3044 3339 3155 3393 sub
3177 3339 3364 3396 titulis
3388 3341 3535 3409 suis,

1896 3437 2011 3491 quo
2042 3421 2299 3476 intrabat
2331 3424 2522 3493 praedo
2549 3424 2657 3477 sub
2688 3424 2877 3479 titulis
2907 3426 3132 3482 alienis.
3167 3450 3196 3477 ››

1968 3510 2125 3564 Idem
2161 3511 2312 3565 unde
2344 3526 2552 3581 supra:
2582 3535 2605 3560 υ
2630 3510 2832 3567 Omnis
2863 3513 2962 3585 qui
2983 3514 3165 3569 credit
3185 3517 3340 3587 quod
3363 3517 3538 3575 Jesus

1895 3596 1970 3652 sit
2000 3598 2288 3665 Christus,
2320 3615 2383 3654 ex
2408 3599 2521 3654 Deo
2554 3605 2725 3654 natus
2745 3606 2852 3655 est.
2888 3623 2915 3651 ››
2950 3602 3119 3674 (AUG.
3151 3605 3322 3660 Tract.
3360 3608 3445 3674 10,
3479 3610 3540 3663 in

1895 3690 2051 3757 episl.
2098 3690 2276 3753 10072.,
2323 3704 2380 3741 n.
2421 3688 2493 3757 1.)
2536 3710 2561 3735 n
2588 3688 2727 3751 Quis
2758 3694 2847 3745 est
2874 3691 2975 3762 qui
3006 3708 3124 3747 non
3154 3693 3340 3749 credit
3387 3696 3540 3768 quod

1895 3775 2068 3830 Jesus
2099 3776 2175 3829 sit
2204 3774 2516 3831 Christus?
2545 3776 2643 3847 qui
2677 3777 2726 3831 si
2758 3795 2873 3833 non
2903 3779 3042 3835 vivit
3067 3783 3361 3851 quomodo
3392 3800 3542 3856 pras-

1898 3864 2039 3935 cipit
2070 3864 2361 3919 Christus.
2390 3863 2556 3919 Multi
2579 3865 2734 3920 enim
2753 3866 2975 3935 dicunt,
3008 3868 3228 3938 Credo;
3263 3872 3365 3927 sed
3399 3872 3543 3928 ﬁdes

1902 3953 2027 4007 sine
2058 3952 2331 4024 Operibus
2366 3970 2479 4007 non
2512 3952 2714 4008 salvat.
2741 3953 2899 4025 Opus
2920 3961 3113 4012 autem
3138 3957 3272 4012 ﬁdei
3301 3957 3428 4029 ipsa
3449 3958 3543 4013 di—

1900 4041 2069 4097 lectio
2083 4047 2190 4106 est,
2206 4040 2433 4096 dicente
2479 4040 2653 4096 Paulo
2669 4043 2927 4113 apostolo
2948 4062 2960 4100 :
2980 4066 3007 4095 ‹‹
3029 4045 3099 4099 Et
3118 4047 3264 4101 fides
3295 4063 3421 4119 qua:
3443 4064 3545 4119 per

1901 4130 2270 4185 dilectionem
2286 4130 2719 4200 operatur((;al.
2754 4149 2809 4198 v,
2834 4134 2908 4203 6).
2930 4156 2955 4182 ››
2972 4133 3158 4206 Opera
3178 4134 3415 4207 quidem
3446 4139 3549 4193 tua

1907 4219 2195 4291 prmterita
2226 4223 2539 4289 antequam
2574 4220 2861 4287 crederes,
2893 4223 2979 4277 vel
3010 4221 3174 4278 nulla
3210 4228 3395 4292 erant,
3435 4224 3545 4292 vel,

1907 4310 1954 4362 si
1989 4308 2140 4362 bona
2177 4307 2544 4375 videbantur,
2594 4308 2792 4363 inania
2855 4315 3039 4365 erant.
3072 4312 3133 4367 Si
3180 4312 3336 4368 enim
3386 4312 3548 4369 nulla

1905 4401 2092 4461 erant,
2126 4397 2207 4451 sic
2223 4412 2350 4449 eras
2374 4397 2537 4466 quasi
2558 4395 2733 4451 homo
2752 4398 2876 4453 sine
2906 4400 3174 4470 pedibus,
3198 4405 3303 4457 aut
3331 4402 3546 4459 vexatis

1906 4486 2156 4558 pedibus
2188 4484 2488 4539 ambulare
2507 4501 2617 4539 non
2650 4485 2865 4542 valens.
2901 4488 2959 4543 Si
2989 4494 3183 4544 autem
3210 4490 3368 4545 bona
3394 4490 3547 4546 vide-

1908 4576 2141 4639 bantur,
2166 4579 2482 4643 antequam
2514 4573 2796 4641 crederes,
2831 4576 3105 4633 currebas
3152 4577 3411 4648 quidem,
3442 4578 3543 4634 sed

127 4667 327 4716 autem
365 4662 527 4729 foris,
565 4661 676 4716 nisi
709 4680 839 4717 vere
873 4664 1034 4718 foris.
1060 4665 1217 4719 Adeo
1240 4671 1300 4719 ut
1327 4666 1621 4730 noveritis,
1657 4668 1795 4739 quia
1828 4676 1871 4740 ι)
1905 4661 2296 4735 praeterviam
2330 4661 2614 4715 currendo
2636 4662 2870 4717 errabas
2900 4662 3095 4734 potius
3134 4680 3312 4735 quam
3356 4681 3549 4737 perve-

132 4749 206 4804 ad
238 4749 397 4805 facta
427 4747 647 4817 retulit,
674 4774 699 4798 ‹‹
726 4755 783 4806 et
806 4751 999 4807 omnis
1024 4752 1293 4823 spiritus,
1317 4770 1342 4801 η
1384 4753 1485 4817 ait,
1508 4776 1535 4802 ‹‹
1556 4753 1654 4824 qui
1681 4753 1793 4810 sol-

129 4836 212 4892 vit
230 4837 440 4894 Jesum
462 4836 521 4893 in
545 4855 717 4893 carne
740 4840 989 4906 venisse,
1009 4857 1123 4895 non
1147 4846 1234 4895 est
1255 4857 1322 4895 ex
1338 4843 1446 4896 Deo
1468 4842 1688 4911 (Noun.
1714 4859 1789 4911 IV,

132 4924 209 4995 3).
238 4946 259 4973 ι
286 4925 522 4981 Solvere
547 4926 713 4981 factis
734 4927 1082 4999 intelligitur
1111 4928 1249 4999 quid
1272 4928 1373 4983 tibi
1398 4930 1671 4997 ostendit,
1696 4931 1794 5003 qui

134 5027 313 5085 negas
346 5012 489 5085 quia
511 5015 658 5070 dixit
682 5015 902 5071 solvit?
936 5016 1035 5071 Ille
1058 5018 1214 5071 venit
1232 5016 1526 5088 colligere,
1550 5024 1610 5073 tu
1634 5021 1795 5075 venis

137 5101 382 5158 solvere.
418 5102 794 5176 Distinguere
827 5105 913 5160 vis
945 5105 1213 5160 membra
1234 5105 1468 5170 Christi,
1503 5109 1795 5178 quomodo

136 5205 251 5246 non
270 5207 454 5263 negas
471 5192 771 5248 Christum
791 5194 847 5248 in
872 5210 1043 5249 carne
1065 5193 1312 5259 venisse,
1339 5194 1437 5265 qui
1463 5212 1564 5273 prp
1580 5195 1797 5251 honore

135 5282 237 5334 tuo
264 5280 565 5349 dirumpis
589 5281 909 5337 Ecclesium
930 5282 1051 5347 Dei,
1076 5299 1253 5353 quam
1287 5280 1381 5336 ille
1396 5283 1796 5354 congregavit?

136 5365 351 5423 Contra
381 5367 683 5425 Christum
716 5387 852 5443 ergo
882 5371 1066 5437 venis,
1091 5370 1483 5425 Antichristus
1513 5387 1594 5425 es.
1632 5372 1795 5425 Intus

140 5454 243 5523 sis,
275 5455 418 5512 foris
452 5458 559 5526 sis,
592 5459 988 5515 Antichristus
1011 5476 1093 5513 es.
1120 5459 1226 5514 Sed
1254 5459 1490 5529 quando
1520 5458 1677 5514 intus
1709 5476 1792 5526 es,

140 5540 305 5611 lates;
329 5546 568 5615 quando
594 5547 733 5602 foris
756 5564 837 5615 es,
860 5546 1274 5602 manifestaris.
1301 5546 1723 5613 SolvisJesum,
1739 5554 1796 5603 et

142 5647 322 5703 negas
359 5633 548 5689 Deum
584 5635 642 5690 in
674 5652 846 5690 carne
888 5636 1135 5691 venisse.
1172 5639 1297 5689 Non
1336 5652 1399 5689 es
1422 5651 1488 5689 ex
1522 5635 1654 5689 Deo.
1695 5636 1794 5691 Ille

145 5734 278 5793 ergo
309 5720 484 5779 solvit
502 5723 603 5795 qui
622 5740 737 5780 non
752 5724 906 5781 facit.
933 5724 1081 5790 Quid
1102 5740 1206 5780 nos
1229 5724 1415 5793 docet,
1434 5723 1544 5779 nisi
1568 5724 1793 5780 utfacta

1908 4752 2131 4807 niebas.
2156 4751 2256 4805 Est
2286 4767 2422 4821 ergo
2454 4750 2620 4804 nobis
2650 4751 3095 4817 etcurrendum,
3129 4752 3266 4808 etin
3296 4752 3387 4809 via
3415 4769 3547 4809 cur-

1905 4841 2178 4896 rendum.
2232 4839 2337 4903 Qui
2372 4842 2579 4910 praeter
2606 4838 2757 4893 viam
2791 4838 2992 4907 currit,
3031 4840 3283 4896 inaniter
3329 4842 3548 4911 currit;

1905 4930 2024 4984 imo
2047 4928 2118 4983 ad
2143 4927 2401 4981 laborem
2426 4925 2634 4981 currit:
2661 4931 2820 4982 tanto
2838 4927 2969 4999 plus
2989 4934 3164 4997 errat,
3182 4934 3401 5002 quanto
3415 4948 3556 5004 pra:-

1908 5023 1997 5073 ter
2024 5017 2180 5072 viam
2213 5015 2414 5070 currit.
2448 5015 2580 5078 Qua:
2613 5019 2702 5070 est
2738 5015 2830 5070 via
2869 5033 2974 5088 per
3002 5034 3178 5090 quam
3218 5019 3557 5075 currimus?

1907 5105 2190 5171 Christus,
2226 5104 2323 5176 qui
2355 5104 2500 5158 dixit
2532 5121 2544 5158 :
2580 5128 2606 5154 ‹‹
2640 5104 2758 5176 Ego
2791 5122 2922 5160 sum
2940 5107 3033 5162 via
3064 5109 3240 5179 (Joan.
3268 5125 3383 5175 xxv,
3412 5109 3490 5179 6),
3524 5131 3554 5158 »

1907 5196 2041 5259 Quae
2062 5193 2247 5265 patria
2261 5193 2330 5246 ad
2363 5208 2540 5263 quam
2572 5193 2905 5249 currimus?
2932 5194 3200 5251 Christus
3232 5196 3332 5268 qui
3361 5196 3506 5251 dixit
3535 5214 3549 5252 :

1909 5305 1937 5333 «
1971 5289 2085 5356 Ego
2118 5299 2249 5337 sum
2280 5282 2492 5335 veritas
2524 5281 2728 5353 (Ibid)
2758 5304 2785 5331 α
2815 5283 2924 5338 Per
2943 5283 3109 5339 illum
3134 5285 3441 5353 currimus,
3474 5285 3547 5340 ad

1909 5372 2075 5427 illum
2112 5370 2426 5438 currimus,
2451 5369 2509 5423 in
2532 5370 2657 5441 ipso
2678 5372 3122 5442 requiescimus.
3149 5372 3255 5427 Sed
3276 5375 3547 5428 utcurre-

1906 5477 2105 5515 remus
2136 5476 2237 5531 per
2270 5458 2460 5522 illum,
2482 5458 2741 5512 extendit
2764 5476 2825 5513 se
2851 5476 3039 5531 usque
3067 5459 3138 5513 ad
3168 5474 3292 5513 nos.

1976 5550 2135 5603 Idem
2169 5548 2325 5601 unde
2346 5564 2544 5617 supra.
2586 5567 2611 5598 α
2641 5546 2787 5610 Quid
2818 5551 3134 5618 potuerunt
3161 5544 3292 5618 plus
3310 5547 3548 5604 credere

1903 5638 2217 5701 diemones,
2239 5651 2413 5706 quam
2440 5635 2800 5689 utdicerent:
2821 5635 3094 5689 «Scimus
3113 5635 3211 5706 qui
3231 5635 3335 5704 sis,
3361 5635 3548 5692 Filius

1902 5726 2024 5781 Dei.
2056 5728 2302 5780 Sanctus
2332 5723 2430 5777 Dei
2464 5723 2612 5793 (Luc.
2647 5740 2722 5788 IV,
2742 5721 2858 5793 311)!
2891 5745 2918 5773 ››
2945 5723 3106 5786 Quod
3131 5723 3404 5781 dixerunt
3424 5725 3547 5782 da:-
