3876 6358
335 411 486 491 ιω
1379 416 1783 480 HUMBERTI
1827 415 1892 480 S.
1940 416 2015 479 Η.
2058 413 2130 480 Ε.
2177 415 2666 483 GARDINALIS.
3635 408 3794 479 “19

331 565 558 623 mones,
587 547 698 607 hoc
725 545 870 606 dixit
885 551 943 606 et
959 546 1186 606 Petrus.
1209 548 1422 606 Eadem
1441 551 1634 620 verba,
1657 567 1774 608 non
1808 551 1964 608 idem
1993 553 2047 619 Α
2075 568 2197 609 rem
2225 555 2416 622 tuum,
2449 551 2670 610 calcare
2691 551 2822 625 jam
2834 568 2994 610 nunc
3025 567 3122 610 me
3153 547 3347 610 noli?
3379 549 3540 610 Jam
3562 555 3642 608 tu
3677 552 3789 622 die,

335 641 590 698 animus.
621 639 692 694 Et
719 639 872 693 unde
903 641 1128 693 constat
1159 639 1298 709 quia
1315 639 1514 694 Petrus
1543 639 1651 694 hoc
1673 655 1803 694 cum
1826 639 1968 695 dile-
2074 640 2125 696 si
2155 645 2338 713 potes,
2362 643 2547 708 Quare
2577 646 2632 698 te
2652 641 2868 698 calcavi
2890 641 3038 698 i’Dic
3069 640 3220 698 illud
3269 639 3478 716 capiti
3517 658 3535 696 :
3573 641 3668 698 Te
3701 659 3792 699 os-

339 729 528 792 ctione
547 727 774 782 dicebat
793 727 820 782 ?
841 725 986 792 Quia
1007 727 1149 782 ﬁdes
1175 726 1490 782 Christiani
1509 745 1641 783 cum
1665 727 1968 784 dilectione
2075 729 2255 784 culari
2283 729 2458 796 volui,
2491 728 2761 800 amplecti
2783 729 2960 784 volui.
2995 730 3108 785 Sed
3141 747 3268 785 non
3299 729 3519 796 vides,
3560 746 3600 786 ο
3635 731 3792 786 stul-

337 815 442 873 Dei
471 821 592 882 est;
626 815 904 870 daemonis
933 818 1127 868 autem
1159 815 1284 870 sine
1313 814 1636 870 dilectione.
1671 817 1968 880 Quomodo
2074 819 2150 882 te,
2171 817 2309 888 quia
2336 817 2582 888 quodvis
2597 817 2870 888 amplecti
2902 833 3007 888 per
3027 817 3369 889 quamdam
3407 833 3791 890 compagem

340 903 467 960 sine
483 901 834 960 dilectione?
856 902 962 957 hoc
983 901 1208 956 dicebat
1231 903 1432 958 Petrus
1454 909 1516 958 ut
1535 904 1828 960 Christum
1851 919 1969 958 am-
2075 905 2318 961 unitatis
2349 905 2606 978 pervenit
2652 905 2724 959 ad
2767 904 2827 960 id
2873 905 3031 976 quod
3081 905 3285 961 calcas
3305 905 3338 960 ?
3383 905 3646 961 Susum
3701 924 3791 964 me

339 991 686 1065 plecteretur
717 1007 730 1046 :
759 989 866 1045 hoc
889 989 1155 1044 dicebant
1177 990 1488 1061 daemones,
1511 995 1576 1045 ut
1601 991 1864 1046 Christus
1895 991 1966 1046 ab
2073 992 2346 1058 honorae,
2370 993 2575 1063 jusum
2605 1008 2699 1048 me
2729 991 2942 1048 calcas.
2965 992 3108 1050 Plus
3137 993 3305 1050 dolet
3335 993 3528 1066 quod
3561 993 3787 1063 calcas,

339 1078 422 1136 eis
443 1078 750 1134 recederet.
775 1079 1037 1150 Namque
1065 1081 1375 1150 antequam
1391 1079 1672 1134 dicerent:
1694 1102 1720 1129 ‹‹
1737 1081 1966 1134 Scimus
2075 1095 2250 1150 quam
2280 1080 2492 1152 gaudet
2520 1078 2672 1148 quod
2702 1078 2978 1147 honoras,
3013 1079 3154 1152 quia
3182 1085 3242 1136 et
3269 1097 3478 1152 quem
3504 1081 3784 1140 honores

341 1167 440 1238 qui
489 1167 590 1236 sis,
621 1165 802 1222 Filius
832 1166 964 1234 Dei;
1013 1165 1152 1237 quid
1188 1166 1354 1222 nobis
1384 1169 1439 1221 et
1469 1167 1573 1220 tibi
1605 1172 1692 1221 est
1741 1168 1920 1237 (Marc.
1949 1185 1966 1222 ι
2075 1167 2230 1223 dolet
2259 1185 2363 1240 pro
2393 1169 2635 1239 eisquos
2661 1167 2874 1224 calcas.
2905 1169 3212 1234 Quomodo
3234 1167 3485 1226 clamat
3519 1169 3788 1244 lingua?

337 1257 450 1328 24),
485 1277 514 1305 ››
543 1255 834 1322 dixerunt,
865 1276 884 1304 α
919 1254 1067 1318 Quid
1087 1254 1294 1309 venisti
1321 1259 1452 1309 ante
1471 1259 1702 1326 tempus
1727 1257 1966 1326 perdere
2075 1255 2238 1311 Dolet
2268 1255 2431 1310 mihi.
2465 1255 2589 1310 Non
2621 1254 2979 1322 dicit,'Dolet
3010 1257 3145 1328 pedi
3193 1274 3356 1326 meo,
3417 1259 3568 1329 sed,
3613 1259 3790 1317 Dolet

339 1361 446 1402 nos
475 1347 624 1413 (Luc.
643 1363 718 1412 1v,
741 1343 863 1415 3ft)?
883 1343 1099 1398 »Aliud
1121 1347 1210 1397 est
1225 1343 1629 1414 ergoconﬁtcri
1649 1343 1964 1409 Christum,
2077 1343 2242 1409 mihi,
2273 1342 2432 1398 dicit.
2465 1343 2509 1398 Ο
2540 1341 2779 1414 linguai
2813 1342 2947 1414 quis
2978 1347 3036 1400 te
3064 1343 3314 1417 tetigit?
3347 1345 3513 1418 quis
3559 1347 3789 1403 stimu-

341 1437 406 1490 ut
457 1438 656 1490 teneas
715 1433 1032 1498 Christum,
1093 1431 1252 1485 aliud
1307 1431 1567 1486 confiteri
1643 1431 1961 1498 Christum,
2075 1430 2246 1486 lavit?
2279 1431 2412 1502 quis
2432 1429 2946 1503 pupugit?Nemo,
2979 1431 3082 1487 sed
3125 1433 3474 1504 conjuncta
3511 1451 3670 1491 sum
3703 1436 3789 1493 eis

338 1527 406 1579 ut
425 1520 971 1594 repellasChristum
993 1520 1269 1588 ate.Ergo
1299 1519 1501 1573 videtis
1523 1519 1658 1591 quia
1679 1521 1970 1591 quomodo
2077 1535 2204 1590 quae
2237 1517 2552 1586 calcantur,
2579 1519 2870 1590 quomodo
2902 1519 2988 1575 vis
3021 1537 3136 1575 non
3169 1521 3448 1589 doleam,
3487 1539 3641 1596 quae
3667 1542 3788 1582 non

338 1609 435 1666 hic
460 1609 619 1677 dicit,
652 1609 752 1679 qui
775 1607 972 1672 credit,
997 1607 1231 1678 prepria
1259 1607 1522 1678 qumdam
1549 1608 1692 1663 ﬁdes
1714 1613 1820 1675 est,
1855 1625 1968 1664 non
2077 1623 2210 1662 sum
2252 1605 2554 1678 separata?
2582 1615 2981 1662 Ascensurum
3013 1607 3204 1680 Caput
3232 1607 3299 1664 in
3331 1609 3584 1667 caelum
3633 1613 3788 1669 vidit

340 1695 1355 1770 quocunquemodocommuniscum
1373 1694 1777 1751 multis.Nemo
1797 1695 1972 1751 htere-
2077 1694 2292 1750 multos
2321 1695 2704 1750 honoraturos
2734 1711 2816 1763 se,
2849 1695 2990 1766 quia
3013 1696 3285 1753 ascendit
3317 1697 3385 1752 in
3421 1699 3699 1770 caelum,
3731 1707 3791 1758 et

338 1786 587 1843 ticorum
610 1785 766 1840 dicat
783 1783 962 1838 vobis.
996 1784 1065 1838 Et
1093 1801 1198 1838 nos
1215 1783 1528 1838 credimus.
1551 1784 1686 1839 Ideo
1715 1785 1870 1839 enim
1900 1786 1972 1840 de
2075 1784 2219 1839 vidit
2247 1782 2383 1855 quia
2410 1783 2596 1838 honor
2611 1783 2875 1854 ipsorum
2901 1782 3129 1841 inutilis
3152 1789 3268 1855 est,
3300 1785 3354 1842 si
3389 1789 3789 1848 conculcant

341 1873 702 1930 daemonibus
748 1870 1076 1944 exemplum
1124 1871 1417 1942 proposui,
1465 1889 1535 1925 ne
1563 1873 1866 1944 gaudeatis
1897 1873 1968 1928 ad
2001 1909 2048 1973 Β
2079 1871 2342 1928 membra
2375 1888 2485 1926 sua
2526 1871 2586 1926 in
2634 1875 2807 1927 terra.
2840 1872 2912 1926 Et
2943 1889 3014 1929 ne
3044 1873 3180 1944 quis
3213 1880 3481 1944 erraret,
3533 1881 3602 1934 et
3637 1896 3783 1936 cum

341 1963 516 2020 verba
545 1961 930 2027 credentium,
961 1960 1060 2015 sed
1091 1959 1399 2032 exploretis
1443 1961 1593 2016 facta
1631 1961 1966 2016 viventium.
2001 1959 2047 1973 "
2082 1959 2546 2032 adoraretCaput
2565 1959 2624 2014 in
2648 1959 3071 2028 ceclo,calcaret
3089 1962 3274 2034 pedes
3305 1963 3372 2019 in
3395 1968 3785 2035 terra,com-

343 2051 492 2119 Quid
521 2053 610 2106 est
629 2050 859 2105 credere
881 2049 938 2102 in
962 2047 1124 2102 illum
1145 2048 1442 2103 ?etomnis
1465 2048 1563 2120 qui
1592 2049 1780 2121 diligit
1801 2049 1969 2104 Geni-
2079 2048 2375 2104 mcndavit
2403 2048 2668 2104 membra
2691 2047 2756 2102 in
2785 2051 2962 2117 terra,
2998 2049 3145 2105 dixit
3177 2051 3283 2106 ubi
3314 2059 3546 2110 essent
3582 2072 3791 2113 mem-

344 2144 552 2205 torem,
585 2137 776 2210 diligit
804 2152 936 2192 eum
971 2135 1067 2207 qui
1097 2135 1327 2206 genitus
1359 2139 1447 2190 est
1475 2135 1545 2190 ab
1580 2135 1726 2207 ipso.
1760 2137 1970 2193 Statim
2079 2137 2184 2190 bra
2211 2135 2419 2208 ipsius,
2453 2135 2597 2190 dixit
2614 2136 2789 2191 verba
2817 2135 3156 2205 novissima,
3191 2142 3250 2194 et
3269 2139 3602 2198 discessit.
3643 2143 3790 2200 Post

340 2224 1184 2298 fideiconjunxitdilectionem,
1205 2223 1476 2294 quiasine
1493 2223 1797 2280 dilectione
1825 2227 1970 2282 ﬁdes
2079 2223 2206 2296 ipsa
2235 2224 2406 2280 verba
2437 2240 2550 2278 non
2581 2228 2672 2280 est
2699 2223 2932 2280 locutus
2962 2225 3023 2280 in
3055 2228 3233 2282 terra.
3255 2226 3399 2284 Jam
3432 2246 3571 2287 non
3607 2232 3784 2289 inve-

335 2314 531 2371 inanis
551 2318 657 2370 est.
692 2313 830 2368 Cum
857 2311 1161 2366 dilectione
1182 2313 1328 2368 ﬁdes
1349 2311 1660 2367 Christiani
1681 2317 1806 2382 est;
1841 2314 1968 2370 sine
2076 2312 2170 2366 nis
2213 2311 2373 2382 loqui
2414 2311 2710 2368 Christum
2757 2311 2818 2366 in
2848 2315 3024 2368 terra.
3072 2313 3313 2372 Iuvenis
3345 2313 3538 2373 illum
3583 2317 3785 2392 loqui,

337 2403 646 2460 dilectione
693 2403 838 2456 ﬁdes
868 2400 1164 2456 daemonis.
1199 2401 1305 2466 Qui
1335 2405 1527 2456 autem
1562 2418 1677 2457 non
1723 2403 1970 2459 credunt
2077 2399 2176 2455 sed
2208 2399 2278 2454 de
2307 2397 2470 2469 coelo,
2502 2402 2558 2454 et
2589 2399 2658 2454 de
2685 2398 2814 2472 ipso
2851 2399 2995 2455 caelo
3023 2417 3205 2472 quare
3225 2402 3255 2456 ?
3293 2402 3450 2475 quia
3481 2408 3783 2466 membra

333 2493 559 2566 pejores
606 2494 746 2547 sunt
775 2506 951 2562 quam
983 2489 1292 2555 daemones,
1326 2477 1382 2544 et
1409 2488 1712 2546 tardiores.
1765 2490 1966 2546 Omnis
2075 2487 2450 2543 calcabantur
2485 2487 2546 2542 in
2591 2490 2765 2543 terra.
2815 2488 3181 2544 Persecutori
3221 2491 3391 2546 enim
3440 2493 3646 2552 Saulo
3695 2497 3781 2552 di-

331 2580 432 2652 qui
463 2579 654 2652 diligit
681 2579 932 2644 Patrem,
961 2577 1150 2650 diligit
1171 2578 1401 2632 Filium.
1436 2577 1498 2633 In
1527 2577 1636 2634 hoc
1667 2578 1966 2651 cognosci-
2071 2575 2155 2630 xit
2178 2593 2225 2630 εει
2252 2573 2444 2642 Saule,
2467 2572 2659 2642 Saule,
2688 2575 2832 2647 quid
2870 2592 2964 2632 me
2994 2579 3664 2653 persequeris?»(.4ct.
3691 2601 3772 2653 IX,

327 2685 482 2734 mus,
513 2669 653 2740 quia
680 2666 984 2738 diligimus
1013 2665 1162 2720 ﬁlios
1193 2665 1315 2731 Dei,
1347 2664 1520 2720 Filios
1543 2665 1643 2721 Dei
1674 2666 1835 2733 dixit,
1863 2665 1964 2737 qui
2073 2663 2148 2734 4.)
2181 2663 2428 2718 Ascendi
2458 2661 2517 2717 in
2549 2661 2781 2731 ccclum,
2828 2665 2928 2719 sed
2973 2665 3167 2721 adhuc
3211 2665 3274 2721 in
3323 2670 3499 2725 terra
3539 2671 3769 2742 jaceo;

328 2755 538 2812 Filium
569 2754 742 2828 paulo
766 2758 898 2810 ante
922 2753 1167 2820 dicebat,
1189 2752 1325 2824 quia
1345 2752 1568 2808 ﬁliiDei
1599 2770 1808 2824 corpus
1827 2760 1963 2810 sunt
2071 2749 2166 2806 hic
2196 2752 2269 2806 ad
2299 2751 2594 2806 dexteram
2625 2751 2815 2807 Patris
2846 2753 3044 2818 sedeo,
3078 2753 3159 2810 ibi
3191 2753 3396 2812 adhuc
3450 2760 3677 2818 esurio
3710 2767 3771 2818 et

325 2845 482 2900 unici
513 2844 617 2900 ﬁlii
647 2843 770 2900 Dei.
802 2843 1024 2897 Etcum
1047 2840 1143 2896 ille
1163 2845 1355 2912 caput,
1375 2859 1480 2897 nos
1503 2842 1780 2912 membra,
1806 2860 1960 2899 unus
2069 2837 2294 2906 sitio,et
2305 2837 2644 2910 peregrinus
2656 2855 2810 2895 sum.
2826 2840 3128 2905 Quomodo
3150 2857 3288 2914 ergo
3313 2859 3554 2916 corpus
3570 2864 3764 2906 suum

325 2933 508 2988 Filius
537 2931 658 2988 Dei.
688 2933 836 3003 Ergo
867 2929 966 3001 qui
997 2929 1188 3000 diligit
1218 2929 1367 2985 ﬁlios
1387 2929 1510 2997 Dei,
1533 2929 1718 2984 ﬁlium
1751 2931 1847 2986 Dei
1867 2931 1959 2986 di-
2067 2927 2496 2983 commendavit
2523 2926 2584 2981 in
2615 2931 2786 2994 terra,
2816 2929 3212 2985 ascensurus?
3241 2930 3584 3006 discipulis
3627 2939 3763 2995 suis

323 3019 472 3093 ligit.
505 3024 575 3076 Et
601 3019 700 3090 qui
723 3017 912 3090 diligit
939 3017 1148 3073 Filium
1182 3017 1302 3085 Dei,
1335 3019 1563 3072 Patrem
1603 3017 1814 3090 diligit.
1845 3019 1958 3075 Nec
2066 3015 2400 3086 respondit;
2435 3037 2461 3064 ‹‹
2497 3015 2806 3087 Accipietis
2831 3016 3107 3072 virtutem
3126 3017 3390 3090 Spiritus
3415 3026 3632 3080 sancti
3658 3044 3765 3082 su-

325 3111 514 3181 potest
543 3107 857 3178 quisquam
885 3107 1112 3160 Patrem
1146 3105 1402 3181 diligere,
1435 3105 1549 3160 nisi
1580 3105 1787 3162 Filium
1819 3107 1957 3162 dili-
2065 3103 2453 3174 pervenientis
2483 3103 2544 3158 in
2573 3119 2697 3170 vos,
2728 3107 2787 3160 et
2815 3103 2978 3161 eritis
3005 3105 3152 3160 mihi
3181 3110 3367 3164 testes
3395 3109 3463 3166 in
3496 3115 3764 3172 Jerusa-

322 3179 439 3270 gat.
457 3196 522 3250 Et
542 3194 844 3267 quidiligit
864 3193 1096 3260 Filium,
1121 3193 1308 3264 diligit
1324 3179 1472 3248 ﬁlios
1487 3193 1608 3248 Dei.
1627 3195 1779 3258 Quos
1803 3194 1954 3252 ﬁlios
1995 3265 2024 3270 ᾧ
2063 3189 2200 3259 lem,
2225 3195 2282 3248 et
2301 3190 2360 3246 in
2382 3191 2540 3246 omni
2557 3191 2778 3260 Judwa,
2800 3195 2858 3248 et
2879 3191 3148 3250 Samaria
3167 3199 3226 3250 et
3248 3199 3534 3268 usquein
3563 3207 3767 3260 totam

317 3265 464 3342 Dei?
490 3265 886 3340 MembraPilii
917 3282 1120 3338 Dei.Et
1143 3281 1434 3354 diligendo
1449 3281 1514 3336 ﬁt
1539 3286 1596 3336 et
1618 3281 1740 3354 ipse
1765 3301 1949 3340 mem-
1982 3265 2025 3332 C
2060 3283 2272 3335 terram
2306 3280 2444 3350 (Act.
2481 3296 2528 3348 ι,
2549 3279 2626 3352 8).
2655 3302 2682 3330 ‹‹
2708 3280 2849 3336 Ecce
2871 3297 2989 3352 qua
2999 3283 3192 3354 jaceo,
3222 3265 3767 3360 quiescendo,as-

315 3373 508 3438 brum,
544 3377 601 3428 et
629 3373 696 3427 ﬁt
739 3387 844 3444 per
873 3369 1238 3426 dilectionem
1269 3369 1327 3424 in
1367 3386 1645 3442 compage
1695 3373 1951 3444 corporis
2059 3367 2241 3422 cendo
2269 3368 2426 3423 enim
2474 3367 2614 3438 quia
2659 3371 2836 3440 caput
2883 3385 3039 3438 sum,
3075 3371 3240 3443 jacet
3269 3372 3478 3430 adhuc
3510 3393 3754 3452 corpus

312 3461 546 3528 Christi,
580 3463 636 3516 et
664 3461 774 3516 erit
794 3477 947 3516 unus
967 3459 1232 3516 Christus
1256 3475 1460 3514 amans
1483 3458 1742 3531 seipsum
1767 3477 1780 3529 ;
1815 3477 1946 3516 cum
2058 3472 2276 3512 meum.
2301 3456 2634 3526 Quajacet?
2653 3471 2756 3529 per
2775 3459 2961 3513 totam
2977 3461 3220 3516 terram.
3245 3462 3397 3518 Cave
3418 3479 3501 3520 ne
3523 3483 3752 3538 percu-

315 3549 473 3605 enim
504 3565 566 3604 se
593 3548 838 3604 invicem
870 3550 1072 3602 amant
1115 3546 1396 3614 membra,
1429 3563 1640 3618 corpus
1675 3564 1737 3604 se
1767 3553 1944 3604 amat.
2054 3544 2188 3612 tias,
2221 3559 2356 3600 cave
2373 3559 2444 3599 ne
2465 3543 2663 3612 violes,
2691 3560 2828 3602 cave
2847 3561 2918 3602 ne
2939 3545 3148 3602 calces.
3171 3547 3520 3610 Novissima
3553 3558 3756 3616 verba

317 3657 346 3686 «
377 3637 445 3692 Et
473 3636 522 3692 si
546 3636 764 3708 patitur
783 3652 966 3690 unum
990 3634 1340 3702 membrum,
1363 3633 1800 3707 compatiuntur
1828 3653 1947 3692 om-
2054 3631 2266 3689 Christi
2313 3635 2452 3688 sunt
2495 3631 2611 3689 ista
2641 3632 2778 3688 ituri
2809 3633 2868 3689 in
2901 3633 3136 3692 coelum.
3171 3637 3433 3708 Fratres,
3469 3645 3756 3716 cogitate

314 3723 414 3780 nia
442 3724 741 3792 membra;
773 3726 830 3778 et
861 3723 910 3778 si
954 3721 1316 3794 gloriﬁcatur
1360 3739 1545 3778 unum
1591 3724 1942 3789 membrum,
2051 3719 2370 3777 visceribus
2397 3719 2762 3792 Christianis,
2794 3721 2843 3777 si
2875 3721 3210 3781 heredibus
3240 3727 3607 3788 carnalibus
3636 3751 3754 3793 no-

312 3812 678 3885 cougaudent
703 3810 898 3868 omnia
930 3811 1211 3867 membra.
1242 3833 1264 3862 ι
1303 3811 1371 3866 Et
1401 3811 1536 3882 quid
1570 3815 1806 3868 secutus
1837 3812 1946 3868 ait?
2050 3807 2293 3865 vissima
2312 3809 2486 3865 verba
2513 3809 2782 3864 morituri
2803 3809 2987 3882 patris
3006 3810 3142 3884 plus
3159 3818 3304 3870 sunt
3319 3815 3555 3884 dulcia,
3591 3820 3752 3892 plus

314 3921 344 3950 ‹‹
391 3901 502 3958 vos
527 3905 722 3956 autem
769 3898 910 3954 estis
942 3915 1154 3971 corpus
1200 3897 1414 3954 Christi
1459 3903 1516 3954 et
1561 3900 1824 3956 membra
1871 3901 1942 3957 de
2049 3900 2236 3968 grata,
2269 3900 2326 3952 et
2351 3897 2590 3968 majoris
2611 3897 2887 3970 ponderis
2905 3915 3040 3956 mox
3071 3900 3212 3956 ituri
3244 3901 3306 3958 in
3338 3905 3747 3982 sepulcrum;

310 3987 572 4044 membro
599 3988 646 4058 (Ι
667 3987 786 4044 Cor.
817 4004 919 4056 xu,
948 3988 1040 4054 26,
1069 3989 1170 4041 27:
1199 4008 1226 4035 »
1259 4018 1323 4026 —
1349 4008 1376 4037 «
1405 3987 1511 4052 Qui
1537 3986 1691 4043 enim
1714 4004 1828 4044 non
1854 3988 1942 4043 di-
2047 3983 2376 4040 haeredibus
2405 3983 2618 4040 Christi
2643 3985 2840 4057 qualia
2866 3987 3081 4044 debent
3109 3992 3438 4048 esseverba
3460 3997 3746 4056 novissi-

305 4073 437 4148 ligit
465 4075 702 4130 fratrem
727 4091 902 4130 suum
931 4091 1108 4146 quem
1135 4073 1309 4140 videt,
1331 4074 1513 4130 Deum
1534 4090 1708 4146 quem
1726 4093 1841 4132 non
1857 4075 1938 4132 vi-
2049 4089 2146 4128 ma
2170 4089 2285 4128 non
2315 4073 2557 4129 redituri
2589 4072 2647 4129 in
2671 4073 3029 4146 sepulcrum,
3053 4077 3156 4133 sed
3178 4083 3494 4138 ascensuri
3517 4083 3587 4140 in
3611 4103 3742 4146 cce-

303 4161 402 4218 det
427 4163 716 4234 quomodo
746 4165 935 4234 potest
955 4161 1231 4234 diligere?
1255 4183 1283 4210 ››
1308 4163 1356 4229 (Ι
1379 4163 1536 4218 Joan.
1573 4179 1646 4228 ιν,
1679 4162 1794 4234 20.)
2044 4159 2211 4217 lum?
2228 4162 2294 4216 Et
2306 4161 2354 4217 si
2379 4160 2512 4234 plus
2534 4161 2947 4219 custodiuntur
2965 4181 3000 4220 a
3018 4164 3160 4222 ﬁliis
3181 4167 3521 4228 novissima
3535 4177 3742 4235 verba

377 4250 670 4306 «Extende
689 4249 1030 4306 charitatem
1050 4267 1150 4322 per
1169 4253 1354 4306 totum
1376 4249 1648 4318 orbem,si
1667 4250 1754 4306 vis
1771 4251 1935 4308 Chri-
2045 4249 2348 4306 morientis
2395 4249 2596 4322 patris,
2637 4251 2808 4322 cujus
2855 4253 3102 4309 cadaver
3151 4256 3210 4311 in
3260 4258 3550 4329 sepulcro
3593 4265 3739 4324 sine

298 4341 457 4394 stum
479 4355 694 4406 amare,
719 4337 856 4410 quia
871 4338 1134 4393 membra
1153 4337 1362 4394 Christi
1379 4355 1480 4410 per
1499 4339 1697 4395 orbem
1712 4340 1933 4410 jacent,
2042 4355 2216 4394 sensu
2241 4339 2416 4409 jacet,
2447 4339 2587 4410 quid
2619 4339 2731 4394 sibi
2754 4346 2998 4412 sperant
3023 4341 3130 4413 illi,
3163 4344 3267 4416 qui
3294 4346 3484 4405 verba
3515 4355 3734 4412 novis-
3777 4355 3798 4368 ’

294 4425 397 4482 ubi
429 4441 558 4482 esse
587 4426 783 4494 debes,
810 4430 874 4482 ut
899 4425 1007 4482 sub
1030 4427 1216 4498 capite
1247 4426 1349 4482 sis.
1376 4426 1434 4482 Si
1458 4426 1518 4481 in
1549 4443 1787 4500 corpore
1816 4444 1930 4484 non
2039 4425 2458 4482 simasedentis
2479 4426 2536 4481 in
2560 4425 2700 4483 coelo
2723 4445 2837 4484 non
2861 4430 3228 4500 custodiunt,
3247 4433 3517 4493 videntis
3539 4439 3735 4499 desu-

295 4531 378 4582 es,
410 4515 520 4571 sub
551 4515 736 4587 capite
766 4531 881 4571 non
911 4532 993 4571 es.
1027 4515 1174 4578 Quid
1205 4514 1460 4588 prodest,
1494 4515 1632 4586 quia
1651 4515 1840 4572 credis
1871 4521 1930 4572 et
2038 4529 2140 4586 per
2169 4531 2244 4570 an
2272 4518 2681 4571 contemnatur
2701 4531 2774 4571 an
2795 4533 2912 4572 non
2933 4522 3372 4592 contemnatur,
3399 4522 3579 4583 illius
3613 4532 3726 4604 qui

295 4601 672 4690 blasphemas
689 4603 717 4658 ?
745 4603 953 4660 adoras
972 4601 1138 4659 illum
1167 4601 1228 4657 in
1244 4603 1450 4675 capite,
1474 4607 1532 4690 et
1552 4601 1926 4676 blasphemas
1955 4621 2004 4686 D
2033 4601 2204 4658 dixit:
2225 4625 2252 4652 «
2271 4601 2466 4670 Saule,
2481 4602 2675 4671 Saule,
2696 4604 2836 4676 quid
2857 4621 2950 4661 me
2961 4609 3338 4680 persequeris
3353 4610 3384 4666 ?
3398 4634 3426 4662 υ
3451 4615 3608 4683 (Act.
3636 4601 3724 4690 ix,

296 4689 356 4746 in
387 4707 644 4765 corpore.
663 4697 840 4748 Amat
859 4690 955 4747 illc
981 4707 1193 4762 corpus
1213 4707 1409 4746 suum.
1427 4689 1487 4746 Si
1517 4694 1580 4745 tu
1611 4694 1664 4746 te
1693 4692 1926 4762 praesci-
2035 4691 2114 4763 4.)
2137 4690 2244 4758 Qui
2265 4695 2454 4746 servat
2473 4691 2544 4746 ad
2559 4691 2852 4763 judicium
2873 4693 3156 4767 quidquid
3175 4697 3335 4754 videt
3355 4701 3485 4771 pati
3512 4721 3722 4765 mem-

297 4778 435 4836 disti
463 4797 498 4837 a
525 4797 762 4853 corpore
788 4779 996 4852 ipsius,
1018 4783 1319 4852 caputnon
1351 4796 1412 4836 se
1433 4778 1772 4852 praescidita
1801 4797 1930 4837 cor-
2039 4779 2144 4834 bra
2172 4795 2298 4847 sua,
2331 4779 2544 4851 quibus
2585 4779 2815 4852 gravior
2863 4785 2921 4838 et
2967 4781 3404 4842 intolerabilior
3446 4796 3552 4848 est
3595 4811 3728 4854 ma.

297 4881 436 4938 pore
461 4883 588 4924 suo.
620 4867 754 4924 Sine
783 4885 961 4924 causa
982 4883 1074 4924 me
1098 4867 1368 4936 honoras,
1385 4866 1598 4932 clamat
1618 4868 1724 4924 tibi
1755 4873 1932 4941 caput
2037 4865 2447 4939 chaeralinguac
2465 4865 3072 4943 haereticorum,quam
3096 4871 3234 4929 ferri
3248 4890 3669 4948 paganorum.
3690 4911 3715 4940 ι

296 4953 569 5025 desuper;
601 4955 726 5010 sine
755 4973 934 5012 causa
959 4972 1054 5012 me
1081 4956 1355 5012 honores.
1395 4957 1700 5028 Tanquam
1731 4957 1781 5012 si
1815 4957 1928 5014 vel-
2634 4973 2867 5030 CAPUT
2905 4975 3071 5033 ΧΧΧ,

289 5037 372 5134 l_et
401 5039 614 5134 aliquis
641 5042 1017 5134 tibiosculari
1043 5047 1238 5115 caput,
1256 5048 1314 5099 et
1339 5043 1560 5134 calcare
1588 5044 1696 5101 tibi
1723 5045 1920 5134 pedes.
2172 5061 2560 5132 Recapitulatio
2601 5063 3012 5134 praemissz
3040 5066 3335 5124 verborum
3361 5078 3561 5132 εαησετ

285 5127 454 5185 Forte
485 5128 690 5201 caligis
719 5127 958 5186 clavatis
988 5134 1308 5186 contereret
1337 5133 1514 5202 pedes
1535 5135 1691 5199 tuos,
1721 5133 1923 5192 volens
2303 5127 2320 5132 ’
2601 5127 2616 5134 ”
2690 5133 3003 5204 Augustini.

279 5215 388 5274 tibi
435 5221 631 5274 tenere
678 5221 853 5289 caput
901 5221 958 5273 et
1007 5217 1280 5273 osculari.
1324 5218 1526 5274 Nonne
1556 5219 1706 5275 inter
1743 5221 1920 5278 verba
2103 5221 2166 5275 In
2209 5218 2425 5291 quibus
2450 5219 2728 5292 praecipui
2756 5222 3012 5279 doctoris
3030 5223 3205 5282 claris
3241 5233 3580 5292 sententiis
3609 5255 3716 5298 ne-

281 5303 625 5362 honorantis
655 5303 957 5372 clamares,
983 5309 1040 5360 et
1069 5305 1472 5368 diceres.Quid
1503 5305 1664 5372 facis,
1697 5306 1916 5366 homo?
2027 5325 2188 5364 cesse
2223 5311 2312 5363 est
2341 5307 2412 5362 ad
2443 5323 2540 5364 cor
2567 5309 2808 5365 redeant
2837 5313 3312 5384 praevaricatores
3345 5321 3490 5378 novi
3525 5341 3711 5386 man-

281 5392 470 5450 calcas
529 5411 643 5450 me.
711 5394 838 5450 Non
894 5392 1137 5448 diceres.
1209 5391 1410 5448 Galeas
1466 5397 1640 5464 caput
1697 5411 1914 5453 meum.
2025 5395 2499 5468 datiquicunque
2520 5395 2791 5466 haeretici,
2817 5403 3005 5472 etprae
3027 5403 3309 5461 omnibus
3331 5407 3708 5490 Simoniaci,

279 5479 420 5551 quia
475 5486 650 5553 caput
705 5482 1048 5549 honorabat,
1100 5482 1202 5536 sed
1257 5479 1390 5552 plus
1437 5479 1711 5538 clamaret
1742 5489 1916 5556 caput
2023 5483 2123 5556 qui
2154 5499 2221 5538 ex
2251 5490 2485 5554 accepta
2513 5485 2728 5543 virtute
2756 5487 3012 5560 Spiritus
3060 5492 3249 5548 sancti
3296 5494 3543 5557 faciunt
3582 5479 3710 5564 sibi

285 5582 390 5636 pro
428 5570 724 5666 ‘membris
781 5571 1018 5666 calcatis
1077 5585 1253 5666 quam
1313 5585 1416 5639 pro
1471 5571 1762 5666 Ase,uq_uia
1816 5571 1913 5629 ho-
2021 5572 3708 5666 propostamadsolumnegotiumsaeculi,nonadaliquod

282 5651 618 5710 norabatur.
640 5657 838 5714 Nonne
860 5659 1073 5716 clamat
1091 5657 1285 5728 ipsum
1317 5660 1490 5728 caput
1520 5673 1532 5713 :
1567 5657 1708 5714 Nolo
1740 5657 1909 5716 hono-
2017 5659 2418 5717 testimonium
2451 5661 2684 5730 Christi,
2719 5664 2816 5736 qui
2840 5664 3030 5738 ipsam
3056 5667 3316 5740 Spiritus
3331 5651 3707 5741 sancti‘vi‘r:
