  <div class='ocr_page' id='page_1' title='image "/cluster/home/n/w/nwhite01/storage/ocr_20150623/142-143/uc1.31175018423130/1296.png"; bbox 0 0 3876 6370; ppageno 0'>
   <div class='ocr_carea' id='block_1_1' title="bbox 72 447 244 513">
    <p class='ocr_par' dir='ltr' id='par_1_1' title="bbox 72 447 244 513">
     <span class='ocr_line' id='line_1_1' title="bbox 72 447 244 513; baseline 0.006 -1"><span class='ocrx_word' id='word_1_1' title='bbox 72 447 244 513; x_wconf 83' lang='grc'><strong>1113</strong></span> 
     </span>
    </p>
   </div>
   <div class='ocr_carea' id='block_1_2' title="bbox 620 443 2953 516">
    <p class='ocr_par' dir='ltr' id='par_1_2' title="bbox 620 443 2953 516">
     <span class='ocr_line' id='line_1_2' title="bbox 620 443 2953 516; baseline -0.001 -2"><span class='ocrx_word' id='word_1_2' title='bbox 620 448 1040 516; x_wconf 80' lang='lat' dir='ltr'>ADVERSUS</span> <span class='ocrx_word' id='word_1_3' title='bbox 1085 446 1558 516; x_wconf 81' lang='lat' dir='ltr'>SIMONIACOS</span> <span class='ocrx_word' id='word_1_4' title='bbox 1603 445 1810 514; x_wconf 79' lang='lat' dir='ltr'><strong>LIBRI</strong></span> <span class='ocrx_word' id='word_1_5' title='bbox 1855 444 2082 513; x_wconf 81' lang='lat' dir='ltr'>TRES.</span> <span class='ocrx_word' id='word_1_6' title='bbox 2116 481 2194 497; x_wconf 89' lang='lat'><strong>—</strong></span> <span class='ocrx_word' id='word_1_7' title='bbox 2238 446 2473 515; x_wconf 80' lang='lat' dir='ltr'>LIBER</span> <span class='ocrx_word' id='word_1_8' title='bbox 2516 443 2953 513; x_wconf 81' lang='lat' dir='ltr'>SECUNDUS.</span> 
     </span>
    </p>
   </div>
   <div class='ocr_carea' id='block_1_3' title="bbox 3327 443 3486 510">
    <p class='ocr_par' dir='ltr' id='par_1_3' title="bbox 3327 443 3486 510">
     <span class='ocr_line' id='line_1_3' title="bbox 3327 443 3486 510; baseline 0.006 -1"><span class='ocrx_word' id='word_1_9' title='bbox 3327 443 3486 510; x_wconf 76' lang='lat' dir='ltr'><strong>HM</strong></span> 
     </span>
    </p>
   </div>
   <div class='ocr_carea' id='block_1_4' title="bbox 68 578 3480 659">
    <p class='ocr_par' dir='ltr' id='par_1_4' title="bbox 68 578 3480 659">
     <span class='ocr_line' id='line_1_4' title="bbox 68 578 3480 659; baseline 0 -20"><span class='ocrx_word' id='word_1_10' title='bbox 68 587 273 641; x_wconf 84' lang='lat' dir='ltr'>tutem</span> <span class='ocrx_word' id='word_1_11' title='bbox 306 599 655 642; x_wconf 73' lang='lat' dir='ltr'>ascensurus</span> <span class='ocrx_word' id='word_1_12' title='bbox 677 584 749 640; x_wconf 89' lang='lat' dir='ltr'>ad</span> <span class='ocrx_word' id='word_1_13' title='bbox 772 584 881 639; x_wconf 91' lang='lat' dir='ltr'>hoc</span> <span class='ocrx_word' id='word_1_14' title='bbox 898 583 1087 640; x_wconf 91' lang='lat' dir='ltr'>solum</span> <span class='ocrx_word' id='word_1_15' title='bbox 1110 585 1541 659; x_wconf 76' lang='lat' dir='ltr'>suscipiendam</span> <span class='ocrx_word' id='word_1_16' title='bbox 1600 584 1725 640; x_wconf 84' lang='lat' dir='ltr'>suis</span> <span class='ocrx_word' id='word_1_17' title='bbox 1755 584 1809 651; x_wconf 75' lang='grc' dir='ltr'>Α</span> <span class='ocrx_word' id='word_1_18' title='bbox 1837 582 2007 640; x_wconf 85' lang='lat' dir='ltr'>liator</span> <span class='ocrx_word' id='word_1_19' title='bbox 2022 582 2979 652; x_wconf 82' lang='lat' dir='ltr'>suseitabitzelum,vociferabitur</span> <span class='ocrx_word' id='word_1_20' title='bbox 2993 582 3049 639; x_wconf 90' lang='lat' dir='ltr'>et</span> <span class='ocrx_word' id='word_1_21' title='bbox 3065 578 3359 651; x_wconf 78' lang='lat' dir='ltr'>clamabit,</span> <span class='ocrx_word' id='word_1_22' title='bbox 3384 600 3480 640; x_wconf 90' lang='lat' dir='ltr'>su-</span> 
     </span>
    </p>
   </div>
   <div class='ocr_carea' id='block_1_5' title="bbox 71 673 1728 747">
    <p class='ocr_par' dir='ltr' id='par_1_5' title="bbox 71 673 1728 747">
     <span class='ocr_line' id='line_1_5' title="bbox 71 673 1728 747; baseline 0 -19"><span class='ocrx_word' id='word_1_23' title='bbox 71 673 400 747; x_wconf 90' lang='lat' dir='ltr'>discipulis</span> <span class='ocrx_word' id='word_1_24' title='bbox 432 674 706 741; x_wconf 78' lang='lat' dir='ltr'>asseruit,</span> <span class='ocrx_word' id='word_1_25' title='bbox 732 674 795 728; x_wconf 90' lang='lat' dir='ltr'>ut</span> <span class='ocrx_word' id='word_1_26' title='bbox 819 675 1259 730; x_wconf 78' lang='lat' dir='ltr'>resurrectionis</span> <span class='ocrx_word' id='word_1_27' title='bbox 1282 676 1408 745; x_wconf 84' lang='lat' dir='ltr'>ejus</span> <span class='ocrx_word' id='word_1_28' title='bbox 1438 679 1497 730; x_wconf 91' lang='lat' dir='ltr'>et</span> <span class='ocrx_word' id='word_1_29' title='bbox 1546 674 1728 729; x_wconf 82' lang='lat' dir='ltr'>chari-</span> 
     </span>
    </p>
   </div>
   <div class='ocr_carea' id='block_1_6' title="bbox 68 763 1728 834">
    <p class='ocr_par' dir='ltr' id='par_1_6' title="bbox 68 763 1728 834">
     <span class='ocr_line' id='line_1_6' title="bbox 68 763 1728 834; baseline 0 -17"><span class='ocrx_word' id='word_1_30' title='bbox 68 764 223 819; x_wconf 87' lang='lat' dir='ltr'>tatis</span> <span class='ocrx_word' id='word_1_31' title='bbox 247 764 436 818; x_wconf 86' lang='lat' dir='ltr'>ubivis</span> <span class='ocrx_word' id='word_1_32' title='bbox 460 768 747 817; x_wconf 90' lang='lat' dir='ltr'>terrarum</span> <span class='ocrx_word' id='word_1_33' title='bbox 782 767 959 817; x_wconf 88' lang='lat' dir='ltr'>testes</span> <span class='ocrx_word' id='word_1_34' title='bbox 983 763 1118 817; x_wconf 90' lang='lat' dir='ltr'>sint.</span> <span class='ocrx_word' id='word_1_35' title='bbox 1141 764 1246 818; x_wconf 79' lang='lat' dir='ltr'>Sed</span> <span class='ocrx_word' id='word_1_36' title='bbox 1283 763 1607 834; x_wconf 88' lang='lat' dir='ltr'>pervissimi</span> <span class='ocrx_word' id='word_1_37' title='bbox 1628 764 1728 817; x_wconf 91' lang='lat' dir='ltr'>ho-</span> 
     </span>
    </p>
   </div>
   <div class='ocr_carea' id='block_1_7' title="bbox 69 851 1731 921">
    <p class='ocr_par' dir='ltr' id='par_1_7' title="bbox 69 851 1731 921">
     <span class='ocr_line' id='line_1_7' title="bbox 69 851 1731 921; baseline -0.001 -14"><span class='ocrx_word' id='word_1_38' title='bbox 69 852 318 907; x_wconf 86' lang='lat' dir='ltr'>minum</span> <span class='ocrx_word' id='word_1_39' title='bbox 352 851 614 906; x_wconf 88' lang='lat' dir='ltr'>conversi</span> <span class='ocrx_word' id='word_1_40' title='bbox 648 851 703 904; x_wconf 91' lang='lat' dir='ltr'>in</span> <span class='ocrx_word' id='word_1_41' title='bbox 737 867 937 905; x_wconf 89' lang='lat' dir='ltr'>arcum</span> <span class='ocrx_word' id='word_1_42' title='bbox 974 868 1330 921; x_wconf 89' lang='lat' dir='ltr'>perversum,</span> <span class='ocrx_word' id='word_1_43' title='bbox 1362 868 1495 906; x_wconf 92' lang='lat' dir='ltr'>eum</span> <span class='ocrx_word' id='word_1_44' title='bbox 1528 869 1562 906; x_wconf 88' lang='lat' dir='ltr'>a</span> <span class='ocrx_word' id='word_1_45' title='bbox 1618 868 1731 921; x_wconf 92' lang='lat' dir='ltr'>quo</span> 
     </span>
    </p>
   </div>
   <div class='ocr_carea' id='block_1_8' title="bbox 68 939 1731 1010">
    <p class='ocr_par' dir='ltr' id='par_1_8' title="bbox 68 939 1731 1010">
     <span class='ocr_line' id='line_1_8' title="bbox 68 939 1731 1010; baseline -0.001 -15"><span class='ocrx_word' id='word_1_46' title='bbox 68 940 299 995; x_wconf 89' lang='lat' dir='ltr'>intensi</span> <span class='ocrx_word' id='word_1_47' title='bbox 332 944 472 994; x_wconf 92' lang='lat' dir='ltr'>sunt</span> <span class='ocrx_word' id='word_1_48' title='bbox 501 939 789 1010; x_wconf 91' lang='lat' dir='ltr'>impetuni</span> <span class='ocrx_word' id='word_1_49' title='bbox 823 944 880 994; x_wconf 89' lang='lat' dir='ltr'>et</span> <span class='ocrx_word' id='word_1_50' title='bbox 945 941 1298 1010; x_wconf 89' lang='lat' dir='ltr'>percutiunt,</span> <span class='ocrx_word' id='word_1_51' title='bbox 1344 940 1441 995; x_wconf 91' lang='lat' dir='ltr'>ubi</span> <span class='ocrx_word' id='word_1_52' title='bbox 1502 940 1731 994; x_wconf 75' lang='lat' dir='ltr'>divitias</span> 
     </span>
    </p>
   </div>
   <div class='ocr_carea' id='block_1_9' title="bbox 68 1028 1732 1100">
    <p class='ocr_par' dir='ltr' id='par_1_9' title="bbox 68 1028 1732 1100">
     <span class='ocr_line' id='line_1_9' title="bbox 68 1028 1732 1100; baseline 0 -17"><span class='ocrx_word' id='word_1_53' title='bbox 68 1030 286 1100; x_wconf 67' lang='lat' dir='ltr'>gratiae</span> <span class='ocrx_word' id='word_1_54' title='bbox 309 1030 437 1099; x_wconf 85' lang='lat' dir='ltr'>ejus</span> <span class='ocrx_word' id='word_1_55' title='bbox 459 1045 607 1098; x_wconf 87' lang='lat' dir='ltr'>quas</span> <span class='ocrx_word' id='word_1_56' title='bbox 624 1028 777 1097; x_wconf 90' lang='lat' dir='ltr'>jussi</span> <span class='ocrx_word' id='word_1_57' title='bbox 801 1033 939 1082; x_wconf 92' lang='lat' dir='ltr'>sunt</span> <span class='ocrx_word' id='word_1_58' title='bbox 962 1029 1237 1083; x_wconf 90' lang='lat' dir='ltr'>omnibus</span> <span class='ocrx_word' id='word_1_59' title='bbox 1270 1028 1450 1099; x_wconf 83' lang='lat' dir='ltr'>gratis</span> <span class='ocrx_word' id='word_1_60' title='bbox 1474 1029 1732 1083; x_wconf 88' lang='lat' dir='ltr'>sicutac-</span> 
     </span>
    </p>
   </div>
   <div class='ocr_carea' id='block_1_10' title="bbox 73 1117 1733 1188">
    <p class='ocr_par' dir='ltr' id='par_1_10' title="bbox 73 1117 1733 1188">
     <span class='ocr_line' id='line_1_10' title="bbox 73 1117 1733 1188; baseline -0.001 -16"><span class='ocrx_word' id='word_1_61' title='bbox 73 1120 369 1188; x_wconf 86' lang='lat' dir='ltr'>ceperunt</span> <span class='ocrx_word' id='word_1_62' title='bbox 398 1133 685 1187; x_wconf 83' lang='lat' dir='ltr'>exponere</span> <span class='ocrx_word' id='word_1_63' title='bbox 717 1122 773 1171; x_wconf 91' lang='lat' dir='ltr'>et</span> <span class='ocrx_word' id='word_1_64' title='bbox 802 1134 1059 1187; x_wconf 80' lang='lat' dir='ltr'>erogare,</span> <span class='ocrx_word' id='word_1_65' title='bbox 1096 1118 1165 1171; x_wconf 85' lang='lat' dir='ltr'>ad</span> <span class='ocrx_word' id='word_1_66' title='bbox 1228 1119 1479 1188; x_wconf 91' lang='lat' dir='ltr'>pretium</span> <span class='ocrx_word' id='word_1_67' title='bbox 1535 1117 1733 1171; x_wconf 86' lang='lat' dir='ltr'>distri-</span> 
     </span>
    </p>
   </div>
   <div class='ocr_carea' id='block_1_11' title="bbox 74 1205 1734 1276">
    <p class='ocr_par' dir='ltr' id='par_1_11' title="bbox 74 1205 1734 1276">
     <span class='ocr_line' id='line_1_11' title="bbox 74 1205 1734 1276; baseline -0.001 -16"><span class='ocrx_word' id='word_1_68' title='bbox 74 1207 268 1261; x_wconf 90' lang='lat' dir='ltr'>buere</span> <span class='ocrx_word' id='word_1_69' title='bbox 299 1205 1303 1276; x_wconf 61' lang='lat' dir='ltr'>praesumunt.SicingratiChristo,</span> <span class='ocrx_word' id='word_1_70' title='bbox 1350 1210 1552 1260; x_wconf 88' lang='lat' dir='ltr'>contra</span> <span class='ocrx_word' id='word_1_71' title='bbox 1600 1222 1734 1259; x_wconf 91' lang='lat' dir='ltr'>eum</span> 
     </span>
    </p>
   </div>
   <div class='ocr_carea' id='block_1_12' title="bbox 74 1293 1734 1366">
    <p class='ocr_par' dir='ltr' id='par_1_12' title="bbox 74 1293 1734 1366">
     <span class='ocr_line' id='line_1_12' title="bbox 74 1293 1734 1366; baseline -0.001 -17"><span class='ocrx_word' id='word_1_72' title='bbox 74 1294 209 1350; x_wconf 90' lang='lat' dir='ltr'>suis</span> <span class='ocrx_word' id='word_1_73' title='bbox 244 1294 414 1349; x_wconf 90' lang='lat' dir='ltr'>donis</span> <span class='ocrx_word' id='word_1_74' title='bbox 447 1295 758 1366; x_wconf 78' lang='lat' dir='ltr'>pugnaturi</span> <span class='ocrx_word' id='word_1_75' title='bbox 805 1293 1138 1365; x_wconf 85' lang='lat' dir='ltr'>insurgunt,</span> <span class='ocrx_word' id='word_1_76' title='bbox 1169 1298 1225 1349; x_wconf 91' lang='lat' dir='ltr'>et</span> <span class='ocrx_word' id='word_1_77' title='bbox 1282 1293 1555 1349; x_wconf 84' lang='lat' dir='ltr'>ﬁdelibus</span> <span class='ocrx_word' id='word_1_78' title='bbox 1607 1295 1734 1364; x_wconf 87' lang='lat' dir='ltr'>ejus</span> 
     </span>
    </p>
   </div>
   <div class='ocr_carea' id='block_1_13' title="bbox 72 1382 1733 1455">
    <p class='ocr_par' dir='ltr' id='par_1_13' title="bbox 72 1382 1733 1455">
     <span class='ocr_line' id='line_1_13' title="bbox 72 1382 1733 1455; baseline -0.001 -17"><span class='ocrx_word' id='word_1_79' title='bbox 72 1388 371 1455; x_wconf 87' lang='lat' dir='ltr'>tanquam</span> <span class='ocrx_word' id='word_1_80' title='bbox 406 1384 687 1438; x_wconf 83' lang='lat' dir='ltr'>membris</span> <span class='ocrx_word' id='word_1_81' title='bbox 720 1384 905 1454; x_wconf 78' lang='lat' dir='ltr'>ipsius</span> <span class='ocrx_word' id='word_1_82' title='bbox 940 1384 1225 1454; x_wconf 90' lang='lat' dir='ltr'>pessimas</span> <span class='ocrx_word' id='word_1_83' title='bbox 1258 1388 1314 1437; x_wconf 92' lang='lat' dir='ltr'>et</span> <span class='ocrx_word' id='word_1_84' title='bbox 1372 1382 1733 1437; x_wconf 89' lang='lat' dir='ltr'>insanabiles</span> 
     </span>
    </p>
   </div>
   <div class='ocr_carea' id='block_1_14' title="bbox 74 1472 1730 1544">
    <p class='ocr_par' dir='ltr' id='par_1_14' title="bbox 74 1472 1730 1544">
     <span class='ocr_line' id='line_1_14' title="bbox 74 1472 1730 1544; baseline 0.001 -18"><span class='ocrx_word' id='word_1_85' title='bbox 74 1472 296 1544; x_wconf 84' lang='lat' dir='ltr'>plagas</span> <span class='ocrx_word' id='word_1_86' title='bbox 322 1472 659 1544; x_wconf 90' lang='lat' dir='ltr'>imponunt,</span> <span class='ocrx_word' id='word_1_87' title='bbox 686 1474 822 1544; x_wconf 87' lang='lat' dir='ltr'>quia</span> <span class='ocrx_word' id='word_1_88' title='bbox 852 1474 919 1527; x_wconf 85' lang='lat' dir='ltr'>ad</span> <span class='ocrx_word' id='word_1_89' title='bbox 949 1472 1269 1543; x_wconf 83' lang='lat' dir='ltr'>ipsum,qui</span> <span class='ocrx_word' id='word_1_90' title='bbox 1292 1478 1465 1544; x_wconf 89' lang='lat' dir='ltr'>caput</span> <span class='ocrx_word' id='word_1_91' title='bbox 1489 1488 1730 1527; x_wconf 90' lang='lat' dir='ltr'>suorum</span> 
     </span>
    </p>
   </div>
   <div class='ocr_carea' id='block_1_15' title="bbox 70 1560 1726 1632">
    <p class='ocr_par' dir='ltr' id='par_1_15' title="bbox 70 1560 1726 1632">
     <span class='ocr_line' id='line_1_15' title="bbox 70 1560 1726 1632; baseline 0 -17"><span class='ocrx_word' id='word_1_92' title='bbox 70 1566 167 1615; x_wconf 90' lang='lat' dir='ltr'>est</span> <span class='ocrx_word' id='word_1_93' title='bbox 192 1561 526 1632; x_wconf 82' lang='lat' dir='ltr'>pertingere</span> <span class='ocrx_word' id='word_1_94' title='bbox 554 1566 873 1631; x_wconf 86' lang='lat' dir='ltr'>nequeunt.</span> <span class='ocrx_word' id='word_1_95' title='bbox 900 1562 1077 1623; x_wconf 88' lang='lat' dir='ltr'>Quem</span> <span class='ocrx_word' id='word_1_96' title='bbox 1099 1561 1202 1615; x_wconf 88' lang='lat' dir='ltr'>etsi</span> <span class='ocrx_word' id='word_1_97' title='bbox 1255 1560 1425 1614; x_wconf 88' lang='lat' dir='ltr'>labiis</span> <span class='ocrx_word' id='word_1_98' title='bbox 1475 1578 1535 1615; x_wconf 89' lang='lat' dir='ltr'>se</span> <span class='ocrx_word' id='word_1_99' title='bbox 1586 1578 1726 1615; x_wconf 90' lang='lat' dir='ltr'>non-</span> 
     </span>
    </p>
   </div>
   <div class='ocr_carea' id='block_1_16' title="bbox 72 1648 1731 1721">
    <p class='ocr_par' dir='ltr' id='par_1_16' title="bbox 72 1648 1731 1721">
     <span class='ocr_line' id='line_1_16' title="bbox 72 1648 1731 1721; baseline 0 -17"><span class='ocrx_word' id='word_1_100' title='bbox 72 1667 393 1721; x_wconf 82' lang='lat' dir='ltr'>nunquam</span> <span class='ocrx_word' id='word_1_101' title='bbox 420 1648 561 1704; x_wconf 84' lang='lat' dir='ltr'>velle</span> <span class='ocrx_word' id='word_1_102' title='bbox 582 1650 865 1703; x_wconf 88' lang='lat' dir='ltr'>honorare</span> <span class='ocrx_word' id='word_1_103' title='bbox 890 1650 1138 1720; x_wconf 81' lang='lat' dir='ltr'>lingunt,</span> <span class='ocrx_word' id='word_1_104' title='bbox 1164 1649 1377 1718; x_wconf 89' lang='lat' dir='ltr'>injuria</span> <span class='ocrx_word' id='word_1_105' title='bbox 1400 1654 1486 1704; x_wconf 87' lang='lat' dir='ltr'>est</span> <span class='ocrx_word' id='word_1_106' title='bbox 1508 1649 1589 1704; x_wconf 89' lang='lat' dir='ltr'>illi</span> <span class='ocrx_word' id='word_1_107' title='bbox 1616 1668 1731 1704; x_wconf 89' lang='lat' dir='ltr'>non</span> 
     </span>
    </p>
   </div>
   <div class='ocr_carea' id='block_1_17' title="bbox 71 1737 1733 1809">
    <p class='ocr_par' dir='ltr' id='par_1_17' title="bbox 71 1737 1733 1809">
     <span class='ocr_line' id='line_1_17' title="bbox 71 1737 1733 1809; baseline 0 -16"><span class='ocrx_word' id='word_1_108' title='bbox 71 1739 408 1793; x_wconf 88' lang='lat' dir='ltr'>reverentia</span> <span class='ocrx_word' id='word_1_109' title='bbox 431 1744 615 1793; x_wconf 88' lang='lat' dir='ltr'>totum</span> <span class='ocrx_word' id='word_1_110' title='bbox 640 1738 793 1809; x_wconf 90' lang='lat' dir='ltr'>quod</span> <span class='ocrx_word' id='word_1_111' title='bbox 820 1744 1018 1806; x_wconf 82' lang='lat' dir='ltr'>agunt,</span> <span class='ocrx_word' id='word_1_112' title='bbox 1053 1739 1315 1809; x_wconf 84' lang='lat' dir='ltr'>quandiu</span> <span class='ocrx_word' id='word_1_113' title='bbox 1350 1737 1547 1792; x_wconf 82' lang='lat' dir='ltr'>ﬁdeles</span> <span class='ocrx_word' id='word_1_114' title='bbox 1606 1740 1733 1809; x_wconf 88' lang='lat' dir='ltr'>ejus</span> 
     </span>
    </p>
   </div>
   <div class='ocr_carea' id='block_1_18' title="bbox 74 1827 1729 1898">
    <p class='ocr_par' dir='ltr' id='par_1_18' title="bbox 74 1827 1729 1898">
     <span class='ocr_line' id='line_1_18' title="bbox 74 1827 1729 1898; baseline -0.001 -17"><span class='ocrx_word' id='word_1_115' title='bbox 74 1844 188 1882; x_wconf 89' lang='lat' dir='ltr'>sua</span> <span class='ocrx_word' id='word_1_116' title='bbox 213 1827 460 1898; x_wconf 79' lang='lat' dir='ltr'>perﬁdia</span> <span class='ocrx_word' id='word_1_117' title='bbox 494 1832 769 1897; x_wconf 88' lang='lat' dir='ltr'>tanquam</span> <span class='ocrx_word' id='word_1_118' title='bbox 808 1827 961 1879; x_wconf 82' lang='lat' dir='ltr'>fures</span> <span class='ocrx_word' id='word_1_119' title='bbox 994 1830 1049 1880; x_wconf 93' lang='lat' dir='ltr'>et</span> <span class='ocrx_word' id='word_1_120' title='bbox 1081 1827 1333 1880; x_wconf 78' lang='lat' dir='ltr'>latrones</span> <span class='ocrx_word' id='word_1_121' title='bbox 1368 1827 1729 1880; x_wconf 84' lang='lat' dir='ltr'>interimunt.</span> 
     </span>
    </p>
   </div>
   <div class='ocr_carea' id='block_1_19' title="bbox 76 1913 1812 2015">
    <p class='ocr_par' dir='ltr' id='par_1_19' title="bbox 76 1913 1812 2015">
     <span class='ocr_line' id='line_1_19' title="bbox 76 1913 1812 2015; baseline -0.001 -45"><span class='ocrx_word' id='word_1_122' title='bbox 76 1916 247 1980; x_wconf 89' lang='lat' dir='ltr'>Quod</span> <span class='ocrx_word' id='word_1_123' title='bbox 282 1915 439 1969; x_wconf 91' lang='lat' dir='ltr'>velut</span> <span class='ocrx_word' id='word_1_124' title='bbox 470 1931 601 1969; x_wconf 87' lang='lat' dir='ltr'>oves</span> <span class='ocrx_word' id='word_1_125' title='bbox 642 1914 939 1985; x_wconf 88' lang='lat' dir='ltr'>simplices</span> <span class='ocrx_word' id='word_1_126' title='bbox 972 1916 1079 1967; x_wconf 87' lang='lat' dir='ltr'>sub</span> <span class='ocrx_word' id='word_1_127' title='bbox 1139 1913 1417 1968; x_wconf 88' lang='lat' dir='ltr'>simulato</span> <span class='ocrx_word' id='word_1_128' title='bbox 1478 1916 1726 1985; x_wconf 81' lang='lat' dir='ltr'>pastoris</span> <span class='ocrx_word' id='word_1_129' title='bbox 1765 1950 1812 2015; x_wconf 80' lang='grc' dir='ltr'>Β</span> 
     </span>
    </p>
   </div>
   <div class='ocr_carea' id='block_1_20' title="bbox 78 2003 1730 2073">
    <p class='ocr_par' dir='ltr' id='par_1_20' title="bbox 78 2003 1730 2073">
     <span class='ocr_line' id='line_1_20' title="bbox 78 2003 1730 2073; baseline -0.002 -13"><span class='ocrx_word' id='word_1_130' title='bbox 78 2004 259 2060; x_wconf 71' lang='lat' dir='ltr'>sibilo</span> <span class='ocrx_word' id='word_1_131' title='bbox 284 2005 557 2058; x_wconf 82' lang='lat' dir='ltr'>seductas</span> <span class='ocrx_word' id='word_1_132' title='bbox 579 2003 689 2057; x_wconf 84' lang='lat' dir='ltr'>sibi</span> <span class='ocrx_word' id='word_1_133' title='bbox 715 2009 1049 2067; x_wconf 86' lang='lat' dir='ltr'>convocant,</span> <span class='ocrx_word' id='word_1_134' title='bbox 1087 2003 1286 2073; x_wconf 78' lang='lat' dir='ltr'>sicque</span> <span class='ocrx_word' id='word_1_135' title='bbox 1319 2020 1471 2056; x_wconf 89' lang='lat' dir='ltr'>nunc</span> <span class='ocrx_word' id='word_1_136' title='bbox 1507 2004 1730 2070; x_wconf 81' lang='lat' dir='ltr'>furtim,</span> 
     </span>
    </p>
   </div>
   <div class='ocr_carea' id='block_1_21' title="bbox 79 2091 1734 2164">
    <p class='ocr_par' dir='ltr' id='par_1_21' title="bbox 79 2091 1734 2164">
     <span class='ocr_line' id='line_1_21' title="bbox 79 2091 1734 2164; baseline -0.001 -15"><span class='ocrx_word' id='word_1_137' title='bbox 79 2111 241 2149; x_wconf 90' lang='lat' dir='ltr'>nunc</span> <span class='ocrx_word' id='word_1_138' title='bbox 267 2093 481 2164; x_wconf 87' lang='lat' dir='ltr'>raptim</span> <span class='ocrx_word' id='word_1_139' title='bbox 505 2091 736 2146; x_wconf 86' lang='lat' dir='ltr'>diabolo</span> <span class='ocrx_word' id='word_1_140' title='bbox 760 2092 1043 2161; x_wconf 74' lang='lat' dir='ltr'>gregatim</span> <span class='ocrx_word' id='word_1_141' title='bbox 1072 2091 1397 2156; x_wconf 89' lang='lat' dir='ltr'>immolant,</span> <span class='ocrx_word' id='word_1_142' title='bbox 1432 2092 1569 2145; x_wconf 88' lang='lat' dir='ltr'>dum</span> <span class='ocrx_word' id='word_1_143' title='bbox 1599 2110 1734 2147; x_wconf 91' lang='lat' dir='ltr'>con-</span> 
     </span>
    </p>
   </div>
   <div class='ocr_carea' id='block_1_22' title="bbox 79 2180 1731 2251">
    <p class='ocr_par' dir='ltr' id='par_1_22' title="bbox 79 2180 1731 2251">
     <span class='ocr_line' id='line_1_22' title="bbox 79 2180 1731 2251; baseline -0.001 -14"><span class='ocrx_word' id='word_1_144' title='bbox 79 2182 355 2237; x_wconf 89' lang='lat' dir='ltr'>sentiunt</span> <span class='ocrx_word' id='word_1_145' title='bbox 378 2186 441 2235; x_wconf 90' lang='lat' dir='ltr'>ut</span> <span class='ocrx_word' id='word_1_146' title='bbox 465 2182 535 2234; x_wconf 89' lang='lat' dir='ltr'>ab</span> <span class='ocrx_word' id='word_1_147' title='bbox 555 2182 637 2235; x_wconf 92' lang='lat' dir='ltr'>eis</span> <span class='ocrx_word' id='word_1_148' title='bbox 662 2186 891 2235; x_wconf 90' lang='lat' dir='ltr'>ematur</span> <span class='ocrx_word' id='word_1_149' title='bbox 914 2180 1065 2250; x_wconf 91' lang='lat' dir='ltr'>quod</span> <span class='ocrx_word' id='word_1_150' title='bbox 1093 2197 1205 2233; x_wconf 90' lang='lat' dir='ltr'>non</span> <span class='ocrx_word' id='word_1_151' title='bbox 1232 2180 1396 2234; x_wconf 80' lang='lat' dir='ltr'>aliter</span> <span class='ocrx_word' id='word_1_152' title='bbox 1431 2180 1731 2251; x_wconf 83' lang='lat' dir='ltr'>accipitur,</span> 
     </span>
    </p>
   </div>
   <div class='ocr_carea' id='block_1_23' title="bbox 80 2268 1733 2342">
    <p class='ocr_par' dir='ltr' id='par_1_23' title="bbox 80 2268 1733 2342">
     <span class='ocr_line' id='line_1_23' title="bbox 80 2268 1733 2342; baseline -0.001 -17"><span class='ocrx_word' id='word_1_153' title='bbox 80 2270 194 2326; x_wconf 87' lang='lat' dir='ltr'>nisi</span> <span class='ocrx_word' id='word_1_154' title='bbox 226 2275 291 2325; x_wconf 85' lang='lat' dir='ltr'>ut</span> <span class='ocrx_word' id='word_1_155' title='bbox 318 2270 503 2342; x_wconf 85' lang='lat' dir='ltr'>gratis</span> <span class='ocrx_word' id='word_1_156' title='bbox 525 2270 842 2334; x_wconf 86' lang='lat' dir='ltr'>detur.Quo</span> <span class='ocrx_word' id='word_1_157' title='bbox 865 2268 1128 2339; x_wconf 85' lang='lat' dir='ltr'>contagio</span> <span class='ocrx_word' id='word_1_158' title='bbox 1151 2268 1411 2339; x_wconf 60' lang='lat' dir='ltr'>paucula}</span> <span class='ocrx_word' id='word_1_159' title='bbox 1440 2286 1733 2325; x_wconf 81' lang='lat' dir='ltr'>ovcsmor-</span> 
     </span>
    </p>
   </div>
   <div class='ocr_carea' id='block_1_24' title="bbox 73 2358 1730 2431">
    <p class='ocr_par' dir='ltr' id='par_1_24' title="bbox 73 2358 1730 2431">
     <span class='ocr_line' id='line_1_24' title="bbox 73 2358 1730 2431; baseline -0.002 -15"><span class='ocrx_word' id='word_1_160' title='bbox 73 2360 225 2416; x_wconf 75' lang='lat' dir='ltr'>bida:</span> <span class='ocrx_word' id='word_1_161' title='bbox 250 2365 441 2415; x_wconf 87' lang='lat' dir='ltr'>totum</span> <span class='ocrx_word' id='word_1_162' title='bbox 467 2375 698 2431; x_wconf 86' lang='lat' dir='ltr'>gregem</span> <span class='ocrx_word' id='word_1_163' title='bbox 718 2358 1135 2423; x_wconf 79' lang='lat' dir='ltr'>contaminant,</span> <span class='ocrx_word' id='word_1_164' title='bbox 1163 2359 1300 2411; x_wconf 90' lang='lat' dir='ltr'>dum</span> <span class='ocrx_word' id='word_1_165' title='bbox 1318 2360 1578 2413; x_wconf 83' lang='lat' dir='ltr'>carnales</span> <span class='ocrx_word' id='word_1_166' title='bbox 1626 2359 1730 2413; x_wconf 87' lang='lat' dir='ltr'>ali-</span> 
     </span>
    </p>
   </div>
   <div class='ocr_carea' id='block_1_25' title="bbox 75 2446 1730 2522">
    <p class='ocr_par' dir='ltr' id='par_1_25' title="bbox 75 2446 1730 2522">
     <span class='ocr_line' id='line_1_25' title="bbox 75 2446 1730 2522; baseline -0.002 -17"><span class='ocrx_word' id='word_1_167' title='bbox 75 2451 174 2522; x_wconf 88' lang='lat' dir='ltr'>qui</span> <span class='ocrx_word' id='word_1_168' title='bbox 200 2448 411 2505; x_wconf 90' lang='lat' dir='ltr'>morbo</span> <span class='ocrx_word' id='word_1_169' title='bbox 434 2448 754 2503; x_wconf 68' lang='lat' dir='ltr'>ambitiosa:</span> <span class='ocrx_word' id='word_1_170' title='bbox 779 2446 1027 2502; x_wconf 67' lang='lat' dir='ltr'>avaritia:</span> <span class='ocrx_word' id='word_1_171' title='bbox 1065 2448 1285 2512; x_wconf 85' lang='lat' dir='ltr'>attacti,</span> <span class='ocrx_word' id='word_1_172' title='bbox 1321 2447 1534 2517; x_wconf 89' lang='lat' dir='ltr'>pabula</span> <span class='ocrx_word' id='word_1_173' title='bbox 1564 2447 1730 2503; x_wconf 67' lang='lat' dir='ltr'>coele-</span> 
     </span>
    </p>
   </div>
   <div class='ocr_carea' id='block_1_26' title="bbox 74 2534 1734 2607">
    <p class='ocr_par' dir='ltr' id='par_1_26' title="bbox 74 2534 1734 2607">
     <span class='ocr_line' id='line_1_26' title="bbox 74 2534 1734 2607; baseline -0.004 -12"><span class='ocrx_word' id='word_1_174' title='bbox 74 2538 183 2595; x_wconf 86' lang='lat' dir='ltr'>stis</span> <span class='ocrx_word' id='word_1_175' title='bbox 211 2535 493 2592; x_wconf 68' lang='lat' dir='ltr'>doctrinae</span> <span class='ocrx_word' id='word_1_176' title='bbox 519 2534 854 2599; x_wconf 86' lang='lat' dir='ltr'>fastidiunt,</span> <span class='ocrx_word' id='word_1_177' title='bbox 878 2535 930 2590; x_wconf 84' lang='lat' dir='ltr'>et</span> <span class='ocrx_word' id='word_1_178' title='bbox 978 2534 1159 2588; x_wconf 84' lang='lat' dir='ltr'>oculis</span> <span class='ocrx_word' id='word_1_179' title='bbox 1220 2540 1517 2605; x_wconf 83' lang='lat' dir='ltr'>pastorum</span> <span class='ocrx_word' id='word_1_180' title='bbox 1551 2553 1609 2589; x_wconf 85' lang='lat' dir='ltr'>se</span> <span class='ocrx_word' id='word_1_181' title='bbox 1633 2553 1734 2607; x_wconf 90' lang='lat' dir='ltr'>per</span> 
     </span>
    </p>
   </div>
   <div class='ocr_carea' id='block_1_27' title="bbox 80 2625 1728 2696">
    <p class='ocr_par' dir='ltr' id='par_1_27' title="bbox 80 2625 1728 2696">
     <span class='ocr_line' id='line_1_27' title="bbox 80 2625 1728 2696; baseline -0.002 -14"><span class='ocrx_word' id='word_1_182' title='bbox 80 2627 252 2683; x_wconf 86' lang='lat' dir='ltr'>devia</span> <span class='ocrx_word' id='word_1_183' title='bbox 273 2626 551 2680; x_wconf 90' lang='lat' dir='ltr'>vitiorum</span> <span class='ocrx_word' id='word_1_184' title='bbox 587 2625 885 2679; x_wconf 86' lang='lat' dir='ltr'>abducunt</span> <span class='ocrx_word' id='word_1_185' title='bbox 910 2628 965 2679; x_wconf 91' lang='lat' dir='ltr'>et</span> <span class='ocrx_word' id='word_1_186' title='bbox 995 2625 1379 2678; x_wconf 88' lang='lat' dir='ltr'>abscondunt.</span> <span class='ocrx_word' id='word_1_187' title='bbox 1432 2625 1728 2696; x_wconf 83' lang='lat' dir='ltr'>Quaprop-</span> 
     </span>
    </p>
   </div>
   <div class='ocr_carea' id='block_1_28' title="bbox 73 2712 1728 2784">
    <p class='ocr_par' dir='ltr' id='par_1_28' title="bbox 73 2712 1728 2784">
     <span class='ocr_line' id='line_1_28' title="bbox 73 2712 1728 2784; baseline -0.003 -12"><span class='ocrx_word' id='word_1_188' title='bbox 73 2721 161 2771; x_wconf 83' lang='lat' dir='ltr'>ter</span> <span class='ocrx_word' id='word_1_189' title='bbox 179 2734 213 2771; x_wconf 88' lang='lat' dir='ltr'>a</span> <span class='ocrx_word' id='word_1_190' title='bbox 236 2714 724 2769; x_wconf 89' lang='lat' dir='ltr'>latrocinantibus</span> <span class='ocrx_word' id='word_1_191' title='bbox 747 2712 1285 2777; x_wconf 88' lang='lat' dir='ltr'>Simoniacis,velut</span> <span class='ocrx_word' id='word_1_192' title='bbox 1308 2712 1574 2784; x_wconf 69' lang='lat' dir='ltr'>solivaga:</span> <span class='ocrx_word' id='word_1_193' title='bbox 1596 2731 1728 2768; x_wconf 83' lang='lat' dir='ltr'>oves</span> 
     </span>
    </p>
   </div>
   <div class='ocr_carea' id='block_1_29' title="bbox 75 2802 1730 2874">
    <p class='ocr_par' dir='ltr' id='par_1_29' title="bbox 75 2802 1730 2874">
     <span class='ocr_line' id='line_1_29' title="bbox 75 2802 1730 2874; baseline -0.001 -15"><span class='ocrx_word' id='word_1_194' title='bbox 75 2804 322 2869; x_wconf 85' lang='lat' dir='ltr'>inventi,</span> <span class='ocrx_word' id='word_1_195' title='bbox 345 2804 701 2873; x_wconf 89' lang='lat' dir='ltr'>quantocius</span> <span class='ocrx_word' id='word_1_196' title='bbox 726 2820 837 2874; x_wconf 72' lang='lat' dir='ltr'>prae</span> <span class='ocrx_word' id='word_1_197' title='bbox 866 2802 1163 2856; x_wconf 89' lang='lat' dir='ltr'>nimietate</span> <span class='ocrx_word' id='word_1_198' title='bbox 1184 2802 1367 2856; x_wconf 89' lang='lat' dir='ltr'>morbi</span> <span class='ocrx_word' id='word_1_199' title='bbox 1386 2803 1472 2857; x_wconf 88' lang='lat' dir='ltr'>sui</span> <span class='ocrx_word' id='word_1_200' title='bbox 1498 2819 1730 2857; x_wconf 90' lang='lat' dir='ltr'>concor-</span> 
     </span>
    </p>
   </div>
   <div class='ocr_carea' id='block_1_30' title="bbox 77 2890 1731 2959">
    <p class='ocr_par' dir='ltr' id='par_1_30' title="bbox 77 2890 1731 2959">
     <span class='ocr_line' id='line_1_30' title="bbox 77 2890 1731 2959; baseline -0.002 -10"><span class='ocrx_word' id='word_1_201' title='bbox 77 2894 223 2949; x_wconf 87' lang='lat' dir='ltr'>dant</span> <span class='ocrx_word' id='word_1_202' title='bbox 245 2908 453 2948; x_wconf 88' lang='lat' dir='ltr'>eorum</span> <span class='ocrx_word' id='word_1_203' title='bbox 478 2891 1063 2947; x_wconf 86' lang='lat' dir='ltr'>voluntati.0ccidere</span> <span class='ocrx_word' id='word_1_204' title='bbox 1082 2892 1238 2945; x_wconf 87' lang='lat' dir='ltr'>enim</span> <span class='ocrx_word' id='word_1_205' title='bbox 1262 2890 1458 2945; x_wconf 84' lang='lat' dir='ltr'>volunt</span> <span class='ocrx_word' id='word_1_206' title='bbox 1484 2891 1587 2959; x_wconf 90' lang='lat' dir='ltr'>illi,</span> <span class='ocrx_word' id='word_1_207' title='bbox 1616 2908 1731 2945; x_wconf 90' lang='lat' dir='ltr'>mo-</span> 
     </span>
    </p>
   </div>
   <div class='ocr_carea' id='block_1_31' title="bbox 78 2980 1728 3047">
    <p class='ocr_par' dir='ltr' id='par_1_31' title="bbox 78 2980 1728 3047">
     <span class='ocr_line' id='line_1_31' title="bbox 78 2980 1728 3047; baseline -0.001 -10"><span class='ocrx_word' id='word_1_208' title='bbox 78 2983 124 3037; x_wconf 94' lang='lat' dir='ltr'>ri</span> <span class='ocrx_word' id='word_1_209' title='bbox 160 2983 279 3037; x_wconf 88' lang='lat' dir='ltr'>isti.</span> <span class='ocrx_word' id='word_1_210' title='bbox 316 2984 599 3047; x_wconf 75' lang='lat' dir='ltr'>Qumrunt</span> <span class='ocrx_word' id='word_1_211' title='bbox 631 2980 713 3034; x_wconf 89' lang='lat' dir='ltr'>illi</span> <span class='ocrx_word' id='word_1_212' title='bbox 746 2980 1091 3046; x_wconf 83' lang='lat' dir='ltr'>interﬁcere,</span> <span class='ocrx_word' id='word_1_213' title='bbox 1128 2980 1225 3034; x_wconf 90' lang='lat' dir='ltr'>isti</span> <span class='ocrx_word' id='word_1_214' title='bbox 1260 2997 1373 3034; x_wconf 91' lang='lat' dir='ltr'>non</span> <span class='ocrx_word' id='word_1_215' title='bbox 1407 2981 1613 3035; x_wconf 89' lang='lat' dir='ltr'>vivere.</span> <span class='ocrx_word' id='word_1_216' title='bbox 1647 2981 1728 3035; x_wconf 89' lang='lat' dir='ltr'>Illi</span> 
     </span>
    </p>
   </div>
   <div class='ocr_carea' id='block_1_32' title="bbox 78 3068 1728 3143">
    <p class='ocr_par' dir='ltr' id='par_1_32' title="bbox 78 3068 1728 3143">
     <span class='ocr_line' id='line_1_32' title="bbox 78 3068 1728 3143; baseline -0.001 -18"><span class='ocrx_word' id='word_1_217' title='bbox 78 3072 341 3143; x_wconf 88' lang='lat' dir='ltr'>perdere,</span> <span class='ocrx_word' id='word_1_218' title='bbox 370 3069 464 3123; x_wconf 91' lang='lat' dir='ltr'>isti</span> <span class='ocrx_word' id='word_1_219' title='bbox 499 3069 705 3141; x_wconf 89' lang='lat' dir='ltr'>perire.</span> <span class='ocrx_word' id='word_1_220' title='bbox 736 3069 828 3123; x_wconf 88' lang='lat' dir='ltr'>Sic</span> <span class='ocrx_word' id='word_1_221' title='bbox 855 3068 933 3122; x_wconf 90' lang='lat' dir='ltr'>illi</span> <span class='ocrx_word' id='word_1_222' title='bbox 960 3072 1015 3124; x_wconf 89' lang='lat' dir='ltr'>et</span> <span class='ocrx_word' id='word_1_223' title='bbox 1056 3069 1150 3123; x_wconf 81' lang='lat' dir='ltr'>isti</span> <span class='ocrx_word' id='word_1_224' title='bbox 1188 3076 1237 3122; x_wconf 88' lang='lat' dir='ltr'>et</span> <span class='ocrx_word' id='word_1_225' title='bbox 1274 3070 1343 3123; x_wconf 87' lang='lat' dir='ltr'>ad</span> <span class='ocrx_word' id='word_1_226' title='bbox 1402 3087 1569 3124; x_wconf 89' lang='lat' dir='ltr'>suam</span> <span class='ocrx_word' id='word_1_227' title='bbox 1604 3087 1728 3140; x_wconf 87' lang='lat' dir='ltr'>per-</span> 
     </span>
    </p>
   </div>
   <div class='ocr_carea' id='block_1_33' title="bbox 77 3157 1726 3228">
    <p class='ocr_par' dir='ltr' id='par_1_33' title="bbox 77 3157 1726 3228">
     <span class='ocr_line' id='line_1_33' title="bbox 77 3157 1726 3228; baseline -0.003 -13"><span class='ocrx_word' id='word_1_228' title='bbox 77 3160 390 3225; x_wconf 88' lang='lat' dir='ltr'>ditionem,</span> <span class='ocrx_word' id='word_1_229' title='bbox 415 3163 472 3213; x_wconf 90' lang='lat' dir='ltr'>et</span> <span class='ocrx_word' id='word_1_230' title='bbox 494 3158 671 3212; x_wconf 90' lang='lat' dir='ltr'>totius</span> <span class='ocrx_word' id='word_1_231' title='bbox 714 3157 976 3212; x_wconf 67' lang='lat' dir='ltr'>Ecclesia:</span> <span class='ocrx_word' id='word_1_232' title='bbox 1001 3157 1337 3228; x_wconf 84' lang='lat' dir='ltr'>contagium</span> <span class='ocrx_word' id='word_1_233' title='bbox 1390 3158 1461 3211; x_wconf 88' lang='lat' dir='ltr'>de</span> <span class='ocrx_word' id='word_1_234' title='bbox 1510 3158 1726 3228; x_wconf 87' lang='lat' dir='ltr'>Spiritu</span> 
     </span>
    </p>
   </div>
   <div class='ocr_carea' id='block_1_34' title="bbox 77 3246 1731 3315">
    <p class='ocr_par' dir='ltr' id='par_1_34' title="bbox 77 3246 1731 3315">
     <span class='ocr_line' id='line_1_34' title="bbox 77 3246 1731 3315; baseline -0.002 -11"><span class='ocrx_word' id='word_1_235' title='bbox 77 3254 276 3304; x_wconf 89' lang='lat' dir='ltr'>sancto</span> <span class='ocrx_word' id='word_1_236' title='bbox 307 3247 542 3303; x_wconf 89' lang='lat' dir='ltr'>carnale</span> <span class='ocrx_word' id='word_1_237' title='bbox 574 3246 659 3303; x_wconf 86' lang='lat' dir='ltr'>vel</span> <span class='ocrx_word' id='word_1_238' title='bbox 694 3246 966 3301; x_wconf 71' lang='lat' dir='ltr'>smrulare</span> <span class='ocrx_word' id='word_1_239' title='bbox 1016 3248 1345 3315; x_wconf 81' lang='lat' dir='ltr'>excogitant</span> <span class='ocrx_word' id='word_1_240' title='bbox 1396 3251 1452 3300; x_wconf 88' lang='lat' dir='ltr'>et</span> <span class='ocrx_word' id='word_1_241' title='bbox 1510 3246 1731 3301; x_wconf 80' lang='lat' dir='ltr'>faciunt</span> 
     </span>
    </p>
   </div>
   <div class='ocr_carea' id='block_1_35' title="bbox 1840 672 3486 745">
    <p class='ocr_par' dir='ltr' id='par_1_35' title="bbox 1840 672 3486 745">
     <span class='ocr_line' id='line_1_35' title="bbox 1840 672 3486 745; baseline 0.001 -18"><span class='ocrx_word' id='word_1_242' title='bbox 1840 689 1942 743; x_wconf 90' lang='lat' dir='ltr'>per</span> <span class='ocrx_word' id='word_1_243' title='bbox 1970 672 2239 729; x_wconf 89' lang='lat' dir='ltr'>inimicos</span> <span class='ocrx_word' id='word_1_244' title='bbox 2269 690 2409 729; x_wconf 90' lang='lat' dir='ltr'>suos</span> <span class='ocrx_word' id='word_1_245' title='bbox 2441 672 3120 745; x_wconf 86' lang='lat' dir='ltr'>cont&#39;ortabitur,quibus</span> <span class='ocrx_word' id='word_1_246' title='bbox 3146 676 3288 729; x_wconf 91' lang='lat' dir='ltr'>tunc</span> <span class='ocrx_word' id='word_1_247' title='bbox 3310 672 3486 730; x_wconf 87' lang='lat' dir='ltr'>dicet:</span> 
     </span>
    </p>
   </div>
   <div class='ocr_carea' id='block_1_36' title="bbox 1840 761 3492 835">
    <p class='ocr_par' dir='ltr' id='par_1_36' title="bbox 1840 761 3492 835">
     <span class='ocr_line' id='line_1_36' title="bbox 1840 761 3492 835; baseline 0.003 -20"><span class='ocrx_word' id='word_1_248' title='bbox 1840 761 2014 816; x_wconf 87' lang='lat' dir='ltr'>Tacui</span> <span class='ocrx_word' id='word_1_249' title='bbox 2048 779 2301 834; x_wconf 88' lang='lat' dir='ltr'>semper,</span> <span class='ocrx_word' id='word_1_250' title='bbox 2337 762 2496 828; x_wconf 88' lang='lat' dir='ltr'>silui,</span> <span class='ocrx_word' id='word_1_251' title='bbox 2531 762 2761 835; x_wconf 89' lang='lat' dir='ltr'>patiens</span> <span class='ocrx_word' id='word_1_252' title='bbox 2804 762 2906 829; x_wconf 85' lang='lat' dir='ltr'>fui,</span> <span class='ocrx_word' id='word_1_253' title='bbox 2960 761 3112 817; x_wconf 88' lang='lat' dir='ltr'>sicut</span> <span class='ocrx_word' id='word_1_254' title='bbox 3160 762 3492 834; x_wconf 87' lang='lat' dir='ltr'>parturiens</span> 
     </span>
    </p>
   </div>
   <div class='ocr_carea' id='block_1_37' title="bbox 1842 849 3486 923">
    <p class='ocr_par' dir='ltr' id='par_1_37' title="bbox 1842 849 3486 923">
     <span class='ocr_line' id='line_1_37' title="bbox 1842 849 3486 923; baseline 0.002 -19"><span class='ocrx_word' id='word_1_255' title='bbox 1842 849 2086 922; x_wconf 89' lang='lat' dir='ltr'>loquar;</span> <span class='ocrx_word' id='word_1_256' title='bbox 2111 851 2229 906; x_wconf 72' lang='lat' dir='ltr'>hazc</span> <span class='ocrx_word' id='word_1_257' title='bbox 2252 854 2407 906; x_wconf 89' lang='lat' dir='ltr'>enim</span> <span class='ocrx_word' id='word_1_258' title='bbox 2435 851 2678 917; x_wconf 75' lang='lat' dir='ltr'>fecistis,</span> <span class='ocrx_word' id='word_1_259' title='bbox 2712 854 2771 906; x_wconf 93' lang='lat' dir='ltr'>et</span> <span class='ocrx_word' id='word_1_260' title='bbox 2799 850 2953 906; x_wconf 85' lang='lat' dir='ltr'>tacui</span> <span class='ocrx_word' id='word_1_261' title='bbox 2977 851 3147 922; x_wconf 72' lang='lat' dir='ltr'>(Paul.</span> <span class='ocrx_word' id='word_1_262' title='bbox 3175 869 3324 917; x_wconf 73' lang='lat' dir='ltr'>nix,</span> <span class='ocrx_word' id='word_1_263' title='bbox 3376 852 3486 923; x_wconf 87' lang='lat'>20).</span> 
     </span>
    </p>
   </div>
   <div class='ocr_carea' id='block_1_38' title="bbox 1842 938 3486 1012">
    <p class='ocr_par' dir='ltr' id='par_1_38' title="bbox 1842 938 3486 1012">
     <span class='ocr_line' id='line_1_38' title="bbox 1842 938 3486 1012; baseline 0.001 -18"><span class='ocrx_word' id='word_1_264' title='bbox 1842 938 2003 994; x_wconf 88' lang='lat' dir='ltr'>Unde</span> <span class='ocrx_word' id='word_1_265' title='bbox 2032 940 2168 1011; x_wconf 87' lang='lat' dir='ltr'>quia</span> <span class='ocrx_word' id='word_1_266' title='bbox 2190 939 2466 1011; x_wconf 87' lang='lat' dir='ltr'>paulatim</span> <span class='ocrx_word' id='word_1_267' title='bbox 2518 945 2573 995; x_wconf 92' lang='lat' dir='ltr'>et</span> <span class='ocrx_word' id='word_1_268' title='bbox 2595 940 2834 1012; x_wconf 61' lang='lat' dir='ltr'>partim~</span> <span class='ocrx_word' id='word_1_269' title='bbox 2862 939 3201 1012; x_wconf 87' lang='lat' dir='ltr'>dissipastis</span> <span class='ocrx_word' id='word_1_270' title='bbox 3248 955 3486 1012; x_wconf 82' lang='lat' dir='ltr'>gregem</span> 
     </span>
    </p>
   </div>
   <div class='ocr_carea' id='block_1_39' title="bbox 1844 1028 3487 1100">
    <p class='ocr_par' dir='ltr' id='par_1_39' title="bbox 1844 1028 3487 1100">
     <span class='ocr_line' id='line_1_39' title="bbox 1844 1028 3487 1100; baseline 0.001 -18"><span class='ocrx_word' id='word_1_271' title='bbox 1844 1044 2060 1096; x_wconf 89' lang='lat' dir='ltr'>meum,</span> <span class='ocrx_word' id='word_1_272' title='bbox 2091 1032 2147 1083; x_wconf 90' lang='lat' dir='ltr'>et</span> <span class='ocrx_word' id='word_1_273' title='bbox 2177 1029 2580 1096; x_wconf 86' lang='lat' dir='ltr'>absorbuistis,</span> <span class='ocrx_word' id='word_1_274' title='bbox 2614 1028 2913 1100; x_wconf 88' lang='lat' dir='ltr'>dissipabo</span> <span class='ocrx_word' id='word_1_275' title='bbox 2943 1046 3065 1095; x_wconf 90' lang='lat' dir='ltr'>vos,</span> <span class='ocrx_word' id='word_1_276' title='bbox 3098 1032 3156 1084; x_wconf 91' lang='lat' dir='ltr'>et</span> <span class='ocrx_word' id='word_1_277' title='bbox 3212 1029 3487 1085; x_wconf 85' lang='lat' dir='ltr'>absorbe-</span> 
     </span>
    </p>
   </div>
   <div class='ocr_carea' id='block_1_40' title="bbox 1845 1115 2145 1171">
    <p class='ocr_par' dir='ltr' id='par_1_40' title="bbox 1845 1115 2145 1171">
     <span class='ocr_line' id='line_1_40' title="bbox 1845 1115 2145 1171; baseline -0.003 0"><span class='ocrx_word' id='word_1_278' title='bbox 1845 1116 1916 1171; x_wconf 94' lang='lat' dir='ltr'>bo</span> <span class='ocrx_word' id='word_1_279' title='bbox 1948 1115 2145 1171; x_wconf 91' lang='lat' dir='ltr'>simul.</span> 
     </span>
    </p>
   </div>
   <div class='ocr_carea' id='block_1_41' title="bbox 2426 1206 2894 1263">
    <p class='ocr_par' dir='ltr' id='par_1_41' title="bbox 2426 1206 2894 1263">
     <span class='ocr_line' id='line_1_41' title="bbox 2426 1206 2894 1263; baseline 0.002 -3"><span class='ocrx_word' id='word_1_280' title='bbox 2426 1206 2660 1263; x_wconf 81' lang='lat' dir='ltr'>CAPUT</span> <span class='ocrx_word' id='word_1_281' title='bbox 2698 1207 2894 1262; x_wconf 81' lang='lat' dir='ltr'>XXXI.</span> 
     </span>
    </p>
   </div>
   <div class='ocr_carea' id='block_1_42' title="bbox 1843 1293 3478 1422">
    <p class='ocr_par' dir='ltr' id='par_1_42' title="bbox 1843 1293 3478 1422">
     <span class='ocr_line' id='line_1_42' title="bbox 1843 1293 3478 1422; baseline 0.002 -74"><span class='ocrx_word' id='word_1_282' title='bbox 1843 1295 1919 1348; x_wconf 83' lang='lat' dir='ltr'>De</span> <span class='ocrx_word' id='word_1_283' title='bbox 1947 1295 2165 1349; x_wconf 71' lang='lat' dir='ltr'>malitia</span> <span class='ocrx_word' id='word_1_284' title='bbox 2195 1293 2652 1378; x_wconf 54' lang='lat' dir='ltr'>Simoniacorym.</span> <span class='ocrx_word' id='word_1_285' title='bbox 2685 1299 2734 1378; x_wconf 72' lang='lat' dir='ltr'>et</span> <span class='ocrx_word' id='word_1_286' title='bbox 2765 1295 2903 1366; x_wconf 83' lang='lat' dir='ltr'>quod</span> <span class='ocrx_word' id='word_1_287' title='bbox 2909 1296 3137 1422; x_wconf 54' lang='grc' dir='ltr'>ίίζήονιξδ</span> <span class='ocrx_word' id='word_1_288' title='bbox 3166 1298 3279 1351; x_wconf 78' lang='lat' dir='ltr'>sint</span> <span class='ocrx_word' id='word_1_289' title='bbox 3310 1296 3478 1353; x_wconf 82' lang='lat' dir='ltr'>latro-</span> 
     </span>
     <span class='ocr_line' id='line_1_43' title="bbox 2199 1367 3121 1422; baseline 0.003 -3"><span class='ocrx_word' id='word_1_290' title='bbox 2199 1368 2387 1422; x_wconf 71' lang='lat' dir='ltr'>nibus.</span> <span class='ocrx_word' id='word_1_291' title='bbox 2419 1370 2467 1420; x_wconf 81' lang='lat' dir='ltr'>et-</span> <span class='ocrx_word' id='word_1_292' title='bbox 2496 1383 2616 1421; x_wconf 77' lang='lat' dir='ltr'>smc</span> <span class='ocrx_word' id='word_1_293' title='bbox 2646 1368 2837 1422; x_wconf 79' lang='lat' dir='ltr'>alzaua</span> <span class='ocrx_word' id='word_1_294' title='bbox 2872 1367 2905 1422; x_wconf 86' lang='lat' dir='ltr'>ﬁ</span> <span class='ocrx_word' id='word_1_295' title='bbox 3004 1369 3121 1422; x_wconf 73' lang='lat' dir='ltr'>Det.</span> 
     </span>
    </p>
   </div>
   <div class='ocr_carea' id='block_1_43' title="bbox 2199 1367 3121 1437">
    <p class='ocr_par' dir='ltr' id='par_1_43' title="bbox 2199 1367 3121 1437">
     <span class='ocr_line' id='line_1_44' title="bbox 2199 1367 3121 1437; baseline 0.003 -18"><span class='ocrx_word' id='word_1_296' title='bbox 2199 1367 2387 1431; x_wconf 79' lang='lat' dir='ltr'>nibus,</span> <span class='ocrx_word' id='word_1_297' title='bbox 2419 1370 2467 1420; x_wconf 81' lang='lat' dir='ltr'>et-</span> <span class='ocrx_word' id='word_1_298' title='bbox 2496 1369 2616 1421; x_wconf 77' lang='lat' dir='ltr'>sinc</span> <span class='ocrx_word' id='word_1_299' title='bbox 2646 1368 2837 1437; x_wconf 83' lang='lat' dir='ltr'>aliqua</span> <span class='ocrx_word' id='word_1_300' title='bbox 2870 1367 2972 1435; x_wconf 83' lang='lat' dir='ltr'>ﬁde</span> <span class='ocrx_word' id='word_1_301' title='bbox 3004 1369 3121 1423; x_wconf 80' lang='lat' dir='ltr'>Dei.</span> 
     </span>
    </p>
   </div>
   <div class='ocr_carea' id='block_1_44' title="bbox 1916 1471 3484 1544">
    <p class='ocr_par' dir='ltr' id='par_1_44' title="bbox 1916 1471 3484 1544">
     <span class='ocr_line' id='line_1_45' title="bbox 1916 1471 3484 1544; baseline 0.002 -20"><span class='ocrx_word' id='word_1_302' title='bbox 1916 1471 2211 1526; x_wconf 82' lang='lat' dir='ltr'>Adversus</span> <span class='ocrx_word' id='word_1_303' title='bbox 2235 1488 2381 1542; x_wconf 83' lang='lat' dir='ltr'>quos</span> <span class='ocrx_word' id='word_1_304' title='bbox 2404 1471 2580 1526; x_wconf 85' lang='lat' dir='ltr'>falsos</span> <span class='ocrx_word' id='word_1_305' title='bbox 2604 1476 2802 1537; x_wconf 89' lang='lat' dir='ltr'>testes,</span> <span class='ocrx_word' id='word_1_306' title='bbox 2823 1473 3108 1543; x_wconf 86' lang='lat' dir='ltr'>quosjam</span> <span class='ocrx_word' id='word_1_307' title='bbox 3145 1471 3484 1544; x_wconf 87' lang='lat' dir='ltr'>impassibi-</span> 
     </span>
    </p>
   </div>
   <div class='ocr_carea' id='block_1_45' title="bbox 1843 1558 3487 1632">
    <p class='ocr_par' dir='ltr' id='par_1_45' title="bbox 1843 1558 3487 1632">
     <span class='ocr_line' id='line_1_46' title="bbox 1843 1558 3487 1632; baseline 0.001 -18"><span class='ocrx_word' id='word_1_308' title='bbox 1843 1558 1916 1615; x_wconf 91' lang='lat' dir='ltr'>lis</span> <span class='ocrx_word' id='word_1_309' title='bbox 1940 1561 2133 1630; x_wconf 85' lang='lat' dir='ltr'>Jesus,</span> <span class='ocrx_word' id='word_1_310' title='bbox 2158 1561 2256 1616; x_wconf 90' lang='lat' dir='ltr'>sed</span> <span class='ocrx_word' id='word_1_311' title='bbox 2280 1560 2472 1615; x_wconf 89' lang='lat' dir='ltr'>adhuc</span> <span class='ocrx_word' id='word_1_312' title='bbox 2494 1559 2643 1617; x_wconf 90' lang='lat' dir='ltr'>tales</span> <span class='ocrx_word' id='word_1_313' title='bbox 2668 1561 2891 1632; x_wconf 88' lang='lat' dir='ltr'>patiens</span> <span class='ocrx_word' id='word_1_314' title='bbox 2914 1560 2972 1614; x_wconf 91' lang='lat' dir='ltr'>in</span> <span class='ocrx_word' id='word_1_315' title='bbox 2997 1561 3487 1632; x_wconf 83' lang='lat' dir='ltr'>passionibusEc-</span> 
     </span>
    </p>
   </div>
   <div class='ocr_carea' id='block_1_46' title="bbox 1841 1649 3489 1722">
    <p class='ocr_par' dir='ltr' id='par_1_46' title="bbox 1841 1649 3489 1722">
     <span class='ocr_line' id='line_1_47' title="bbox 1841 1649 3489 1722; baseline 0.001 -19"><span class='ocrx_word' id='word_1_316' title='bbox 1841 1649 2029 1704; x_wconf 72' lang='lat' dir='ltr'>clesiae</span> <span class='ocrx_word' id='word_1_317' title='bbox 2053 1668 2191 1713; x_wconf 70' lang='lat' dir='ltr'>sum,</span> <span class='ocrx_word' id='word_1_318' title='bbox 2218 1649 2420 1721; x_wconf 85' lang='lat' dir='ltr'>quales</span> <span class='ocrx_word' id='word_1_319' title='bbox 2453 1650 2616 1722; x_wconf 90' lang='lat' dir='ltr'>prius</span> <span class='ocrx_word' id='word_1_320' title='bbox 2639 1666 2852 1721; x_wconf 88' lang='lat' dir='ltr'>passus</span> <span class='ocrx_word' id='word_1_321' title='bbox 2888 1653 2995 1716; x_wconf 90' lang='lat' dir='ltr'>est,</span> <span class='ocrx_word' id='word_1_322' title='bbox 3028 1649 3088 1703; x_wconf 91' lang='lat' dir='ltr'>in</span> <span class='ocrx_word' id='word_1_323' title='bbox 3112 1666 3173 1704; x_wconf 92' lang='lat' dir='ltr'>se</span> <span class='ocrx_word' id='word_1_324' title='bbox 3216 1649 3489 1721; x_wconf 87' lang='lat' dir='ltr'>interpel-</span> 
     </span>
    </p>
   </div>
   <div class='ocr_carea' id='block_1_47' title="bbox 1842 1736 3494 1809">
    <p class='ocr_par' dir='ltr' id='par_1_47' title="bbox 1842 1736 3494 1809">
     <span class='ocr_line' id='line_1_48' title="bbox 1842 1736 3494 1809; baseline 0.002 -18"><span class='ocrx_word' id='word_1_325' title='bbox 1842 1736 1922 1792; x_wconf 89' lang='lat' dir='ltr'>lat</span> <span class='ocrx_word' id='word_1_326' title='bbox 1940 1739 2189 1805; x_wconf 87' lang='lat' dir='ltr'>Patrem,</span> <span class='ocrx_word' id='word_1_327' title='bbox 2214 1739 2413 1793; x_wconf 90' lang='lat' dir='ltr'>dicens</span> <span class='ocrx_word' id='word_1_328' title='bbox 2436 1755 2539 1809; x_wconf 91' lang='lat' dir='ltr'>per</span> <span class='ocrx_word' id='word_1_329' title='bbox 2555 1737 2930 1793; x_wconf 86' lang='lat' dir='ltr'>Psalmistam</span> <span class='ocrx_word' id='word_1_330' title='bbox 2959 1755 2972 1793; x_wconf 89' lang='lat'>:</span> <span class='ocrx_word' id='word_1_331' title='bbox 3000 1762 3026 1787; x_wconf 91' lang='grc'><strong><em>‹‹</em></strong></span> <span class='ocrx_word' id='word_1_332' title='bbox 3051 1738 3133 1794; x_wconf 89' lang='lat' dir='ltr'>Ne</span> <span class='ocrx_word' id='word_1_333' title='bbox 3181 1738 3494 1794; x_wconf 86' lang='lat' dir='ltr'>tradideris</span> 
     </span>
    </p>
   </div>
   <div class='ocr_carea' id='block_1_48' title="bbox 1842 1826 3493 1899">
    <p class='ocr_par' dir='ltr' id='par_1_48' title="bbox 1842 1826 3493 1899">
     <span class='ocr_line' id='line_1_49' title="bbox 1842 1826 3493 1899; baseline 0.001 -18"><span class='ocrx_word' id='word_1_334' title='bbox 1842 1843 1933 1882; x_wconf 90' lang='lat' dir='ltr'>me</span> <span class='ocrx_word' id='word_1_335' title='bbox 1961 1828 2015 1881; x_wconf 90' lang='lat' dir='ltr'>in</span> <span class='ocrx_word' id='word_1_336' title='bbox 2042 1828 2267 1882; x_wconf 89' lang='lat' dir='ltr'>animas</span> <span class='ocrx_word' id='word_1_337' title='bbox 2292 1826 2766 1899; x_wconf 88' lang='lat' dir='ltr'>persequentium</span> <span class='ocrx_word' id='word_1_338' title='bbox 2793 1828 3055 1898; x_wconf 90' lang='lat' dir='ltr'>me,quia</span> <span class='ocrx_word' id='word_1_339' title='bbox 3078 1828 3493 1883; x_wconf 83' lang='lat' dir='ltr'>insurexerunt</span> 
     </span>
    </p>
   </div>
   <div class='ocr_carea' id='block_1_49' title="bbox 1841 1914 3486 1988">
    <p class='ocr_par' dir='ltr' id='par_1_49' title="bbox 1841 1914 3486 1988">
     <span class='ocr_line' id='line_1_50' title="bbox 1841 1914 3486 1988; baseline 0.001 -19"><span class='ocrx_word' id='word_1_340' title='bbox 1841 1914 1900 1970; x_wconf 93' lang='lat' dir='ltr'>in</span> <span class='ocrx_word' id='word_1_341' title='bbox 1926 1933 2017 1970; x_wconf 90' lang='lat' dir='ltr'>me</span> <span class='ocrx_word' id='word_1_342' title='bbox 2038 1921 2212 1972; x_wconf 90' lang='lat' dir='ltr'>testes</span> <span class='ocrx_word' id='word_1_343' title='bbox 2231 1916 2500 1988; x_wconf 89' lang='lat' dir='ltr'>iniqui,et</span> <span class='ocrx_word' id='word_1_344' title='bbox 2522 1915 2764 1971; x_wconf 91' lang='lat' dir='ltr'>mentita</span> <span class='ocrx_word' id='word_1_345' title='bbox 2782 1920 2870 1971; x_wconf 91' lang='lat' dir='ltr'>est</span> <span class='ocrx_word' id='word_1_346' title='bbox 2886 1915 3294 1988; x_wconf 87' lang='lat' dir='ltr'>iniquitassibi</span> <span class='ocrx_word' id='word_1_347' title='bbox 3316 1916 3486 1987; x_wconf 81' lang='lat' dir='ltr'>(Psal.</span> 
     </span>
    </p>
   </div>
   <div class='ocr_carea' id='block_1_50' title="bbox 1843 2004 3485 2076">
    <p class='ocr_par' dir='ltr' id='par_1_50' title="bbox 1843 2004 3485 2076">
     <span class='ocr_line' id='line_1_51' title="bbox 1843 2004 3485 2076; baseline 0 -17"><span class='ocrx_word' id='word_1_348' title='bbox 1843 2022 1995 2069; x_wconf 78' lang='lat' dir='ltr'>xxvr,</span> <span class='ocrx_word' id='word_1_349' title='bbox 2026 2006 2132 2075; x_wconf 83' lang='lat' dir='ltr'>l2).</span> <span class='ocrx_word' id='word_1_350' title='bbox 2171 2028 2197 2053; x_wconf 87' lang='grc'><strong>››</strong></span> <span class='ocrx_word' id='word_1_351' title='bbox 2231 2007 2385 2070; x_wconf 90' lang='lat' dir='ltr'>Quos</span> <span class='ocrx_word' id='word_1_352' title='bbox 2444 2005 2910 2076; x_wconf 89' lang='lat' dir='ltr'>quantulamque</span> <span class='ocrx_word' id='word_1_353' title='bbox 2967 2004 3280 2060; x_wconf 88' lang='lat' dir='ltr'>scintillam</span> <span class='ocrx_word' id='word_1_354' title='bbox 3308 2004 3485 2060; x_wconf 86' lang='lat' dir='ltr'>dilec-</span> 
     </span>
    </p>
   </div>
   <div class='ocr_carea' id='block_1_51' title="bbox 1842 2093 3480 2166">
    <p class='ocr_par' dir='ltr' id='par_1_51' title="bbox 1842 2093 3480 2166">
     <span class='ocr_line' id='line_1_52' title="bbox 1842 2093 3480 2166; baseline 0.001 -20"><span class='ocrx_word' id='word_1_355' title='bbox 1842 2094 2021 2148; x_wconf 89' lang='lat' dir='ltr'>tionis</span> <span class='ocrx_word' id='word_1_356' title='bbox 2060 2095 2176 2160; x_wconf 90' lang='lat' dir='ltr'>Dei,</span> <span class='ocrx_word' id='word_1_357' title='bbox 2210 2099 2266 2148; x_wconf 91' lang='lat' dir='ltr'>et</span> <span class='ocrx_word' id='word_1_358' title='bbox 2299 2094 2545 2166; x_wconf 82' lang='lat' dir='ltr'>proximi</span> <span class='ocrx_word' id='word_1_359' title='bbox 2581 2098 2868 2149; x_wconf 88' lang='lat' dir='ltr'>retentare</span> <span class='ocrx_word' id='word_1_360' title='bbox 2915 2093 3163 2165; x_wconf 88' lang='lat' dir='ltr'>impium</span> <span class='ocrx_word' id='word_1_361' title='bbox 3221 2097 3310 2149; x_wconf 89' lang='lat' dir='ltr'>est</span> <span class='ocrx_word' id='word_1_362' title='bbox 3358 2109 3480 2149; x_wconf 90' lang='lat' dir='ltr'>cre-</span> 
     </span>
    </p>
   </div>
   <div class='ocr_carea' id='block_1_52' title="bbox 1844 2181 3483 2255">
    <p class='ocr_par' dir='ltr' id='par_1_52' title="bbox 1844 2181 3483 2255">
     <span class='ocr_line' id='line_1_53' title="bbox 1844 2181 3483 2255; baseline 0.001 -19"><span class='ocrx_word' id='word_1_363' title='bbox 1844 2182 1996 2237; x_wconf 89' lang='lat' dir='ltr'>dere.</span> <span class='ocrx_word' id='word_1_364' title='bbox 2035 2182 2267 2237; x_wconf 83' lang='lat' dir='ltr'>Dilectio</span> <span class='ocrx_word' id='word_1_365' title='bbox 2299 2183 2455 2237; x_wconf 90' lang='lat' dir='ltr'>enim</span> <span class='ocrx_word' id='word_1_366' title='bbox 2480 2182 2582 2237; x_wconf 93' lang='lat' dir='ltr'>Dei</span> <span class='ocrx_word' id='word_1_367' title='bbox 2608 2189 2664 2237; x_wconf 91' lang='lat' dir='ltr'>et</span> <span class='ocrx_word' id='word_1_368' title='bbox 2694 2183 2940 2255; x_wconf 84' lang='lat' dir='ltr'>proximi</span> <span class='ocrx_word' id='word_1_369' title='bbox 2974 2181 3207 2255; x_wconf 90' lang='lat' dir='ltr'>propria</span> <span class='ocrx_word' id='word_1_370' title='bbox 3236 2186 3290 2238; x_wconf 88' lang='lat' dir='ltr'>et</span> <span class='ocrx_word' id='word_1_371' title='bbox 3347 2198 3483 2254; x_wconf 88' lang='lat' dir='ltr'>spe-</span> 
     </span>
    </p>
   </div>
   <div class='ocr_carea' id='block_1_53' title="bbox 1844 2271 3485 2344">
    <p class='ocr_par' dir='ltr' id='par_1_53' title="bbox 1844 2271 3485 2344">
     <span class='ocr_line' id='line_1_54' title="bbox 1844 2271 3485 2344; baseline -0.001 -18"><span class='ocrx_word' id='word_1_372' title='bbox 1844 2271 2005 2326; x_wconf 91' lang='lat' dir='ltr'>cialis</span> <span class='ocrx_word' id='word_1_373' title='bbox 2049 2271 2231 2327; x_wconf 90' lang='lat' dir='ltr'>virtus</span> <span class='ocrx_word' id='word_1_374' title='bbox 2282 2278 2369 2327; x_wconf 89' lang='lat' dir='ltr'>est</span> <span class='ocrx_word' id='word_1_375' title='bbox 2426 2271 2654 2343; x_wconf 89' lang='lat' dir='ltr'>piorum</span> <span class='ocrx_word' id='word_1_376' title='bbox 2714 2277 2889 2344; x_wconf 90' lang='lat' dir='ltr'>atque</span> <span class='ocrx_word' id='word_1_377' title='bbox 2935 2276 3292 2338; x_wconf 82' lang='lat' dir='ltr'>sanctorum,</span> <span class='ocrx_word' id='word_1_378' title='bbox 3349 2287 3485 2326; x_wconf 88' lang='lat' dir='ltr'>cum</span> 
     </span>
    </p>
   </div>
   <div class='ocr_carea' id='block_1_54' title="bbox 1844 2360 3486 2432">
    <p class='ocr_par' dir='ltr' id='par_1_54' title="bbox 1844 2360 3486 2432">
     <span class='ocr_line' id='line_1_55' title="bbox 1844 2360 3486 2432; baseline 0.001 -18"><span class='ocrx_word' id='word_1_379' title='bbox 1844 2364 2058 2415; x_wconf 59' lang='lat' dir='ltr'>caetera:</span> <span class='ocrx_word' id='word_1_380' title='bbox 2090 2361 2336 2415; x_wconf 83' lang='lat' dir='ltr'>virtutes</span> <span class='ocrx_word' id='word_1_381' title='bbox 2367 2360 2537 2415; x_wconf 89' lang='lat' dir='ltr'>bonis</span> <span class='ocrx_word' id='word_1_382' title='bbox 2570 2377 2635 2415; x_wconf 90' lang='lat' dir='ltr'>ac</span> <span class='ocrx_word' id='word_1_383' title='bbox 2666 2360 2837 2415; x_wconf 90' lang='lat' dir='ltr'>malis</span> <span class='ocrx_word' id='word_1_384' title='bbox 2872 2360 3100 2432; x_wconf 88' lang='lat' dir='ltr'>possint</span> <span class='ocrx_word' id='word_1_385' title='bbox 3154 2376 3282 2415; x_wconf 85' lang='lat' dir='ltr'>esse</span> <span class='ocrx_word' id='word_1_386' title='bbox 3331 2377 3486 2423; x_wconf 90' lang='lat' dir='ltr'>com-</span> 
     </span>
    </p>
   </div>
   <div class='ocr_carea' id='block_1_55' title="bbox 1844 2447 3491 2520">
    <p class='ocr_par' dir='ltr' id='par_1_55' title="bbox 1844 2447 3491 2520">
     <span class='ocr_line' id='line_1_56' title="bbox 1844 2447 3491 2520; baseline -0.001 -17"><span class='ocrx_word' id='word_1_387' title='bbox 1844 2465 2075 2515; x_wconf 90' lang='lat' dir='ltr'>munes,</span> <span class='ocrx_word' id='word_1_388' title='bbox 2109 2465 2237 2519; x_wconf 63' lang='lat' dir='ltr'>quae</span> <span class='ocrx_word' id='word_1_389' title='bbox 2264 2448 2518 2520; x_wconf 90' lang='lat' dir='ltr'>qualiter</span> <span class='ocrx_word' id='word_1_390' title='bbox 2547 2453 2740 2520; x_wconf 87' lang='lat' dir='ltr'>potest</span> <span class='ocrx_word' id='word_1_391' title='bbox 2777 2447 2971 2504; x_wconf 90' lang='lat' dir='ltr'>inesse</span> <span class='ocrx_word' id='word_1_392' title='bbox 3010 2447 3128 2504; x_wconf 88' lang='lat' dir='ltr'>illis</span> <span class='ocrx_word' id='word_1_393' title='bbox 3159 2448 3260 2520; x_wconf 88' lang='lat' dir='ltr'>qui</span> <span class='ocrx_word' id='word_1_394' title='bbox 3308 2448 3491 2503; x_wconf 89' lang='lat' dir='ltr'>Deum</span> 
     </span>
    </p>
   </div>
   <div class='ocr_carea' id='block_1_56' title="bbox 1842 2536 3493 2609">
    <p class='ocr_par' dir='ltr' id='par_1_56' title="bbox 1842 2536 3493 2609">
     <span class='ocr_line' id='line_1_57' title="bbox 1842 2536 3493 2609; baseline 0.001 -18"><span class='ocrx_word' id='word_1_395' title='bbox 1842 2537 1927 2592; x_wconf 92' lang='lat' dir='ltr'>sic</span> <span class='ocrx_word' id='word_1_396' title='bbox 1958 2538 2297 2609; x_wconf 90' lang='lat' dir='ltr'>despiciunt</span> <span class='ocrx_word' id='word_1_397' title='bbox 2330 2542 2393 2591; x_wconf 88' lang='lat' dir='ltr'>ut</span> <span class='ocrx_word' id='word_1_398' title='bbox 2425 2553 2559 2592; x_wconf 89' lang='lat' dir='ltr'>eum</span> <span class='ocrx_word' id='word_1_399' title='bbox 2592 2537 2765 2592; x_wconf 88' lang='lat' dir='ltr'>etiam</span> <span class='ocrx_word' id='word_1_400' title='bbox 2799 2538 3046 2593; x_wconf 85' lang='lat' dir='ltr'>vendere</span> <span class='ocrx_word' id='word_1_401' title='bbox 3075 2536 3336 2609; x_wconf 89' lang='lat' dir='ltr'>quolibet</span> <span class='ocrx_word' id='word_1_402' title='bbox 3364 2553 3493 2609; x_wconf 85' lang='lat' dir='ltr'>pre-</span> 
     </span>
    </p>
   </div>
   <div class='ocr_carea' id='block_1_57' title="bbox 1841 2625 3493 2698">
    <p class='ocr_par' dir='ltr' id='par_1_57' title="bbox 1841 2625 3493 2698">
     <span class='ocr_line' id='line_1_58' title="bbox 1841 2625 3493 2698; baseline -0.001 -17"><span class='ocrx_word' id='word_1_403' title='bbox 1841 2626 1922 2681; x_wconf 93' lang='lat' dir='ltr'>tio</span> <span class='ocrx_word' id='word_1_404' title='bbox 1954 2625 2238 2694; x_wconf 89' lang='lat' dir='ltr'>laborent,</span> <span class='ocrx_word' id='word_1_405' title='bbox 2276 2630 2330 2681; x_wconf 90' lang='lat' dir='ltr'>et</span> <span class='ocrx_word' id='word_1_406' title='bbox 2361 2626 2693 2698; x_wconf 84' lang='lat' dir='ltr'>proximum</span> <span class='ocrx_word' id='word_1_407' title='bbox 2728 2625 2811 2681; x_wconf 89' lang='lat' dir='ltr'>sic</span> <span class='ocrx_word' id='word_1_408' title='bbox 2844 2626 3094 2681; x_wconf 89' lang='lat' dir='ltr'>oderunt</span> <span class='ocrx_word' id='word_1_409' title='bbox 3124 2629 3187 2681; x_wconf 91' lang='lat' dir='ltr'>ut</span> <span class='ocrx_word' id='word_1_410' title='bbox 3216 2626 3290 2681; x_wconf 89' lang='lat' dir='ltr'>ab</span> <span class='ocrx_word' id='word_1_411' title='bbox 3322 2642 3389 2682; x_wconf 90' lang='lat' dir='ltr'>eo</span> <span class='ocrx_word' id='word_1_412' title='bbox 3411 2627 3493 2681; x_wconf 89' lang='lat' dir='ltr'>vi-</span> 
     </span>
    </p>
   </div>
   <div class='ocr_carea' id='block_1_58' title="bbox 1840 2714 3478 2786">
    <p class='ocr_par' dir='ltr' id='par_1_58' title="bbox 1840 2714 3478 2786">
     <span class='ocr_line' id='line_1_59' title="bbox 1840 2714 3478 2786; baseline 0 -17"><span class='ocrx_word' id='word_1_413' title='bbox 1840 2731 2001 2769; x_wconf 89' lang='lat' dir='ltr'>scera</span> <span class='ocrx_word' id='word_1_414' title='bbox 2034 2732 2141 2770; x_wconf 89' lang='lat' dir='ltr'>sua</span> <span class='ocrx_word' id='word_1_415' title='bbox 2171 2714 2407 2769; x_wconf 91' lang='lat' dir='ltr'>omnino</span> <span class='ocrx_word' id='word_1_416' title='bbox 2458 2714 2753 2781; x_wconf 80' lang='lat' dir='ltr'>claudant,</span> <span class='ocrx_word' id='word_1_417' title='bbox 2815 2731 2885 2769; x_wconf 90' lang='lat' dir='ltr'>ne</span> <span class='ocrx_word' id='word_1_418' title='bbox 2937 2714 3122 2785; x_wconf 86' lang='lat' dir='ltr'>gratis</span> <span class='ocrx_word' id='word_1_419' title='bbox 3170 2714 3478 2786; x_wconf 85' lang='lat' dir='ltr'>accipiant,</span> 
     </span>
    </p>
   </div>
   <div class='ocr_carea' id='block_1_59' title="bbox 1840 2801 3491 2875">
    <p class='ocr_par' dir='ltr' id='par_1_59' title="bbox 1840 2801 3491 2875">
     <span class='ocr_line' id='line_1_60' title="bbox 1840 2801 3491 2875; baseline 0.001 -18"><span class='ocrx_word' id='word_1_420' title='bbox 1840 2804 1996 2874; x_wconf 89' lang='lat' dir='ltr'>quod</span> <span class='ocrx_word' id='word_1_421' title='bbox 2014 2803 2095 2857; x_wconf 93' lang='lat' dir='ltr'>illi</span> <span class='ocrx_word' id='word_1_422' title='bbox 2122 2820 2221 2875; x_wconf 90' lang='lat' dir='ltr'>per</span> <span class='ocrx_word' id='word_1_423' title='bbox 2243 2802 2404 2874; x_wconf 89' lang='lat' dir='ltr'>ipsos</span> <span class='ocrx_word' id='word_1_424' title='bbox 2425 2803 2620 2858; x_wconf 88' lang='lat' dir='ltr'>divina</span> <span class='ocrx_word' id='word_1_425' title='bbox 2641 2802 2824 2874; x_wconf 86' lang='lat' dir='ltr'>gratis</span> <span class='ocrx_word' id='word_1_426' title='bbox 2846 2802 2971 2857; x_wconf 91' lang='lat' dir='ltr'>dari</span> <span class='ocrx_word' id='word_1_427' title='bbox 2998 2801 3263 2871; x_wconf 86' lang='lat' dir='ltr'>voluit,et</span> <span class='ocrx_word' id='word_1_428' title='bbox 3301 2802 3491 2874; x_wconf 90' lang='lat' dir='ltr'>jussit</span> 
     </span>
    </p>
   </div>
   <div class='ocr_carea' id='block_1_60' title="bbox 1840 2890 3481 2963">
    <p class='ocr_par' dir='ltr' id='par_1_60' title="bbox 1840 2890 3481 2963">
     <span class='ocr_line' id='line_1_61' title="bbox 1840 2890 3481 2963; baseline -0.001 -16"><span class='ocrx_word' id='word_1_429' title='bbox 1840 2892 2100 2963; x_wconf 85' lang='lat' dir='ltr'>largitas.</span> <span class='ocrx_word' id='word_1_430' title='bbox 2129 2892 2231 2957; x_wconf 91' lang='lat' dir='ltr'>Qui</span> <span class='ocrx_word' id='word_1_431' title='bbox 2258 2892 2305 2945; x_wconf 91' lang='lat' dir='ltr'>si</span> <span class='ocrx_word' id='word_1_432' title='bbox 2325 2892 2497 2947; x_wconf 90' lang='lat' dir='ltr'>etiam</span> <span class='ocrx_word' id='word_1_433' title='bbox 2523 2892 2917 2947; x_wconf 89' lang='lat' dir='ltr'>substantiam</span> <span class='ocrx_word' id='word_1_434' title='bbox 2945 2890 3151 2946; x_wconf 89' lang='lat' dir='ltr'>mundi</span> <span class='ocrx_word' id='word_1_435' title='bbox 3173 2890 3353 2961; x_wconf 89' lang='lat' dir='ltr'>hujus</span> <span class='ocrx_word' id='word_1_436' title='bbox 3377 2890 3481 2945; x_wconf 87' lang='lat' dir='ltr'>ha-</span> 
     </span>
    </p>
   </div>
   <div class='ocr_carea' id='block_1_61' title="bbox 1841 2980 3495 3053">
    <p class='ocr_par' dir='ltr' id='par_1_61' title="bbox 1841 2980 3495 3053">
     <span class='ocr_line' id='line_1_62' title="bbox 1841 2980 3495 3053; baseline -0.001 -18"><span class='ocrx_word' id='word_1_437' title='bbox 1841 2981 2044 3036; x_wconf 91' lang='lat' dir='ltr'>bentes</span> <span class='ocrx_word' id='word_1_438' title='bbox 2068 2982 2328 3053; x_wconf 82' lang='lat' dir='ltr'>proximo</span> <span class='ocrx_word' id='word_1_439' title='bbox 2361 2982 2769 3036; x_wconf 89' lang='lat' dir='ltr'>necessitatem</span> <span class='ocrx_word' id='word_1_440' title='bbox 2823 2980 3063 3053; x_wconf 90' lang='lat' dir='ltr'>patienti</span> <span class='ocrx_word' id='word_1_441' title='bbox 3108 2980 3331 3036; x_wconf 89' lang='lat' dir='ltr'>viscera</span> <span class='ocrx_word' id='word_1_442' title='bbox 3387 2996 3495 3035; x_wconf 88' lang='lat' dir='ltr'>sua</span> 
     </span>
    </p>
   </div>
   <div class='ocr_carea' id='block_1_62' title="bbox 1841 3068 3493 3141">
    <p class='ocr_par' dir='ltr' id='par_1_62' title="bbox 1841 3068 3493 3141">
     <span class='ocr_line' id='line_1_63' title="bbox 1841 3068 3493 3141; baseline -0.001 -16"><span class='ocrx_word' id='word_1_443' title='bbox 1841 3069 2199 3135; x_wconf 88' lang='lat' dir='ltr'>clauderent,</span> <span class='ocrx_word' id='word_1_444' title='bbox 2228 3086 2331 3124; x_wconf 90' lang='lat' dir='ltr'>nec</span> <span class='ocrx_word' id='word_1_445' title='bbox 2354 3070 2423 3123; x_wconf 91' lang='lat' dir='ltr'>de</span> <span class='ocrx_word' id='word_1_446' title='bbox 2445 3086 2551 3124; x_wconf 91' lang='lat' dir='ltr'>suo</span> <span class='ocrx_word' id='word_1_447' title='bbox 2576 3068 2798 3141; x_wconf 85' lang='lat' dir='ltr'>aliquid</span> <span class='ocrx_word' id='word_1_448' title='bbox 2831 3068 3014 3141; x_wconf 88' lang='lat' dir='ltr'>gratis</span> <span class='ocrx_word' id='word_1_449' title='bbox 3065 3068 3294 3133; x_wconf 89' lang='lat' dir='ltr'>darent,</span> <span class='ocrx_word' id='word_1_450' title='bbox 3350 3084 3493 3140; x_wconf 91' lang='lat' dir='ltr'>quo-</span> 
     </span>
    </p>
   </div>
   <div class='ocr_carea' id='block_1_63' title="bbox 1842 3157 3495 3230">
    <p class='ocr_par' dir='ltr' id='par_1_63' title="bbox 1842 3157 3495 3230">
     <span class='ocr_line' id='line_1_64' title="bbox 1842 3157 3495 3230; baseline 0 -17"><span class='ocrx_word' id='word_1_451' title='bbox 1842 3160 2015 3213; x_wconf 88' lang='lat' dir='ltr'>modo</span> <span class='ocrx_word' id='word_1_452' title='bbox 2037 3157 2291 3213; x_wconf 88' lang='lat' dir='ltr'>charitas</span> <span class='ocrx_word' id='word_1_453' title='bbox 2319 3157 2434 3224; x_wconf 90' lang='lat' dir='ltr'>Dei,</span> <span class='ocrx_word' id='word_1_454' title='bbox 2459 3175 2588 3229; x_wconf 78' lang='lat' dir='ltr'>quae</span> <span class='ocrx_word' id='word_1_455' title='bbox 2611 3158 2846 3213; x_wconf 91' lang='lat' dir='ltr'>nonnisi</span> <span class='ocrx_word' id='word_1_456' title='bbox 2871 3157 3170 3230; x_wconf 87' lang='lat' dir='ltr'>geminata</span> <span class='ocrx_word' id='word_1_457' title='bbox 3192 3162 3300 3223; x_wconf 89' lang='lat' dir='ltr'>est,</span> <span class='ocrx_word' id='word_1_458' title='bbox 3320 3157 3379 3212; x_wconf 92' lang='lat' dir='ltr'>in</span> <span class='ocrx_word' id='word_1_459' title='bbox 3411 3157 3495 3213; x_wconf 89' lang='lat' dir='ltr'>eis</span> 
     </span>
    </p>
   </div>
   <div class='ocr_carea' id='block_1_64' title="bbox 1843 3243 3493 3319">
    <p class='ocr_par' dir='ltr' id='par_1_64' title="bbox 1843 3243 3493 3319">
     <span class='ocr_line' id='line_1_65' title="bbox 1843 3243 3493 3319; baseline -0.001 -17"><span class='ocrx_word' id='word_1_460' title='bbox 1843 3247 2153 3302; x_wconf 89' lang='lat' dir='ltr'>maneret?</span> <span class='ocrx_word' id='word_1_461' title='bbox 2177 3248 2509 3319; x_wconf 70' lang='lat'>(110012.111,</span> <span class='ocrx_word' id='word_1_462' title='bbox 2534 3246 2646 3317; x_wconf 78' lang='grc'>17.)</span> <span class='ocrx_word' id='word_1_463' title='bbox 2671 3246 2779 3301; x_wconf 86' lang='lat' dir='ltr'>Sed</span> <span class='ocrx_word' id='word_1_464' title='bbox 2812 3246 2910 3301; x_wconf 91' lang='lat' dir='ltr'>isti</span> <span class='ocrx_word' id='word_1_465' title='bbox 2941 3262 3057 3302; x_wconf 90' lang='lat' dir='ltr'>non</span> <span class='ocrx_word' id='word_1_466' title='bbox 3080 3243 3272 3301; x_wconf 86' lang='lat' dir='ltr'>solum</span> <span class='ocrx_word' id='word_1_467' title='bbox 3294 3246 3363 3301; x_wconf 91' lang='lat' dir='ltr'>de</span> <span class='ocrx_word' id='word_1_468' title='bbox 3386 3261 3493 3301; x_wconf 90' lang='lat' dir='ltr'>suo</span> 
     </span>
    </p>
   </div>
   <div class='ocr_carea' id='block_1_65' title="bbox 75 3316 3489 3406">
    <p class='ocr_par' dir='ltr' id='par_1_65' title="bbox 75 3316 3489 3406">
     <span class='ocr_line' id='line_1_66' title="bbox 75 3316 3489 3406; baseline -0.001 -13"><span class='ocrx_word' id='word_1_469' title='bbox 75 3336 550 3393; x_wconf 89' lang='lat' dir='ltr'>mercimonium.</span> <span class='ocrx_word' id='word_1_470' title='bbox 585 3338 841 3401; x_wconf 90' lang='lat' dir='ltr'>Quorum</span> <span class='ocrx_word' id='word_1_471' title='bbox 876 3335 1201 3406; x_wconf 87' lang='lat' dir='ltr'>persecutio</span> <span class='ocrx_word' id='word_1_472' title='bbox 1238 3335 1469 3406; x_wconf 85' lang='lat' dir='ltr'>gravior</span> <span class='ocrx_word' id='word_1_473' title='bbox 1498 3336 1728 3391; x_wconf 90' lang='lat' dir='ltr'>Christo</span> <span class='ocrx_word' id='word_1_474' title='bbox 1761 3316 1804 3383; x_wconf 71' lang='grc' dir='ltr'>Ο</span> <span class='ocrx_word' id='word_1_475' title='bbox 1847 3336 1997 3391; x_wconf 86' lang='lat' dir='ltr'>nihil</span> <span class='ocrx_word' id='word_1_476' title='bbox 2031 3316 2193 3401; x_wconf 81' lang='lat' dir='ltr'>dant,</span> <span class='ocrx_word' id='word_1_477' title='bbox 2229 3335 2312 3391; x_wconf 92' lang='lat' dir='ltr'>sel</span> <span class='ocrx_word' id='word_1_478' title='bbox 2347 3339 2412 3390; x_wconf 89' lang='lat' dir='ltr'>ut</span> <span class='ocrx_word' id='word_1_479' title='bbox 2438 3335 2578 3390; x_wconf 90' lang='lat' dir='ltr'>dent</span> <span class='ocrx_word' id='word_1_480' title='bbox 2610 3316 2762 3406; x_wconf 89' lang='lat' dir='ltr'>quod</span> <span class='ocrx_word' id='word_1_481' title='bbox 2788 3352 2822 3390; x_wconf 89' lang='lat' dir='ltr'>a</span> <span class='ocrx_word' id='word_1_482' title='bbox 2859 3335 2975 3390; x_wconf 90' lang='lat' dir='ltr'>Deo</span> <span class='ocrx_word' id='word_1_483' title='bbox 3006 3334 3189 3406; x_wconf 86' lang='lat' dir='ltr'>gratis</span> <span class='ocrx_word' id='word_1_484' title='bbox 3228 3334 3489 3390; x_wconf 90' lang='lat' dir='ltr'>dandum</span> 
     </span>
    </p>
   </div>
   <div class='ocr_carea' id='block_1_66' title="bbox 74 3422 1733 3497">
    <p class='ocr_par' dir='ltr' id='par_1_66' title="bbox 74 3422 1733 3497">
     <span class='ocr_line' id='line_1_67' title="bbox 74 3422 1733 3497; baseline -0.001 -16"><span class='ocrx_word' id='word_1_485' title='bbox 74 3430 360 3497; x_wconf 86' lang='lat' dir='ltr'>estquam</span> <span class='ocrx_word' id='word_1_486' title='bbox 383 3423 785 3496; x_wconf 88' lang='lat' dir='ltr'>quorumlibet</span> <span class='ocrx_word' id='word_1_487' title='bbox 810 3440 1193 3496; x_wconf 81' lang='lat' dir='ltr'>paganorum,</span> <span class='ocrx_word' id='word_1_488' title='bbox 1220 3423 1321 3494; x_wconf 91' lang='lat' dir='ltr'>qui</span> <span class='ocrx_word' id='word_1_489' title='bbox 1364 3422 1597 3494; x_wconf 92' lang='lat' dir='ltr'>publica</span> <span class='ocrx_word' id='word_1_490' title='bbox 1630 3441 1733 3480; x_wconf 69' lang='lat' dir='ltr'>sa?-</span> 
     </span>
    </p>
   </div>
   <div class='ocr_carea' id='block_1_67' title="bbox 74 3512 1734 3583">
    <p class='ocr_par' dir='ltr' id='par_1_67' title="bbox 74 3512 1734 3583">
     <span class='ocr_line' id='line_1_68' title="bbox 74 3512 1734 3583; baseline -0.001 -14"><span class='ocrx_word' id='word_1_491' title='bbox 74 3514 212 3569; x_wconf 90' lang='lat' dir='ltr'>vitia</span> <span class='ocrx_word' id='word_1_492' title='bbox 228 3518 285 3569; x_wconf 91' lang='lat' dir='ltr'>et</span> <span class='ocrx_word' id='word_1_493' title='bbox 304 3512 665 3569; x_wconf 89' lang='lat' dir='ltr'>transitoriis</span> <span class='ocrx_word' id='word_1_494' title='bbox 698 3512 887 3583; x_wconf 87' lang='lat' dir='ltr'>plagis</span> <span class='ocrx_word' id='word_1_495' title='bbox 910 3513 1344 3567; x_wconf 77' lang='lat' dir='ltr'>debacchentur</span> <span class='ocrx_word' id='word_1_496' title='bbox 1366 3513 1421 3567; x_wconf 85' lang='lat' dir='ltr'>id</span> <span class='ocrx_word' id='word_1_497' title='bbox 1455 3512 1734 3568; x_wconf 85' lang='lat' dir='ltr'>Christia-</span> 
     </span>
    </p>
   </div>
   <div class='ocr_carea' id='block_1_68' title="bbox 74 3601 1731 3675">
    <p class='ocr_par' dir='ltr' id='par_1_68' title="bbox 74 3601 1731 3675">
     <span class='ocr_line' id='line_1_69' title="bbox 74 3601 1731 3675; baseline 0 -18"><span class='ocrx_word' id='word_1_498' title='bbox 74 3620 200 3659; x_wconf 89' lang='lat' dir='ltr'>nos.</span> <span class='ocrx_word' id='word_1_499' title='bbox 235 3620 417 3675; x_wconf 91' lang='lat' dir='ltr'>quam</span> <span class='ocrx_word' id='word_1_500' title='bbox 453 3601 698 3656; x_wconf 90' lang='lat' dir='ltr'>istorum</span> <span class='ocrx_word' id='word_1_501' title='bbox 734 3602 854 3672; x_wconf 93' lang='lat' dir='ltr'>qui,</span> <span class='ocrx_word' id='word_1_502' title='bbox 888 3601 1113 3655; x_wconf 80' lang='lat' dir='ltr'>occulta</span> <span class='ocrx_word' id='word_1_503' title='bbox 1145 3601 1731 3672; x_wconf 77' lang='lat' dir='ltr'>conspiratione,sub</span> 
     </span>
    </p>
   </div>
   <div class='ocr_carea' id='block_1_69' title="bbox 87 3689 1392 3764">
    <p class='ocr_par' dir='ltr' id='par_1_69' title="bbox 87 3689 1392 3764">
     <span class='ocr_line' id='line_1_70' title="bbox 87 3689 1392 3764; baseline -0.002 -17"><span class='ocrx_word' id='word_1_504' title='bbox 87 3708 234 3764; x_wconf 88' lang='lat' dir='ltr'>agno</span> <span class='ocrx_word' id='word_1_505' title='bbox 255 3691 418 3764; x_wconf 89' lang='lat' dir='ltr'>pacis</span> <span class='ocrx_word' id='word_1_506' title='bbox 448 3690 837 3761; x_wconf 88' lang='lat' dir='ltr'>sempiternas</span> <span class='ocrx_word' id='word_1_507' title='bbox 870 3695 1084 3744; x_wconf 89' lang='lat' dir='ltr'>mortes</span> <span class='ocrx_word' id='word_1_508' title='bbox 1116 3689 1392 3744; x_wconf 79' lang='lat' dir='ltr'>inferunt.</span> 
     </span>
    </p>
   </div>
   <div class='ocr_carea' id='block_1_70' title="bbox 150 3778 1730 3850">
    <p class='ocr_par' dir='ltr' id='par_1_70' title="bbox 150 3778 1730 3850">
     <span class='ocr_line' id='line_1_71' title="bbox 150 3778 1730 3850; baseline -0.001 -14"><span class='ocrx_word' id='word_1_509' title='bbox 150 3782 312 3846; x_wconf 88' lang='lat' dir='ltr'>Quod</span> <span class='ocrx_word' id='word_1_510' title='bbox 351 3781 399 3835; x_wconf 92' lang='lat' dir='ltr'>si</span> <span class='ocrx_word' id='word_1_511' title='bbox 434 3778 703 3835; x_wconf 88' lang='lat' dir='ltr'>Christus</span> <span class='ocrx_word' id='word_1_512' title='bbox 753 3778 972 3850; x_wconf 90' lang='lat' dir='ltr'>perpeti</span> <span class='ocrx_word' id='word_1_513' title='bbox 1021 3779 1221 3848; x_wconf 89' lang='lat' dir='ltr'>nequit</span> <span class='ocrx_word' id='word_1_514' title='bbox 1269 3780 1730 3849; x_wconf 88' lang='lat' dir='ltr'>persecutionem</span> 
     </span>
    </p>
   </div>
   <div class='ocr_carea' id='block_1_71' title="bbox 79 3864 1725 3937">
    <p class='ocr_par' dir='ltr' id='par_1_71' title="bbox 79 3864 1725 3937">
     <span class='ocr_line' id='line_1_72' title="bbox 79 3864 1725 3937; baseline -0.002 -13"><span class='ocrx_word' id='word_1_515' title='bbox 79 3868 478 3924; x_wconf 86' lang='lat' dir='ltr'>membrorum</span> <span class='ocrx_word' id='word_1_516' title='bbox 498 3866 911 3937; x_wconf 89' lang='lat' dir='ltr'>suorum,quin</span> <span class='ocrx_word' id='word_1_517' title='bbox 938 3865 1005 3919; x_wconf 88' lang='lat' dir='ltr'>de</span> <span class='ocrx_word' id='word_1_518' title='bbox 1031 3864 1165 3919; x_wconf 66' lang='lat' dir='ltr'>caelo</span> <span class='ocrx_word' id='word_1_519' title='bbox 1187 3864 1359 3919; x_wconf 89' lang='lat' dir='ltr'>Saulo</span> <span class='ocrx_word' id='word_1_520' title='bbox 1383 3881 1517 3919; x_wconf 90' lang='lat' dir='ltr'>eum</span> <span class='ocrx_word' id='word_1_521' title='bbox 1562 3865 1725 3937; x_wconf 89' lang='lat' dir='ltr'>igno-</span> 
     </span>
    </p>
   </div>
   <div class='ocr_carea' id='block_1_72' title="bbox 77 3953 1729 4026">
    <p class='ocr_par' dir='ltr' id='par_1_72' title="bbox 77 3953 1729 4026">
     <span class='ocr_line' id='line_1_73' title="bbox 77 3953 1729 4026; baseline -0.001 -15"><span class='ocrx_word' id='word_1_522' title='bbox 77 3957 315 4026; x_wconf 89' lang='lat' dir='ltr'>ranti,et</span> <span class='ocrx_word' id='word_1_523' title='bbox 335 3956 528 4011; x_wconf 89' lang='lat' dir='ltr'>zelum</span> <span class='ocrx_word' id='word_1_524' title='bbox 550 3953 927 4025; x_wconf 91' lang='lat' dir='ltr'>Deiquamvis</span> <span class='ocrx_word' id='word_1_525' title='bbox 951 3970 1064 4008; x_wconf 92' lang='lat' dir='ltr'>non</span> <span class='ocrx_word' id='word_1_526' title='bbox 1081 3954 1402 4007; x_wconf 85' lang='lat' dir='ltr'>secundum</span> <span class='ocrx_word' id='word_1_527' title='bbox 1422 3955 1729 4009; x_wconf 89' lang='lat' dir='ltr'>scientiam</span> 
     </span>
    </p>
   </div>
   <div class='ocr_carea' id='block_1_73' title="bbox 72 4042 1727 4113">
    <p class='ocr_par' dir='ltr' id='par_1_73' title="bbox 72 4042 1727 4113">
     <span class='ocr_line' id='line_1_74' title="bbox 72 4042 1727 4113; baseline 0.001 -16"><span class='ocrx_word' id='word_1_528' title='bbox 72 4042 1026 4113; x_wconf 88' lang='lat' dir='ltr'>habenti,inclamaret,visumque</span> <span class='ocrx_word' id='word_1_529' title='bbox 1053 4058 1425 4097; x_wconf 91' lang='lat' dir='ltr'>communem</span> <span class='ocrx_word' id='word_1_530' title='bbox 1449 4044 1727 4109; x_wconf 78' lang='lat' dir='ltr'>auferret,</span> 
     </span>
    </p>
   </div>
   <div class='ocr_carea' id='block_1_74' title="bbox 74 4131 1731 4205">
    <p class='ocr_par' dir='ltr' id='par_1_74' title="bbox 74 4131 1731 4205">
     <span class='ocr_line' id='line_1_75' title="bbox 74 4131 1731 4205; baseline 0 -18"><span class='ocrx_word' id='word_1_531' title='bbox 74 4134 210 4203; x_wconf 90' lang='lat' dir='ltr'>quid</span> <span class='ocrx_word' id='word_1_532' title='bbox 234 4139 518 4205; x_wconf 87' lang='lat' dir='ltr'>putamus</span> <span class='ocrx_word' id='word_1_533' title='bbox 564 4133 663 4186; x_wconf 86' lang='lat' dir='ltr'>ﬁet</span> <span class='ocrx_word' id='word_1_534' title='bbox 689 4131 839 4198; x_wconf 89' lang='lat' dir='ltr'>istis,</span> <span class='ocrx_word' id='word_1_535' title='bbox 874 4131 974 4202; x_wconf 91' lang='lat' dir='ltr'>qui</span> <span class='ocrx_word' id='word_1_536' title='bbox 1034 4134 1386 4186; x_wconf 85' lang='lat' dir='ltr'>conﬁtentur</span> <span class='ocrx_word' id='word_1_537' title='bbox 1443 4150 1504 4187; x_wconf 88' lang='lat' dir='ltr'>se</span> <span class='ocrx_word' id='word_1_538' title='bbox 1554 4149 1731 4187; x_wconf 88' lang='lat' dir='ltr'>nosse</span> 
     </span>
    </p>
   </div>
   <div class='ocr_carea' id='block_1_75' title="bbox 76 4220 1730 4292">
    <p class='ocr_par' dir='ltr' id='par_1_75' title="bbox 76 4220 1730 4292">
     <span class='ocr_line' id='line_1_76' title="bbox 76 4220 1730 4292; baseline 0.001 -17"><span class='ocrx_word' id='word_1_539' title='bbox 76 4225 278 4289; x_wconf 89' lang='lat' dir='ltr'>Deum,</span> <span class='ocrx_word' id='word_1_540' title='bbox 303 4228 361 4279; x_wconf 91' lang='lat' dir='ltr'>et</span> <span class='ocrx_word' id='word_1_541' title='bbox 401 4226 656 4278; x_wconf 90' lang='lat' dir='ltr'>rectores</span> <span class='ocrx_word' id='word_1_542' title='bbox 681 4220 946 4275; x_wconf 76' lang='lat' dir='ltr'>Ecclesia:</span> <span class='ocrx_word' id='word_1_543' title='bbox 991 4220 1199 4292; x_wconf 90' lang='lat' dir='ltr'>ipsius,</span> <span class='ocrx_word' id='word_1_544' title='bbox 1251 4225 1309 4275; x_wconf 91' lang='lat' dir='ltr'>et</span> <span class='ocrx_word' id='word_1_545' title='bbox 1354 4227 1549 4276; x_wconf 89' lang='lat' dir='ltr'>tamen</span> <span class='ocrx_word' id='word_1_546' title='bbox 1609 4222 1730 4277; x_wconf 87' lang='lat' dir='ltr'>zelo</span> 
     </span>
    </p>
   </div>
   <div class='ocr_carea' id='block_1_76' title="bbox 75 4309 1728 4377">
    <p class='ocr_par' dir='ltr' id='par_1_76' title="bbox 75 4309 1728 4377">
     <span class='ocr_line' id='line_1_77' title="bbox 75 4309 1728 4377; baseline 0.001 -14"><span class='ocrx_word' id='word_1_547' title='bbox 75 4309 752 4377; x_wconf 87' lang='lat' dir='ltr'>diabolicoinﬁammati,</span> <span class='ocrx_word' id='word_1_548' title='bbox 796 4309 1046 4364; x_wconf 90' lang='lat' dir='ltr'>scienter</span> <span class='ocrx_word' id='word_1_549' title='bbox 1095 4327 1209 4364; x_wconf 90' lang='lat' dir='ltr'>non</span> <span class='ocrx_word' id='word_1_550' title='bbox 1232 4310 1509 4365; x_wconf 90' lang='lat' dir='ltr'>desinunt</span> <span class='ocrx_word' id='word_1_551' title='bbox 1557 4311 1728 4365; x_wconf 93' lang='lat' dir='ltr'>innu-</span> 
     </span>
    </p>
   </div>
   <div class='ocr_carea' id='block_1_77' title="bbox 81 4398 1728 4471">
    <p class='ocr_par' dir='ltr' id='par_1_77' title="bbox 81 4398 1728 4471">
     <span class='ocr_line' id='line_1_78' title="bbox 81 4398 1728 4471; baseline -0.001 -17"><span class='ocrx_word' id='word_1_552' title='bbox 81 4415 271 4457; x_wconf 88' lang='lat' dir='ltr'>meras</span> <span class='ocrx_word' id='word_1_553' title='bbox 294 4400 561 4456; x_wconf 87' lang='lat' dir='ltr'>ﬁdelium</span> <span class='ocrx_word' id='word_1_554' title='bbox 586 4400 816 4455; x_wconf 88' lang='lat' dir='ltr'>animas</span> <span class='ocrx_word' id='word_1_555' title='bbox 840 4400 1132 4470; x_wconf 91' lang='lat' dir='ltr'>persequi,</span> <span class='ocrx_word' id='word_1_556' title='bbox 1162 4405 1217 4454; x_wconf 91' lang='lat' dir='ltr'>et</span> <span class='ocrx_word' id='word_1_557' title='bbox 1240 4398 1515 4471; x_wconf 89' lang='lat' dir='ltr'>jugulare</span> <span class='ocrx_word' id='word_1_558' title='bbox 1535 4400 1561 4453; x_wconf 55' lang='grc' dir='ltr'>εἰ</span> <span class='ocrx_word' id='word_1_559' title='bbox 1583 4401 1651 4454; x_wconf 88' lang='lat' dir='ltr'>Et</span> <span class='ocrx_word' id='word_1_560' title='bbox 1680 4399 1728 4455; x_wconf 91' lang='lat' dir='ltr'>si</span> 
     </span>
    </p>
   </div>
   <div class='ocr_carea' id='block_1_78' title="bbox 88 4488 1729 4562">
    <p class='ocr_par' dir='ltr' id='par_1_78' title="bbox 88 4488 1729 4562">
     <span class='ocr_line' id='line_1_79' title="bbox 88 4488 1729 4562; baseline 0.001 -19"><span class='ocrx_word' id='word_1_561' title='bbox 88 4488 297 4545; x_wconf 90' lang='lat' dir='ltr'>Saulus</span> <span class='ocrx_word' id='word_1_562' title='bbox 319 4506 426 4562; x_wconf 89' lang='lat' dir='ltr'>pro</span> <span class='ocrx_word' id='word_1_563' title='bbox 449 4488 733 4561; x_wconf 89' lang='lat' dir='ltr'>corporali</span> <span class='ocrx_word' id='word_1_564' title='bbox 755 4488 1158 4559; x_wconf 89' lang='lat' dir='ltr'>persecutione</span> <span class='ocrx_word' id='word_1_565' title='bbox 1179 4493 1341 4542; x_wconf 87' lang='lat' dir='ltr'>tanto</span> <span class='ocrx_word' id='word_1_566' title='bbox 1366 4488 1585 4559; x_wconf 90' lang='lat' dir='ltr'>impetu</span> <span class='ocrx_word' id='word_1_567' title='bbox 1610 4506 1729 4560; x_wconf 84' lang='lat' dir='ltr'>per-</span> 
     </span>
    </p>
   </div>
   <div class='ocr_carea' id='block_1_79' title="bbox 18 4575 1730 4655">
    <p class='ocr_par' dir='ltr' id='par_1_79' title="bbox 18 4575 1730 4655">
     <span class='ocr_line' id='line_1_80' title="bbox 18 4575 1730 4655; baseline 0 -24"><span class='ocrx_word' id='word_1_568' title='bbox 18 4642 19 4655; x_wconf 14' lang='grc' dir='ltr'>χ</span> <span class='ocrx_word' id='word_1_569' title='bbox 88 4576 601 4650; x_wconf 88' lang='lat' dir='ltr'>cellitur,quanto,</span> <span class='ocrx_word' id='word_1_570' title='bbox 625 4581 818 4649; x_wconf 89' lang='lat' dir='ltr'>putas,</span> <span class='ocrx_word' id='word_1_571' title='bbox 848 4576 942 4631; x_wconf 92' lang='lat' dir='ltr'>isti</span> <span class='ocrx_word' id='word_1_572' title='bbox 966 4593 1069 4647; x_wconf 90' lang='lat' dir='ltr'>pro</span> <span class='ocrx_word' id='word_1_573' title='bbox 1098 4575 1389 4647; x_wconf 90' lang='lat' dir='ltr'>spirituali</span> <span class='ocrx_word' id='word_1_574' title='bbox 1410 4576 1730 4647; x_wconf 88' lang='lat' dir='ltr'>percellun-</span> 
     </span>
    </p>
   </div>
   <div class='ocr_carea' id='block_1_80' title="bbox 83 4664 3487 4749">
    <p class='ocr_par' dir='ltr' id='par_1_80' title="bbox 83 4664 3487 4749">
     <span class='ocr_line' id='line_1_81' title="bbox 83 4664 3487 4749; baseline 0.001 -30"><span class='ocrx_word' id='word_1_575' title='bbox 83 4666 222 4720; x_wconf 86' lang='lat' dir='ltr'>tur?</span> <span class='ocrx_word' id='word_1_576' title='bbox 244 4666 408 4723; x_wconf 91' lang='lat' dir='ltr'>Unde</span> <span class='ocrx_word' id='word_1_577' title='bbox 424 4666 672 4737; x_wconf 90' lang='lat' dir='ltr'>illejure</span> <span class='ocrx_word' id='word_1_578' title='bbox 696 4665 982 4721; x_wconf 88' lang='lat' dir='ltr'>amisitad</span> <span class='ocrx_word' id='word_1_579' title='bbox 1007 4668 1242 4736; x_wconf 90' lang='lat' dir='ltr'>tempus</span> <span class='ocrx_word' id='word_1_580' title='bbox 1276 4664 1477 4720; x_wconf 92' lang='lat' dir='ltr'>oculos</span> <span class='ocrx_word' id='word_1_581' title='bbox 1528 4683 1730 4739; x_wconf 89' lang='lat' dir='ltr'>corpo-</span> <span class='ocrx_word' id='word_1_582' title='bbox 1766 4684 1809 4749; x_wconf 82' lang='lat' dir='ltr'><strong>D</strong></span> <span class='ocrx_word' id='word_1_583' title='bbox 1841 4668 2040 4724; x_wconf 89' lang='lat' dir='ltr'>christi</span> <span class='ocrx_word' id='word_1_584' title='bbox 2067 4672 2207 4723; x_wconf 86' lang='lat' dir='ltr'>sunt</span> <span class='ocrx_word' id='word_1_585' title='bbox 2237 4667 2335 4739; x_wconf 87' lang='lat' dir='ltr'>qui</span> <span class='ocrx_word' id='word_1_586' title='bbox 2369 4670 2584 4738; x_wconf 80' lang='lat' dir='ltr'>negant</span> <span class='ocrx_word' id='word_1_587' title='bbox 2604 4666 2804 4721; x_wconf 89' lang='lat' dir='ltr'>Jesum</span> <span class='ocrx_word' id='word_1_588' title='bbox 2832 4665 2889 4719; x_wconf 94' lang='lat' dir='ltr'>in</span> <span class='ocrx_word' id='word_1_589' title='bbox 2919 4681 3089 4720; x_wconf 89' lang='lat' dir='ltr'>carne</span> <span class='ocrx_word' id='word_1_590' title='bbox 3108 4667 3353 4722; x_wconf 88' lang='lat' dir='ltr'>venisse.</span> <span class='ocrx_word' id='word_1_591' title='bbox 3371 4667 3487 4722; x_wconf 89' lang='lat' dir='ltr'>Cur</span> 
     </span>
    </p>
   </div>
   <div class='ocr_carea' id='block_1_81' title="bbox 18 5696 21 5729">
    <p class='ocr_par' dir='ltr' id='par_1_81' title="bbox 18 5696 21 5729">
     <span class='ocr_line' id='line_1_82' title="bbox 18 5696 21 5729; baseline 0 0"><span class='ocrx_word' id='word_1_592' title='bbox 18 5696 21 5729; x_wconf 77' lang='lat' dir='ltr'>l</span> 
     </span>
    </p>
   </div>
   <div class='ocr_carea' id='block_1_82' title="bbox 83 4752 1733 4826">
    <p class='ocr_par' dir='ltr' id='par_1_82' title="bbox 83 4752 1733 4826">
     <span class='ocr_line' id='line_1_83' title="bbox 83 4752 1733 4826; baseline 0.002 -19"><span class='ocrx_word' id='word_1_593' title='bbox 83 4752 163 4809; x_wconf 87' lang='lat' dir='ltr'>ris</span> <span class='ocrx_word' id='word_1_594' title='bbox 187 4772 200 4821; x_wconf 91' lang='lat'><strong>;</strong></span> <span class='ocrx_word' id='word_1_595' title='bbox 222 4754 321 4811; x_wconf 91' lang='lat' dir='ltr'>isti</span> <span class='ocrx_word' id='word_1_596' title='bbox 335 4759 534 4811; x_wconf 86' lang='lat' dir='ltr'>autem</span> <span class='ocrx_word' id='word_1_597' title='bbox 558 4755 846 4820; x_wconf 86' lang='lat' dir='ltr'>cordis,ut</span> <span class='ocrx_word' id='word_1_598' title='bbox 866 4753 1140 4824; x_wconf 89' lang='lat' dir='ltr'>deinceps</span> <span class='ocrx_word' id='word_1_599' title='bbox 1167 4753 1278 4826; x_wconf 90' lang='lat' dir='ltr'>ipsi</span> <span class='ocrx_word' id='word_1_600' title='bbox 1301 4754 1430 4809; x_wconf 66' lang='lat' dir='ltr'>caeci</span> <span class='ocrx_word' id='word_1_601' title='bbox 1454 4755 1629 4810; x_wconf 90' lang='lat' dir='ltr'>duces</span> <span class='ocrx_word' id='word_1_602' title='bbox 1643 4772 1733 4811; x_wconf 81' lang='lat' dir='ltr'>eo-</span> 
     </span>
    </p>
   </div>
   <div class='ocr_carea' id='block_1_83' title="bbox 88 4843 1733 4915">
    <p class='ocr_par' dir='ltr' id='par_1_83' title="bbox 88 4843 1733 4915">
     <span class='ocr_line' id='line_1_84' title="bbox 88 4843 1733 4915; baseline 0.002 -20"><span class='ocrx_word' id='word_1_603' title='bbox 88 4857 217 4898; x_wconf 89' lang='lat' dir='ltr'>rum</span> <span class='ocrx_word' id='word_1_604' title='bbox 234 4844 425 4899; x_wconf 76' lang='lat' dir='ltr'>effecti</span> <span class='ocrx_word' id='word_1_605' title='bbox 449 4860 585 4899; x_wconf 91' lang='lat' dir='ltr'>cum</span> <span class='ocrx_word' id='word_1_606' title='bbox 609 4844 962 4915; x_wconf 88' lang='lat' dir='ltr'>sequacibus</span> <span class='ocrx_word' id='word_1_607' title='bbox 984 4843 1193 4897; x_wconf 89' lang='lat' dir='ltr'>cadant</span> <span class='ocrx_word' id='word_1_608' title='bbox 1214 4843 1275 4897; x_wconf 91' lang='lat' dir='ltr'>in</span> <span class='ocrx_word' id='word_1_609' title='bbox 1306 4844 1527 4899; x_wconf 77' lang='lat' dir='ltr'>foveam</span> <span class='ocrx_word' id='word_1_610' title='bbox 1577 4850 1733 4900; x_wconf 67' lang='lat' dir='ltr'>aeter-</span> 
     </span>
    </p>
   </div>
   <div class='ocr_carea' id='block_1_84' title="bbox 86 4932 1731 5004">
    <p class='ocr_par' dir='ltr' id='par_1_84' title="bbox 86 4932 1731 5004">
     <span class='ocr_line' id='line_1_85' title="bbox 86 4932 1731 5004; baseline 0.004 -21"><span class='ocrx_word' id='word_1_611' title='bbox 86 4945 167 4984; x_wconf 65' lang='lat' dir='ltr'>na</span> <span class='ocrx_word' id='word_1_612' title='bbox 191 4932 673 5003; x_wconf 88' lang='lat' dir='ltr'>perditionis.Qui</span> <span class='ocrx_word' id='word_1_613' title='bbox 696 4933 743 4988; x_wconf 92' lang='lat' dir='ltr'>si</span> <span class='ocrx_word' id='word_1_614' title='bbox 766 4949 829 4988; x_wconf 91' lang='lat' dir='ltr'>se</span> <span class='ocrx_word' id='word_1_615' title='bbox 842 4948 1024 4987; x_wconf 72' lang='lat' dir='ltr'>caecos</span> <span class='ocrx_word' id='word_1_616' title='bbox 1037 4933 1634 5004; x_wconf 86' lang='lat' dir='ltr'>cognoscerent.sicut</span> <span class='ocrx_word' id='word_1_617' title='bbox 1649 4935 1731 4990; x_wconf 87' lang='lat' dir='ltr'>ait</span> 
     </span>
    </p>
   </div>
   <div class='ocr_carea' id='block_1_85' title="bbox 84 5015 1725 5093">
    <p class='ocr_par' dir='ltr' id='par_1_85' title="bbox 84 5015 1725 5093">
     <span class='ocr_line' id='line_1_86' title="bbox 84 5015 1725 5093; baseline 0.004 -22"><span class='ocrx_word' id='word_1_618' title='bbox 84 5015 366 5077; x_wconf 89' lang='lat' dir='ltr'>Dominus</span> <span class='ocrx_word' id='word_1_619' title='bbox 389 5020 690 5078; x_wconf 90' lang='lat' dir='ltr'>similibus</span> <span class='ocrx_word' id='word_1_620' title='bbox 712 5037 936 5089; x_wconf 90' lang='lat' dir='ltr'>eorum,</span> <span class='ocrx_word' id='word_1_621' title='bbox 957 5026 1261 5093; x_wconf 90' lang='lat' dir='ltr'>peccatum</span> <span class='ocrx_word' id='word_1_622' title='bbox 1286 5038 1398 5076; x_wconf 92' lang='lat' dir='ltr'>non</span> <span class='ocrx_word' id='word_1_623' title='bbox 1427 5021 1725 5092; x_wconf 86' lang='lat' dir='ltr'>haberent,</span> 
     </span>
    </p>
   </div>
   <div class='ocr_carea' id='block_1_86' title="bbox 83 5106 1727 5183">
    <p class='ocr_par' dir='ltr' id='par_1_86' title="bbox 83 5106 1727 5183">
     <span class='ocr_line' id='line_1_87' title="bbox 83 5106 1727 5183; baseline 0.004 -23"><span class='ocrx_word' id='word_1_624' title='bbox 83 5106 217 5175; x_wconf 88' lang='lat' dir='ltr'>quia</span> <span class='ocrx_word' id='word_1_625' title='bbox 238 5109 464 5165; x_wconf 78' lang='lat' dir='ltr'>fructus</span> <span class='ocrx_word' id='word_1_626' title='bbox 490 5110 703 5182; x_wconf 90' lang='lat' dir='ltr'>dignos</span> <span class='ocrx_word' id='word_1_627' title='bbox 726 5110 1077 5183; x_wconf 71' lang='lat' dir='ltr'>pcenitentiae</span> <span class='ocrx_word' id='word_1_628' title='bbox 1103 5110 1291 5165; x_wconf 81' lang='lat' dir='ltr'>facere</span> <span class='ocrx_word' id='word_1_629' title='bbox 1312 5109 1546 5165; x_wconf 89' lang='lat' dir='ltr'>solliciti</span> <span class='ocrx_word' id='word_1_630' title='bbox 1572 5128 1727 5183; x_wconf 68' lang='lat' dir='ltr'>quae-</span> 
     </span>
    </p>
   </div>
   <div class='ocr_carea' id='block_1_87' title="bbox 83 5198 1728 5272">
    <p class='ocr_par' dir='ltr' id='par_1_87' title="bbox 83 5198 1728 5272">
     <span class='ocr_line' id='line_1_88' title="bbox 83 5198 1728 5272; baseline 0.005 -25"><span class='ocrx_word' id='word_1_631' title='bbox 83 5200 287 5251; x_wconf 86' lang='lat' dir='ltr'>rerent.</span> <span class='ocrx_word' id='word_1_632' title='bbox 312 5198 478 5253; x_wconf 91' lang='lat' dir='ltr'>Nunc</span> <span class='ocrx_word' id='word_1_633' title='bbox 500 5203 701 5255; x_wconf 87' lang='lat' dir='ltr'>autem</span> <span class='ocrx_word' id='word_1_634' title='bbox 720 5198 859 5272; x_wconf 90' lang='lat' dir='ltr'>quia</span> <span class='ocrx_word' id='word_1_635' title='bbox 893 5198 1118 5266; x_wconf 91' lang='lat' dir='ltr'>dicunt,</span> <span class='ocrx_word' id='word_1_636' title='bbox 1170 5198 1476 5265; x_wconf 87' lang='lat' dir='ltr'>Videmus,</span> <span class='ocrx_word' id='word_1_637' title='bbox 1526 5216 1728 5271; x_wconf 90' lang='lat' dir='ltr'>pecca-</span> 
     </span>
    </p>
   </div>
   <div class='ocr_carea' id='block_1_88' title="bbox 80 5282 1729 5361">
    <p class='ocr_par' dir='ltr' id='par_1_88' title="bbox 80 5282 1729 5361">
     <span class='ocr_line' id='line_1_89' title="bbox 80 5282 1729 5361; baseline 0.005 -26"><span class='ocrx_word' id='word_1_638' title='bbox 80 5282 201 5339; x_wconf 86' lang='lat' dir='ltr'>tum</span> <span class='ocrx_word' id='word_1_639' title='bbox 218 5301 419 5342; x_wconf 90' lang='lat' dir='ltr'>eorum</span> <span class='ocrx_word' id='word_1_640' title='bbox 443 5292 686 5344; x_wconf 89' lang='lat' dir='ltr'>manet:</span> <span class='ocrx_word' id='word_1_641' title='bbox 713 5288 934 5361; x_wconf 89' lang='lat' dir='ltr'>quibus</span> <span class='ocrx_word' id='word_1_642' title='bbox 954 5288 1024 5343; x_wconf 88' lang='lat' dir='ltr'>de</span> <span class='ocrx_word' id='word_1_643' title='bbox 1047 5286 1181 5343; x_wconf 71' lang='lat' dir='ltr'>czelo</span> <span class='ocrx_word' id='word_1_644' title='bbox 1222 5284 1507 5343; x_wconf 88' lang='lat' dir='ltr'>Dominus</span> <span class='ocrx_word' id='word_1_645' title='bbox 1559 5289 1729 5344; x_wconf 88' lang='lat' dir='ltr'>toties</span> 
     </span>
    </p>
   </div>
   <div class='ocr_carea' id='block_1_89' title="bbox 83 5366 1726 5448">
    <p class='ocr_par' dir='ltr' id='par_1_89' title="bbox 83 5366 1726 5448">
     <span class='ocr_line' id='line_1_90' title="bbox 83 5366 1726 5448; baseline 0.006 -26"><span class='ocrx_word' id='word_1_646' title='bbox 83 5366 309 5443; x_wconf 90' lang='lat' dir='ltr'>clamat,</span> <span class='ocrx_word' id='word_1_647' title='bbox 330 5374 557 5447; x_wconf 90' lang='lat' dir='ltr'>quoties</span> <span class='ocrx_word' id='word_1_648' title='bbox 582 5393 689 5448; x_wconf 90' lang='lat' dir='ltr'>per</span> <span class='ocrx_word' id='word_1_649' title='bbox 715 5393 920 5433; x_wconf 89' lang='lat' dir='ltr'>servos</span> <span class='ocrx_word' id='word_1_650' title='bbox 943 5392 1081 5432; x_wconf 87' lang='lat' dir='ltr'>suos</span> <span class='ocrx_word' id='word_1_651' title='bbox 1100 5376 1159 5431; x_wconf 94' lang='lat' dir='ltr'>in</span> <span class='ocrx_word' id='word_1_652' title='bbox 1205 5376 1419 5447; x_wconf 89' lang='lat' dir='ltr'>quibus</span> <span class='ocrx_word' id='word_1_653' title='bbox 1467 5378 1636 5447; x_wconf 90' lang='lat' dir='ltr'>quasi</span> <span class='ocrx_word' id='word_1_654' title='bbox 1669 5378 1726 5432; x_wconf 91' lang='lat' dir='ltr'>in</span> 
     </span>
    </p>
   </div>
   <div class='ocr_carea' id='block_1_90' title="bbox 82 5458 1736 5537">
    <p class='ocr_par' dir='ltr' id='par_1_90' title="bbox 82 5458 1736 5537">
     <span class='ocr_line' id='line_1_91' title="bbox 82 5458 1736 5537; baseline 0.006 -27"><span class='ocrx_word' id='word_1_655' title='bbox 82 5458 233 5515; x_wconf 79' lang='lat' dir='ltr'>cmlis</span> <span class='ocrx_word' id='word_1_656' title='bbox 258 5461 504 5530; x_wconf 84' lang='lat' dir='ltr'>habitat,</span> <span class='ocrx_word' id='word_1_657' title='bbox 525 5465 754 5534; x_wconf 82' lang='lat' dir='ltr'>verbis,</span> <span class='ocrx_word' id='word_1_658' title='bbox 781 5470 1117 5521; x_wconf 89' lang='lat' dir='ltr'>sanctarum</span> <span class='ocrx_word' id='word_1_659' title='bbox 1138 5464 1571 5536; x_wconf 89' lang='lat' dir='ltr'>Scripturarum</span> <span class='ocrx_word' id='word_1_660' title='bbox 1596 5482 1736 5537; x_wconf 74' lang='lat' dir='ltr'>prce-</span> 
     </span>
    </p>
   </div>
   <div class='ocr_carea' id='block_1_91' title="bbox 79 5550 1728 5626">
    <p class='ocr_par' dir='ltr' id='par_1_91' title="bbox 79 5550 1728 5626">
     <span class='ocr_line' id='line_1_92' title="bbox 79 5550 1728 5626; baseline 0.004 -26"><span class='ocrx_word' id='word_1_661' title='bbox 79 5550 467 5620; x_wconf 81' lang='lat' dir='ltr'>sumptionem</span> <span class='ocrx_word' id='word_1_662' title='bbox 487 5551 734 5610; x_wconf 90' lang='lat' dir='ltr'>illorum</span> <span class='ocrx_word' id='word_1_663' title='bbox 761 5554 1062 5626; x_wconf 89' lang='lat' dir='ltr'>increpat;</span> <span class='ocrx_word' id='word_1_664' title='bbox 1098 5552 1198 5624; x_wconf 89' lang='lat' dir='ltr'>qui</span> <span class='ocrx_word' id='word_1_665' title='bbox 1250 5552 1525 5624; x_wconf 87' lang='lat' dir='ltr'>quoniam</span> <span class='ocrx_word' id='word_1_666' title='bbox 1575 5570 1728 5607; x_wconf 92' lang='lat' dir='ltr'>nunc</span> 
     </span>
    </p>
   </div>
   <div class='ocr_carea' id='block_1_92' title="bbox 80 5639 1725 5712">
    <p class='ocr_par' dir='ltr' id='par_1_92' title="bbox 80 5639 1725 5712">
     <span class='ocr_line' id='line_1_93' title="bbox 80 5639 1725 5712; baseline 0.006 -25"><span class='ocrx_word' id='word_1_667' title='bbox 80 5648 192 5690; x_wconf 87' lang='lat' dir='ltr'>non</span> <span class='ocrx_word' id='word_1_668' title='bbox 216 5639 480 5711; x_wconf 88' lang='lat' dir='ltr'>auditur,</span> <span class='ocrx_word' id='word_1_669' title='bbox 506 5644 891 5712; x_wconf 80' lang='lat' dir='ltr'>postmodum</span> <span class='ocrx_word' id='word_1_670' title='bbox 917 5643 1071 5697; x_wconf 89' lang='lat' dir='ltr'>sicut</span> <span class='ocrx_word' id='word_1_671' title='bbox 1095 5641 1260 5696; x_wconf 86' lang='lat' dir='ltr'>l‘ortis</span> <span class='ocrx_word' id='word_1_672' title='bbox 1282 5644 1337 5695; x_wconf 91' lang='lat' dir='ltr'>et</span> <span class='ocrx_word' id='word_1_673' title='bbox 1354 5644 1562 5711; x_wconf 92' lang='lat' dir='ltr'>potens</span> <span class='ocrx_word' id='word_1_674' title='bbox 1582 5658 1615 5696; x_wconf 89' lang='lat' dir='ltr'>a</span> <span class='ocrx_word' id='word_1_675' title='bbox 1637 5658 1725 5697; x_wconf 88' lang='lat' dir='ltr'>se-</span> 
     </span>
    </p>
   </div>
   <div class='ocr_carea' id='block_1_93' title="bbox 18 5723 1725 5817">
    <p class='ocr_par' dir='ltr' id='par_1_93' title="bbox 18 5723 1725 5817">
     <span class='ocr_line' id='line_1_94' title="bbox 18 5723 1725 5817; baseline 0.008 -45"><span class='ocrx_word' id='word_1_676' title='bbox 85 5723 321 5781; x_wconf 87' lang='lat' dir='ltr'>cretario</span> <span class='ocrx_word' id='word_1_677' title='bbox 344 5743 447 5784; x_wconf 83' lang='lat' dir='ltr'>suo</span> <span class='ocrx_word' id='word_1_678' title='bbox 466 5728 538 5784; x_wconf 90' lang='lat' dir='ltr'>ad</span> <span class='ocrx_word' id='word_1_679' title='bbox 560 5729 864 5801; x_wconf 91' lang='lat' dir='ltr'>publicum</span> <span class='ocrx_word' id='word_1_680' title='bbox 888 5728 1212 5803; x_wconf 84' lang='lat' dir='ltr'>egredietur</span> <span class='ocrx_word' id='word_1_681' title='bbox 1232 5733 1287 5784; x_wconf 91' lang='lat' dir='ltr'>et</span> <span class='ocrx_word' id='word_1_682' title='bbox 1306 5728 1457 5783; x_wconf 89' lang='lat' dir='ltr'>sicut</span> <span class='ocrx_word' id='word_1_683' title='bbox 1474 5728 1561 5783; x_wconf 92' lang='lat' dir='ltr'>vir</span> <span class='ocrx_word' id='word_1_684' title='bbox 1583 5746 1725 5800; x_wconf 70' lang='lat' dir='ltr'>prae-</span> 
     </span>
    </p>
   </div>
   <div class='ocr_carea' id='block_1_94' title="bbox 1847 3422 3486 3496">
    <p class='ocr_par' dir='ltr' id='par_1_94' title="bbox 1847 3422 3486 3496">
     <span class='ocr_line' id='line_1_95' title="bbox 1847 3422 3486 3496; baseline -0.001 -17"><span class='ocrx_word' id='word_1_685' title='bbox 1847 3426 2029 3496; x_wconf 86' lang='lat' dir='ltr'>gratis</span> <span class='ocrx_word' id='word_1_686' title='bbox 2061 3428 2424 3494; x_wconf 88' lang='lat' dir='ltr'>acceperunt,</span> <span class='ocrx_word' id='word_1_687' title='bbox 2458 3424 2745 3479; x_wconf 85' lang='lat' dir='ltr'>infelicem</span> <span class='ocrx_word' id='word_1_688' title='bbox 2778 3422 3105 3495; x_wconf 83' lang='lat' dir='ltr'>proximum</span> <span class='ocrx_word' id='word_1_689' title='bbox 3138 3422 3307 3478; x_wconf 90' lang='lat' dir='ltr'>bonis</span> <span class='ocrx_word' id='word_1_690' title='bbox 3362 3438 3486 3478; x_wconf 88' lang='lat' dir='ltr'>om-</span> 
     </span>
    </p>
   </div>
   <div class='ocr_carea' id='block_1_95' title="bbox 1842 3510 3488 3584">
    <p class='ocr_par' dir='ltr' id='par_1_95' title="bbox 1842 3510 3488 3584">
     <span class='ocr_line' id='line_1_96' title="bbox 1842 3510 3488 3584; baseline 0 -17"><span class='ocrx_word' id='word_1_691' title='bbox 1842 3514 2017 3568; x_wconf 91' lang='lat' dir='ltr'>nibus</span> <span class='ocrx_word' id='word_1_692' title='bbox 2049 3513 2310 3584; x_wconf 86' lang='lat' dir='ltr'>corporis</span> <span class='ocrx_word' id='word_1_693' title='bbox 2344 3518 2401 3567; x_wconf 91' lang='lat' dir='ltr'>et</span> <span class='ocrx_word' id='word_1_694' title='bbox 2429 3512 2638 3567; x_wconf 69' lang='lat' dir='ltr'>anima:</span> <span class='ocrx_word' id='word_1_695' title='bbox 2672 3511 2947 3584; x_wconf 91' lang='lat' dir='ltr'>spoliant,</span> <span class='ocrx_word' id='word_1_696' title='bbox 2981 3510 3063 3567; x_wconf 91' lang='lat' dir='ltr'>sic</span> <span class='ocrx_word' id='word_1_697' title='bbox 3091 3515 3296 3566; x_wconf 89' lang='lat' dir='ltr'>contra</span> <span class='ocrx_word' id='word_1_698' title='bbox 3349 3510 3488 3567; x_wconf 84' lang='lat' dir='ltr'>cha-</span> 
     </span>
    </p>
   </div>
   <div class='ocr_carea' id='block_1_96' title="bbox 1845 3599 3490 3673">
    <p class='ocr_par' dir='ltr' id='par_1_96' title="bbox 1845 3599 3490 3673">
     <span class='ocr_line' id='line_1_97' title="bbox 1845 3599 3490 3673; baseline -0.001 -16"><span class='ocrx_word' id='word_1_699' title='bbox 1845 3603 2076 3658; x_wconf 82' lang='lat' dir='ltr'>ritatem</span> <span class='ocrx_word' id='word_1_700' title='bbox 2111 3602 2407 3665; x_wconf 86' lang='lat' dir='ltr'>obdurati,</span> <span class='ocrx_word' id='word_1_701' title='bbox 2443 3604 2503 3655; x_wconf 88' lang='lat' dir='ltr'>ut</span> <span class='ocrx_word' id='word_1_702' title='bbox 2534 3617 2640 3655; x_wconf 91' lang='lat' dir='ltr'>nec</span> <span class='ocrx_word' id='word_1_703' title='bbox 2672 3617 2736 3656; x_wconf 90' lang='lat' dir='ltr'>os</span> <span class='ocrx_word' id='word_1_704' title='bbox 2765 3600 2882 3656; x_wconf 91' lang='lat' dir='ltr'>Deo</span> <span class='ocrx_word' id='word_1_705' title='bbox 2915 3599 3179 3673; x_wconf 90' lang='lat' dir='ltr'>aperiant</span> <span class='ocrx_word' id='word_1_706' title='bbox 3207 3599 3490 3656; x_wconf 86' lang='lat' dir='ltr'>charitate</span> 
     </span>
    </p>
   </div>
   <div class='ocr_carea' id='block_1_97' title="bbox 1844 3689 3491 3762">
    <p class='ocr_par' dir='ltr' id='par_1_97' title="bbox 1844 3689 3491 3762">
     <span class='ocr_line' id='line_1_98' title="bbox 1844 3689 3491 3762; baseline 0 -16"><span class='ocrx_word' id='word_1_707' title='bbox 1844 3691 2004 3747; x_wconf 77' lang='lat' dir='ltr'>illius</span> <span class='ocrx_word' id='word_1_708' title='bbox 2033 3690 2120 3745; x_wconf 89' lang='lat' dir='ltr'>vel</span> <span class='ocrx_word' id='word_1_709' title='bbox 2154 3690 2425 3762; x_wconf 79' lang='lat' dir='ltr'>proximi,</span> <span class='ocrx_word' id='word_1_710' title='bbox 2457 3689 2570 3745; x_wconf 91' lang='lat' dir='ltr'>nisi</span> <span class='ocrx_word' id='word_1_711' title='bbox 2604 3689 2930 3744; x_wconf 89' lang='lat' dir='ltr'>interventu</span> <span class='ocrx_word' id='word_1_712' title='bbox 2965 3689 3194 3744; x_wconf 91' lang='lat' dir='ltr'>nummi</span> <span class='ocrx_word' id='word_1_713' title='bbox 3227 3689 3346 3745; x_wconf 88' lang='lat' dir='ltr'>dati</span> <span class='ocrx_word' id='word_1_714' title='bbox 3404 3690 3491 3746; x_wconf 88' lang='lat' dir='ltr'>vel</span> 
     </span>
    </p>
   </div>
   <div class='ocr_carea' id='block_1_98' title="bbox 1841 3777 3491 3853">
    <p class='ocr_par' dir='ltr' id='par_1_98' title="bbox 1841 3777 3491 3853">
     <span class='ocr_line' id='line_1_99' title="bbox 1841 3777 3491 3853; baseline -0.001 -18"><span class='ocrx_word' id='word_1_715' title='bbox 1841 3780 2017 3853; x_wconf 86' lang='lat' dir='ltr'>pacti.</span> <span class='ocrx_word' id='word_1_716' title='bbox 2052 3780 2144 3845; x_wconf 90' lang='lat' dir='ltr'>Et,</span> <span class='ocrx_word' id='word_1_717' title='bbox 2178 3796 2209 3834; x_wconf 93' lang='grc' dir='ltr'>ο</span> <span class='ocrx_word' id='word_1_718' title='bbox 2237 3783 2457 3851; x_wconf 90' lang='lat' dir='ltr'>quanto</span> <span class='ocrx_word' id='word_1_719' title='bbox 2516 3779 2747 3850; x_wconf 86' lang='lat' dir='ltr'>pejores</span> <span class='ocrx_word' id='word_1_720' title='bbox 2806 3777 3137 3834; x_wconf 89' lang='lat' dir='ltr'>latronibus</span> <span class='ocrx_word' id='word_1_721' title='bbox 3194 3779 3491 3851; x_wconf 91' lang='lat' dir='ltr'>pessimis,</span> 
     </span>
    </p>
   </div>
   <div class='ocr_carea' id='block_1_99' title="bbox 1841 3866 3486 3942">
    <p class='ocr_par' dir='ltr' id='par_1_99' title="bbox 1841 3866 3486 3942">
     <span class='ocr_line' id='line_1_100' title="bbox 1841 3866 3486 3942; baseline -0.001 -18"><span class='ocrx_word' id='word_1_722' title='bbox 1841 3870 1942 3942; x_wconf 90' lang='lat' dir='ltr'>qui</span> <span class='ocrx_word' id='word_1_723' title='bbox 1972 3868 2149 3925; x_wconf 89' lang='lat' dir='ltr'>simul</span> <span class='ocrx_word' id='word_1_724' title='bbox 2181 3867 2438 3923; x_wconf 88' lang='lat' dir='ltr'>animam</span> <span class='ocrx_word' id='word_1_725' title='bbox 2487 3883 2819 3939; x_wconf 86' lang='lat' dir='ltr'>corpusque</span> <span class='ocrx_word' id='word_1_726' title='bbox 2878 3866 3121 3939; x_wconf 83' lang='lat' dir='ltr'>proximi</span> <span class='ocrx_word' id='word_1_727' title='bbox 3181 3866 3486 3935; x_wconf 87' lang='lat' dir='ltr'>dilaniant,</span> 
     </span>
    </p>
   </div>
   <div class='ocr_carea' id='block_1_100' title="bbox 1841 3955 3487 4028">
    <p class='ocr_par' dir='ltr' id='par_1_100' title="bbox 1841 3955 3487 4028">
     <span class='ocr_line' id='line_1_101' title="bbox 1841 3955 3487 4028; baseline -0.001 -15"><span class='ocrx_word' id='word_1_728' title='bbox 1841 3975 1975 4013; x_wconf 91' lang='lat' dir='ltr'>cum</span> <span class='ocrx_word' id='word_1_729' title='bbox 2010 3956 2108 4013; x_wconf 91' lang='lat' dir='ltr'>alii</span> <span class='ocrx_word' id='word_1_730' title='bbox 2135 3956 2393 4011; x_wconf 89' lang='lat' dir='ltr'>latrones</span> <span class='ocrx_word' id='word_1_731' title='bbox 2425 3956 2507 4011; x_wconf 91' lang='lat' dir='ltr'>sic</span> <span class='ocrx_word' id='word_1_732' title='bbox 2539 3973 2751 4028; x_wconf 89' lang='lat' dir='ltr'>corpus</span> <span class='ocrx_word' id='word_1_733' title='bbox 2782 3956 3049 4011; x_wconf 86' lang='lat' dir='ltr'>occidant</span> <span class='ocrx_word' id='word_1_734' title='bbox 3103 3960 3171 4010; x_wconf 89' lang='lat' dir='ltr'>ut</span> <span class='ocrx_word' id='word_1_735' title='bbox 3226 3955 3487 4012; x_wconf 88' lang='lat' dir='ltr'>animam</span> 
     </span>
    </p>
   </div>
   <div class='ocr_carea' id='block_1_101' title="bbox 1845 4044 3491 4117">
    <p class='ocr_par' dir='ltr' id='par_1_101' title="bbox 1845 4044 3491 4117">
     <span class='ocr_line' id='line_1_102' title="bbox 1845 4044 3491 4117; baseline 0 -15"><span class='ocrx_word' id='word_1_736' title='bbox 1845 4047 2108 4102; x_wconf 88' lang='lat' dir='ltr'>occidere</span> <span class='ocrx_word' id='word_1_737' title='bbox 2139 4048 2452 4117; x_wconf 88' lang='lat' dir='ltr'>nequeant.</span> <span class='ocrx_word' id='word_1_738' title='bbox 2486 4044 2724 4101; x_wconf 88' lang='lat' dir='ltr'>Constat</span> <span class='ocrx_word' id='word_1_739' title='bbox 2754 4061 2890 4116; x_wconf 85' lang='lat' dir='ltr'>ergo</span> <span class='ocrx_word' id='word_1_740' title='bbox 2921 4062 3018 4101; x_wconf 91' lang='lat' dir='ltr'>eos</span> <span class='ocrx_word' id='word_1_741' title='bbox 3048 4044 3127 4100; x_wconf 92' lang='lat' dir='ltr'>nil</span> <span class='ocrx_word' id='word_1_742' title='bbox 3186 4044 3491 4102; x_wconf 88' lang='lat' dir='ltr'>charitatis</span> 
     </span>
    </p>
   </div>
   <div class='ocr_carea' id='block_1_102' title="bbox 1844 4132 3489 4206">
    <p class='ocr_par' dir='ltr' id='par_1_102' title="bbox 1844 4132 3489 4206">
     <span class='ocr_line' id='line_1_103' title="bbox 1844 4132 3489 4206; baseline 0 -16"><span class='ocrx_word' id='word_1_743' title='bbox 1844 4135 1967 4199; x_wconf 91' lang='lat' dir='ltr'>Dei,</span> <span class='ocrx_word' id='word_1_744' title='bbox 2001 4151 2175 4205; x_wconf 91' lang='lat' dir='ltr'>quem</span> <span class='ocrx_word' id='word_1_745' title='bbox 2209 4151 2323 4189; x_wconf 91' lang='lat' dir='ltr'>non</span> <span class='ocrx_word' id='word_1_746' title='bbox 2354 4132 2553 4188; x_wconf 87' lang='lat' dir='ltr'>vident</span> <span class='ocrx_word' id='word_1_747' title='bbox 2584 4132 2927 4205; x_wconf 89' lang='lat' dir='ltr'>habcrc,qui</span> <span class='ocrx_word' id='word_1_748' title='bbox 2956 4137 3077 4189; x_wconf 86' lang='lat' dir='ltr'>tam</span> <span class='ocrx_word' id='word_1_749' title='bbox 3110 4134 3367 4206; x_wconf 88' lang='lat' dir='ltr'>pessime</span> <span class='ocrx_word' id='word_1_750' title='bbox 3388 4151 3489 4190; x_wconf 93' lang='lat' dir='ltr'>no-</span> 
     </span>
    </p>
   </div>
   <div class='ocr_carea' id='block_1_103' title="bbox 1845 4222 3493 4296">
    <p class='ocr_par' dir='ltr' id='par_1_103' title="bbox 1845 4222 3493 4296">
     <span class='ocr_line' id='line_1_104' title="bbox 1845 4222 3493 4296; baseline 0 -17"><span class='ocrx_word' id='word_1_751' title='bbox 1845 4229 1986 4280; x_wconf 90' lang='lat' dir='ltr'>runt</span> <span class='ocrx_word' id='word_1_752' title='bbox 2042 4222 2593 4296; x_wconf 89' lang='lat' dir='ltr'>proximum,quem</span> <span class='ocrx_word' id='word_1_753' title='bbox 2624 4222 2827 4278; x_wconf 86' lang='lat' dir='ltr'>vident</span> <span class='ocrx_word' id='word_1_754' title='bbox 2884 4222 3148 4295; x_wconf 88' lang='lat' dir='ltr'>diligere,</span> <span class='ocrx_word' id='word_1_755' title='bbox 3208 4240 3385 4295; x_wconf 89' lang='lat' dir='ltr'>quem</span> <span class='ocrx_word' id='word_1_756' title='bbox 3443 4223 3493 4281; x_wconf 91' lang='lat' dir='ltr'>si</span> 
     </span>
    </p>
   </div>
   <div class='ocr_carea' id='block_1_104' title="bbox 1838 4310 3487 4385">
    <p class='ocr_par' dir='ltr' id='par_1_104' title="bbox 1838 4310 3487 4385">
     <span class='ocr_line' id='line_1_105' title="bbox 1838 4310 3487 4385; baseline 0.001 -18"><span class='ocrx_word' id='word_1_757' title='bbox 1838 4312 2208 4384; x_wconf 81' lang='lat' dir='ltr'>aliquatenus</span> <span class='ocrx_word' id='word_1_758' title='bbox 2262 4328 2367 4383; x_wconf 87' lang='lat' dir='ltr'>pro</span> <span class='ocrx_word' id='word_1_759' title='bbox 2397 4315 2533 4377; x_wconf 91' lang='lat' dir='ltr'>Deo,</span> <span class='ocrx_word' id='word_1_760' title='bbox 2570 4315 2628 4366; x_wconf 88' lang='lat' dir='ltr'>et</span> <span class='ocrx_word' id='word_1_761' title='bbox 2686 4310 2745 4365; x_wconf 91' lang='lat' dir='ltr'>in</span> <span class='ocrx_word' id='word_1_762' title='bbox 2807 4315 2921 4366; x_wconf 90' lang='lat' dir='ltr'>Deo</span> <span class='ocrx_word' id='word_1_763' title='bbox 2980 4310 3308 4385; x_wconf 88' lang='lat' dir='ltr'>diligerent,</span> <span class='ocrx_word' id='word_1_764' title='bbox 3360 4314 3487 4385; x_wconf 89' lang='lat' dir='ltr'>jam</span> 
     </span>
    </p>
   </div>
   <div class='ocr_carea' id='block_1_105' title="bbox 1837 4400 3487 4471">
    <p class='ocr_par' dir='ltr' id='par_1_105' title="bbox 1837 4400 3487 4471">
     <span class='ocr_line' id='line_1_106' title="bbox 1837 4400 3487 4471; baseline 0.001 -15"><span class='ocrx_word' id='word_1_765' title='bbox 1837 4401 2091 4456; x_wconf 65' lang='lat' dir='ltr'>haeretici</span> <span class='ocrx_word' id='word_1_766' title='bbox 2118 4417 2231 4455; x_wconf 92' lang='lat' dir='ltr'>non</span> <span class='ocrx_word' id='word_1_767' title='bbox 2255 4403 2471 4465; x_wconf 88' lang='lat' dir='ltr'>essent,</span> <span class='ocrx_word' id='word_1_768' title='bbox 2507 4400 2645 4471; x_wconf 86' lang='lat' dir='ltr'>quia</span> <span class='ocrx_word' id='word_1_769' title='bbox 2666 4401 2995 4455; x_wconf 89' lang='lat' dir='ltr'>necessario</span> <span class='ocrx_word' id='word_1_770' title='bbox 3035 4404 3267 4457; x_wconf 87' lang='lat' dir='ltr'>tantum</span> <span class='ocrx_word' id='word_1_771' title='bbox 3320 4406 3487 4458; x_wconf 69' lang='lat' dir='ltr'>recte:</span> 
     </span>
    </p>
   </div>
   <div class='ocr_carea' id='block_1_106' title="bbox 1838 4488 3485 4561">
    <p class='ocr_par' dir='ltr' id='par_1_106' title="bbox 1838 4488 3485 4561">
     <span class='ocr_line' id='line_1_107' title="bbox 1838 4488 3485 4561; baseline 0 -16"><span class='ocrx_word' id='word_1_772' title='bbox 1838 4490 1972 4545; x_wconf 86' lang='lat' dir='ltr'>ﬁdei</span> <span class='ocrx_word' id='word_1_773' title='bbox 1989 4490 2092 4545; x_wconf 89' lang='lat' dir='ltr'>etsi</span> <span class='ocrx_word' id='word_1_774' title='bbox 2111 4488 2364 4544; x_wconf 66' lang='lat' dir='ltr'>minimae</span> <span class='ocrx_word' id='word_1_775' title='bbox 2383 4492 2666 4561; x_wconf 88' lang='lat' dir='ltr'>quantum</span> <span class='ocrx_word' id='word_1_776' title='bbox 2683 4505 2829 4544; x_wconf 74' lang='lat' dir='ltr'>veras</span> <span class='ocrx_word' id='word_1_777' title='bbox 2845 4488 3173 4544; x_wconf 91' lang='lat' dir='ltr'>dilectionis</span> <span class='ocrx_word' id='word_1_778' title='bbox 3186 4489 3485 4546; x_wconf 83' lang='lat' dir='ltr'>haberent.</span> 
     </span>
    </p>
   </div>
   <div class='ocr_carea' id='block_1_107' title="bbox 1909 4577 3482 4650">
    <p class='ocr_par' dir='ltr' id='par_1_107' title="bbox 1909 4577 3482 4650">
     <span class='ocr_line' id='line_1_108' title="bbox 1909 4577 3482 4650; baseline 0.001 -18"><span class='ocrx_word' id='word_1_779' title='bbox 1909 4579 2015 4635; x_wconf 87' lang='lat' dir='ltr'>Sed</span> <span class='ocrx_word' id='word_1_780' title='bbox 2051 4578 2326 4650; x_wconf 88' lang='lat' dir='ltr'>quoniam</span> <span class='ocrx_word' id='word_1_781' title='bbox 2361 4581 2627 4632; x_wconf 87' lang='lat' dir='ltr'>neutram</span> <span class='ocrx_word' id='word_1_782' title='bbox 2660 4577 2896 4643; x_wconf 87' lang='lat' dir='ltr'>habent,</span> <span class='ocrx_word' id='word_1_783' title='bbox 2942 4577 3194 4633; x_wconf 68' lang='lat' dir='ltr'>haeretici</span> <span class='ocrx_word' id='word_1_784' title='bbox 3217 4581 3274 4633; x_wconf 90' lang='lat' dir='ltr'>et</span> <span class='ocrx_word' id='word_1_785' title='bbox 3320 4579 3482 4633; x_wconf 86' lang='lat' dir='ltr'>Anti-</span> 
     </span>
    </p>
   </div>
   <div class='ocr_carea' id='block_1_108' title="bbox 1840 4754 3484 4828">
    <p class='ocr_par' dir='ltr' id='par_1_108' title="bbox 1840 4754 3484 4828">
     <span class='ocr_line' id='line_1_109' title="bbox 1840 4754 3484 4828; baseline -0.001 -16"><span class='ocrx_word' id='word_1_786' title='bbox 1840 4757 1995 4813; x_wconf 89' lang='lat' dir='ltr'>enim</span> <span class='ocrx_word' id='word_1_787' title='bbox 2017 4757 2190 4811; x_wconf 86' lang='lat' dir='ltr'>Jesus</span> <span class='ocrx_word' id='word_1_788' title='bbox 2212 4755 2370 4811; x_wconf 88' lang='lat' dir='ltr'>venit</span> <span class='ocrx_word' id='word_1_789' title='bbox 2392 4756 2449 4810; x_wconf 95' lang='lat' dir='ltr'>in</span> <span class='ocrx_word' id='word_1_790' title='bbox 2473 4770 2667 4821; x_wconf 90' lang='lat' dir='ltr'>carne,</span> <span class='ocrx_word' id='word_1_791' title='bbox 2692 4754 2802 4809; x_wconf 90' lang='lat' dir='ltr'>nisi</span> <span class='ocrx_word' id='word_1_792' title='bbox 2820 4758 2905 4822; x_wconf 88' lang='lat' dir='ltr'>ut,</span> <span class='ocrx_word' id='word_1_793' title='bbox 2930 4771 2998 4810; x_wconf 86' lang='lat' dir='ltr'>ex</span> <span class='ocrx_word' id='word_1_794' title='bbox 3021 4754 3264 4811; x_wconf 89' lang='lat' dir='ltr'>diversis</span> <span class='ocrx_word' id='word_1_795' title='bbox 3297 4755 3484 4828; x_wconf 87' lang='lat' dir='ltr'>quali-</span> 
     </span>
    </p>
   </div>
   <div class='ocr_carea' id='block_1_109' title="bbox 1839 4844 3489 4918">
    <p class='ocr_par' dir='ltr' id='par_1_109' title="bbox 1839 4844 3489 4918">
     <span class='ocr_line' id='line_1_110' title="bbox 1839 4844 3489 4918; baseline 0.001 -18"><span class='ocrx_word' id='word_1_796' title='bbox 1839 4846 2059 4901; x_wconf 85' lang='lat' dir='ltr'>tatibus</span> <span class='ocrx_word' id='word_1_797' title='bbox 2081 4844 2386 4900; x_wconf 88' lang='lat' dir='ltr'>hominum</span> <span class='ocrx_word' id='word_1_798' title='bbox 2410 4849 2585 4915; x_wconf 90' lang='lat' dir='ltr'>atque</span> <span class='ocrx_word' id='word_1_799' title='bbox 2607 4861 2673 4899; x_wconf 81' lang='lat' dir='ltr'>ex</span> <span class='ocrx_word' id='word_1_800' title='bbox 2693 4844 2970 4900; x_wconf 89' lang='lat' dir='ltr'>omnibus</span> <span class='ocrx_word' id='word_1_801' title='bbox 2993 4844 3332 4901; x_wconf 88' lang='lat' dir='ltr'>nationibus</span> <span class='ocrx_word' id='word_1_802' title='bbox 3353 4862 3489 4918; x_wconf 84' lang='lat' dir='ltr'>gen-</span> 
     </span>
    </p>
   </div>
   <div class='ocr_carea' id='block_1_110' title="bbox 1840 4931 3490 5005">
    <p class='ocr_par' dir='ltr' id='par_1_110' title="bbox 1840 4931 3490 5005">
     <span class='ocr_line' id='line_1_111' title="bbox 1840 4931 3490 5005; baseline -0.001 -16"><span class='ocrx_word' id='word_1_803' title='bbox 1840 4934 2137 5005; x_wconf 82' lang='lat' dir='ltr'>tium,per</span> <span class='ocrx_word' id='word_1_804' title='bbox 2157 4933 2401 4987; x_wconf 89' lang='lat' dir='ltr'>nimiam</span> <span class='ocrx_word' id='word_1_805' title='bbox 2424 4931 2764 4987; x_wconf 87' lang='lat' dir='ltr'>charitatem</span> <span class='ocrx_word' id='word_1_806' title='bbox 2811 4948 2928 5003; x_wconf 88' lang='lat' dir='ltr'>qua</span> <span class='ocrx_word' id='word_1_807' title='bbox 2976 4932 3172 5003; x_wconf 92' lang='lat' dir='ltr'>posuit</span> <span class='ocrx_word' id='word_1_808' title='bbox 3217 4950 3324 5005; x_wconf 90' lang='lat' dir='ltr'>pro</span> <span class='ocrx_word' id='word_1_809' title='bbox 3373 4933 3490 4989; x_wconf 88' lang='lat' dir='ltr'>illis</span> 
     </span>
    </p>
   </div>
   <div class='ocr_carea' id='block_1_111' title="bbox 1839 5017 3488 5090">
    <p class='ocr_par' dir='ltr' id='par_1_111' title="bbox 1839 5017 3488 5090">
     <span class='ocr_line' id='line_1_112' title="bbox 1839 5017 3488 5090; baseline -0.001 -13"><span class='ocrx_word' id='word_1_810' title='bbox 1839 5021 2097 5078; x_wconf 87' lang='lat' dir='ltr'>animam</span> <span class='ocrx_word' id='word_1_811' title='bbox 2125 5036 2317 5086; x_wconf 89' lang='lat' dir='ltr'>suam,</span> <span class='ocrx_word' id='word_1_812' title='bbox 2345 5018 2646 5074; x_wconf 81' lang='lat' dir='ltr'>exhiberet</span> <span class='ocrx_word' id='word_1_813' title='bbox 2670 5017 2779 5074; x_wconf 92' lang='lat' dir='ltr'>sibi</span> <span class='ocrx_word' id='word_1_814' title='bbox 2803 5017 3121 5090; x_wconf 89' lang='lat' dir='ltr'>gloriosam</span> <span class='ocrx_word' id='word_1_815' title='bbox 3166 5018 3488 5076; x_wconf 77' lang='lat' dir='ltr'>Ecclesium</span> 
     </span>
    </p>
   </div>
   <div class='ocr_carea' id='block_1_112' title="bbox 1839 5106 3490 5181">
    <p class='ocr_par' dir='ltr' id='par_1_112' title="bbox 1839 5106 3490 5181">
     <span class='ocr_line' id='line_1_113' title="bbox 1839 5106 3490 5181; baseline -0.001 -15"><span class='ocrx_word' id='word_1_816' title='bbox 1839 5129 1956 5166; x_wconf 92' lang='lat' dir='ltr'>non</span> <span class='ocrx_word' id='word_1_817' title='bbox 1977 5110 2286 5165; x_wconf 88' lang='lat' dir='ltr'>habentem</span> <span class='ocrx_word' id='word_1_818' title='bbox 2311 5107 2600 5163; x_wconf 89' lang='lat' dir='ltr'>maculam</span> <span class='ocrx_word' id='word_1_819' title='bbox 2625 5112 2725 5162; x_wconf 91' lang='lat' dir='ltr'>aut</span> <span class='ocrx_word' id='word_1_820' title='bbox 2747 5106 3068 5179; x_wconf 85' lang='lat' dir='ltr'>rugam,vel</span> <span class='ocrx_word' id='word_1_821' title='bbox 3094 5107 3319 5181; x_wconf 90' lang='lat' dir='ltr'>aliquid</span> <span class='ocrx_word' id='word_1_822' title='bbox 3342 5110 3490 5180; x_wconf 88' lang='lat' dir='ltr'>ejus-</span> 
     </span>
    </p>
   </div>
   <div class='ocr_carea' id='block_1_113' title="bbox 1840 5194 3486 5271">
    <p class='ocr_par' dir='ltr' id='par_1_113' title="bbox 1840 5194 3486 5271">
     <span class='ocr_line' id='line_1_114' title="bbox 1840 5194 3486 5271; baseline -0.003 -16"><span class='ocrx_word' id='word_1_823' title='bbox 1840 5201 1996 5256; x_wconf 91' lang='lat' dir='ltr'>modi</span> <span class='ocrx_word' id='word_1_824' title='bbox 2022 5198 2247 5271; x_wconf 80' lang='lat' dir='ltr'>(Ephes,</span> <span class='ocrx_word' id='word_1_825' title='bbox 2273 5214 2347 5264; x_wconf 85' lang='lat' dir='ltr'>IV,</span> <span class='ocrx_word' id='word_1_826' title='bbox 2372 5198 2483 5268; x_wconf 85' lang='lat'>2‘7),</span> <span class='ocrx_word' id='word_1_827' title='bbox 2510 5194 2571 5250; x_wconf 89' lang='lat' dir='ltr'>in</span> <span class='ocrx_word' id='word_1_828' title='bbox 2600 5213 2715 5267; x_wconf 88' lang='lat' dir='ltr'>qua</span> <span class='ocrx_word' id='word_1_829' title='bbox 2736 5213 2855 5251; x_wconf 90' lang='lat' dir='ltr'>una</span> <span class='ocrx_word' id='word_1_830' title='bbox 2873 5196 3149 5253; x_wconf 89' lang='lat' dir='ltr'>columba</span> <span class='ocrx_word' id='word_1_831' title='bbox 3171 5214 3300 5268; x_wconf 91' lang='lat' dir='ltr'>sua,</span> <span class='ocrx_word' id='word_1_832' title='bbox 3342 5197 3486 5253; x_wconf 91' lang='lat' dir='ltr'>ami-</span> 
     </span>
    </p>
   </div>
   <div class='ocr_carea' id='block_1_114' title="bbox 1839 5283 3482 5358">
    <p class='ocr_par' dir='ltr' id='par_1_114' title="bbox 1839 5283 3482 5358">
     <span class='ocr_line' id='line_1_115' title="bbox 1839 5283 3482 5358; baseline -0.003 -14"><span class='ocrx_word' id='word_1_833' title='bbox 1839 5305 1927 5354; x_wconf 90' lang='lat' dir='ltr'>ca,</span> <span class='ocrx_word' id='word_1_834' title='bbox 1951 5305 2147 5343; x_wconf 91' lang='lat' dir='ltr'>sorore</span> <span class='ocrx_word' id='word_1_835' title='bbox 2168 5291 2222 5343; x_wconf 93' lang='lat' dir='ltr'>et</span> <span class='ocrx_word' id='word_1_836' title='bbox 2246 5302 2468 5358; x_wconf 89' lang='lat' dir='ltr'>sponsa</span> <span class='ocrx_word' id='word_1_837' title='bbox 2492 5283 2878 5341; x_wconf 89' lang='lat' dir='ltr'>immaculata</span> <span class='ocrx_word' id='word_1_838' title='bbox 2899 5286 3254 5358; x_wconf 88' lang='lat' dir='ltr'>quiescente,</span> <span class='ocrx_word' id='word_1_839' title='bbox 3278 5286 3482 5340; x_wconf 84' lang='lat' dir='ltr'>imma-</span> 
     </span>
    </p>
   </div>
   <div class='ocr_carea' id='block_1_115' title="bbox 1839 5373 3480 5446">
    <p class='ocr_par' dir='ltr' id='par_1_115' title="bbox 1839 5373 3480 5446">
     <span class='ocr_line' id='line_1_116' title="bbox 1839 5373 3480 5446; baseline -0.003 -15"><span class='ocrx_word' id='word_1_840' title='bbox 1839 5376 2067 5432; x_wconf 89' lang='lat' dir='ltr'>culatus</span> <span class='ocrx_word' id='word_1_841' title='bbox 2090 5377 2215 5446; x_wconf 91' lang='lat' dir='ltr'>ipso</span> <span class='ocrx_word' id='word_1_842' title='bbox 2234 5375 2499 5446; x_wconf 90' lang='lat' dir='ltr'>Sponsus</span> <span class='ocrx_word' id='word_1_843' title='bbox 2522 5373 2940 5444; x_wconf 87' lang='lat' dir='ltr'>requiesceret,</span> <span class='ocrx_word' id='word_1_844' title='bbox 2958 5373 3214 5445; x_wconf 88' lang='lat' dir='ltr'>atquein</span> <span class='ocrx_word' id='word_1_845' title='bbox 3235 5388 3480 5444; x_wconf 89' lang='lat' dir='ltr'>regnan-</span> 
     </span>
    </p>
   </div>
   <div class='ocr_carea' id='block_1_116' title="bbox 1839 5460 3480 5536">
    <p class='ocr_par' dir='ltr' id='par_1_116' title="bbox 1839 5460 3480 5536">
     <span class='ocr_line' id='line_1_117' title="bbox 1839 5460 3480 5536; baseline -0.004 -16"><span class='ocrx_word' id='word_1_846' title='bbox 1839 5470 1895 5521; x_wconf 90' lang='lat' dir='ltr'>te</span> <span class='ocrx_word' id='word_1_847' title='bbox 1918 5468 2205 5536; x_wconf 76' lang='lat' dir='ltr'>regnaret,</span> <span class='ocrx_word' id='word_1_848' title='bbox 2227 5463 2427 5534; x_wconf 89' lang='lat' dir='ltr'>sicque</span> <span class='ocrx_word' id='word_1_849' title='bbox 2448 5462 2726 5517; x_wconf 90' lang='lat' dir='ltr'>omnibus</span> <span class='ocrx_word' id='word_1_850' title='bbox 2748 5462 2870 5516; x_wconf 91' lang='lat' dir='ltr'>suis</span> <span class='ocrx_word' id='word_1_851' title='bbox 2894 5462 2951 5516; x_wconf 91' lang='lat' dir='ltr'>in</span> <span class='ocrx_word' id='word_1_852' title='bbox 2974 5477 3034 5515; x_wconf 89' lang='lat' dir='ltr'>se</span> <span class='ocrx_word' id='word_1_853' title='bbox 3060 5460 3185 5532; x_wconf 89' lang='lat' dir='ltr'>ipso</span> <span class='ocrx_word' id='word_1_854' title='bbox 3208 5477 3322 5515; x_wconf 90' lang='lat' dir='ltr'>uno</span> <span class='ocrx_word' id='word_1_855' title='bbox 3345 5476 3480 5515; x_wconf 88' lang='lat' dir='ltr'>con-</span> 
     </span>
    </p>
   </div>
   <div class='ocr_carea' id='block_1_117' title="bbox 1839 5548 3481 5621">
    <p class='ocr_par' dir='ltr' id='par_1_117' title="bbox 1839 5548 3481 5621">
     <span class='ocr_line' id='line_1_118' title="bbox 1839 5548 3481 5621; baseline -0.004 -13"><span class='ocrx_word' id='word_1_856' title='bbox 1839 5552 2174 5618; x_wconf 87' lang='lat' dir='ltr'>summatis,</span> <span class='ocrx_word' id='word_1_857' title='bbox 2207 5549 2503 5621; x_wconf 87' lang='lat' dir='ltr'>unusipse</span> <span class='ocrx_word' id='word_1_858' title='bbox 2522 5555 2667 5605; x_wconf 84' lang='lat' dir='ltr'>Deus</span> <span class='ocrx_word' id='word_1_859' title='bbox 2694 5548 3423 5605; x_wconf 87' lang='lat' dir='ltr'>omniainomnibusesset</span> <span class='ocrx_word' id='word_1_860' title='bbox 3452 5548 3481 5602; x_wconf 87' lang='lat'><strong>?</strong></span> 
     </span>
    </p>
   </div>
   <div class='ocr_carea' id='block_1_118' title="bbox 1838 5636 3478 5707">
    <p class='ocr_par' dir='ltr' id='par_1_118' title="bbox 1838 5636 3478 5707">
     <span class='ocr_line' id='line_1_119' title="bbox 1838 5636 3478 5707; baseline -0.003 -11"><span class='ocrx_word' id='word_1_861' title='bbox 1838 5640 2213 5696; x_wconf 89' lang='lat' dir='ltr'>Cuimirabili</span> <span class='ocrx_word' id='word_1_862' title='bbox 2240 5644 2296 5695; x_wconf 88' lang='lat' dir='ltr'>et</span> <span class='ocrx_word' id='word_1_863' title='bbox 2319 5638 2691 5694; x_wconf 89' lang='lat' dir='ltr'>desiderabili</span> <span class='ocrx_word' id='word_1_864' title='bbox 2716 5637 3040 5707; x_wconf 71' lang='lat' dir='ltr'>unionipra:</span> <span class='ocrx_word' id='word_1_865' title='bbox 3057 5636 3282 5691; x_wconf 67' lang='lat' dir='ltr'>cmteris</span> <span class='ocrx_word' id='word_1_866' title='bbox 3331 5636 3478 5691; x_wconf 61' lang='lat' dir='ltr'>invi»</span> 
     </span>
    </p>
   </div>
   <div class='ocr_carea' id='block_1_119' title="bbox 1840 5726 3475 5798">
    <p class='ocr_par' dir='ltr' id='par_1_119' title="bbox 1840 5726 3475 5798">
     <span class='ocr_line' id='line_1_120' title="bbox 1840 5726 3475 5798; baseline -0.003 -13"><span class='ocrx_word' id='word_1_867' title='bbox 1840 5728 2433 5796; x_wconf 87' lang='lat' dir='ltr'>dentctinsidiantur,</span> <span class='ocrx_word' id='word_1_868' title='bbox 2451 5727 2547 5798; x_wconf 90' lang='lat' dir='ltr'>qui</span> <span class='ocrx_word' id='word_1_869' title='bbox 2564 5726 2842 5797; x_wconf 90' lang='lat' dir='ltr'>Spiritum</span> <span class='ocrx_word' id='word_1_870' title='bbox 2865 5727 3134 5779; x_wconf 89' lang='lat' dir='ltr'>sanctum</span> <span class='ocrx_word' id='word_1_871' title='bbox 3159 5740 3277 5796; x_wconf 88' lang='lat' dir='ltr'>quo</span> <span class='ocrx_word' id='word_1_872' title='bbox 3315 5728 3475 5780; x_wconf 85' lang='lat' dir='ltr'>tanta</span> 
     </span>
    </p>
   </div>
  </div>
