3876 6358
164 440 345 511 1117

722 444 1142 513 ADVERSUS
1186 446 1661 513 SIMONIACOS
1704 441 1914 513 LIBRI
1955 443 2184 510 TBES.
2215 474 2297 491 —
2323 442 2550 507 LIBER
2599 441 3027 509 SECUNDUS.

3424 442 3585 513 1118

163 578 504 652 pacissima
529 575 695 639 navis
725 598 859 639 mox
887 582 1298 654 demergenda,
1326 581 1559 639 tabulas
1584 582 1707 653 jam
1740 598 1835 637 so-
1863 578 1920 648 Α
1948 577 2221 652 gotiando
2252 594 2381 635 eam
2413 581 2470 635 et
2500 578 2786 652 quidquid
2819 575 2980 636 illius
3007 581 3094 635 est
3118 592 3265 651 pene
3311 580 3383 636 ad
3430 581 3585 637 nihi-

161 674 395 726 nantes
428 670 603 737 laxet,
634 671 745 738 vel,
779 673 933 727 sicut
964 671 1248 743 populosa
1286 672 1583 743 quondam
1631 671 1834 728 civitas

161 774 203 814 ει
239 776 375 815 sese
402 759 747 832 impugnata
771 764 828 815 et
857 761 1448 832 expugnata,tandcm
1483 759 1709 816 laboret
1725 761 1837 814 vix-

161 862 300 919 que
332 847 581 917 alicujus
611 864 851 903 suorum
876 848 1126 903 salutem
1160 850 1679 921 speret.Qum,quia
1711 866 1832 904 mo-

163 936 315 990 dica
364 937 608 1007 spernit,
658 937 938 1008 paulatim
990 937 1203 991 decidit
1250 940 1437 1005 (Ecrli.
1483 955 1599 1003 xix,
1635 939 1734 1007 1.),
1766 938 1833 992 ad

163 1022 294 1093 hoc
326 1026 535 1095 utjam
572 1042 715 1096 pene
748 1026 972 1095 ignoret
1022 1025 1116 1079 ubi
1170 1024 1245 1080 sit
1294 1031 1349 1079 et
1382 1028 1553 1097 cujus
1584 1028 1678 1095 sit,
1715 1025 1837 1081 solo

162 1111 302 1167 Deo
332 1112 484 1167 inter
508 1118 591 1168 tot
616 1114 798 1168 millia
819 1114 1182 1167 venditorum
1216 1119 1271 1168 et
1302 1120 1634 1185 emptorum
1658 1116 1841 1187 pessi-

165 1216 421 1255 morum
455 1206 835 1271 cognoscente
870 1202 967 1273 qui
1003 1202 1129 1271 ejus
1161 1202 1299 1271 sint,
1334 1204 1547 1274 quibus
1581 1204 1838 1276 quotidie

154 1287 399 1347 blande
422 1293 477 1343 et
507 1290 874 1344 familiariter
906 1291 961 1343 in
996 1306 1133 1345 aure
1167 1292 1358 1345 cordis
1389 1292 1579 1363 inquit
1611 1310 1623 1347 :
1661 1315 1688 1341 ‹‹
1722 1293 1835 1347 No-

164 1375 281 1431 lite
316 1378 542 1443 timere,
594 1378 841 1449 pusillus
892 1396 1050 1450 grex,
1103 1379 1240 1449 quia
1287 1381 1643 1452 complacuit
1682 1381 1837 1435 Patri

165 1470 379 1519 vestro
412 1467 547 1521 dare
577 1468 741 1521 vobis
765 1484 1041 1539 regnum;
1075 1469 1300 1523 vendite
1334 1486 1459 1539 qum
1501 1470 1835 1541 possidetis,

168 1556 235 1607 et
293 1555 425 1608 date
469 1554 585 1610 elee
612 1572 919 1627 nosynam.
978 1556 1165 1609 Facite
1212 1558 1375 1611 vobis
1412 1558 1694 1623 sacculos,
1737 1556 1837 1629 qui

170 1659 303 1697 non
337 1644 1071 1713 veterascunt,thesaurum
1103 1661 1217 1698 non
1242 1646 1607 1700 deiicientem
1636 1646 1693 1701 in
1726 1664 1838 1701 em-

170 1729 280 1795 lis,
318 1748 431 1801 quo
461 1732 554 1786 fur
580 1749 693 1787 non
729 1733 1054 1805 appropiat,
1089 1748 1277 1803 neque
1308 1735 1464 1788 tinea
1495 1736 1835 1805 corrumpit.

170 1818 296 1874 Ubi
329 1820 485 1873 enim
516 1820 830 1876 thesaurus
860 1825 1050 1875 vester
1080 1825 1187 1885 est,
1222 1821 1303 1876 ibi
1352 1827 1404 1877 et
1456 1840 1554 1877 cor
1582 1828 1838 1879 vestrum

171 1907 297 1963 erit
329 1908 481 1977 (Luc.
516 1926 617 1974 xu,
650 1911 738 1975 32,
771 1910 884 1980 3’1).
936 1910 1068 1976 Sed,
1123 1927 1154 1965 ο
1203 1910 1365 1974 Jesu,
1420 1916 1623 1967 Pastor
1671 1913 1838 1983 bone,

174 2012 370 2068 quam
397 1996 683 2067 pauculas
699 2002 937 2069 apparet
961 2014 1115 2052 nunc
1139 1999 1386 2054 istorum
1416 2017 1699 2071 agnorum
1720 2006 1847 2057 tuo-

172 2102 323 2140 rum
355 2102 637 2139 numerus
672 2087 823 2141 inter
851 2086 1152 2141 haedorum
1186 2088 1580 2143 innumerales
1626 2090 1848 2145 cmtus‘?

176 2175 266 2229 Ita
297 2174 423 2243 jam
459 2179 767 2245 superatus
801 2174 1142 2229 lenissimus
1161 2180 1298 2230 tuus
1320 2178 1498 2232 Jacob
1524 2179 1594 2232 ab
1615 2178 1844 2250 hispido

174 2267 240 2318 et
274 2262 507 2317 hirsuto
526 2264 696 2317 fratre
717 2262 1057 2327 ulterino,ut
1080 2266 1405 2320 secundum
1429 2267 1637 2321 Isaiam
1662 2267 1844 2322 haedis

173 2350 502 2424 pascendis
532 2368 735 2422 vepres
766 2356 822 2407 et
862 2352 1044 2423 spina:
1094 2353 1215 2407 sint
1262 2353 1319 2408 in
1373 2354 1533 2409 omni
1583 2360 1756 2420 terra,
1789 2360 1843 2411 et

176 2438 461 2513 pauculis
493 2440 736 2511 agnellis
765 2440 858 2495 vix
888 2440 1084 2512 aliqua
1114 2442 1411 2513 supersint
1443 2460 1678 2513 pascua.
1698 2444 1843 2499 Vere

177 2530 360 2585 adest
382 2528 549 2583 nobis
589 2529 711 2583 dies
764 2528 861 2583 illa
893 2529 965 2583 ab
1016 2531 1217 2584 eodem
1250 2536 1376 2586 vate
1406 2530 1489 2586 sic
1522 2532 1795 2603 praedicta
1828 2549 1841 2589 :

176 2641 207 2668 «
248 2618 321 2671 Et
354 2616 464 2671 erit
511 2617 569 2671 in
618 2616 710 2671 die
757 2617 877 2683 illa,
911 2618 1307 2673 attenuabitur
1338 2619 1523 2692 gloria
1549 2621 1751 2689 Jacob,
1786 2626 1840 2676 et

175 2707 443 2779 pingues
473 2721 677 2759 carnes
708 2706 833 2775 ejus
867 2711 1257 2773 marcescent;
1292 2712 1347 2762 et
1377 2708 1487 2762 erit
1517 2708 1669 2763 sicut
1699 2726 1838 2764 con-

175 2811 441 2869 gregans
474 2794 530 2847 in
567 2810 755 2849 messe
797 2794 896 2865 qui
953 2795 1226 2849 restiterit
1276 2800 1331 2849 et
1374 2796 1678 2851 brachium
1711 2799 1839 2867 ejus

175 2884 388 2956 apicas
418 2881 588 2953 leget.
626 2884 693 2937 Et
721 2883 831 2937 erit
860 2883 1015 2938 sicut
1040 2901 1307 2955 quaerens
1347 2884 1539 2955 spicas
1586 2885 1645 2939 in
1694 2885 1841 2940 valle

177 2970 504 3044 Raphaim,
536 2974 591 3025 et
621 2970 983 3042 relinquetur
1030 2970 1086 3024 in
1145 2988 1210 3026 eo
1260 2973 1411 3027 sicut
1454 2990 1740 3042 racemus,
1786 2978 1843 3029 et

174 3060 342 3117 sicut
372 3059 641 3114 excussio
672 3060 809 3114 oleze
843 3060 1091 3114 duarum
1125 3065 1227 3114 aut
1257 3061 1434 3115 trium
1467 3060 1749 3116 olivarum
1783 3063 1839 3117 in

177 3148 531 3205 summitate
562 3147 732 3215 rami,
768 3149 885 3203 sive
917 3153 1170 3219 quatuor
1200 3154 1302 3204 aut
1332 3150 1593 3221 quinque
1642 3151 1701 3205 in
1727 3168 1840 3206 ca-

177 3235 533 3296 cuminibus
579 3237 727 3306 ejus,
779 3236 920 3291 dicit
962 3236 1247 3292 Dominus
1299 3238 1472 3293 Israel
1532 3240 1657 3311 (Isa.
1704 3257 1838 3307 xvn,

1945 668 2088 735 lum,
2123 672 2407 741 quantum
2440 668 2500 724 in
2532 668 2616 724 eis
2648 672 2757 735 est,
2793 668 3160 741 redigunt.Et
3186 673 3338 725 certe
3365 668 3585 738 Ariani,

1945 757 2208 828 quamvis
2231 756 2442 811 Filium
2475 760 2531 812 et
2563 757 2844 828 Spiritum
2870 760 3138 813 sanctum
3168 757 3452 814 minorem
3477 758 3589 815 Deo

1944 845 2128 911 Patre,
2164 850 2219 900 et
2266 851 2590 900 creaturam
2645 862 2909 918 perverse
2965 845 3183 913 dicant,
3231 863 3346 901 non
3396 852 3591 903 tamen

1944 933 2285 988 utrumlibet
2315 935 2559 988 vendere
2593 950 2654 988 se
2684 950 2855 1006 porro
2887 933 3319 1006 zestimant,qui
3354 952 3457 990 nec
3481 934 3593 1007 ipsi

1944 1022 2359 1085 Macedoniani,
2382 1021 2649 1093 quamvis
2679 1021 2961 1094 Spiritum
2992 1027 3265 1078 sanctum
3299 1023 3587 1079 minorem

1946 1112 2113 1166 Patre
2160 1116 2215 1165 et
2264 1110 2425 1177 Filio,
2478 1115 2650 1182 atque
2700 1115 3021 1165 creaturam
3076 1112 3333 1183 maligne
3370 1113 3590 1168 dicant.

1948 1201 2057 1255 Sed
2092 1216 2193 1254 nec
2226 1199 2599 1271 Cataphrygce
2647 1198 2780 1254 licet
2828 1203 3094 1255 asscrant
3135 1200 3419 1272 Spiritum
3453 1218 3591 1257 san-

1950 1292 2107 1344 ctum
2140 1287 2197 1342 in
2230 1288 2591 1354 Montanum,
2626 1305 2742 1341 suae
2777 1297 2937 1343 sectae
2986 1293 3279 1343 auctorem
3308 1290 3589 1345 substan-

1948 1376 2183 1443 tialiter,
2231 1375 2477 1431 venisse.
2513 1376 2639 1439 Qua
2684 1377 2754 1430 de
2801 1394 2860 1431 re
2918 1377 3041 1431 sola
3093 1376 3304 1433 clarius
3361 1382 3593 1435 constat

1949 1466 2313 1520 Simoniacos
2346 1465 2478 1535 plus
2508 1464 2784 1519 omnibus
2811 1464 2903 1519 his
2934 1482 3145 1537 negare
3194 1466 3487 1522 Christum
3530 1468 3589 1522 in

1949 1570 2120 1608 carne
2145 1555 2393 1620 venisse,
2427 1553 2526 1624 qui
2560 1569 2657 1608 ore
2704 1553 2938 1625 quidem
2987 1554 3268 1624 Spiritum
3320 1559 3587 1610 sanctum

1948 1642 2100 1697 Patri
2133 1648 2189 1697 et
2222 1642 2362 1697 Filio
2395 1658 2498 1713 per
2528 1641 2728 1697 omnia
2754 1642 3109 1713 coazqualem
3146 1642 3367 1710 dicunt,
3421 1661 3593 1715 quem

1946 1734 2141 1786 tamen
2163 1730 2424 1802 quotidie
2454 1731 2703 1786 vendere
2717 1746 2779 1785 se
2792 1724 2966 1801 posse
2996 1731 3241 1785 credunt
3270 1730 3329 1785 in
3353 1747 3418 1787 eo
3442 1733 3595 1804 quod

1946 1819 2201 1875 visibilia
2230 1819 2421 1891 ipsius
2454 1823 2821 1875 sacramenta
2851 1819 3220 1891 impudenter
3247 1820 3524 1877 vendunt.

2522 1924 2753 1979 CAPUT
2790 1923 3027 1979 XXXIV.

2082 2014 2297 2082 Quanto
2322 2015 2739 2139 pemicz'osigres
2768 2015 3020 2096 omnibus
3050 2013 3320 2071 haereticis
3347 2023 3478 2072 sunt

2654 2101 2932 2139 zmomacz.

2654 2101 2932 2139 zmomacz.

2024 2173 2315 2236 Quantum
2375 2172 2767 2229 excusabilius
2825 2173 2933 2227 hoc
3000 2173 3298 2246 negotium
3356 2178 3595 2248 agerent

1952 2261 2152 2317 Ariani
2201 2265 2257 2316 et
2303 2260 2723 2327 Macedoniani,
2763 2265 2820 2317 et
2874 2261 3058 2333 pretio
3115 2262 3397 2335 Spiritum
3458 2281 3593 2320 san-

1952 2355 2107 2405 ctum
2130 2350 2299 2405 vendi
2334 2366 2507 2421 posse
2536 2351 2858 2415 crederent,
2890 2367 3066 2422 quem
3095 2356 3419 2408 creaturam
3451 2370 3595 2426 prte-

1952 2439 2258 2494 dicarunt?
2292 2439 2475 2510 Magis
2508 2438 2664 2493 enim
2718 2454 3084 2510 consequens
3139 2443 3228 2495 est
3271 2446 3595 2497 creaturam

1950 2545 2123 2600 posse
2160 2528 2328 2583 vendi
2375 2543 2553 2599 quam
2613 2527 2941 2583 Creatorem
3000 2532 3058 2582 et
3104 2528 3596 2585 Sanctificatorem

1950 2616 2176 2671 mundi.
2226 2616 2312 2670 Ad
2363 2616 2482 2670 hazc
2534 2614 2720 2670 multo
2768 2615 3129 2671 tolerabilior
3170 2634 3373 2673 eorum
3413 2619 3594 2687 furor,

1948 2720 2095 2776 quos
2128 2705 2313 2775 magis
2335 2708 2536 2758 contra
2578 2703 2925 2759 catholicam
2955 2705 3222 2760 armabat
3248 2706 3595 2763 manifestus

1945 2796 2130 2847 terror
2158 2808 2332 2863 quam
2365 2792 2535 2846 ﬁctus
2564 2808 2751 2856 amor,
2782 2807 3016 2863 quoque
3042 2792 3275 2864 publica
3306 2795 3593 2852 confessio

1947 2880 2237 2935 clamabat
2283 2880 2589 2948 cavendos,
2624 2880 2843 2951 quibus
2890 2885 3056 2936 tanto
3111 2881 3595 2939 intolerabiliores

1949 2969 2265 3025 Simoniaci
2317 2973 2455 3024 sunt
2485 2975 2706 3040 quanto
2755 2968 3092 3025 blandiores
3138 2974 3197 3025 et
3232 2971 3595 3040 occultiores,

1950 3075 2097 3130 quos
2130 3063 2186 3113 et
2216 3057 2533 3113 catholicos
2564 3062 2844 3129 putamus
2876 3075 2945 3113 ex
2974 3058 3360 3126 confessione,
3393 3065 3450 3115 et
3497 3078 3597 3133 pa-

1950 3152 2068 3202 tres
2094 3146 2179 3201 vel
2212 3145 2430 3201 amicos
2462 3163 2528 3201 ex
2561 3145 2776 3201 blanda
2802 3145 2890 3201 vel
2922 3147 3162 3218 paciﬁca
3205 3148 3600 3205 admonitione

1951 3237 2039 3291 vel
2072 3235 2439 3297 salutatione.
2474 3251 2650 3306 quam
2682 3235 2767 3290 sic
2801 3236 3039 3292 student
3068 3253 3186 3310 suae
3231 3237 3596 3308 perversitati

181 3332 239 3396 4,
271 3327 355 3395 6).
394 3346 420 3373 »
452 3325 670 3379 Deinde
700 3324 757 3379 in
792 3324 917 3397 ipsa
946 3325 1234 3396 paucitate
1262 3344 1371 3381 sua
1409 3327 1546 3397 quid
1582 3328 1839 3383 diminu-
1872 3310 1915 3375 C
1954 3324 2285 3387 obtendere,
2318 3328 2383 3378 ut
2412 3323 2727 3379 credantur
2757 3322 3091 3379 blandiores
3116 3341 3244 3379 esse
3280 3323 3596 3381 blandissi-

180 3413 372 3471 tionis
390 3413 579 3468 adhuc
603 3413 861 3468 incurrat
884 3413 1499 3485 catholica,subjungit
1528 3415 1679 3470 idem
1705 3432 1837 3485 pro-

184 3503 377 3577 pheta
408 3517 457 3556 :u
482 3502 790 3573 Propterea
820 3501 1167 3574 plantabunt
1196 3502 1611 3574 plantationem
1634 3503 1837 3558 inlide-

181 3592 431 3660 lium,et
459 3606 694 3660 germen
726 3588 985 3644 alienum
1018 3590 1693 3661 seminabunt(lbz’d.,10).
1723 3613 1749 3639 »
1772 3622 1840 3631 —

184 3703 214 3730 «
250 3679 402 3745 Heu,
437 3677 570 3743 heu,
606 3677 738 3743 heu,
763 3677 1000 3733 Domine
1026 3679 1395 3750 Deus,parce,
1432 3696 1601 3751 parce
1626 3679 1838 3752 populo

180 3772 312 3832 tuo,
346 3769 407 3820 et
438 3782 507 3820 ne
538 3766 639 3820 des
687 3765 1082 3821 hmreditatem
1132 3771 1295 3821 tuam
1346 3767 1403 3821 in
1458 3768 1838 3839 perditionem

180 3856 344 3925 (Jocl.
382 3871 443 3922 ιι,
476 3854 564 3923 l7)
587 3854 639 3909 ι»
667 3885 735 3894 -
766 3878 793 3903 ‹‹
826 3854 1117 3926 Propitius
1140 3856 1556 3922 esto,obsecro,
1586 3857 1835 3928 quiesce.

182 3944 334 4009 Quis
369 3942 678 3998 suscitabit
704 3943 907 4011 Jacob,
940 3943 1078 4015 quia
1108 3944 1383 4016 parvulus
1403 3945 1836 4016 est?(Amos.vu,

182 4031 612 4100 2.)»Imminuti
634 4032 790 4087 enim
821 4049 1029 4087 sumus
1042 4032 1173 4105 plus
1196 4050 1373 4105 quam
1392 4050 1594 4089 omnes
1615 4039 1838 4106 gentes,

180 4116 241 4177 et
263 4122 511 4191 insuper
531 4136 677 4192 quos
698 4120 803 4176 tibi
829 4120 1165 4193 plantamus
1189 4122 1338 4176 ﬁunt
1360 4121 1706 4190 infideles,et
1718 4141 1842 4196 ger-

180 4226 324 4265 men
355 4208 614 4263 alienum
637 4208 1352 4281 seminamus,quiajuxta
1373 4209 1695 4266 lamentum
1742 4213 1838 4267 Je-

179 4298 407 4365 remizs,
441 4314 588 4369 quos
621 4298 939 4353 educamus
984 4304 1041 4353 et
1084 4299 1401 4369 nutrimus,
1425 4299 1702 4357 inimicus
1745 4318 1841 4357 no-

181 4390 308 4443 ster
355 4387 653 4441 consumit
692 4403 791 4441 eos
841 4388 1061 4458 (Thren.
1114 4405 1177 4455 II,
1227 4392 1342 4456 22).
1376 4389 1467 4454 Et,
1516 4405 1568 4457 ο,
1610 4388 1698 4444 vel
1730 4389 1838 4445 soli

180 4477 717 4533 consumerentur?
768 4477 880 4532 Sed
939 4478 1092 4549 quod
1144 4478 1380 4550 gravius
1427 4485 1516 4534 est
1574 4480 1839 4535 Ecclesia:

180 4568 354 4619 utero
386 4563 564 4635 geniti
596 4568 654 4619 et
681 4563 829 4619 lacte
859 4566 986 4637 ejus
1019 4566 1223 4620 nutriti
1259 4569 1415 4634 sunt,
1432 4566 1531 4638 qui
1574 4572 1838 4638 postmo-

181 4653 333 4745 dum
367 4653 440 4707 ab
471 4668 540 4707 ea
567 4653 638 4708 ad
686 4654 974 4745 perfidum
1022 4655 1321 4745 Simonem
1372 4672 1505 4710 cum
1558 4658 1839 4745 maternis
1869 4680 1915 4745 D

181 4741 373 4798 armis
402 4745 731 4809 transeunt,
766 4747 822 4797 et
858 4742 1139 4799 adversus
1185 4743 1343 4799 illam
1393 4743 1702 4801 crudeliter
1750 4747 1836 4801 in-

181 4833 460 4902 surgunt,
492 4833 550 4885 et
594 4829 803 4885 fratres
850 4831 1148 4903 quondam
1199 4849 1336 4888 suos
1386 4834 1659 4905 deceptos
1703 4850 1833 4889 cum

178 4916 445 4990 periculo
457 4918 662 4973 matris
683 4919 792 4973 sub
816 4936 955 4992 pace
975 4920 1499 4989 interimunt.Quid
1517 4938 1652 4994 ergo
1674 4928 1835 4979 tanto

181 5006 341 5072 odio,
374 5010 656 5079 tantaque
694 5009 1014 5079 pertinacia
1060 5009 1414 5065 Eccclesiam
1464 5010 1697 5082 Christi,
1735 5029 1836 5085 pro

179 5109 301 5166 qua
332 5093 462 5150 sola
498 5096 658 5151 venit
700 5095 762 5151 in
811 5112 1003 5167 carne,
1037 5097 1164 5153 sine
1210 5097 1647 5155 intermissione
1688 5100 1836 5156 dila-

179 5181 329 5251 niat,
352 5182 654 5239 Christum
683 5184 912 5241 venisse
941 5185 999 5240 in
1032 5202 1201 5241 carne
1232 5202 1345 5241 non
1376 5192 1593 5260 negant
1617 5188 1645 5242 ?
1686 5193 1834 5245 Nam

178 5269 231 5325 si
261 5271 476 5327 beatus
519 5271 691 5329 Pater
718 5274 1085 5347 Augustinus
1134 5274 1384 5330 asseruit
1426 5275 1689 5345 Arianos,
1716 5278 1834 5335 Ma-

179 5358 565 5428 cedonianos,
595 5362 1014 5436 Cataphrygas,
1046 5363 1393 5419 Novatianos
1426 5380 1639 5436 negare
1670 5367 1834 5422 Chri-

178 5452 342 5502 stum
375 5445 439 5504 in
469 5465 644 5505 carne
674 5451 920 5519 venisse,
953 5469 1019 5507 eo
1050 5452 1227 5524 quod,
1264 5452 1332 5507 de
1361 5450 1665 5509 divinitate
1701 5472 1831 5511 sen-

177 5534 379 5591 tiendo
412 5553 611 5609 prava,
630 5538 947 5595 Ecclesiam
979 5542 1109 5612 ejus
1142 5557 1249 5596 sua
1276 5539 1586 5596 insolentia
1618 5543 1833 5599 discin-

179 5623 349 5693 dunt,
385 5624 576 5681 multo
607 5628 796 5700 magis
827 5629 1162 5697 Simoniaci,
1213 5628 1313 5700 qui
1357 5644 1471 5683 non
1521 5629 1713 5685 solum
1764 5633 1832 5688 de

179 5711 298 5779 Deo
330 5728 514 5784 prava
541 5715 864 5787 sentiendo,
897 5719 999 5773 sed
1027 5718 1203 5774 etiam
1235 5716 1548 5773 Ecclesiam
1578 5719 1708 5791 ejus
1740 5739 1832 5778 ne-

1954 3413 2089 3479 mis,
2121 3429 2253 3467 cum
2284 3411 2617 3467 nullatenus
2648 3411 2953 3484 quiescant
2984 3411 3264 3484 populum
3300 3413 3394 3469 Dei
3433 3418 3598 3470 tanta

1949 3500 2105 3557 mala
2134 3518 2251 3555 non
2284 3500 2811 3571 sentientem,quin
2844 3500 3040 3572 potius
3068 3500 3184 3557 illis
3214 3501 3593 3572 arridentem,

1947 3594 2003 3646 et
2034 3589 2482 3662 applaudentem
2510 3589 3030 3661 interimere,quos
3062 3590 3289 3662 pejores
3320 3592 3596 3663 pessimis

1947 3679 2238 3745 Adrianis,
2272 3678 2427 3733 sicut
2458 3677 2728 3749 superius
2759 3683 2957 3749 aperte
2989 3683 3370 3750 monstratur,
3395 3688 3598 3738 sancta

1949 3767 2198 3840 septima
2230 3767 2492 3839 synodus
2522 3765 3020 3837 irreprehensibili
3038 3771 3095 3823 et
3115 3767 3451 3826 authentica
3471 3786 3598 3828 sen-

1947 3858 2132 3913 tentia
2159 3854 2441 3912 deﬁnivit.
2463 3855 2525 3909 ln
2558 3870 2808 3925 quorum
2839 3855 3271 3926 comparatione
3302 3857 3437 3912 boni
3470 3875 3597 3929 pos-

1950 3951 2090 4003 sunt
2120 3944 2308 4017 putari
2335 3944 2511 3998 etiam
2542 3942 2864 4008 Novatiani,
2897 3943 2994 4014 qui
3025 3943 3189 3998 mirae
3224 3945 3593 4002 continentiae

1949 4040 2006 4091 et
2036 4033 2425 4090 acerbissimae
2475 4030 2795 4102 disciplinae
2847 4036 3005 4086 secta
3049 4030 3205 4100 elati,
3252 4033 3519 4107 bigamos
3539 4039 3597 4090 et

1950 4143 2052 4199 pro
2085 4121 2431 4180 criminibus
2453 4121 2799 4193 poenitentes
2822 4120 3216 4193 dogmatizant
3245 4123 3319 4178 ab
3341 4123 3596 4181 Ecclesia

1949 4232 2065 4270 non
2093 4214 2301 4268 debere
2332 4208 2672 4280 recipi,cum
2693 4208 2752 4263 in
2775 4209 3051 4265 omnibus
3081 4209 3212 4265 aliis
3242 4210 3402 4267 nullo
3427 4213 3594 4271 modo

1900 4302 1907 4310 ’
1948 4302 2349 4359 contradicant
2380 4297 2678 4353 catholica:
2711 4298 2987 4354 ﬁdei.Sed
3020 4299 3159 4371 quia
3188 4316 3293 4355 suo
3324 4301 3595 4357 seandalo

1947 4390 2262 4448 Ecclesiam
2295 4386 2713 4454 scandalizent,
2747 4390 2805 4441 et
2834 4387 3123 4455 dividunt,
3154 4392 3371 4460 negant
3398 4393 3455 4445 et
3483 4390 3593 4460 ipsi

1947 4482 2005 4537 in
2047 4495 2220 4535 carne
2271 4476 2500 4531 venisse
2548 4475 2749 4530 Jesum
2799 4475 3116 4544 Christum,
3150 4493 3265 4532 non
3315 4494 3434 4546 ore,
3466 4479 3593 4550 sed,

1949 4570 2101 4626 sicut
2130 4567 2273 4639 pe'ne
2305 4580 2509 4620 omnes
2559 4561 2656 4616 alii
2697 4561 2975 4627 haeretici,
3020 4563 3262 4620 actione.
3296 4564 3498 4637 Itaque
3539 4567 3589 4623 si

1948 4654 2349 4723 Novatiani_.ex
2380 4651 2563 4706 nimia
2584 4651 2606 4721 j
2617 4649 2815 4705 ustitia
2830 4651 3038 4716 notati,
3061 4657 3277 4725 negant
3295 4652 3590 4711 Christum

1948 4748 2006 4802 in
2038 4760 2210 4801 carne
2236 4742 2483 4808 venisse,
2514 4738 2601 4793 vel
2630 4737 2830 4793 leviter
2859 4738 3245 4795 dubitandum
3278 4746 3368 4796 est
3404 4741 3591 4799 Simo-

1947 4836 2145 4891 niacos
2177 4846 2386 4904 negare
2416 4828 2711 4885 Christum
2741 4826 2801 4880 in
2828 4843 3001 4883 carne
3031 4828 3281 4898 venisse,
3316 4830 3417 4901 qui
3461 4831 3594 4903 plus

1948 4940 2123 4997 quam
2148 4918 2434 4976 diabolica
2458 4916 2706 4972 elatione
2727 4915 2952 4988 repleti,
2969 4933 3083 4973 non
3107 4917 3232 4988 jam
3257 4935 3321 4975 se
3341 4919 3596 4992 aequales

1947 5014 2063 5070 Deo
2098 5008 2486 5082 rapina,sicut
2517 5004 2914 5073 diabolus,sed
2948 5007 3276 5079 superiores
3305 5009 3596 5067 arbitran-

1945 5107 2249 5171 tur,quem
2283 5114 2317 5152 a
2347 5112 2408 5151 se
2440 5111 2611 5167 posse
2642 5094 2891 5149 distrahi
2922 5095 3108 5167 pretio
3139 5096 3224 5151 sic
3254 5099 3592 5169 Opinantur,

1946 5195 2011 5247 ut
2042 5189 2220 5245 etiam
2252 5181 2676 5258 profiteantur?
2700 5183 2826 5248 Qua
2855 5183 3059 5255 utique
3087 5184 3327 5240 vesania
3357 5202 3470 5241 non
3503 5202 3595 5242 so-

1947 5279 2070 5334 lum
2104 5274 2419 5332 Ecclesiam
2450 5271 2546 5325 Dei
2573 5270 2991 5340 scandalizent,
3025 5273 3127 5328 sed
3161 5274 3313 5344 quod
3345 5273 3593 5338 nullate-

1945 5383 2057 5423 nus
2089 5370 2178 5421 est
2208 5362 2534 5427 ferendum,
2567 5359 2651 5414 sic
2682 5359 3082 5431 supplantant,
3103 5365 3166 5415 ut
3194 5362 3409 5433 pignus
3438 5362 3588 5432 ejus,

1942 5455 2163 5513 scilicet
2192 5451 2474 5524 Spiritum
2498 5453 2765 5503 sanctum
2789 5465 2903 5520 quo
2924 5449 3152 5521 signata
3171 5453 3260 5504 est
3292 5449 3351 5503 in
3386 5449 3481 5505 die
3508 5467 3593 5506 re-

1941 5541 2300 5615 demptionis
2333 5545 2389 5594 et
2417 5554 2452 5592 a
2480 5553 2595 5607 quo
2640 5537 3035 5591 sanctiﬁcatur
3076 5541 3135 5591 et
3182 5536 3508 5593 vivificatur
3537 5538 3588 5595 ei

1938 5633 2175 5705 penitus
2203 5629 2607 5699 extorqueant,
2640 5624 2783 5679 dum
2814 5641 2874 5679 se
2904 5625 2961 5679 in
2995 5625 3297 5681 ministros
3337 5626 3585 5697 justitiae

1936 5720 2385 5777 transformant.
2420 5715 2573 5779 Quos
2594 5713 2727 5784 quis
2746 5713 2919 5768 audet
2934 5712 3018 5769 vel
3040 5714 3334 5771 somniare
3359 5714 3418 5769 in
3456 5716 3585 5787 Spi-
