3876 6354
284 409 434 474 1123

1329 399 1733 470 HUMBERTI
1777 407 1842 466 S.
1890 399 1962 465 Β.
2009 399 2080 466 E.
2129 401 2612 468 CARDlNALlS.

3581 392 3770 460 1124

282 543 416 615 guis
447 541 646 596 omnia
677 536 929 596 comedit
959 544 1014 595 et
1039 539 1403 606 comminuit,
1432 556 1496 594 ae
1525 538 1646 594 suis
1677 537 1922 610 pedibus
1949 537 2004 603 Α
2033 553 2227 593 coram
2261 538 2408 610 ipso,
2433 536 2647 608 quibus
2669 535 2902 592 seduxit
2921 551 3024 592 eos
3044 535 3152 608 qui
3175 536 3572 606 acceperunt
3596 531 3769 587 cha-

282 629 504 701 reliqua
533 628 798 700 proterit,
827 626 983 682 velut
1027 627 1210 683 bestia
1257 626 1380 692 illa,
1413 643 1538 698 qum
1591 627 1922 680 Romanum

279 716 592 788 imperium
637 715 1048 788 praeﬁguravit;
1084 717 1182 770 sed
1226 715 1464 770 flamma
1494 713 1736 786 insuper
1762 731 1832 768 ex
1860 728 1924 768 se

281 809 526 862 exeunte
555 803 632 858 nil
668 808 804 860 ante
833 819 894 859 se
939 803 1413 874 inconsumptum
1445 801 1742 874 relinquit,
1769 801 1923 856 unde

259 893 330 950 Ἓὶ
363 893 642 966 propheta
672 907 880 946 nomen
915 889 1073 946 illius
1095 897 1330 962 stupore
1351 889 1621 962 potentia:
1643 893 1700 944 et
1720 888 1924 943 imma-

281 981 482 1038 nitatis
529 978 838 1051 perculsus
884 979 1136 1045 reticuit,
1170 995 1303 1032 cum
1353 977 1622 1044 aliarum,
1657 975 1923 1047 quamvis

279 1067 652 1134 terribilium,
681 1065 914 1121 nomina
949 1083 1065 1120 non
1108 1065 1569 1137 praetermiserit;
1602 1063 1694 1119 cui
1728 1062 1922 1118 bestia;

279 1157 400 1212 haec
429 1153 894 1212 assimilabitur?
915 1159 1018 1209 aut
1037 1171 1150 1226 quo
1173 1154 1408 1209 nomine
1429 1151 1922 1223 voeitabitur,qua3

280 1243 623 1300 dissimilior
638 1247 694 1298 et
713 1240 1003 1296 crudelior
1023 1242 1294 1297 omnibus
1321 1241 1646 1296 invenitur?
1664 1243 1921 1296 attamen

276 1332 409 1387 licet
460 1331 644 1398 illam,
677 1347 803 1402 quae
861 1329 1052 1400 quarti
1108 1329 1265 1400 regni
1324 1327 1627 1401 prophetia
1680 1327 1919 1395 exstitit,

277 1419 498 1487 Daniel,
525 1419 635 1474 hoc
665 1423 772 1484 est,
795 1419 1072 1489 judicium
1100 1419 1210 1472 mei
1233 1419 1348 1484 Dei,
1373 1417 1627 1488 exceptis
1649 1415 1922 1471 dentibus

279 1513 336 1564 et
389 1509 657 1580 pedibus,
709 1523 812 1560 nte
870 1507 1130 1573 nomina,
1164 1522 1266 1561 nec
1327 1506 1514 1560 forma
1570 1503 1918 1571 ostenderit;

279 1595 506 1653 Domini
563 1595 751 1668 gratia
805 1598 1024 1659 tamen,
1055 1593 1113 1648 id
1145 1599 1232 1648 est
1281 1593 1557 1660 Joannes,
1589 1591 1762 1658 hanc,
1794 1607 1921 1662 qua

277 1685 562 1740 haereseos
593 1681 895 1754 prophetia
925 1685 1130 1748 exstat,
1163 1681 1221 1736 in
1267 1698 1374 1736 sua
1416 1679 1784 1752 Apocalypsi,
1817 1695 1920 1734 no-

279 1772 436 1828 mine
465 1775 693 1826 tantum
741 1787 1075 1842 suppresso,
1109 1764 1174 1824 ac
1219 1769 1267 1824 si
1308 1767 1595 1824 visibilem
1645 1767 1920 1823 omnibus

277 1859 572 1932 efﬁgiavit,
603 1859 801 1914 dicens
833 1875 896 1914 ;‹‹
934 1859 1001 1912 Et
1047 1857 1161 1912 vidi
1195 1857 1441 1912 bestiam
1491 1856 1665 1912 aliam
1717 1872 1916 1910 ascen-
1949 1893 1996 1959 B

277 1949 508 2004 dentem
556 1949 625 2002 de
673 1952 824 2002 terra
870 1951 926 2000 et
973 1945 1225 2001 habebat
1273 1962 1493 2000 cornua
1541 1945 1657 1999 duo
1707 1943 1922 2000 similia

278 2037 440 2109 Agui,
473 2042 528 2092 et
556 2035 902 2106 loquebatur
929 2039 992 2088 ut
1021 2035 1216 2100 draco,
1249 2039 1305 2088 et
1335 2037 1677 2105 potestatem
1712 2031 1920 2104 prioris

278 2125 494 2188 bestiae,
520 2147 548 2174 »
579 2123 798 2180 scilicet
829 2139 954 2194 qua:
987 2121 1196 2178 similis
1228 2126 1349 2176 erat
1390 2121 1590 2193 pardo,
1623 2122 1790 2191 cujus
1822 2137 1920 2191 pe-

275 2215 377 2269 des
407 2213 558 2268 sicut
591 2211 732 2276 ursi,
761 2215 817 2266 et
848 2228 915 2266 os
947 2209 1098 2266 sicut
1123 2210 1328 2274 leonis,
1353 2233 1380 2260 «
1413 2225 1645 2264 omnem
1678 2208 1922 2262 faciebat

279 2303 336 2356 in
369 2303 686 2372 conspectu
717 2301 864 2369 ejus.
895 2299 963 2352 Et
991 2299 1126 2352 fecit
1154 2303 1367 2352 terram
1419 2303 1478 2353 et
1523 2296 1918 2352 inhabitantes

276 2389 336 2444 in
367 2405 434 2444 ea
465 2392 528 2442 ut
555 2389 864 2442 adorarent
893 2386 1138 2440 bestiam
1175 2385 1444 2457 primam.
1479 2387 1546 2439 Et
1592 2384 1724 2439 fecit
1753 2385 1920 2456 signa

278 2493 510 2548 magna,
546 2479 608 2529 ut
637 2474 830 2546 ignem
863 2473 932 2528 de
963 2471 1104 2528 cwlo
1135 2473 1482 2528 descendere
1521 2473 1692 2527 faciat
1721 2472 1778 2525 in
1813 2477 1920 2526 ter-

277 2581 400 2620 ram
434 2564 491 2618 in
525 2567 830 2634 conspectu
880 2561 1205 2616 hominum.
1235 2562 1300 2615 Et
1331 2559 1560 2616 seduxit
1589 2559 1919 2614 habitantes

277 2651 335 2706 in
364 2658 518 2708 terra
549 2649 988 2722 prepterisigna
1017 2667 1142 2720 quae
1184 2651 1318 2704 data
1357 2655 1495 2704 sunt
1525 2647 1602 2702 illi
1643 2649 1830 2702 facere
1860 2647 1918 2701 in

273 2721 591 2812 conspectu
644 2721 860 2804 bestia),
890 2737 1090 2794 dicens
1120 2737 1519 2792 habitantibus
1565 2736 1624 2791 in
1671 2740 1825 2790 terra
1855 2738 1920 2789 ut

273 2829 491 2884 faciant
517 2827 832 2899 imaginem
867 2826 1082 2880 bestiae.
1108 2827 1176 2880 Et
1205 2825 1404 2880 datum
1435 2829 1523 2880 est
1551 2823 1634 2878 illi
1669 2828 1730 2878 ut
1757 2825 1920 2878 daret

274 2917 546 2988 spiritum
577 2914 820 2986 imagini
868 2913 1084 2982 bestia},
1117 2918 1174 2969 et
1204 2913 1376 2968 faciat
1417 2913 1752 2984 quicunque
1800 2929 1916 2966 non

275 3003 598 3058 adoraverit
617 3001 934 3074 imaginem
959 3001 1503 3070 bestia3,occidatur,.
1522 3003 1589 3056 Et
1613 3001 1776 3055 faciet
1797 3017 1916 3054 om-

275 3105 378 3145 nes
409 3087 650 3161 pusillos
679 3091 736 3142 et
767 3103 1030 3158 magnos,
1055 3087 1260 3142 divites
1288 3093 1345 3142 et
1376 3104 1676 3158 pauperes,
1698 3087 1916 3142 liberos

275 3183 331 3232 et
349 3193 542 3232 servos
563 3175 778 3231 habere
799 3175 1188 3230 characterem
1212 3175 1269 3228 in
1292 3177 1491 3230 dextra
1512 3193 1710 3242 manu,
1731 3181 1832 3229 aut
1853 3175 1910 3229 in

275 3265 563 3321 frontibus
595 3263 738 3330 suis,
764 3268 819 3318 et
841 3279 912 3318 ne
934 3263 1068 3334 quis
1099 3262 1284 3334 possit
1303 3264 1551 3340 vendere.
1568 3267 1668 3318 aut
1695 3279 1906 3331 emere,
1939 3249 1980 3316 C

273 3353 384 3409 nisi
415 3353 514 3424 qui
545 3351 719 3407 habet
749 3351 1160 3418 characterem,
1185 3356 1285 3406 aut
1315 3368 1523 3406 nomen
1570 3351 1783 3414 bestiae,
1806 3356 1908 3406 aut

2030 629 2310 681 racterem
2336 623 2552 691 bestiae,
2575 627 2633 678 et
2653 623 2753 695 qui
2775 623 3174 679 adoraverunt
3195 619 3560 694 imaginem
3583 621 3769 692 ejus,

2028 713 2139 767 vivi
2171 712 2335 768 missi
2385 716 2522 768 sunt
2553 710 2611 766 hi
2653 711 2769 766 duo
2803 711 2862 766 in
2891 715 3177 784 staguum
3229 709 3403 783 ignis
3457 707 3768 764 ardentis

2029 799 2334 872 sulphure,
2356 804 2414 856 et
2441 797 2630 856 caeteri
2651 799 2826 854 occisi
2853 802 2994 854 sunt
3013 799 3215 870 gladio
3238 795 3538 854 sedentis
3561 812 3772 868 super

2029 905 2268 960 equum,
2302 887 2402 960 qui
2451 887 2712 960 procedit
2741 887 2812 942 de
2843 902 2942 942 ore
2970 885 3187 958 ipsius,
3215 890 3279 942 et
3311 900 3555 942 omnes
3613 901 3770 942 aves

2031 983 2304 1032 saturatas
2333 980 2474 1032 sunt
2503 974 2782 1030 carnibus
2812 991 3018 1030 eorum
3049 975 3238 1047 (Apoc.
3274 991 3409 1042 nx,
3451 973 3706 1044 19-21).
3730 993 3762 1024 ι

2031 1065 2097 1120 Et
2126 1069 2256 1136 post
2286 1065 2407 1119 haec
2439 1065 2510 1119 de
2540 1062 2726 1135 gloria
2750 1067 3090 1119 sanctorum
3112 1063 3299 1119 etiam
3332 1062 3404 1117 in
3441 1063 3770 1134 praesenti

2029 1152 2238 1208 saeculo
2269 1153 2351 1208 ita
2379 1151 2522 1207 dicit
2545 1169 2591 1207 zu
2619 1151 2685 1205 Et
2711 1150 2831 1206 vidi
2862 1151 3052 1220 sedes,
3089 1156 3150 1208 et
3191 1151 3506 1208 sederunt
3555 1165 3768 1223 super

2029 1255 2148 1310 eas,
2181 1243 2238 1294 et
2261 1239 2552 1310 judicium
2583 1239 2789 1293 datum
2833 1241 2924 1295 est
2960 1237 3100 1295 illis.
3134 1238 3205 1293 Et
3233 1237 3500 1294 animas
3535 1237 3760 1294 decol-

2026 1327 2279 1383 latorum
2311 1331 2548 1400 propter
2588 1325 2995 1382 testimonium
3033 1327 3062 1382 J
3073 1343 3178 1382 esu
3213 1330 3274 1382 et
3300 1331 3584 1400 propter
3613 1343 3761 1384 ver-

2025 1415 2168 1470 bum
2202 1415 2317 1471 Dei.
2352 1417 2422 1470 Et
2445 1415 2545 1488 qui
2589 1431 2702 1470 non
2749 1415 3145 1470 adoraverunt
3192 1413 3498 1480 bestiam,
3535 1431 3760 1487 neque

2027 1503 2343 1576 imaginem
2390 1504 2539 1574 ejus,
2573 1519 2762 1574 neque
2810 1505 3164 1574 acceperunt
3193 1501 3655 1559 characterem
3689 1503 3758 1558 in

2027 1591 2338 1660 frontibus,
2375 1597 2476 1647 aut
2505 1590 2564 1646 in
2597 1591 2872 1647 manibus
2903 1590 3050 1658 suis,
3093 1595 3153 1646 et
3190 1590 3520 1659 vixerunt,
3546 1595 3618 1647 et
3651 1609 3758 1648 re—

2027 1685 2358 1752 gnaverunt
2387 1696 2518 1734 cum
2568 1678 2798 1736 Christo
2849 1677 3010 1734 mille
3057 1677 3265 1746 annis;
3319 1680 3546 1736 caeteri
3605 1697 3761 1737 vero

2027 1773 2396 1824 mortuorum
2457 1785 2570 1835 non
2628 1767 2897 1823 vixerunt
2952 1767 3138 1823 donec
3197 1773 3766 1840 consummentur

2027 1854 2184 1911 mille
2224 1855 2381 1910 anni.
2414 1855 2543 1910 Haec
2590 1859 2680 1910 est
2727 1853 3075 1911 resurrectio
3124 1853 3346 1926 prima.
3383 1855 3646 1912 Beatus
3699 1861 3762 1913 et

2027 1949 2264 2000 sanctus
2295 1943 2394 2015 qui
2425 1943 2606 1999 habet
2657 1947 2880 2016 partem
2926 1943 2984 1998 in
3021 1942 3474 2000 resurrectione
3509 1945 3760 2018 prima.

2028 2033 2090 2087 In
2123 2031 2215 2087 his
2256 2031 2512 2087 secunda
2561 2048 2720 2087 mors
2770 2048 2884 2086 non
2942 2031 3124 2087 habet
3181 2035 3603 2104 potestatem,
3645 2035 3760 2091 sed

2026 2123 2196 2174 erunt
2223 2119 2550 2174 sacerdotes
2579 2119 2680 2174 Dei
2711 2124 2768 2174 et
2795 2118 3012 2174 Christi
3048 2119 3398 2193 regnabant
3445 2137 3611 2177 cum
3648 2122 3760 2178 illo

2029 2206 2188 2262 mille
2218 2206 2386 2262 annis
2417 2206 2596 2278 (Apoc.
2630 2224 2720 2273 xx,
2756 2208 2787 2261 4
2819 2207 2896 2267 6i.
2925 2230 2952 2257 ››

2561 2293 2794 2350 CAPUT
2831 2293 3078 2350 XXXVII
3088 2296 3130 2350 Ι.

2097 2383 2486 2454 Recapitulatio
2515 2384 2820 2454 prxmissae
2847 2385 3139 2440 sententia:
3168 2400 3242 2439 ex
3268 2385 3669 2459 Apocalypsi.

2097 2473 2229 2536 Quae
2261 2469 2563 2542 prophetia
2593 2469 2932 2542 apostolica,
2959 2470 3242 2543 quoniam
3275 2488 3312 2527 a
3342 2474 3600 2530 sanctis
3637 2475 3748 2530 Pa-

2027 2559 2214 2614 tribus
2261 2557 2663 2630 multipliciter
2689 2564 2746 2614 et
2775 2559 3010 2631 cepiose
3053 2562 3398 2632 exponitur,
3434 2561 3565 2619 hoc
3602 2568 3746 2620 tan-

2027 2651 2150 2702 tum
2184 2647 2318 2702 inde
2357 2647 2607 2703 breviter
2652 2647 3072 2703 insinuandum
3126 2648 3541 2719 arbitramur,
3569 2653 3741 2724 quod

2026 2735 2210 2791 bestia
2241 2736 2428 2807 prima
2459 2735 2669 2791 similis
2701 2737 2902 2806 pardo,
2937 2737 3109 2808 cujus
3141 2737 3326 2808 pedes
3363 2740 3534 2806 ursi,
3573 2745 3640 2797 et
3670 2757 3739 2798 os

2023 2823 2206 2880 leonis
2251 2828 2392 2891 erat,
2434 2823 2864 2879 Antichristum
2912 2823 3252 2896 specialiter
3300 2829 3736 2900 portenderit,

2025 2912 2192 2982 cujus
2223 2912 2542 2968 dominatio
2572 2913 2826 2968 mirabili
2857 2911 3180 2982 velocitate,
3213 2918 3273 2970 et
3303 2914 3738 2975 callidissima

2024 3000 2338 3071 rapacitate
2370 2999 2714 3072 proveniret,
2739 3001 3030 3073 cujusque
3073 3003 3434 3074 temporalis
3467 3007 3605 3062 vita
3637 3008 3737 3063 ci-

2022 3088 2251 3145 tissime
2281 3090 2416 3156 ﬁne,
2451 3089 2753 3145 mensibus
2783 3089 3008 3146 scilicet
3033 3108 3108 3146 XL
3133 3091 3375 3148 duobus
3411 3095 3732 3152 termina-

2025 3177 2198 3232 bitur.
2224 3176 2520 3249 Siquidem
2555 3178 2773 3250 pardus
2803 3183 2892 3234 est
2921 3178 3171 3246 varium,
3201 3181 3726 3252 sanguinarium,

2018 3265 2198 3335 velox,
2233 3283 2428 3338 rapax,
2461 3271 2518 3321 et
2548 3283 2804 3338 praeceps
2851 3266 3103 3336 animal;
3139 3269 3287 3324 adeo
3319 3274 3386 3324 ut
3439 3271 3618 3328 saltu
3655 3273 3722 3330 in

2017 3358 2262 3408 mortem
2294 3358 2446 3416 ruat,
2471 3351 2609 3423 quia
2639 3359 2702 3408 ut
2731 3353 2814 3408 ait
2839 3353 3151 3424 leremias,
3176 3371 3295 3411 non
3321 3360 3536 3428 potest
3567 3377 3719 3416 mu-

273 3457 580 3496 numerum
614 3439 868 3496 nominis
898 3441 1044 3510 ejus,
1068 3445 1175 3494 etc.
1200 3439 1380 3511 (Apoc.
1409 3440 1492 3506 13,
1536 3441 1796 3510 11-18).»
1828 3441 1908 3495 D'e
2015 3447 2136 3496 tare
2190 3439 2496 3496 varietates
2548 3457 2686 3496 suas
2734 3441 2870 3512 (Jer.
2907 3459 3033 3510 xm,
3081 3443 3196 3514 23),
3240 3444 3420 3514 cujus
3485 3448 3714 3518 pedes,

271 3547 405 3602 qua,
431 3533 560 3600 post
589 3545 790 3600 pauca,
821 3527 1068 3600 angelus
1091 3545 1222 3584 voce
1247 3545 1453 3599 magna
1487 3528 1626 3582 dicit
1656 3528 1907 3584 homini-

271 3619 380 3672 bus
405 3635 453 3672 zu
487 3617 542 3670 Si
574 3615 706 3688 quis
727 3616 1050 3670 adoraverit
1071 3617 1318 3672 bestiam
1342 3623 1397 3672 et
1421 3617 1735 3688 imaginem
1757 3617 1908 3688 ejus,

271 3711 327 3761 et
357 3705 640 3776 acceperit
661 3703 1049 3759 characterem
1071 3705 1131 3758 in
1166 3707 1346 3759 fronte
1379 3722 1505 3774 sua,
1531 3711 1630 3760 aut
1651 3706 1706 3760 in
1734 3722 1908 3760 manu

271 3810 398 3864 sua,
419 3797 476 3848 et
505 3791 596 3847 hic
625 3792 786 3847 bibet
817 3792 886 3846 de
916 3792 1048 3846 vino
1081 3791 1176 3846 ira:
1211 3793 1328 3858 Dei,
1359 3795 1511 3863 quod
1555 3793 1794 3849 mistum
1826 3797 1915 3848 est

271 3897 428 3937 mero
482 3881 536 3936 in
585 3879 762 3936 culice
815 3879 912 3934 ira:
971 3880 1176 3952 ipsius,
1211 3885 1266 3936 et
1295 3881 1650 3936 cruciabilur
1699 3882 1830 3954 igne
1858 3885 1915 3936 et

269 3969 548 4041 sulphure
578 3968 636 4022 in
669 3973 983 4038 conspectu
1023 3968 1363 4039 angelorum
1403 3986 1664 4037 suorum,
1699 3978 1753 4024 et
1783 3974 1915 4024 ante

271 4061 650 4127 conspectum
672 4055 844 4126 Agni,
872 4061 927 4108 et
949 4057 1146 4110 fumus
1177 4060 1200 4110 t
1243 4061 1600 4112 rmentorum
1625 4075 1824 4113 eorum
1855 4056 1913 4114 in

273 4142 487 4200 saecula
516 4142 860 4197 saeculorum
881 4144 1162 4208 ascendit,
1188 4160 1291 4198 nec
1311 4144 1524 4199 habent
1543 4146 1801 4216 requiem
1825 4145 1917 4201 die

273 4249 339 4288 ac
361 4236 527 4286 nocte
548 4230 644 4302 qui
667 4231 1050 4286 adoraverunt
1071 4231 1338 4299 bestiam,
1356 4238 1411 4287 et
1435 4233 1744 4306 imaginem
1767 4235 1916 4305 ejus,

275 4321 383 4376 etsi
417 4319 729 4392 quisquam
759 4317 1044 4390 acceperit
1087 4319 1478 4376 characterem
1510 4321 1763 4377 nominis
1791 4323 1920 4393 ejus

285 4410 468 4481 (Apoc.
499 4425 617 4475 xxv,
639 4407 815 4480 9-11).
843 4429 872 4457 »

337 4499 512 4554 Porro
543 4497 788 4552 bestiam
820 4496 982 4551 illam
1012 4497 1328 4554 secundam
1349 4496 1408 4552 in
1427 4499 1921 4570 subsequentibus

269 4590 440 4642 vocat
485 4584 1078 4675 pseudoprophetam,
1111 4586 1310 4641 dicens
1344 4602 1395 4640 :«
1421 4587 1489 4641 Et
1535 4587 1652 4642 vidi
1703 4588 1774 4642 de
1821 4605 1917 4644 ore
1948 4611 1993 4675 Β

268 4674 558 4756 draconis,
575 4680 632 4729 et
651 4675 722 4730 de
742 4690 840 4729 ore
866 4673 1086 4738 bestiae,
1103 4678 1158 4729 et
1180 4675 1249 4729 de
1271 4691 1367 4728 ore
1400 4675 1914 4747 pseudoprophetze

269 4761 514 4832 Spiritus
545 4767 664 4817 tres
697 4761 1033 4816 immundos
1065 4762 1123 4816 in
1156 4762 1395 4817 modum
1439 4780 1734 4818 ranarum.
1767 4764 1916 4820 Sunt

271 4849 429 4907 enim
459 4849 701 4921 spiritus
732 4850 1148 4905 daemoniorum
1181 4849 1454 4906 facientes
1483 4852 1670 4923 signa,
1695 4857 1751 4906 et
1783 4869 1912 4924 pro-

272 4937 489 4994 cedunt
536 4937 608 4991 ad
659 4953 824 5008 reges
865 4937 1042 4992 totius
1083 4943 1246 4992 terrae
1279 4954 1628 5011 congregare
1673 4939 1804 4995 illos
1853 4941 1912 4996 in

273 5023 541 5098 praelium
573 5024 642 5078 ad
675 5023 826 5078 diem
861 5041 1138 5097 magnum
1184 5025 1281 5081 Dei
1315 5027 1750 5097 omnipotentis.
1773 5027 1913 5085 Ecce

269 5112 438 5170 venio
463 5111 616 5168 sicut
639 5113 749 5166 fur.
775 5111 984 5168 Beatus
1006 5113 1107 5184 qui
1138 5113 1338 5184 vigilat
1369 5119 1426 5168 et
1455 5115 1710 5169 custodit
1741 5115 1914 5172 vesti-

273 5205 472 5258 menta
492 5217 598 5257 sua
622 5216 692 5254 ne
715 5200 908 5256 nudus
934 5199 1212 5267 ambulet,
1235 5205 1384 5254 etne
1407 5198 1640 5255 videant
1672 5205 1914 5276 turpitu-

273 5289 464 5345 dinem
499 5289 626 5360 ejus
660 5289 840 5360 (Apoc.
863 5305 979 5356 xvr,
1007 5288 1212 5357 13-15).
1244 5309 1265 5335 τι
1292 5287 1360 5340 Et
1388 5292 1520 5357 post
1548 5287 1744 5360 aliqua
1774 5308 1822 5347 :«
1849 5291 1914 5346 Et

274 5377 386 5434 vidi
420 5377 691 5443 bestiam,
714 5381 771 5433 et
800 5391 965 5450 reges
987 5381 1150 5430 terrae
1173 5378 1228 5430 et
1249 5374 1532 5430 exercitus
1554 5392 1752 5432 eorum
1775 5395 1912 5436 con-

273 5468 542 5537 gregatos
571 5464 638 5520 ad
675 5465 1000 5521 faciendum
1033 5461 1295 5534 praelium
1321 5478 1454 5517 cum
1486 5461 1582 5518 illo
1615 5464 1714 5534 qui
1746 5468 1910 5523 sede-

275 5551 378 5606 bat
403 5549 464 5604 in
491 5565 658 5622 equo,
681 5557 890 5608 etcum
911 5551 1160 5609 exercitu
1183 5551 1331 5621 ejus.
1357 5551 1422 5606 Et
1441 5551 1805 5624 apprehensa
1823 5561 1914 5614 est

277 5635 484 5710 bestia,
519 5640 576 5696 et
602 5653 734 5700 cum
761 5640 862 5702 illo
904 5637 1428 5718 pseudopropheta,
1453 5637 1554 5719 qui
1586 5639 1719 5700 fecit
1745 5643 1913 5722 signa

2017 3529 2193 3600 pedes
2223 3533 2361 3582 sunt
2391 3528 2539 3596 ursi;
2574 3545 2780 3585 omnes
2811 3529 3033 3586 scilicet
3062 3529 3323 3587 heretici
3353 3537 3717 3605 quamdam

2018 3617 2270 3688 speciem
2301 3616 2570 3672 humanae
2601 3619 2956 3690 sagacitatis,
2988 3619 3158 3691 quasi
3191 3619 3411 3678 divina:
3441 3625 3722 3683 rationis

2020 3705 2268 3772 mentiti,
2294 3705 2392 3776 qui
2440 3711 2660 3777 quanto
2691 3711 2831 3762 sunt
2860 3706 3168 3764 inferiores
3217 3707 3280 3764 in
3329 3711 3719 3771 Antichristi

2021 3810 2275 3864 corpore,
2315 3798 2474 3848 tanto
2507 3795 2970 3866 perniciosiores.
2997 3795 3150 3868 Ipsis
3181 3797 3343 3852 enim
3378 3799 3719 3859 universo-

2022 3898 2153 3935 rum
2185 3897 2494 3953 compages
2515 3883 2914 3938 membrorum
2938 3883 3271 3940 retinentur
3290 3891 3350 3941 et
3369 3897 3716 3962 reguntur,

2021 3969 2166 4041 ipsis
2198 3974 2316 4024 tota
2349 3969 2530 4026 moles
2552 3969 2821 4027 diabolici
2843 3972 3106 4044 corporis
3131 3979 3520 4032 sustentatur
3553 3978 3721 4052 ipsis

2023 4062 2304 4130 gestatur,
2336 4057 2481 4129 ipsis
2510 4065 2792 4126 armatur,
2815 4059 2961 4131 ipsis
2993 4061 3216 4132 passim
3243 4068 3524 4136 vagatur,
3553 4067 3721 4140 ipsis

2023 4146 2363 4218 vestigatur,
2389 4163 2502 4202 non
2526 4151 2590 4202 ut
2609 4152 2960 4209 conteratur.
2985 4149 3088 4205 sed
3113 4154 3179 4205 ut
3203 4156 3528 4224 augeatur,
3553 4155 3726 4229 ipsis

2024 4239 2301 4306 tanquam
2323 4232 2698 4291 solidissimis
2717 4235 3042 4304 basibus,et
3057 4237 3356 4295 columnis
3372 4241 3718 4303 attollitur.

2027 4322 2189 4396 Ipsos
2211 4320 2478 4394 quisquis
2507 4323 2794 4394 sequitur,
2811 4322 2928 4378 sive
2955 4323 3388 4397 Paganus,sive
3419 4327 3718 4406 Judzeus,

2028 4409 2146 4466 sive
2175 4409 2560 4476 Christianus,
2598 4410 2955 4467 Antichristo
2987 4429 3124 4468 mox
3169 4413 3626 4487 incorporatur,
3651 4427 3720 4479 et

2028 4515 2130 4571 per
2161 4515 2258 4554 eos
2291 4498 2361 4553 ad
2391 4503 2670 4554 aeternum
2701 4499 3003 4555 interitum
3042 4505 3330 4572 portatur.
3359 4504 3598 4562 Deinde
3643 4516 3721 4569 ut

2029 4587 2312 4648 Dominus
2339 4587 2513 4642 Jesus
2541 4604 2606 4642 os
2651 4587 2835 4644 Patris
2873 4587 3090 4644 dicitur
3134 4593 3194 4645 et
3239 4594 3354 4660 est,
3387 4592 3481 4648 sic
3511 4598 3578 4651 et
3609 4595 3716 4656 ille

2023 4675 2402 4746 blasphemus
2427 4692 2493 4731 os
2514 4674 2674 4732 illius
2693 4675 2879 4732 leonis
2901 4677 3190 4750 rugientis
3210 4684 3322 4744 est,
3347 4680 3455 4750 qui
3481 4683 3717 4744 circuit

2023 4779 2286 4836 quaerens
2317 4779 2492 4834 quem
2525 4764 2755 4820 devoret
2785 4766 2832 4836 (I
2856 4766 3005 4821 Petr.
3026 4783 3083 4833 v,
3106 4767 3185 4839 8),
3209 4766 3303 4823 cui
3335 4768 3532 4827 etiam
3569 4776 3713 4830 tan-

2023 4869 2199 4924 quam
2232 4851 2348 4906 tilio
2379 4857 2437 4907 el.
2465 4851 2700 4908 brachio
2729 4853 3007 4910 virtutem
3039 4871 3210 4910 suam
3240 4859 3300 4911 et
3327 4862 3711 4928 petestatem

2021 4941 2180 4996 dedit
2197 4939 2390 5011 draco,
2406 4939 2559 4994 idem
2583 4940 2682 5012 qui
2699 4946 2756 4996 et
2772 4943 3168 5016 leo,utaperta
3184 4943 3367 5000 simul
3386 4950 3449 5002 et
3465 4950 3714 5010 occulta

2021 5027 2244 5084 malitia
2273 5027 2663 5084 debacchetur
2691 5029 2752 5084 in
2784 5031 3024 5086 mundo.
3051 5032 3164 5087 Sed
3187 5031 3373 5088 haeret
3401 5050 3514 5092 eos
3549 5055 3711 5112 quos

2022 5117 2419 5189 incorporatos
2445 5120 2502 5172 et
2529 5118 2708 5189 pedes
2738 5119 2866 5189 ejus
2896 5135 3025 5176 esse
3056 5119 3374 5192 symmista
3401 5121 3518 5179 Dei
3553 5143 3712 5198 prae-

2019 5205 2165 5260 vidit
2197 5205 2255 5259 in
2286 5203 2403 5260 alia
2440 5205 2628 5260 bestia
2669 5206 3000 5277 specialiter
3047 5207 3415 5281 signiﬁcatos
3455 5210 3521 5267 in
3557 5217 3709 5274 sub-

2021 5292 2400 5364 sequentibus
2433 5293 2750 5364 conspexit,
2783 5310 2908 5366 que:
2939 5296 3300 5352 ascendebat
3327 5296 3405 5353 de
3430 5301 3627 5373 terra,
3651 5311 3711 5364 et

2021 5380 2272 5436 habebat
2301 5380 2414 5437 duo
2442 5397 2661 5437 cornua
2687 5381 2907 5439 similia
2935 5383 3109 5456 Agni,
3141 5389 3198 5440 et
3228 5383 3611 5458 loquebatur
3643 5399 3712 5453 ut

2021 5469 2212 5524 draco.
2236 5468 2450 5524 Omnes
2481 5469 2635 5526 enim
2669 5469 2942 5540 hazretiei,
2967 5471 3068 5544 qui
3099 5471 3431 5530 Christiani
3465 5493 3536 5537 se
3569 5496 3706 5541 esse

2019 5556 2240 5624 dicunt,
2255 5560 2536 5629 tanquam
2559 5558 2847 5632 bestiiede
2875 5563 3033 5616 terra
3061 5561 3419 5631 ascendunt,
3443 5567 3604 5639 quia
3631 5572 3707 5632 do

2021 5643 2316 5707 soliditate
2345 5643 2614 5709 Ecclesia:
2655 5647 3067 5712 ostentationis
3114 5647 3206 5711 vel
3255 5648 3546 5719 elationis
3575 5673 3705 5728 sua
