3876 6362
103 385 271 449 1125

653 385 1067 452 ADVERSUS
1115 382 1585 450 SIMONIACOS
1630 378 1838 449 LIBRI
1888 386 2118 449 TRES.
2148 418 2229 436 —
2257 384 2493 451 LIBER
2538 389 2971 453 SECUNDUS.

3354 390 3507 455 H26

119 520 280 577 fastu
312 524 522 576 exeunt
554 522 628 577 ad
659 521 818 577 illius
845 520 1081 577 marium
1135 519 1354 581 bellua,
1414 518 1757 578 Antichristi
1785 517 1845 586 Α
1874 534 2085 590 nymus
2115 520 2265 576 sicut
2286 524 2412 592 jam
2445 523 2718 594 superius
2748 523 3002 594 positum
3029 527 3137 592 est,
3187 524 3269 578 sic
3322 529 3510 581 osten-

105 608 360 673 scilicet,
385 610 646 681 potentia
667 608 929 666 saeculari
953 608 1396 664 intumescentis
1418 607 1756 679 obsquium,

109 698 443 753 secundum
480 698 784 770 prazsentis
813 696 1061 769 apostoli
1095 696 1317 752 dictum
1343 714 1356 753 :
1413 718 1442 746 ‹‹
1474 696 1557 751 Ex
1586 695 1759 751 nobis

107 785 403 855 exierunt,
437 786 535 841 sed
572 802 689 841 non
720 789 889 840 erant
918 801 986 840 ex
1016 784 1202 840 nobis.

175 875 358 929 Terra
391 873 545 929 enim
583 890 697 929 non
728 872 1045 945 incongrue
1067 872 1158 927 hic
1182 872 1533 945 intelligitur
1589 889 1756 929 sanc-

99 965 164 1017 ta
195 962 476 1031 Ecclesia,
510 963 581 1018 de
629 980 746 1035 qua
775 962 1080 1034 allegorice
1110 961 1193 1017 ait
1218 962 1569 1018 Psalmista:
1605 961 1758 1026 «Qui

100 1051 382 1107 fundavit
410 1056 626 1107 terram
658 1068 837 1123 super
868 1049 1247 1106 stabilitatem
1279 1066 1473 1115 suam,
1504 1066 1619 1105 non
1678 1050 1761 1105 in-

102 1139 431 1196 clinabitur
461 1141 519 1195 in
554 1140 832 1195 saeculum
865 1138 1059 1194 saeculi
1090 1139 1261 1208 (Psal.
1296 1156 1417 1205 cur,
1450 1140 1528 1207 5).
1561 1160 1588 1189 »
1642 1139 1711 1194 Et
1742 1155 1755 1193 :

103 1251 132 1278 ‹‹
159 1228 399 1284 Domini
430 1235 518 1284 est
539 1233 693 1285 terra
722 1232 778 1285 et
820 1228 1122 1301 plenitudo
1179 1228 1328 1300 ejus,
1362 1227 1522 1283 orbis
1578 1231 1760 1283 terra-

104 1334 239 1371 rum
260 1321 318 1372 et
341 1316 592 1372 universi
620 1316 719 1389 qui
738 1316 1007 1372 habitant
1038 1315 1096 1371 in
1130 1332 1215 1371 eo.
1260 1316 1406 1382 Quia
1433 1316 1557 1387 ipse
1585 1331 1762 1387 super

103 1406 307 1461 maria
338 1406 603 1461 fundavit
658 1422 814 1473 eum,
847 1409 906 1461 et
945 1421 1120 1477 super
1174 1404 1422 1460 ﬂumina
1471 1404 1762 1476 separavit

102 1511 265 1549 eum.
292 1494 432 1559 Quis
456 1495 716 1549 ascendit
737 1494 795 1548 in
819 1497 1076 1549 montem
1099 1493 1463 1559 Domini,aut
1483 1492 1614 1565 quis
1636 1496 1761 1549 sta-

102 1583 191 1637 bit
221 1583 280 1637 in
309 1583 434 1638 loco
462 1587 660 1639 sancto
684 1583 858 1653 ejus?
898 1583 1067 1653 (Psal.
1123 1597 1283 1649 XYIII,
1325 1582 1462 1653 4-3).
1487 1603 1515 1631 η
1568 1584 1758 1653 Ipsam

102 1672 265 1726 enim
290 1687 471 1743 super
496 1672 685 1726 maria
706 1671 1009 1737 Dominus,
1039 1671 1096 1725 id
1126 1674 1215 1725 est
1235 1687 1413 1742 super
1447 1669 1760 1725 elationem

107 1764 167 1815 et
191 1764 517 1831 potentiam
544 1760 905 1815 mundanam
929 1776 1058 1815 esse
1080 1760 1433 1831 fecit.lpsam
1451 1776 1627 1831 super
1655 1758 1766 1836 flu-

114 1849 302 1915 mina,
329 1848 679 1919 cupiditates
716 1848 941 1904 scilicet
975 1848 1308 1918 saaculares,
1356 1847 1589 1913 extulit,
1618 1852 1685 1903 ut
1712 1847 1760 1903 si

97 1940 227 2008 jam
254 1935 572 2008 singularis
604 1954 774 1993 mons
796 1938 925 2007 ejus
948 1938 1168 2008 pariter
1186 1940 1243 1992 et
1291 1940 1531 1992 sanctus
1572 1935 1761 1996 locuS.

106 2028 185 2081 Ex
211 2043 333 2097 qua
368 2030 624 2097 quotqut
674 2029 885 2081 exeunt
932 2026 1050 2079 duo
1100 2042 1320 2080 cornua
1358 2024 1575 2080 similia
1610 2026 1758 2097 Agni

105 2115 503 2188 praetendunt,
530 2114 668 2186 quia
692 2118 792 2169 aut
812 2115 928 2169 duo
948 2113 1320 2169 Testamenta
1375 2130 1436 2169 se
1485 2114 1760 2186 recipere,

107 2208 209 2259 aut
226 2204 471 2258 totidem
496 2203 799 2258 charitatis
822 2206 1107 2274 prmcepta
1124 2203 1450 2269 observare,
1471 2207 1571 2257 aut
1592 2218 1760 2259 suam

106 2292 438 2365 potentiam
472 2292 544 2347 ad
578 2307 823 2363 regnum
847 2295 904 2346 et
934 2290 1329 2346 sacerdotium
1372 2290 1582 2346 Christi
1640 2308 1763 2363 per-

107 2382 316 2437 tinere.
345 2384 449 2435 aut
481 2380 776 2452 baptismo
807 2379 956 2450 ejus,
980 2383 1036 2434 et
1068 2395 1237 2434 cruce
1260 2394 1321 2433 se
1370 2379 1764 2435 sanctiﬁcatos

105 2468 629 2525 contendunt.Sed
651 2468 708 2523 in
740 2467 832 2523 his
866 2467 1091 2523 nullam
1122 2467 1419 2523 veritatem
1446 2472 1651 2539 praeter
1670 2485 1765 2523 so-

104 2558 222 2614 lam
244 2573 533 2614 cornuum
550 2556 695 2628 Agni
719 2556 1161 2612 similitudinem
1178 2556 1371 2627 specie
1388 2561 1557 2612 tenus
1575 2560 1767 2611 osten-

102 2648 276 2702 dunt.
306 2645 542 2700 Undeet
565 2644 905 2714 loquuntur,
930 2644 1082 2699 sicut
1111 2644 1283 2699 draco
1306 2666 1332 2693 ‹‹
1358 2644 1456 2715 qui
1481 2644 1540 2698 in
1558 2644 1765 2700 verita-

102 2740 157 2791 te
184 2752 303 2790 non
327 2734 514 2789 stetit.
539 2733 667 2797 Qui,
688 2749 819 2787 cum
842 2732 1101 2804 loquitur
1120 2732 1513 2800 mendacium,
1538 2733 1609 2788 de
1631 2749 1762 2805 pro-

110 2826 239 2897 prio
261 2823 546 2895 loquitur,
572 2822 709 2893 quia
730 2823 981 2876 mendax
995 2826 1083 2876 est
1102 2822 1249 2893 ipse,
1275 2825 1332 2876 et
1357 2827 1523 2893 pater
1572 2823 1700 2893 ejus
1733 2845 1760 2871 ››

108 2915 287 2985 (Joan.
308 2929 433 2977 vm,
452 2912 563 2981 44),
587 2915 641 2966 et
664 2910 816 2965 sicut
846 2910 941 2965 ille
955 2910 1024 2964 ad
1049 2909 1157 2964 hoc
1177 2914 1408 2965 tantum
1433 2910 1666 2965 locutus
1703 2916 1763 2966 et

113 3001 377 3073 loquitur
399 3004 627 3055 tantum
653 3004 715 3053 ut
738 2999 1033 3053 homicida
1063 2999 1199 3065 ﬁat;
1240 2999 1322 3053 sic
1345 2998 1513 3053 etisti
1561 3000 1632 3054 ad
1654 2998 1764 3054 hoc

111 3088 697 3159 tantumloquuntur
726 3091 789 3141 ut
837 3086 1142 3142 homicida:
1196 3087 1358 3141 ﬁant.
1420 3087 1528 3152 Qui
1588 3088 1763 3143 etiam

115 3193 351 3233 omnem
385 3179 729 3247 potestatem
763 3174 973 3245 prioris
998 3173 1193 3262 bestiqz
1229 3174 1451 3229 faciunt
1480 3174 1538 3229 in
1592 3191 1765 3230 cons-

1866 607 2282 673 dit,dicens:«
2307 612 2472 667 Sicut
2499 611 2655 667 idola
2678 612 2827 667 ﬁunt
2883 628 3061 667 manu
3115 612 3376 678 artificis,
3434 614 3515 670 ita

1865 695 2269 754 haereticorum
2301 716 2631 771 perversam
2665 700 2992 756 doctrinam
3049 702 3383 773 quicunque
3435 702 3513 757 si-

1867 784 2177 841 mulaverit
2206 787 2265 841 in
2297 787 2519 843 idolum
2549 788 2741 854 vertit,
2764 793 2822 843 et
2852 789 2988 843 iacit
3011 806 3115 862 pro
3136 789 3365 847 Christo
3384 791 3518 847 ado-

1867 872 1980 927 rari
2004 872 2449 932 Antichristum.
2469 899 2496 927 »
2522 876 2628 942 Qui
2646 877 2925 948 quoniam
2942 877 3129 950 signis
3149 895 3276 950 quae
3297 878 3519 934 faciunt

1866 961 1925 1015 in
1949 967 2262 1033 conspectu
2302 964 2685 1020 bestiaeillius
2736 966 3021 1021 seducant
3069 966 3407 1024 habitantes
3456 968 3517 1023 in

1867 1052 2022 1104 terra
2042 1049 2263 1106 scilicet
2285 1052 2623 1120 Ecclesiam,
2646 1052 2891 1126 pusillos
2913 1058 2967 1109 ct
3015 1071 3286 1127 magnos,
3306 1056 3518 1114 divites

1869 1141 1925 1192 et
1946 1154 2249 1210 pauperes,
2291 1138 2505 1196 liberos
2555 1147 2614 1197 et
2657 1158 2852 1198 servos
2894 1145 3071 1197 etiam
3123 1143 3412 1200 Dominus
3454 1145 3514 1201 in

1868 1226 2177 1298 Evangelio
2201 1228 2285 1282 sic
2307 1229 2431 1285 suis
2459 1230 2753 1302 praedicit:
2806 1253 2834 1279 «
2874 1235 3199 1303 Exsurgent
3255 1233 3511 1303 pseudo-

1870 1314 2093 1381 christi,
2118 1320 2172 1371 et
2198 1318 2731 1389 pseudoprophetis,
2756 1323 2811 1372 et
2831 1319 3054 1374 dabunt
3075 1320 3246 1392 signa
3288 1326 3345 1376 et
3366 1337 3505 1393 pro-

1870 1403 2047 1476 digia,
2073 1404 2153 1459 ita
2173 1405 2315 1459 utin
2340 1406 2979 1473 erroreminducantur,
3027 1407 3078 1462 si
3127 1408 3249 1464 ﬁeri
3299 1414 3511 1481 potest,

1870 1492 2056 1548 electi.
2082 1493 2148 1548 Et
2170 1497 2309 1549 tunc
2330 1496 2374 1548 si
2401 1494 2652 1549 dixerint
2666 1495 2828 1550 vobis
2853 1511 2865 1548 :
2892 1496 3032 1551 Ecce
3054 1495 3147 1550 hic
3174 1502 3261 1552 est
3309 1497 3513 1554 Chris-

1869 1583 1988 1645 tus,
2015 1580 2279 1637 ecceillic
2302 1601 2315 1650 ;
2341 1581 2519 1637 nolite
2541 1583 2771 1638 credere
2796 1584 3002 1654 (Matth.
3041 1601 3192 1652 xxrv,
3216 1586 3306 1651 23,
3339 1587 3453 1657 21o),
3486 1608 3514 1637 »

1872 1668 2175 1737 noliteire,
2200 1686 2391 1741 neque
2422 1670 2747 1725 sectemini.
2794 1671 2957 1726 Sicut
3005 1672 3162 1727 enim
3219 1673 3513 1745 prophetae

1874 1757 2055 1811 sancti
2083 1761 2215 1813 ante
2236 1758 2556 1813 adventum
2572 1759 2712 1815 Jesu
2736 1759 2949 1814 Christi
2975 1776 3009 1831 p
3041 1760 3280 1826 rimum,
3328 1762 3513 1817 sancti

1873 1862 2104 1917 quoque
2127 1846 2372 1918 apostoli
2394 1852 2451 1902 et
2500 1847 2823 1903 imitatores
2856 1864 3079 1915 eorum,
3126 1853 3259 1905 ante
3308 1865 3519 1906 secun-

1870 1935 2034 1997 dum,
2058 1935 2343 1990 dederunt
2363 1941 2417 1991 et
2439 1937 2579 1990 dant
2596 1936 2783 2009 signa,
2835 1941 2890 1992 et
2928 1936 3195 2008 prodigia
3248 1938 3440 1994 multa
3460 1944 3518 1995 et

1873 2039 2106 2095 magna,
2133 2024 2216 2078 sic
2238 2028 2295 2079 et
2312 2024 2587 2089 haaretici,
2611 2026 2765 2097 quia
2785 2025 3030 2080 Domino
3054 2025 3332 2081 dicuntur
3347 2044 3517 2099 pseu-

1879 2112 2251 2183 doprophotaz
2271 2117 2327 2168 et
2350 2113 2803 2184 pseudochristi,
2824 2119 2888 2168 ut
2909 2118 3051 2186 puta
3064 2114 3405 2170 Antichristi
3430 2116 3512 2172 fa-

1871 2199 2034 2254 ciunt
2055 2206 2375 2256 antesuum
2430 2202 2751 2279 principem
2797 2201 3239 2257 Antichristum.
3266 2204 3379 2259 Sed
3422 2204 3515 2259 in-

1872 2287 2139 2360 quiratur
2159 2305 2287 2359 quae
2309 2290 2477 2361 signa
2495 2294 2551 2345 et
2567 2290 2833 2363 prodigia
2849 2289 3104 2346 cultores
3116 2290 3329 2347 Christi
3352 2293 3515 2348 dede-

1872 2376 2008 2443 rint,
2035 2376 2122 2431 vel
2150 2377 2375 2443 dent,et
2398 2394 2526 2448 qua:
2550 2378 2805 2433 cultores
2857 2378 3217 2433 Antichristi.
3236 2378 3517 2450 Equidem

1874 2480 2176 2536 praecones
2195 2465 2367 2537 primi
2396 2467 2685 2521 adventus
2706 2466 2915 2522 Christi
2941 2465 3216 2521 omnibus
3237 2467 3361 2522 suis
3377 2468 3521 2523 actis

1873 2557 1930 2607 et
1950 2553 2122 2607 dictis
2146 2559 2513 2609 sacramenta
2532 2554 2767 2620 Christi,
2794 2560 2851 2609 et
2870 2554 3139 2609 Ecclesiae
3160 2556 3286 2624 ejus
3309 2560 3519 2627 praetu-

1871 2641 2085 2705 lerunt,
2113 2646 2168 2696 et
2185 2643 2670 2713 prwinvenerunt,
2697 2644 2850 2697 sicut
2893 2643 3140 2712 Moyses,
3190 2643 3250 2697 in
3299 2644 3518 2700 summi

1870 2730 2168 2785 Pontiﬁcis
2191 2730 2373 2785 nostri
2398 2732 2669 2802 ﬁguram,
2690 2729 3068 2785 lsrseliticum
3090 2730 3372 2802 populum
3416 2749 3519 2804 per

1872 2835 2030 2874 mare
2053 2818 2317 2873 Rubrum
2339 2819 2658 2885 transtulit,
2680 2836 2899 2875 manna
2920 2819 2993 2873 de
3010 2818 3150 2875 cmlo
3196 2821 3431 2887 cibavit,
3454 2824 3512 2877 et

1870 2924 2018 2979 aqua
2038 2909 2104 2962 de
2128 2912 2290 2979 petra
2310 2908 2544 2979 potavit,
2570 2909 3021 2980 sacerdotesque
3060 2913 3117 2964 et
3162 2910 3517 2967 tabernacu-

1870 2994 1996 3049 lum
2019 3012 2151 3051 cum
2177 2996 2336 3050 omni
2359 2995 2749 3067 suppellectili
2774 3014 2883 3052 sua
2922 3014 3039 3052 non
3058 2995 3182 3052 solo
3230 2997 3520 3069 sanguine

1874 3084 2219 3155 purificavit,
2245 3085 2345 3139 sed
2366 3085 2542 3139 etiam
2587 3086 2907 3141 chrismate
2952 3086 3354 3141 sanctificavit.
3386 3086 3518 3151 Quae

1880 3171 2174 3227 catholicae
2194 3172 2453 3227 veritatis
2476 3172 2798 3245 imago,ve1
2822 3175 3034 3229 umbra
3082 3191 3195 3229 non
3250 3176 3517 3247 cessavit,

114 3269 284 3338 pectu
318 3246 468 3334 ejus,
506 3262 664 3334 quia,
698 3267 799 3317 aut
827 3262 1053 3316 occulta
1105 3246 1206 3317 au't
1260 3266 1461 3333 aperta
1520 3262 1763 3332 malitia,
1793 3246 1837 3315 C
1876 3261 2059 3317 donec
2080 3262 2310 3316 advenit
2328 3261 2554 3316 Veritas
2576 3261 2725 3333 ipsa,
2747 3262 3034 3327 Christus,
3059 3262 3159 3334 qui
3205 3257 3378 3318 etiam
3428 3246 3518 3319 est

117 3371 233 3409 non
270 3352 468 3408 minus
501 3351 627 3422 ipso
658 3350 1019 3405 Antichristo
1062 3349 1121 3404 in
1180 3350 1448 3405 homines
1496 3351 1763 3407 saeviunt.

112 3444 297 3508 Quam
330 3446 526 3496 tamen
558 3440 615 3493 in
650 3444 961 3511 conspectu
992 3439 1121 3510 ejus
1153 3438 1397 3505 faciunt,
1433 3439 1572 3511 quia
1617 3439 1768 3495 sicut

112 3529 383 3586 catholici
411 3529 481 3583 ad
509 3528 804 3583 Christum
831 3526 1389 3598 referuntquidquid
1408 3526 1536 3599 ipso
1567 3532 1765 3583 aucto-

110 3636 169 3676 re
194 3623 404 3692 agunt,
432 3617 511 3673 ita
532 3623 587 3673 et
608 3616 859 3672 hazretici
879 3617 950 3672 ad
997 3616 1422 3671 Antichristum
1473 3617 1762 3689 quidquid

110 3712 399 3779 potestate
436 3707 508 3761 ab
541 3705 639 3761 illo
677 3706 813 3761 data
844 3704 1084 3761 faciunt.
1145 3704 1312 3769 Nam,
1371 3704 1527 3760 sicut
1577 3706 1763 3761 sancti

105 3796 400 3869 prophetae
467 3794 781 3866 praeierunt
832 3799 965 3849 ante
1012 3792 1219 3849 faciem
1269 3792 1501 3848 Domini
1560 3810 1764 3866 parare

103 3886 225 3941 vias
252 3886 385 3957 ejus
410 3884 563 3951 (Luc.
591 3900 630 3947 ι,
650 3884 763 3954 76),
790 3883 873 3937 sic
904 3887 961 3938 et
981 3882 1076 3937 isti
1104 3898 1485 3955 przscursores
1514 3882 1645 3938 facti
1694 3883 1763 3939 il-

106 3972 223 4030 lius
244 3990 353 4046 apo
367 3976 531 4028 statas
555 3976 836 4044 praeeunt,
860 3975 918 4027 et
943 3971 999 4025 in
1025 3975 1341 4043 conspectu
1362 3969 1523 4027 illius
1544 3971 1765 4027 faciunt

120 4061 412 4134 quidquid
437 4059 675 4116 faciunt.
701 4060 863 4125 Quod
882 4064 1069 4115 totum
1098 4060 1328 4114 nonnisi
1364 4058 1587 4115 malum
1635 4076 1764 4117 esse

105 4154 315 4223 potest,
354 4150 585 4207 etiamsi
612 4150 829 4205 bonum
854 4148 1196 4221 appareLUt
1222 4149 1376 4205 enim
1408 4150 1545 4205 boni
1574 4166 1765 4205 exem-

109 4238 210 4311 plo
234 4238 643 4311 Redemptoris
675 4237 767 4295 sui
794 4236 1043 4294 dicentis
1077 4254 1091 4294 :
1126 4261 1153 4290 «
1182 4242 1296 4310 Ego
1344 4237 1591 4310 gloriam
1649 4255 1767 4295 me-

109 4344 203 4384 am
234 4346 350 4384 non
388 4344 587 4400 quaero
610 4328 789 4399 (Joan.
808 4327 1036 4398 vm,50)
1055 4352 1068 4394 ;
1088 4349 1109 4376 ι
1128 4331 1219 4383 et:
1248 4326 1419 4382 «Non
1440 4327 1571 4382 veni
1611 4328 1762 4384 face-

103 4433 163 4473 re
190 4418 562 4474 voluntatem
598 4434 811 4485 meam,
840 4417 941 4473 sed
972 4418 1100 4487 ejus
1132 4416 1233 4488 qui
1268 4416 1430 4472 misit
1461 4433 1554 4473 me
1585 4417 1759 4489 (Joan.

101 4521 176 4569 v1,
202 4507 317 4573 38),
349 4529 369 4555 ι
390 4505 679 4577 quidquid
702 4509 839 4561 sunt
861 4509 918 4560 et
941 4510 1191 4577 possunt
1212 4504 1325 4576 ipsi
1345 4505 1757 4574 tribuunt,non

102 4609 230 4665 quae
254 4600 540 4659 suasunt,
566 4594 666 4649 sed
692 4611 819 4666 qua:
844 4593 1058 4649 Christi
1083 4594 1392 4665 querendo
1417 4611 1431 4661 ;
1458 4595 1541 4649 sic
1560 4598 1621 4670 et
1668 4612 1755 4651 re-
1790 4614 1836 4679 D

102 4683 267 4754 probi
290 4700 398 4740 suo
426 4688 655 4738 tantum
679 4682 991 4754 quaarendo
1014 4687 1072 4738 et
1091 4699 1207 4737 non
1228 4681 1759 4755 Christi,quidquid

101 4770 324 4827 faciunt
345 4772 615 4843 (Philipp.
638 4788 703 4838 ιι,
726 4772 840 4843 21),
861 4771 919 4825 in
943 4778 1255 4843 conspectu
1277 4770 1621 4826 Antichristi
1671 4771 1755 4827 fa-

100 4858 281 4927 ciunt,
307 4859 409 4933 qui
430 4859 493 4915 in
512 4860 747 4915 nomine
768 4876 874 4915 suo
895 4864 1177 4915 venturus
1198 4876 1232 4915 a
1263 4859 1581 4931 semetipso
1605 4860 1760 4916 sicut

102 4949 357 5004 mendax
378 4949 674 5020 loquetur,
699 4948 946 5021 gloriam
976 4952 1205 5004 tantum
1237 4947 1533 5020 propriam
1594 4965 1756 5021 quaa-

101 5036 325 5093 siturus
353 5036 625 5110 exemplo
659 5036 842 5109 patris
874 5038 965 5093 sui
997 5037 1289 5103 draconis,
1325 5037 1423 5108 qui
1457 5038 1528 5093 ab
1588 5037 1754 5093 initio

103 5139 209 5180 sua
237 5130 471 5181 tantum
508 5126 796 5199 quasivit,
832 5126 931 5181 ubi
970 5125 1261 5199 propriam
1294 5126 1407 5181 sibi
1440 5126 1636 5181 sedem
1665 5143 1757 5182 ex-

102 5210 366 5282 ploravit,
399 5217 456 5269 et
486 5215 794 5271 Altissimo
839 5214 1051 5271 similis
1084 5214 1203 5271 fore
1261 5230 1364 5285 per
1415 5214 1751 5286 superbiam

97 5302 427 5374 concupivit
457 5302 619 5373 (lsaz'.
652 5321 763 5364 xw.
800 5305 912 5375 14).

678 5391 908 5447 CAPUT
944 5389 1181 5446 XXXIX.

326 5480 463 5548 Quae
481 5482 598 5536 sint
615 5483 775 5553 signa
792 5488 843 5536 et
854 5480 1102 5553 prodigia
1124 5476 1536 5534 catholicorum.

169 5565 429 5633 Qualiter
465 5573 675 5626 autem
707 5568 928 5626 faciant
956 5565 1213 5623 haeretici
1242 5570 1456 5622 terram
1488 5569 1546 5622 et
1590 5565 1754 5623 inha-

99 5651 352 5717 bitantes
380 5655 443 5717 in
474 5672 545 5717 ea
576 5658 821 5719 adorare
850 5656 1098 5718 bestiam
1129 5657 1405 5734 primum,
1438 5654 1500 5715 Β.
1540 5653 1750 5717 Hiero-

1875 3350 1965 3405 via
1987 3353 2043 3405 et
2058 3349 2193 3404 vita.
2215 3350 2375 3404 Tunc
2405 3350 2619 3405 veritas
2649 3350 2721 3405 de
2753 3354 2905 3406 terra
2922 3355 3047 3406 orta
3069 3366 3271 3405 omnes
3287 3355 3510 3422 gentes,

1876 3453 2298 3509 per.prmcones
2340 3437 2578 3492 secundi
2640 3439 2923 3493 adventus
2974 3438 3086 3504 sui,
3149 3455 3250 3510 per
3306 3454 3508 3494 verum

1873 3525 2184 3595 baptisma,
2216 3525 2511 3590 transfert,
2544 3541 2693 3596 pane
2722 3526 2847 3581 vivo
2891 3531 2950 3580 et
2978 3542 3111 3581 vero
3170 3527 3345 3593 cibat,
3376 3529 3510 3584 vino

1873 3630 2017 3670 novo
2048 3618 2228 3686 potat,
2262 3619 2318 3668 et
2348 3630 2462 3667 non
2493 3613 2684 3669 solum
2716 3615 3067 3680 sacerdotes,
3121 3615 3222 3670 sed
3281 3616 3510 3672 univer-

1872 3719 1998 3758 sam
2029 3719 2261 3774 quoque
2290 3701 2607 3757 Ecclesiam
2636 3719 2803 3758 suam
2849 3720 2954 3759 suo
3006 3703 3295 3778 sanguine
3351 3704 3513 3777 prius

1872 3791 2233 3862 redemptam
2266 3789 2462 3861 gratia:
2492 3807 2619 3855 suae,
2641 3791 2915 3847 unctione
2945 3792 3072 3849 sine
3122 3792 3511 3849 intermissio-

1873 3893 1945 3932 ne
1975 3876 2318 3933 sanctiﬁcat.

1943 3965 2012 4020 Et
2041 3964 2160 4020 haec
2192 3969 2479 4037 quatenus
2511 3970 2646 4038 agat
2674 3966 3010 4039 Apostolus,
3043 3985 3253 4040 panem
3312 3973 3370 4024 et
3422 3969 3509 4024 vi-

1874 4071 2016 4109 num
2039 4053 2255 4109 Christi
2281 4056 2722 4122 commendans,
2743 4058 3124 4113 demonstrat.
3177 4082 3205 4109 «
3248 4058 3511 4123 Quoties-

1872 4159 2122 4214 cunque,
2154 4141 2361 4215 inqvit,
2395 4145 2829 4201 manducabitis
2851 4163 3063 4218 panem
3080 4146 3256 4215 hunc,
3290 4153 3348 4204 et
3369 4148 3513 4205 cali-

1871 4247 1998 4287 cem
2013 4231 2499 4301 bibetis,mortem
2519 4234 2749 4289 Domini
2772 4235 3412 4303 annuntiahitis,donec
3424 4253 3514 4294 ve-

1871 4319 1998 4375 niat
2019 4320 2067 4391 (Ι
2089 4320 2448 4391 Cor.x1,26).»
2463 4320 2644 4393 Igitur
2664 4322 2973 4379 utinterim
2992 4328 3291 4381 taceamus
3304 4325 3513 4382 delan-

1872 4409 2069 4481 guidis
2089 4409 2328 4477 curatis,
2346 4415 2403 4465 et
2424 4411 2678 4466 mortuis
2697 4412 3023 4478 viviﬁcatis,
3056 4414 3396 4486 ceterisque
3417 4417 3512 4471 be-

1871 4498 2208 4554 neficiisseu
2231 4498 2521 4567 vindictis,
2550 4516 2677 4571 quae
2726 4500 2901 4555 etiam
2920 4502 3091 4573 signa
3135 4506 3194 4557 et
3242 4502 3510 4575 prodigia

1870 4587 2108 4643 fuerunt
2128 4592 2183 4642 et
2202 4592 2361 4658 sunt,
2382 4587 2648 4643 dicamus
2665 4588 2885 4660 aliquid
2910 4590 2981 4645 de
3029 4590 3151 4645 solo
3194 4590 3507 4662 baptismo,

1869 4675 2155 4731 sacrificio
2177 4680 2235 4731 et
2254 4675 2549 4741 unctione,
2583 4692 2710 4747 qua:
2733 4677 3006 4733 videntur
3054 4678 3425 4751 principalia,
3458 4684 3515 4736 et

1869 4764 2125 4820 maxima
2145 4764 2316 4836 signa
2330 4768 2386 4818 et
2406 4764 2669 4836 prodigia
2689 4782 2837 4833 esse,
2863 4766 3003 4837 quia
3047 4766 3173 4822 sine
3195 4766 3287 4822 his
3337 4784 3510 4824 nemo

1867 4858 2058 4925 potest
2080 4857 2193 4908 Deo
2208 4852 2414 4908 vivere.
2440 4853 2501 4906 In
2524 4852 2618 4908 his
2642 4854 2838 4926 itaque
2860 4856 3170 4911 nobiscum
3196 4861 3286 4911 est
3305 4873 3339 4912 a
3391 4856 3512 4930 pri-

1867 4958 1962 4997 mo
1984 4940 2233 4996 adventu
2257 4958 2364 4996 suo
2388 4958 2573 5012 usque
2594 4943 2915 4998 secundum
2936 4943 3031 5016 qui
3062 4945 3172 5000 erit
3192 4944 3252 5000 in
3277 4945 3393 5002 ﬁne
3415 4962 3517 5002 sae-

1865 5029 2001 5085 culi.
2022 5029 2150 5085 Haec
2170 5030 2252 5084 ita
2272 5030 2443 5101 signa
2464 5035 2602 5085 sunt
2628 5035 2693 5086 ut
2714 5032 2833 5086 sint
2853 5033 3031 5088 etiam
3054 5050 3166 5089 res.
3188 5034 3334 5089 Nam
3359 5035 3516 5107 quod

1866 5124 2076 5176 suntet
2098 5119 2155 5173 in
2189 5135 2248 5174 se
2281 5118 2516 5185 habent,
2552 5118 2906 5189 signiﬁcant.
2942 5122 3038 5178 Sic
3098 5123 3350 5180 visibilis
3381 5123 3511 5180 fons

1866 5208 2243 5282 baptismatis
2274 5206 2509 5281 signum
2537 5213 2648 5276 est,
2681 5211 2836 5281 quod
2870 5216 3068 5267 tamen
3127 5212 3185 5267 in
3218 5227 3281 5268 se
3336 5212 3511 5269 habet

1865 5297 2239 5366 rem,scilicet
2261 5295 2543 5368 Spiritum
2565 5303 2857 5367 sanctum,
2883 5303 2985 5373 qui
3012 5302 3226 5373 praebet
3246 5299 3514 5373 spiritua-

1863 5385 1975 5441 lem
1994 5390 2052 5441 et
2075 5383 2430 5440 invisibilem
2462 5385 2824 5444 ablutionem
2870 5389 3132 5447 interiori
3190 5388 3413 5443 homini
3444 5388 3506 5443 in

1863 5479 2055 5532 mente
2080 5490 2185 5547 per
2203 5473 2440 5544 signum
2458 5474 2778 5546 corporale,
2797 5481 2854 5533 et
2880 5476 3103 5532 visibile
3131 5474 3285 5548 quod
3316 5475 3507 5534 oculis

1860 5566 2053 5639 carnis
2083 5561 2414 5621 ostenditur
2442 5578 2514 5618 ex
2541 5579 2609 5619 ea
2638 5580 2767 5638 qum
2795 5564 2861 5621 ﬁt
2887 5565 2944 5620 in
2997 5581 3146 5639 aqua
3202 5558 3510 5645 exterioris

1865 5651 2128 5717 hominis
2158 5650 2526 5714 intinctione.
2558 5649 2678 5711 Hoc
2708 5651 2779 5712 de
2824 5652 3204 5715 sacramentis
3256 5651 3459 5719 altaris
3489 5673 3505 5741 ς
