3876 6354
390 423 544 486 1127

1434 413 1839 483 HUMBERTI
1883 415 1946 478 S.
1999 417 2068 476 Β.
2114 406 2186 476 E.
2235 407 2726 477 CARDINALIS.

3659 395 3827 464 .1128

387 555 496 612 hoc
524 555 700 612 etiam
731 553 951 610 dictum
983 555 1124 624 puta
1152 551 1224 606 de
1253 551 1526 606 unctione
1585 549 1768 605 sancti
1827 547 2011 604 chris-
2042 547 2098 614 Α
2128 563 2254 619 quae
2277 551 2366 602 est
2380 543 2646 602 Christus
2671 563 2684 613 ;
2715 543 2799 600 sic
2820 543 2956 600 etin
2980 537 3284 598 hareticis
3308 543 3643 610 tanquam
3671 533 3736 592 in
3776 537 3826 592 ti-
3858 567 3859 614 χ

391 643 587 700 matis.
611 643 728 698 Hoc
758 643 829 698 de
857 639 1099 712 reliquis
1146 637 1438 694 catholicae
1496 636 1746 692 ecclesiae
1806 639 2020 708 myste-

388 733 656 804 riis,quae
679 729 889 786 idcirco
911 727 1204 800 mysteria,
1231 727 1288 780 id
1310 729 1399 780 est
1444 731 1664 780 secreta
1722 725 2019 791 dicuntur,

389 821 524 892 quia
554 821 707 875 inest
734 819 818 874 eis
848 816 1074 872 occulta
1103 813 1448 884 virtus,quze
1471 829 1574 884 per
1592 829 1711 868 rem
1733 812 2020 868 visibilem

387 909 543 980 quod
569 924 742 963 suum
775 909 862 960 est
889 919 991 975 pro
1022 901 1302 975 qualitate
1349 907 1407 957 et
1463 901 1786 956 ministerio
1828 900 2018 956 homi-

387 997 481 1052 nis
507 999 794 1068 operatur.
829 993 1123 1048 Secretum
1154 990 1310 1044 enim
1341 1007 1374 1044 a
1425 989 1598 1044 verbo
1653 1005 1872 1044 secerno
1927 1003 2020 1043 ve-

388 1083 573 1148 niens,
603 1097 846 1138 seorsum
874 1087 1098 1146 cretum,
1131 1077 1186 1130 id
1219 1080 1310 1132 est
1337 1077 1550 1142 visum,
1573 1075 1760 1148 qualis
1791 1093 2020 1148 separa-

386 1176 513 1226 tum
543 1169 758 1225 dicitur
787 1167 858 1224 ab
890 1165 1073 1222 oculis
1103 1164 1324 1220 scilicet
1360 1163 1572 1228 carnis,
1629 1179 1743 1218 non
1803 1164 2014 1219 cordis.

388 1259 514 1314 Haec
546 1272 778 1329 quoque
809 1255 892 1310 sic
925 1258 1066 1310 sunt
1093 1253 1262 1324 signa
1291 1255 1357 1306 ut
1387 1251 1505 1306 sint
1532 1257 1583 1306 et
1617 1251 2017 1323 prodigia,hoc

381 1350 469 1402 est
497 1363 667 1418 porro
696 1343 966 1398 dicentia.
999 1341 1094 1396 Sic
1123 1341 1279 1396 enim
1305 1343 1550 1394 mortem
1573 1339 1788 1394 Christi
1821 1343 1876 1394 et
1897 1339 2016 1394 dis-

381 1434 778 1506 pensationem
809 1431 938 1501 ejus
965 1427 1309 1502 praeteritam
1343 1427 1694 1498 signiﬁcant,
1727 1431 1792 1480 ut
1819 1430 2013 1482 tamen

381 1539 534 1577 nunc
565 1535 796 1591 semper
818 1518 1007 1574 vivere
1035 1521 1092 1572 et
1117 1531 1378 1588 regnare,
1411 1519 1468 1570 et
1497 1520 1800 1570 venturum
1855 1515 2013 1584 judi-

380 1625 512 1666 care
539 1609 698 1663 vivos
727 1611 784 1662 et
813 1611 1074 1662 mortuos
1104 1603 1522 1677 prephetizent,
1554 1603 1609 1658 id
1673 1607 1782 1671 est,
1843 1621 2012 1675 porro

383 1697 600 1754 dicant.

1009 1780 1240 1836 CAPUT
1278 1779 1391 1835 XL.

557 1873 684 1942 Quae
711 1874 822 1926 smt
849 1873 1006 1941 signa
1035 1877 1088 1925 et
1109 1869 1365 1940 prodigia
1398 1868 1795 1924 haereticorum.

449 1961 858 2016 Verumtamen
901 1958 1070 2029 signa
1098 1961 1154 2012 et
1213 1956 1498 2028 prodigia,
1564 1959 1699 2010 ante
1750 1956 2010 2027 primum

378 2051 690 2106 adventum
720 2045 1032 2112 Christi,in
1064 2045 1174 2099 hoc
1205 2043 1480 2098 differunt
1505 2062 1538 2098 a
1567 2044 1754 2116 signis
1785 2048 1842 2099 et
1872 2061 2008 2116 pro-

377 2137 550 2210 digiis
569 2153 694 2208 quae
719 2135 865 2190 ﬁunt
887 2133 1397 2197 acatholieis,ante
1422 2133 1744 2186 secundum
1763 2133 1890 2202 ejus
1912 2133 2011 2188 ad-

376 2229 632 2292 ventum,
655 2222 794 2294 quia
814 2221 914 2276 illa
945 2220 1026 2276 sic
1057 2219 1532 2292 signiﬁcaverunt
1558 2226 1622 2273 ut
1647 2220 1886 2274 omnino
1917 2237 2010 2274 res

379 2331 491 2368 non
523 2315 719 2366 essent
741 2328 754 2377 ;
775 2309 888 2364 ista
915 2314 1107 2364 autem
1139 2307 1220 2362 sic
1253 2307 1421 2378 signa
1450 2312 1588 2362 sunt
1618 2313 1682 2362 ut
1728 2325 1817 2362 res
1871 2325 2010 2380 quo-

379 2416 490 2470 que
519 2395 903 2453 essentialiter
917 2399 972 2450 et
995 2411 1127 2448 vere
1149 2395 1285 2450 sint.
1325 2395 1522 2449 Restat
1543 2411 1678 2466 ergo
1703 2400 1766 2449 ut
1815 2396 2008 2450 bestia:

377 2487 556 2553 illius,
586 2503 708 2557 quae
731 2481 1074 2539 universalis
1098 2482 1493 2538 hereticorum
1521 2487 1688 2554 typus
1709 2487 1817 2548 est,
1843 2483 2011 2556 signa

377 2573 712 2646 etprodigia
731 2589 857 2644 quae
881 2571 1016 2636 sint,
1039 2575 1095 2625 et
1143 2587 1265 2640 quae
1290 2571 1620 2642 signiﬁcent
1644 2571 1730 2624 vel
1763 2572 2008 2644 prophe-

378 2667 499 2719 tent
517 2659 884 2724 discutiatur,
908 2663 963 2714 et
988 2662 1120 2714 ante
1142 2657 1338 2712 omnia
1354 2658 1854 2714 animadvertatur
1873 2661 2011 2731 quia

376 2751 564 2807 bestia
587 2751 707 2805 haec
730 2749 786 2804 in
821 2747 1317 2818 subsequentibus
1370 2747 1878 2819 pseudOpropheta
1909 2766 2008 2821 ap-

375 2838 642 2913 pellatur.
675 2837 836 2903 Quod
869 2835 918 2892 si
953 2835 1134 2890 falsus
1167 2835 1446 2907 propheta
1468 2841 1577 2904 est,
1604 2835 1771 2907 signa
1801 2839 1930 2907 ejus
1955 2841 2011 2893 et

377 2927 638 3000 prodigia
669 2925 786 2980 sint
813 2923 960 2978 falsa
989 2939 1226 2978 necesse
1256 2927 1362 2978 est.
1397 2925 1463 2978 Et
1485 2941 1610 2994 qua:
1648 2923 1794 2978 falsa
1850 2929 2006 2994 sunt,

378 3031 614 3070 necesse
668 3018 756 3068 est
811 3011 1022 3066 falsum
1081 3012 1488 3066 tantummodo
1547 3011 1896 3082 signiﬁcent,
1955 3017 2010 3069 et

377 3101 771 3158 mendacium.
815 3099 1050 3154 Constat
1080 3115 1212 3170 ergo
1246 3098 1324 3153 nil
1351 3099 1465 3153 veri
1497 3117 1600 3154 nec
1659 3101 1795 3154 recti
1855 3102 2005 3173 signi

377 3191 532 3263 apud
559 3205 692 3244 eum
726 3187 924 3242 haberi
966 3186 1064 3260 qui
1099 3186 1180 3240 nil
1219 3185 1330 3242 nisi
1376 3187 1522 3242 falsa
1563 3188 1872 3260 significat.
1897 3191 2006 3246 Sed

2127 634 2223 690 liis
2243 633 2581 690 difﬁdentia:
2619 637 2894 705 operatur
2941 628 3308 703 mysterium
3365 625 3740 698 injustitize,
3785 635 3826 682 et

2130 723 2456 794 iniquitatis
2477 738 2604 792 quis
2625 725 2716 776 est
2739 719 3163 776 Antichristus.
3192 716 3310 781 Qui
3335 715 3395 772 si
3452 731 3638 770 nunc
3687 721 3826 772 esset

2127 811 2188 865 in
2211 811 2296 865 eis
2317 813 2576 865 secretus
2594 814 2652 864 et
2666 807 2911 874 velatus,
2935 825 3053 863 non
3077 805 3312 862 diceret
3335 805 3422 860 de
3445 804 3600 875 ejus
3645 804 3824 859 mani-

2127 898 2430 965 festatione
2450 896 2804 968 Apostolus:
2831 919 2857 946 «
2883 895 2956 952 Ut
2975 893 3272 951 reveletur
3296 893 3366 948 in
3397 909 3526 948 suo
3562 895 3826 964 tempore

2125 991 2186 1042 et
2209 991 2346 1041 tunc
2369 985 2718 1042 revelabitur
2744 984 2838 1040 ille
2860 983 3140 1039 inimicus
3180 983 3261 1055 (ΙΙ
3275 980 3479 1038 Thess.
3545 997 3640 1047 γι,
3694 982 3772 1052 8).
3805 1003 3821 1029 ι

2125 1073 2270 1128 Nam
2294 1073 2584 1145 quomodo
2605 1071 2876 1128 catholici
2899 1072 3170 1144 quaedam
3195 1071 3632 1126 Hebrmorum
3667 1069 3827 1142 signa

2125 1161 2396 1233 retinent,
2421 1162 2480 1216 in
2503 1161 2720 1233 quibus
2741 1160 3060 1216 Dominum
3083 1158 3355 1216 velatum
3392 1157 3655 1214 essenti
3668 1157 3825 1214 aliter

2125 1248 2387 1320 bajulent
2405 1255 2462 1305 et
2488 1247 2854 1322 prophetent,
2876 1248 2960 1304 sic
2985 1252 3046 1304 et
3064 1247 3334 1304 haeretici
3393 1247 3711 1319 quaedam
3759 1247 3823 1303 si-

2121 1353 2236 1410 gna
2265 1336 2683 1392 catholicorum
2705 1341 2990 1408 usurpata
3011 1335 3316 1404 exhibent,
3341 1335 3412 1391 in
3439 1335 3697 1408 quibus
3719 1339 3820 1392 An-

2121 1425 2451 1481 tichristum
2473 1425 2726 1480 velatum
2750 1423 3014 1496 bajulent
3062 1429 3122 1480 et
3169 1423 3594 1497 prophetent.
3647 1426 3821 1496 Cujus

2123 1513 2362 1586 imagini
2385 1513 2556 1568 etiam
2582 1512 2854 1584 spiritum
2879 1513 3040 1581 dant,
3086 1529 3220 1568 eam
3275 1513 3423 1584 ejus
3468 1511 3820 1569 imitatione

2121 1599 3004 1672 mendaciosuzeprzedicationis
3043 1604 3102 1655 et
3145 1600 3550 1657 defensionis
3599 1603 3821 1674 quibus

2119 1693 2367 1761 possunt
2382 1689 2816 1744 commendant.
2831 1687 2962 1758 Qui,
2977 1692 3032 1744 et
3044 1687 3201 1745 inter
3211 1687 3336 1745 alia
3351 1705 3504 1762 quas
3554 1690 3820 1763 ﬁngunt,

2121 1777 2512 1849 etiamignem
2528 1777 2598 1833 de
2615 1776 2756 1832 coelo
2786 1777 2844 1832 in
2877 1781 3094 1833 terram
3139 1777 3531 1834 descendere
3567 1779 3819 1846 faciunt,

2041 1901 2088 1966 B
2123 1865 2612 1938 quandocumque,
2636 1865 2827 1922 instar
2857 1865 3288 1938 apostolorum,
3336 1883 3590 1924 manus
3645 1867 3820 1924 alicui

2119 1954 2504 2026 imponentes,
2521 1953 2774 2026 Spiritus
2786 1957 2970 2010 sancti
2995 1955 3252 2027 gratiam
3270 1971 3344 2010 ac
3393 1957 3818 2013 consecratio-

2119 2058 2400 2097 nemeum
2443 2042 2703 2114 accipere
2741 2046 3128 2114 praesumunt.
3172 2042 3291 2098 Sed
3344 2042 3472 2099 hoc
3523 2044 3594 2101 in
3643 2049 3819 2114 terra,

2118 2147 2293 2201 quam
2310 2147 2479 2186 suam
2497 2129 3059 2198 dicuntEcclesiam,
3085 2147 3261 2204 agere
3283 2131 3626 2202 videntur,
3673 2140 3736 2191 et
3767 2135 3818 2190 in

2118 2223 2430 2289 conspectu
2455 2217 2784 2287 hominum,
2806 2217 2917 2274 hoc
2947 2223 3036 2274 est
3059 2217 3430 2275 carnalium.
3452 2221 3610 2278 Sive
3649 2223 3819 2279 aliter

2117 2307 2188 2361 de
2211 2305 2352 2362 ccelo
2384 2306 2575 2378 ignem
2606 2307 2666 2362 in
2696 2311 2851 2362 terra
2879 2307 3211 2378 deponunt,
3267 2310 3536 2380 quando
3605 2328 3817 2368 eorum

2118 2395 2386 2465 impietas
2407 2393 2759 2449 saeculariter
2780 2396 3248 2466 prosperatur,in
3271 2399 3532 2453 tantum
3551 2401 3818 2456 utetiam

2117 2481 2304 2547 electi,
2328 2481 2384 2536 in
2409 2481 2624 2554 quibus
2641 2481 2795 2537 Deus
2817 2487 3098 2554 tanquam
3126 2483 3186 2538 in
3211 2484 3386 2540 cmlis
3410 2485 3819 2557 habit.at,stu-

2117 2586 2254 2641 pore
2276 2571 2686 2626 eoneutiantur
2716 2571 3030 2643 ignemque
3061 2571 3318 2628 humani
3351 2573 3477 2630 zeli
3516 2576 3590 2632 in
3621 2577 3815 2634 Eccle-

2119 2657 2265 2712 siam
2295 2659 2608 2724 excutiant,
2643 2659 2808 2725 dum,
2841 2659 3040 2714 minus
3071 2659 3217 2714 recti
3251 2662 3469 2730 corde,
3506 2681 3736 2736 pacem
3767 2673 3814 2722 et

2117 2746 2537 2802 abundantiam
2563 2746 2971 2802 haereticorum
2999 2747 3290 2818 videntes,
3327 2751 3395 2806 in
3431 2767 3550 2812 eos
3597 2753 3812 2810 zelant.

2743 2851 2975 2908 CAPUT
3012 2852 3152 2910 XLI.

2191 2943 2272 2994 De
2299 2941 2510 2995 smvitz’a
2541 2941 2708 3012 hujus
2740 2941 2940 3006 bestiae,
2971 2949 3022 2996 et
3051 2941 3119 2998 de
3147 2943 3488 3003 charactere
3525 2949 3751 3006 Christi

2736 3020 2788 3067 et
2815 3012 3162 3068 Antichristi.

2134 3164 2140 3171 ο
2189 3099 2296 3153 Sed
2327 3100 2513 3154 bestia
2541 3099 2661 3154 haec
2692 3116 2817 3172 quae
2849 3100 3011 3171 prius
3043 3102 3212 3172 quasi
3237 3102 3600 3163 domestica
3625 3110 3807 3181 signis

2118 3187 2544 3253 blandiehatur,
2577 3192 2642 3242 ut
2671 3189 2992 3255 seduceret,
3027 3188 3088 3244 in
3121 3189 3259 3259 ﬁne,
3294 3191 3468 3250 velut
3534 3195 3808 3256 indoma-

377 3259 502 3350 quae
527 3280 666 3332 sunt
686 3277 854 3348 signa
875 3292 1000 3346 qum
1029 3275 1210 3330 bestia
1233 3274 1332 3329 illa
1375 3275 1485 3330 sibi
1534 3259 1760 3348 agenda
1798 3295 2008 3348 przesu-
2039 3259 2081 3324 Ο
2119 3275 2256 3331 bilis
2281 3276 2621 3347 fera,rugitu
2647 3293 2753 3331 suo
2775 3281 2832 3331 et
2852 3277 3318 3336 debacchatione
3347 3298 3584 3340 omnes
3605 3291 3804 3354 terret,

380 3366 534 3422 mit?
553 3365 750 3437 utique
767 3381 938 3435 aqua,
963 3363 1148 3434 panis,
1173 3363 1393 3428 vinum,
1432 3363 1645 3427 oleum,
1699 3369 1756 3420 et
1805 3371 2010 3422 caetera

380 3453 632 3510 visibilia
652 3452 1040 3508 instrumenta
1061 3457 1557 3506 sacramentorum
1579 3451 1872 3508 catholicae
1921 3471 2008 3510 re-

381 3542 634 3614 ligionis,
661 3558 787 3612 quae
813 3539 978 3595 oculo
1001 3543 1172 3594 tenus
1201 3544 1257 3594 et
1282 3538 1471 3610 specie
1493 3543 1664 3594 tenus
1685 3557 1718 3594 a
1739 3540 1873 3605 Deo,
1907 3559 2010 3596 us-

383 3630 568 3702 quein
596 3631 770 3684 ﬁnem
802 3629 970 3694 irato,
991 3627 1116 3682 sine
1133 3626 1332 3697 aliqua
1361 3627 1650 3698 spirituali
1689 3630 1878 3698 gratia
1925 3627 2011 3684 vel

383 3717 808 3790 signiﬁcatione
831 3715 914 3770 eis
934 3715 1222 3788 permissa
1237 3719 1393 3768 sunt.
1421 3715 1506 3781 Et,
1537 3731 1568 3769 o
1598 3714 1841 3779 utinam,
1885 3716 2014 3787 ipsa

383 3805 630 3861 visibilia
651 3808 1150 3860 sacramentorum
1191 3802 1578 3856 instrumenta
1597 3803 1749 3874 apud
1781 3821 1877 3859 eos
1925 3803 2010 3860 vel

385 3895 443 3949 in
466 3911 582 3949 sua:
598 3892 938 3950 substantiae
959 3895 1058 3947 aut
1077 3895 1296 3968 naturae
1319 3890 1608 3945 munditia
1653 3890 1853 3946 haberi
1882 3909 2012 3963 pos-

384 3985 533 4045 sent,
555 3986 612 4036 et
635 3979 841 4052 spiritu
865 3978 1169 4034 immundo
1185 3987 1443 4032 carerent
1467 3977 1480 4032 l
1517 3979 1638 4045 sed,
1659 3979 1812 4049 quod
1847 3981 2014 4050 pejus

385 4073 492 4135 est,
517 4069 782 4140 aSpiritu
803 4067 902 4121 Dei
930 4072 1404 4132 contemnuntur,
1427 4070 1482 4120 et
1507 4083 1540 4120 a
1559 4067 1767 4138 spiritu
1799 4067 2014 4123 diaboli

387 4159 740 4228 appetuntur
763 4171 876 4226 quo
906 4158 962 4209 et
981 4153 1348 4208 imbuuntur.
1375 4153 1434 4206 In
1463 4154 1677 4224 quibus
1704 4153 1839 4210 licet
1860 4161 2012 4211 exle-

386 4243 510 4298 rius
531 4243 796 4297 videatur
815 4259 986 4314 aqua,
1011 4240 1200 4313 panis,
1223 4240 1424 4295 vinum
1447 4247 1502 4296 et
1537 4242 1750 4311 oleum,
1785 4260 1849 4298 ac
1877 4243 2014 4299 reli-

387 4348 503 4404 qua
549 4335 1067 4396 sacramentorum,
1116 4333 1394 4400 tanquam
1441 4329 1628 4384 victus
1679 4336 1734 4385 et
1773 4331 2014 4386 vestitus

386 4418 875 4488 ovium,interius
897 4423 1090 4474 tamen
1121 4416 1270 4475 latet
1316 4417 1506 4473 rabies
1550 4419 1678 4472 dira
1719 4416 2012 4490 luporum.

386 4508 548 4564 Unde
574 4507 852 4564 Dominus
869 4524 970 4578 per
999 4507 1140 4562 Osee
1163 4523 1338 4578 super
1353 4507 1550 4560 decem
1573 4505 1866 4574 tribubus,
1885 4525 2013 4579 spe-

2119 3381 2190 3418 ne
2219 3364 2296 3418 sit
2326 3363 2427 3435 qui
2449 3366 2575 3434 jam
2613 3365 2742 3436 ejus
2773 3364 3028 3429 saevitiae,
3091 3383 3208 3438 prae
3267 3368 3498 3426 timore
3564 3375 3806 3438 mortis,

2117 3451 2326 3507 obviet.
2353 3452 2512 3515 Quod
2537 3469 2604 3506 ex
2635 3469 2754 3508 una
2783 3452 3256 3510 Simoniaeorum
3302 3455 3534 3514 haeresi
3569 3460 3808 3535 liquido

2118 3543 2309 3612 potest
2327 3539 2592 3613 intelligi,
2612 3557 2742 3612 quas
2764 3541 3059 3612 prioribus
3076 3545 3460 3616 temporibus
3489 3548 3735 3608 blanda
3751 3553 3811 3608 in

2118 3631 2343 3681 tantum
2373 3627 2496 3682 visa
2515 3632 2692 3682 estut
2712 3629 2803 3683 vix
2827 3629 2957 3699 ejus
2981 3631 3250 3701 nequitia
3300 3632 3814 3705 deprehendere-

2119 3719 2234 3768 tur.
2261 3715 2426 3770 Nunc
2454 3721 2650 3771 autem
2676 3716 2748 3772 ad
2771 3721 2996 3772 tantam
3023 3717 3320 3774 feritatem
3345 3723 3566 3794 erupit
3593 3729 3694 3794 ut,
3728 3728 3813 3784 si-

2121 3805 2220 3856 cut
2241 3803 2538 3874 quondam
2563 3807 2826 3876 tempore
2868 3805 3248 3873 Arianorum,
3303 3810 3504 3864 nostri
3563 3829 3817 3888 quoque

2119 3889 2399 3976 temporis
2416 3889 2708 3956 homines,
2727 3891 2958 3963 publice
2982 3892 3114 3948 caesi
3136 3897 3195 3948 et
3217 3894 3634 3957 facultatibus
3679 3920 3819 3976 spo-

2121 3975 2516 4042 liati,exsiliati
2540 3983 2713 4050 atque
2735 3979 3071 4052 interempti
3092 3997 3128 4036 a
3148 3981 3519 4042 Simoniacis
3545 3975 3820 4048 referan-

2121 4070 2237 4134 tur,
2257 4065 2357 4137 qui
2380 4065 2466 4121 vel
2485 4067 2673 4122 verbis
2713 4067 3075 4126 charitativis
3103 4074 3163 4126 et
3197 4069 3442 4130 blandis
3465 4091 3581 4132 eos
3595 4081 3817 4153 resipi-

2123 4170 2280 4208 scere
2300 4155 2651 4210 monuerint.
2669 4156 2762 4210 Sic
2773 4157 2962 4212 bestia
2986 4156 3128 4226 haec,
3145 4175 3276 4230 quae
3289 4166 3482 4233 caput
3497 4169 3692 4235 quasi
3715 4169 3819 4224 mi-

2123 4245 2244 4298 teet
2259 4243 2542 4314 agninum
2572 4243 2835 4316 protulit,
2884 4244 3168 4316 paulatim
3183 4249 3444 4305 caudam
3459 4268 3656 4310 suam
3683 4261 3816 4313 tan-

2123 4346 2300 4402 quam
2313 4331 2522 4386 cedrus
2536 4331 2794 4405 stringit,
2816 4334 3017 4405 utjam
3039 4333 3188 4390 nulli
3213 4341 3423 4407 parcat
3447 4343 3650 4410 aetati,
3681 4345 3816 4401 nul-

2122 4417 2161 4472 li
2185 4419 2366 4486 sexui,
2391 4419 2536 4474 nulli
2561 4421 2898 4490 conditioni,
2925 4421 3071 4477 nulli
3095 4424 3482 4496 professioni,
3529 4432 3700 4488 nulli
3722 4452 3813 4490 or-

2124 4505 2790 4580 dini,nullipotestati.A
2819 4511 3095 4567 maximis
3143 4529 3337 4584 usque
3377 4515 3458 4570 ad
3509 4519 3814 4580 minimos

385 4597 532 4653 ciem
549 4595 948 4652 hereticorum
973 4593 1325 4658 tenentibus,
1353 4594 1754 4666 conqueritur,
1781 4595 2012 4650 dicens:
2045 4613 2092 4677 D
2122 4593 2422 4650 turmatim
2440 4595 2510 4650 ad
2528 4596 3010 4667 prmliumcontra
3025 4600 3259 4672 Agnum
3293 4606 3353 4656 et
3384 4603 3532 4674 ejus
3579 4612 3812 4668 exerci-

387 4708 415 4736 ‹‹
439 4685 570 4740 Haec
593 4683 850 4751 nescivit,
877 4683 1020 4756 quia
1039 4683 1172 4738 dedi
1211 4681 1260 4736 ei
1299 4683 1680 4748 frumentum,
1705 4681 1929 4751 vinum,
1960 4687 2018 4739 et

387 4773 599 4840 oleum,
621 4776 678 4828 et
701 4777 1005 4844 argentum
1029 4768 1407 4840 multiplicavi
1430 4769 1502 4837 ei,
1553 4774 1609 4824 et
1656 4786 1863 4824 aurum
1892 4787 2018 4842 quas

390 4860 648 4916 fecerunt
670 4859 804 4914 Baal
826 4857 1049 4931 (056.11,
1075 4858 1420 4929 8).»Etpost
1461 4873 1680 4928 pauca:
1732 4881 1758 4907 ‹‹
1786 4859 1852 4912 Et
1894 4875 2018 4914 cor-

390 4963 658 5018 rumpam
676 4946 898 5001 vineam
923 4947 1048 5016 ejus
1075 4952 1130 5000 et
1144 4947 1318 5001 ﬁcum
1346 4947 1493 5016 ejus,
1529 4950 1584 5000 et
1607 4963 1817 5018 ponam
1857 4945 2020 5003 illam

391 5033 450 5089 in
472 5033 708 5101 saltum,
731 5038 788 5089 et
809 5035 1072 5090 comedet
1091 5051 1220 5089 eam
1243 5034 1430 5088 bestia
1451 5033 1572 5106 agri
1603 5034 1784 5102 (Ibid,
1817 5038 1918 5101 l2).
1955 5057 1983 5085 »

463 5123 666 5194 Itaque
691 5121 797 5176 hac
810 5127 950 5194 arte,
977 5123 1068 5178 his
1092 5123 1238 5178 fucis
1267 5122 1455 5176 bestia
1480 5123 1598 5175 huic
1649 5122 1784 5176 facit
1815 5122 2018 5196 imagi-

392 5227 526 5269 nem
559 5210 768 5284 prioris
800 5210 1018 5277 bestiee,
1052 5215 1116 5265 ut
1145 5209 1295 5266 sicut
1323 5207 1511 5264 sancti
1539 5209 1736 5264 Patres
1767 5211 1888 5266 suis
1919 5227 2022 5266 cae-

392 5298 690 5372 remoniis,
723 5303 855 5354 ante
885 5299 1072 5370 legem
1102 5302 1159 5354 et
1177 5297 1287 5353 sub
1318 5296 1464 5367 lege,
1524 5295 2023 5368 perﬁguraverunt

390 5389 690 5445 Christum
718 5391 1050 5451 venturum,
1082 5385 1166 5440 sic
1195 5389 1252 5440 et
1306 5381 1561 5438 haeretici
1618 5383 1740 5438 suis
1797 5387 2019 5456 praesti-

391 5476 504 5550 giis
531 5475 976 5532 Antichristum.
1007 5473 1154 5530 Nam
1187 5473 1340 5528 sicut
1369 5472 1428 5526 in
1459 5470 1716 5543 antiquis
1749 5474 2020 5529 Patribus

395 5561 614 5618 nostris
640 5567 778 5618 tunc
803 5563 1170 5637 operabatur,
1202 5565 1260 5616 et
1287 5575 1440 5616 nunc
1470 5559 1530 5614 in
1560 5559 1860 5617 catholicis
1891 5579 2022 5635 ope-

395 5650 562 5715 ratur
583 5648 920 5728 mysterium
951 5649 1316 5730 sempiterna
1341 5646 1588 5724 justitizs
1619 5650 1677 5708 et
1703 5649 2020 5728 aequitatis,

2127 4688 2256 4737 tum
2271 4683 2432 4738 ducit
2445 4683 2708 4755 pepulos.
2727 4685 2794 4739 Et
2813 4690 2946 4741 ante
2960 4703 3022 4742 se
3035 4687 3278 4758 quidem
3297 4693 3639 4762 praemittit
3657 4701 3811 4756 mul-

2129 4771 2351 4836 tos,sed
2375 4777 2508 4842 post
2521 4771 3062 4832 seinnumerabiles
3084 4776 3285 4846 trahit,
3312 4777 3375 4834 in
3426 4785 3695 4843 tantum
3727 4793 3810 4853 ut,

2127 4875 2258 4913 cum
2274 4859 3066 4934 hisquiterrenasapiebant,
3084 4863 3261 4920 etiam
3298 4867 3676 4938 spirituales
3713 4878 3811 4950 qui

2129 4947 2186 5001 in
2200 4946 2457 5036 Ecclesia
2469 4951 2748 5020 tanquam
2764 4949 2946 5005 stellae
2966 4951 3027 5006 in
3041 4951 3182 5008 c0310
3196 4951 3397 5010 lucere
3410 4946 3809 5036 videbantur,

2128 5035 2317 5089 cauda
2339 5035 2628 5106 draconis,
2654 5041 2720 5092 ut
2739 5043 2882 5110 puta
2901 5040 3032 5110 ejus
3063 5057 3289 5114 sequax
3318 5045 3570 5118 effecta,
3610 5054 3676 5109 in
3701 5059 3810 5112 ter-

2128 5139 2252 5177 ram
2285 5123 2568 5179 detrahat.
2601 5125 2692 5180 Sic
2723 5143 2792 5182 ex
2821 5127 3136 5186 ambitiosa
3155 5135 3214 5188 et
3243 5131 3501 5204 spinosa
3548 5141 3812 5202 rhamno

2128 5209 2282 5300 ignis
2302 5227 2593 5300 egressus,
2649 5229 2766 5268 non
2817 5213 2973 5271 solas
3014 5216 3247 5273 steriles
3305 5218 3528 5290 silvas,
3581 5244 3726 5300 quae
3745 5231 3808 5287 ab

2127 5296 2298 5366 oliva,
2331 5299 2443 5353 vite
2473 5304 2530 5354 et
2559 5300 2672 5355 ﬁcu
2705 5303 3045 5373 repudiata,
3077 5319 3208 5360 eam
3235 5305 3352 5361 sibi
3406 5296 3638 5384 regem
3698 5318 3809 5376 ele—

2128 5392 2351 5459 gerant,
2380 5387 2730 5476 combussit,
2767 5391 2868 5446 sed
2899 5391 3061 5464 ipsas
3093 5409 3328 5466 quoque
3345 5397 3582 5460 cedros
3599 5405 3804 5476 Liban,

2127 5475 2436 5530 devoravit.
2471 5477 2653 5543 Quam
2685 5477 2970 5538 malitiam
3003 5484 3070 5536 ut
3098 5481 3380 5554 perﬁcere
3412 5497 3647 5562 queat,
3681 5475 3805 5552 cha?

2129 5567 2348 5620 ractere
2400 5564 2738 5623 Antichristi
2827 5568 3093 5628 dexteras
3149 5587 3392 5644 manus,
3458 5581 3526 5635 et
3592 5581 3806 5643 frontes

2130 5651 2393 5714 omnium
2422 5651 2535 5714 sibi
2563 5657 3032 5718 consententium
3066 5662 3231 5720 notat
3263 5677 3278 5734 ς
3313 5677 3511 5741 quem
3550 5673 3670 5750 qui
3702 5692 3802 5736 non
