3922 6372
160 378 317 438 1129

724 376 1134 440 ADVERSUS
1181 374 1654 441 SIMONIACOS
1700 372 1904 438 LIBRI
1950 373 2533 438 TRES.—LIBER
2576 372 3008 437 SECUNDUS.

3416 376 3573 441 1130

156 511 260 582 qui
292 525 408 565 non
439 509 732 578 habuerit,
765 527 870 566 nec
900 511 1165 578 vendere,
1200 527 1303 566 nec
1333 527 1526 566 emere
1577 511 1808 582 poterit.
1839 511 1894 576 Α
1926 509 2234 582 iniquitate
2267 509 2478 581 (Ezech.
2513 525 2713 575 xxxm,
2747 507 2836 575 14,
2872 506 2982 579 15).
3020 527 3047 554 ››
3080 507 3151 562 Et
3179 511 3310 576 post
3339 523 3526 579 pauca
3557 527 3570 565 :

228 599 451 655 Forsan
482 598 802 670 inquiritur
823 599 1123 655 character
1142 597 1236 654 hic
1268 598 1400 670 quis
1432 598 1816 666 sit,nimirum

156 685 424 759 perfidia,
458 704 583 758 quae
645 690 702 742 et
755 686 988 759 proprie
1049 687 1265 743 dicitur
1320 687 1619 758 impietas.
1657 687 1819 743 Sicut

157 775 316 832 enim
341 775 484 830 fides
503 773 945 846 catholica,quaa
978 779 1035 830 et
1066 775 1252 846 pietas
1267 775 1500 845 dicitur,
1519 775 1819 830 character

155 869 245 920 est
270 863 508 931 Christi,
534 863 616 919 ita
646 868 702 919 et
731 863 977 935 perfidia
1005 863 1279 919 haeretica
1303 863 1669 936 dignoscitur
1689 879 1818 920 esse

158 953 459 1010 character
477 953 918 1008 Antichristi.Et
947 953 1099 1008 sicut
1126 951 1396 1008 catholici
1420 952 1818 1009 characterem

156 1040 376 1099 Christi
405 1041 641 1097 dextera
670 1057 847 1096 manu
868 1045 924 1096 et
955 1040 1142 1096 fronte
1173 1040 1509 1113 przeferunt,
1544 1041 1628 1096 sic
1659 1041 1818 1096 nihi-

93 1194 98 1196 ν
155 1128 417 1186 lominus
445 1129 701 1184 haeretici
733 1129 1128 1185 characterem
1174 1129 1542 1185 Antichristi.
1576 1129 1822 1186 Dextera

159 1217 376 1290 quippe
407 1219 690 1291 stigmata
719 1218 910 1275 crucis
931 1217 1146 1274 Christi
1176 1221 1686 1291 gestamus,quam
1709 1218 1820 1274 levi

159 1311 324 1363 motu
355 1308 545 1381 ipsius
595 1309 840 1364 dexteris
872 1307 1042 1364 nobis
1066 1311 1124 1363 et
1171 1307 1302 1364 aliis
1356 1308 1820 1380 quotiescunque

163 1397 398 1468 expedit
425 1397 804 1469 proferimus,
839 1413 1017 1469 quam
1047 1401 1105 1452 et
1131 1396 1193 1452 in
1249 1396 1543 1452 frontibus
1603 1395 1820 1452 nostris

158 1486 512 1558 impressam
543 1485 859 1542 chrismate
918 1485 1163 1542 salutari
1195 1485 1569 1557 proferimus,
1605 1501 1712 1541 nec
1750 1485 1821 1542 de

157 1573 260 1630 illa
289 1573 827 1646 erubescimus,sed
859 1574 1054 1646 potius
1085 1573 1145 1629 in
1177 1572 1280 1630 illa
1309 1573 1392 1629 sic
1415 1573 1739 1646 gloriamur
1757 1578 1823 1630 ut

163 1679 297 1719 cum
337 1661 616 1735 Apostolo
648 1663 1033 1736 proﬁteamur
1065 1680 1077 1718 :
1113 1685 1141 1713 ‹‹
1173 1663 1292 1734 Ego
1344 1662 1623 1735 stigmata
1679 1663 1822 1718 Jesu

163 1751 379 1808 Christi
413 1752 473 1807 in
505 1769 746 1824 corpore
795 1767 924 1808 meo
951 1756 1118 1825 porto
1150 1751 1290 1823 (Gal.
1338 1769 1414 1820 γι,
1467 1754 1552 1806 17.
1588 1752 1657 1807 Et
1686 1767 1822 1807 cum

162 1842 548 1914 Hieronymo:
580 1864 608 1891 ‹‹
635 1839 923 1897 Vexillum
942 1840 1132 1898 crucis
1155 1841 1214 1895 in
1232 1857 1363 1896 mea
1380 1841 1568 1896 fronte
1595 1845 1822 1913 porto.»

164 1931 228 1986 Et
258 1947 439 2004 quam
468 1945 724 2002 congrue
753 1930 811 1984 in
831 1927 1020 1984 fronte
1042 1928 1515 2001 praefigitur,quaa
1547 1934 1635 1985 est
1656 1929 1817 2002 prin-

163 2019 368 2092 cipalis
399 2022 456 2074 et
484 2017 887 2074 honorabilior
916 2033 1052 2089 pars
1083 2017 1288 2089 capitis
1319 2017 1601 2090 locusque
1632 2019 1817 2090 pudo-

164 2109 262 2177 ris,
303 2112 594 2179 tanquam
652 2107 711 2162 in
773 2104 1209 2178 superliminari
1271 2107 1456 2161 nostri
1516 2106 1818 2162 exterioris

161 2197 441 2265 hominis,
476 2201 541 2251 ut
571 2199 929 2268 praemoneat
962 2194 1272 2268 principali
1306 2195 1489 2251 nostri
1525 2195 1819 2250 interioris

162 2285 421 2341 hominis
479 2284 652 2357 parti,
686 2301 815 2356 quae
872 2289 961 2338 est
1015 2284 1183 2352 ratio,
1243 2284 1683 2357 praefigendam,
1746 2285 1818 2339 ad

163 2379 446 2430 aeternum
480 2373 797 2429 monimem
827 2377 883 2428 et
913 2373 1545 2441 municimen,crucem
1578 2372 1818 2444 Christi,

164 2468 225 2518 ut
244 2463 294 2520 ei
317 2463 406 2519 sic
427 2462 859 2535 compatiamur
873 2466 935 2516 ut
952 2477 1820 2534 conregnemus,summamque

166 2551 417 2624 gloriam
449 2568 552 2624 pro
570 2553 698 2622 ejus
730 2551 964 2606 nomine
987 2550 1404 2606 contumeliam
1434 2550 1551 2622 pati
1577 2551 1818 2606 arbitre-

167 2658 317 2710 mur,
351 2657 462 2696 nec
493 2639 817 2712 quidquam
848 2656 952 2712 pro
984 2655 1071 2708 eo,
1105 2638 1219 2694 nisi
1252 2644 1579 2712 peccatum,
1613 2639 1820 2695 erube-

166 2746 420 2786 scamus.
457 2728 553 2784 Sic
602 2731 659 2783 et
717 2729 960 2784 dexterae
1019 2731 1251 2794 nostrze,
1285 2744 1412 2799 qua:
1464 2731 1597 2798 post
1648 2731 1824 2798 caput

170 2819 568 2892 principatum
591 2817 815 2872 obtinet
835 2816 1510 2887 artuum,laboriosaque
1541 2815 1825 2871 imitatrix

173 2911 256 2963 est
286 2907 505 2963 artium
540 2904 1005 2962 administratrix
1051 2903 1346 2959 variarum
1380 2901 1701 2958 utilitatum
1734 2903 1824 2958 sui

179 2995 436 3069 corporis
469 2999 528 3051 et
575 2995 846 3064 aliorum,
908 2994 1210 3049 character
1240 2993 1431 3049 crucis
1489 2993 1661 3063 inest,
1712 3007 1824 3064 quo

178 3101 488 3141 monemur
517 3083 668 3139 facta
692 3086 748 3139 et
778 3082 936 3138 dicta
983 3081 1242 3136 crucifixi
1273 3081 1490 3137 Christi
1550 3082 1608 3136 in
1667 3081 1826 3136 omni

177 3173 396 3229 actione
427 3175 630 3228 nostra
654 3188 759 3227 nos
791 3171 1088 3227 attendere
1149 3171 1379 3239 debere,
1413 3169 1691 3243 Apostolo
1741 3169 1827 3224 di-

177 3267 334 3317 cente
364 3280 376 3317 :
413 3283 441 3311 ι‹
471 3259 683 3316 Omnia
711 3275 1076 3331 quascunque
1101 3258 1294 3314 facitis
1321 3259 1381 3314 in
1411 3260 1588 3315 verbo
1640 3265 1740 3314 aut
1763 3259 1822 3314 in
1857 3248 1899 3314 C

176 3366 363 3422 opere,
395 3348 598 3405 omnia
627 3348 686 3403 in
718 3347 956 3403 nomine
977 3347 1210 3402 Domini
1234 3347 1418 3402 nostri
1439 3347 1585 3402 Jesu
1611 3347 1827 3402 Christi

174 3438 358 3507 tacite,
385 3436 606 3510 gratias
636 3440 876 3510 agentes
901 3437 1017 3491 Deo
1050 3441 1105 3491 et
1135 3436 1291 3491 Patri
1324 3452 1427 3508 per
1474 3435 1667 3507 ipsum
1700 3436 1826 3508 (Co-

175 3526 296 3582 loss.
331 3545 418 3593 ιιι,
452 3525 565 3598 17).
604 3548 631 3575 ››
665 3525 824 3589 Quod
857 3542 990 3580 cum
1025 3524 1356 3594 fecerimus,
1381 3523 1464 3579 nil
1497 3524 1827 3590 sinistrum,

175 3616 270 3672 sed
301 3619 492 3672 totum
515 3616 816 3671 dexterum
843 3613 953 3668 erit
986 3630 1100 3685 quo
1133 3613 1830 3686 degerimus,nescietque

179 3705 413 3762 sinistra
447 3703 738 3760 malorum
762 3702 903 3776 quid
928 3702 1103 3759 faciat
1133 3703 1364 3758 dextera
1387 3705 1584 3758 nostra
1606 3703 1827 3773 (Matth.

182 3810 252 3861 VI,
281 3795 358 3864 3).
967 3829 987 3842 ο

777 3881 1010 3937 CAPUT
1060 3881 1231 3936 XLII.

393 3974 468 4028 De
499 3971 922 4043 negotiatoribus
954 3971 1158 4025 Christi
1185 3977 1235 4025 et
1265 3970 1616 4025 Antichristi.

252 4061 473 4134 Itaque,
509 4060 648 4133 quia
675 4075 779 4133 per
811 4060 987 4115 fidem
1021 4063 1156 4115 ante
1185 4059 1384 4114 omnia
1413 4076 1446 4114 a
1476 4059 1590 4114 Deo
1621 4074 1834 4131 cogno—

189 4151 426 4219 scimur,
464 4149 609 4205 fides
639 4149 896 4221 profecto
919 4152 1007 4204 est
1026 4149 1328 4204 character
1351 4164 1465 4220 quo
1497 4147 1835 4219 signamur;

190 4239 286 4312 qui
307 4239 366 4294 in
391 4241 596 4295 dextra
616 4243 816 4294 nostra
836 4241 894 4293 et
915 4238 1102 4293 fronte
1129 4235 1839 4310 deprehenditur,quoties

186 4327 246 4382 in
276 4344 454 4401 regno
487 4326 642 4399 regis
674 4326 856 4382 nostri
890 4325 1177 4398 negotiari
1210 4325 1467 4396 proficue
1497 4329 1555 4380 et
1603 4324 1841 4397 paciﬁce

191 4417 523 4488 querimus.
555 4415 616 4471 Si
647 4414 805 4472 enim
854 4413 1165 4488 diligenter
1225 4415 1612 4482 advertimus,
1673 4429 1842 4469 nemo

190 4503 303 4560 sive
332 4506 544 4573 bonus,
594 4503 716 4559 sive
747 4502 960 4571 malus,
993 4502 1146 4559 valet
1206 4502 1415 4559 saltem
1449 4490 1568 4558 una
1608 4502 1753 4558 hora
1783 4501 1843 4555 in

1929 599 2035 654 «In
2060 597 2440 654 multitudine
2461 595 3576 670 iniquitatumtuarum,etiniquitatum

1928 687 2341 760 negotiationis
2371 691 2503 755 tuze,
2555 685 2811 759 polluisti
2844 684 3370 741 sanctiﬁcationem
3413 688 3579 742 tuam

1928 777 2110 847 (Ibid,
2147 778 2251 844 18).
2279 798 2308 826 ››
2343 777 2523 848 Cujus
2554 775 2686 831 rubi
2719 775 2894 830 etiam
2943 773 3123 830 dixit:
3162 794 3190 824 ε(
3222 775 3286 830 In
3317 775 3579 847 negotia-

1926 866 2083 921 tione
2121 869 2225 921 tua
2256 865 2476 937 repleta
2505 881 2588 932 es,
2649 867 2706 920 et
2734 863 3060 936 gloriﬁcata
3108 862 3287 919 nimis
3316 862 3375 918 in
3409 864 3582 921 corde

1928 954 2128 1021 maris,
2159 953 2219 1008 in
2253 954 2421 1026 aquis
2464 952 2665 1008 multis
2697 953 3064 1008 adduxerunt
3091 955 3147 1008 te
3197 951 3447 1024 remiges
3490 952 3580 1010 tui

1928 1043 2138 1115 (Ezech.
2163 1060 2337 1110 xxvu,
2365 1043 2571 1114 25,26).
2607 1064 2634 1092 »
2659 1042 2824 1098 Patet
2847 1057 2983 1113 ergo
3002 1039 3144 1113 quia
3171 1040 3291 1097 vita
3320 1041 3583 1099 humana

1929 1132 2103 1188 isthic
2134 1149 2250 1187 non
2282 1131 2629 1202 transigitur
2660 1130 2774 1185 nisi
2829 1129 3204 1203 negotiando.
3236 1130 3346 1186 Sed
3378 1129 3581 1188 ﬁdeles

1929 1221 2040 1277 sub
2073 1220 2403 1276 charactere
2433 1219 2649 1275 Christi
2678 1219 2940 1275 vendunt
2997 1219 3258 1290 peritura
3315 1219 3492 1287 bona,
3524 1224 3582 1278 et

1929 1313 2134 1364 emunt
2154 1309 2530 1380 sempiterna.
2556 1307 2822 1363 [nfideles
2853 1311 3049 1363 autem
3080 1311 3137 1362 et
3164 1307 3278 1380 ipsi
3310 1309 3419 1364 sub
3443 1309 3582 1366 cha-

1929 1401 2151 1454 ractere
2170 1396 2512 1453 Antichristi
2540 1397 2800 1452 vendunt
2821 1396 3083 1467 peritura
3100 1395 3276 1464 bona,
3300 1400 3358 1452 et
3378 1401 3586 1454 emunt

1931 1486 2289 1558 sempiterna
2310 1483 2486 1540 mala.
2508 1487 2654 1540 Dant
2675 1483 2757 1538 illi
2778 1484 2956 1538 vitam
2980 1500 3150 1539 suam
3172 1485 3582 1556 temporalem,

1931 1579 1989 1632 et
2019 1575 2316 1648 accipiunt
2337 1577 2614 1630 aeternam
2640 1591 2652 1628 :
2677 1573 2820 1628 dant
2840 1571 2937 1627 isti
2964 1572 3142 1627 vitam
3161 1589 3331 1628 suam
3351 1577 3585 1646 tempo-

1930 1665 2134 1732 ralem,
2167 1668 2224 1720 et
2272 1663 2570 1736 accipiunt
2623 1665 2871 1718 mortem
2931 1659 3368 1732 sempiternam.
3399 1663 3469 1717 Et
3498 1661 3586 1718 illi

1932 1754 2171 1825 quidem
2203 1769 2264 1808 se
2286 1756 2342 1807 et
2371 1769 2478 1807 sua
2510 1749 2709 1808 omnia
2759 1749 3040 1816 vendunt,
3095 1752 3153 1803 et
3201 1748 3585 1821 cintuplicata

1931 1859 2064 1899 cum
2088 1841 2260 1915 pleno
2285 1842 2481 1897 fenore
2501 1841 2628 1896 vita:
2653 1843 2880 1895 aternaa
2903 1837 3225 1910 recipiunt;
3244 1837 3346 1894 isti
3371 1854 3503 1894 vero
3525 1855 3588 1895 se

1930 1935 1987 1988 et
2020 1948 2128 1987 sua
2159 1930 2356 1986 omnia
2403 1931 2684 1997 vendunt,
2718 1933 2775 1983 et
2806 1926 2888 1982 nil
2921 1941 3146 1997 eorum,
3203 1925 3320 1982 nisi
3377 1927 3587 1984 mortis

1927 2023 2151 2076 aeternae
2206 2019 2643 2075 accumulatum
2705 2017 2914 2081 foznus,
2977 2019 3182 2087 postea
3239 2014 3580 2087 reperiunt;

1928 2125 2179 2180 quorum
2214 2107 2462 2180 negotiis
2493 2123 2663 2162 nemo
2693 2104 2956 2160 militans
3015 2104 3144 2159 Deo-
3164 2120 3226 2160 se
3263 2103 3591 2176 implicabit

1930 2199 2003 2269 (II
2032 2199 2165 2253 Tim.
2204 2214 2263 2263 ιι,
2301 2198 2375 2265 4).
2410 2195 2659 2251 Perfidia
2688 2195 2845 2249 enim
2861 2193 2982 2249 sive
3005 2192 3585 2265 impietasgeneralis

1929 2287 2230 2343 character
2253 2290 2342 2342 est
2372 2283 2489 2339 illis
2523 2281 3072 2354 omnibus,paganis
3093 2281 3583 2349 scilicet,Judaeis,

1930 2375 2239 2444 haereticis,
2272 2378 2557 2445 tanquam
2589 2371 2725 2427 ﬁliis
2758 2370 2963 2427 alienis
3015 2373 3072 2426 et
3123 2370 3240 2426 Deo
3299 2369 3583 2426 mentitis.

1932 2465 2045 2520 Sed
2078 2464 2217 2535 quid
2249 2468 2338 2519 est
2367 2463 2522 2534 quod
2545 2461 2759 2517 horum
2786 2459 3101 2532 impiorum
3134 2475 3269 2532 pars
3283 2459 3584 2516 characte-

1931 2569 2054 2609 rem
2077 2553 2267 2607 crucis
2288 2552 2346 2606 in
2369 2552 2604 2606 dextera
2617 2567 2796 2606 manu
2817 2555 2874 2605 et
2893 2549 3082 2605 fronte
3102 2548 3342 2620 portat?
3363 2549 3586 2622 Ergone

1932 2641 2042 2696 hoc
2096 2641 2429 2698 charactere
2481 2639 2933 2711 imputabuntur
2994 2638 3146 2691 inter
3192 2637 3584 2708 negotiatores

1932 2729 2146 2786 Christi
2177 2729 2204 2782 ?
2235 2728 2437 2783 Nonne
2472 2727 2629 2782 fures
2662 2730 2801 2782 sunt
2829 2729 2886 2781 et
2913 2724 3170 2780 latrones
3189 2723 3218 2777 ?
3239 2724 3420 2794 Cujus
3441 2740 3581 2796 ergo

1933 2834 2166 2874 erucem
2198 2833 2301 2888 pro
2342 2816 2676 2871 charactere
2727 2830 2844 2870 suae
2903 2811 3157 2884 perfidia:
3211 2811 3580 2884 praeferunt?

1933 2907 2140 2963 Procul
2173 2905 2350 2960 dubio
2384 2904 2544 2960 illius
2569 2902 2900 2975 blasphemi
2940 2905 2998 2957 et
3023 2901 3283 2972 procacis
3313 2900 3581 2971 latronis,

1935 2995 2037 3067 qui
2063 3011 2166 3067 per
2195 2994 2539 3049 crucifixum
2573 2992 2787 3047 Filium
2820 2989 3251 3058 suum,scilicet
3273 2989 3584 3060 latronem,

1937 3084 2183 3141 Domino
2215 3099 2417 3140 secum
2475 3082 2752 3138 crucifixo
2784 3079 3105 3152 procaciter
3143 3077 3588 3136 convitiabatur.

1939 3173 2049 3230 Sed
2084 3173 2223 3245 quid
2257 3177 2346 3228 est
2372 3172 2528 3243 quod
2569 3171 2826 3226 latrones
2855 3169 2953 3224 isti
2980 3169 3372 3225 characterem
3402 3168 3594 3225 crucis

1940 3264 2023 3319 sic
2044 3261 2320 3318 exhibent
2341 3267 2406 3315 ut
2425 3259 2639 3317 Christi
2655 3275 2866 3315 nomen
2883 3258 3190 3313 invocent?
3211 3258 3336 3313 Non
3350 3257 3592 3326 mirum,

1938 3352 2038 3424 qui
2069 3351 2179 3406 hoc
2210 3351 2284 3406 ad
2316 3349 2531 3404 Christi
2581 3349 2766 3403 nostri
2802 3345 3223 3418 improperium
3271 3349 3328 3401 et
3356 3345 3593 3418 dispen-

1939 3440 2125 3505 dium,
2183 3443 2242 3493 et
2272 3438 2342 3491 ad
2367 3437 2458 3491 sui
2487 3435 2731 3491 latronis
2763 3434 3011 3506 gloriam
3069 3437 3126 3487 et
3172 3433 3590 3505 compendium

1939 3528 2182 3584 faciunt.
2215 3527 2359 3580 Nam
2399 3523 2636 3579 illorum
2687 3521 2951 3592 complex
3006 3525 3064 3577 et
3120 3521 3587 3594 condiscipulus,

1941 3615 2208 3688 quamvis
2242 3614 2384 3669 dicit
2410 3613 2522 3669 Deo
2556 3630 2568 3667 :
2608 3635 2627 3661 «
2658 3611 2719 3667 Si
2776 3609 2956 3666 Filius
2987 3609 3090 3666 Dei
3120 3626 3204 3677 es,
3237 3609 3464 3666 salvum
3496 3612 3587 3668 fac

1941 3704 2343 3776 temetipsum,
2377 3707 2435 3759 et
2465 3719 2572 3757 nos
2602 3702 2752 3774 (Luc.
2784 3698 3066 3770 xxm,39),
3099 3722 3126 3749 »
3157 3699 3594 3767 omnipotentiae

1942 3793 2158 3850 Christi
2189 3791 2513 3847 insultabat
2535 3795 2590 3846 ct
2621 3788 3167 3858 detrahebat,atque
3188 3788 3444 3844 inimicis
3465 3790 3594 3861 ejus

1944 3883 2250 3940 materiam
2276 3879 2682 3936 subsannandi
2704 3876 3128 3950 praebebat.Cui
3145 3875 3594 3949 improperando

1945 3988 2176 4046 poenam
2209 3968 2419 4034 crucis,
2453 3972 2510 4024 et
2534 3968 2672 4040 quia
2712 3983 2814 4040 par
2871 3964 3198 4020 latronibus
3254 3969 3428 4034 esset,
3490 3981 3597 4022 nec

1946 4064 2313 4135 praesentem,
2347 4074 2452 4113 nec
2511 4057 2766 4112 futuram
2820 4053 3222 4111 confusionem
3278 4071 3469 4123 suam,
3531 4071 3603 4111 ex

1947 4149 2291 4207 confusione
2322 4146 2559 4214 Christi,
2621 4150 2922 4219 protervus
2983 4144 3099 4213 ille,
3132 4143 3266 4201 felle
3328 4144 3602 4200 draconis

1949 4240 2168 4304 ebrius,
2203 4235 2511 4293 sentiebat.
2543 4236 2724 4299 Quem
2747 4238 2944 4295 socius
2965 4236 3265 4311 quondam
3297 4251 3441 4290 suus
3458 4234 3604 4289 dum

1954 4326 2216 4397 increpat
2245 4323 2433 4394 (Ibid,
2464 4325 2576 4393 1:0),
2612 4328 2669 4380 et
2696 4325 2994 4382 Christum
3053 4325 3270 4398 Regem
3300 4327 3356 4379 et
3401 4321 3608 4378 Domi-

1955 4432 2120 4482 num,
2153 4413 2327 4469 etiam
2363 4413 2422 4466 in
2454 4429 2625 4468 cruce
2654 4414 3022 4483 morientem,
3084 4414 3257 4469 corde
3285 4412 3519 4468 credere
3549 4415 3609 4467 et

1958 4519 2056 4560 ore
2089 4501 2348 4558 conﬁteri
2381 4518 2495 4556 non
2528 4501 2775 4570 dubitat,
2810 4502 3205 4559 characterem
3241 4498 3610 4569 latronis,cui

190 4592 295 4649 hoc
326 4593 539 4650 smculo
570 4592 764 4648 vivere
795 4593 908 4648 nisi
942 4591 1467 4665 negotietur.Unde
1499 4591 1764 4647 ChristUs
1784 4590 1846 4646 in
1879 4612 1926 4676 D
1959 4593 2194 4648 additus
2224 4591 2433 4658 erat,in
2465 4589 2676 4645 Christi
2711 4591 3104 4647 characterem
3131 4591 3472 4653 commutat,
3497 4587 3609 4676 sub

193 4680 486 4753 regionem
503 4680 892 4753 longinquam
910 4679 1243 4746 iturus,sub
1267 4680 1520 4752 speciem
1540 4680 1848 4751 cujusdam

195 4769 405 4826 nobilis
437 4769 806 4836 hominis,ait
835 4768 1016 4825 servis
1037 4769 1162 4825 suis
1188 4787 1201 4824 :
1230 4792 1259 4819 «
1292 4768 1685 4841 Negotiamini
1708 4769 1850 4823 dum

193 4857 356 4914 venio
379 4858 530 4929 (Luc.
563 4875 680 4923 xrx,
715 4858 824 4929 13).
860 4879 886 4908 ››
924 4857 1088 4912 Unde
1145 4861 1205 4913 et
1235 4858 1305 4912 de
1336 4862 1540 4912 sancta
1598 4855 1853 4912 Ecclesia

195 4945 258 5001 in
289 4946 616 5003 Proverbiis
651 4947 865 5002 dicitur
896 4963 908 5000 :
935 4969 962 4995 ‹‹
990 4946 1166 5001 Facta
1196 4951 1286 5001 est
1315 4945 1660 5018 quasinavis
1691 4945 1854 5001 insti-

196 5035 336 5091 toris
359 5036 430 5090 de
461 5035 633 5107 longe
667 5039 907 5107 portans
928 5052 1140 5107 panem
1164 5034 1688 5090 suum.Sindonem
1720 5033 1856 5090 fecit

203 5126 257 5177 et
284 5122 565 5191 vendidit,
600 5127 657 5178 et
681 5121 988 5194 cingulum
1018 5122 1265 5178 tradidit
1311 5122 1636 5178 Chananan
1669 5122 1851 5195 (Prov.

201 5227 350 5278 xxxx,
383 5211 473 5279 14,
504 5212 618 5283 24).
652 5233 680 5261 ››
711 5211 1047 5283 Negotiator
1069 5227 1204 5284 ergo
1235 5215 1324 5266 est
1344 5211 1609 5267 Christus
1640 5214 1698 5266 et
1727 5211 1852 5267 sui:

204 5299 527 5372 negotiator
577 5299 972 5356 Antichristus
1023 5300 1154 5369 sui;
1189 5316 1294 5355 cur
1345 5317 1448 5371 per
1499 5299 1859 5355 Ezechielem

205 5387 492 5444 Dominus
521 5389 632 5444 sub
692 5389 884 5460 specie
944 5389 1096 5461 regis
1130 5388 1266 5460 Tyri
1314 5387 1491 5444 dicit:
1521 5389 1608 5443 Tu
1642 5387 1860 5444 cherub

208 5481 534 5550 pretegens,
568 5481 626 5534 et
654 5477 896 5550 posuite
923 5478 982 5533 in
1005 5481 1203 5533 monte
1217 5481 1419 5533 sancto
1449 5477 1634 5545 Dei,in
1667 5477 1861 5534 medio

1961 4696 2076 4751 quo
2090 4697 2158 4735 ex
2171 4695 2342 4750 poena
2357 4677 2599 4734 latronis
2618 4685 2912 4736 mereatur
2930 4677 3299 4751 triumphum
3314 4675 3607 4748 martyris.

1961 4769 2056 4824 Sic
2088 4767 2339 4824 haretici
2398 4767 2708 4838 quidquid,
2741 4770 2914 4840 quasi
2973 4769 3266 4836 dextrum,
3327 4781 3497 4840 agere
3523 4765 3612 4821 vi-

1962 4857 2192 4923 dentur,
2227 4860 2329 4911 aut
2357 4855 2572 4910 habere
2599 4857 2982 4930 praecipuum,
3041 4861 3230 4914 totum
3263 4854 3615 4912 Antichristi

1963 4953 2054 5002 est
2075 4945 2469 5017 negotium,ut
2490 4949 2633 5017 puta
2654 4963 2755 5018 per
2774 4947 3230 5018 recognitionem
3262 4945 3618 5003 characteris

1965 5037 2116 5107 ejus,
2149 5032 2368 5089 scilicet
2415 5034 2693 5104 perﬁdia,
2744 5035 2981 5092 dextera
3011 5041 3068 5092 et
3100 5037 3288 5092 fronte
3319 5034 3616 5103 affectum,

1964 5123 2100 5179 licet
2124 5122 2238 5195 ipsi
2267 5122 2610 5178 Antichristi
2643 5140 2816 5180 suum
2863 5124 3294 5182 Antichristum
3351 5140 3484 5180 cum
3513 5123 3620 5180 Ju-

1970 5213 2112 5268 daeis
2142 5211 2396 5267 vocitent
2424 5211 2741 5268 Christum.

2562 5301 2796 5358 CAPUT
2838 5302 3030 5361 XLIII.

1975 5395 2096 5464 Quo
2125 5389 2445 5446 charactere
2476 5391 2786 5448 Simoniaci
2811 5401 3106 5450 noscant-ur
3137 5409 3250 5449 esse
3277 5388 3624 5447 Antichristi.

2047 5479 2119 5535 Ut
2147 5496 2284 5552 ergo
2311 5480 2512 5536 Ariani
2541 5481 2650 5537 hoc
2706 5481 3038 5538 charactere
3092 5476 3438 5536 Antichristi
3497 5493 3630 5536 esse

210 5566 822 5640 rapidumignitorum
844 5565 1200 5646 ambulasti;
1227 5566 1518 5639 perfectus
1539 5566 1722 5623 inviis
1745 5567 1865 5622 tuis
1977 5572 2320 5636 noscantur,
2349 5571 2503 5642 quod
2535 5571 2854 5642 pradicant
2885 5569 3096 5626 Filium
3120 5568 3285 5624 Patre
3316 5566 3628 5637 minorem,

210 5668 243 5712 a
273 5653 364 5712 die
394 5655 806 5728 negotiationis
836 5660 972 5727 tuae,
1007 5654 1231 5730 repleta
1261 5659 1402 5714 sunt
1428 5655 1707 5714 interiora
1763 5659 1867 5715 tua
1977 5661 2034 5717 et
2093 5656 2382 5732 Spiritum
2461 5663 2732 5718 sanctum
2784 5663 3030 5736 utroque
3077 5675 3090 5730 ;
3165 5660 3224 5716 et
3309 5654 3635 5717 Simoniaci

532 5783 799 5852 Ρλτιιοι..
846 5782 1108 5855 CXLIII.

3231 5780 3308 5864 36
