3876 6398
115 435 265 494 H33
670 433 1085 495 ADVERSUS
1134 432 1602 493 SIMONIACOS
1646 429 1855 492 LIBRI
1903 429 2472 493 'I‘llES.——LIBER
2516 429 2945 496 SECUNDUS.
3347 432 3504 497 1134

38 570 41 605 P
112 565 419 620 I’salmista
450 565 663 620 clamat
698 583 709 618 :
748 588 774 614 «
810 566 933 620 Non
957 565 1212 620 salvatur
1244 582 1339 619 rex
1372 581 1473 636 per
1505 563 1750 617 multam
1789 565 1836 629 Α
1868 564 2026 617 nulla
2041 563 2693 632 verisimilitudoinerit,
2720 564 2946 621 facilius
2963 564 3349 620 sibiincautos
3367 566 3505 621 sub-

37 648 43 703 l
108 654 477 722 virtutem,et
507 656 670 724 gigas
702 672 817 709 non
841 654 1238 709 salvabiturin
1262 652 1643 708 multitudine
1672 652 1760 706 vir
1860 655 2110 727 jugabit.
2162 656 2247 710 Oh
2293 656 2423 722 hoc,
2483 673 2798 711 numerum
2848 655 2939 712 sui
2970 655 3225 711 nominis
3267 671 3509 714 numero

38 750 42 791 I
106 744 252 799 tutis
286 761 403 799 sua:
428 746 600 811 (Psal.
634 762 808 810 χχχιι,
841 746 952 816 46).
988 767 1015 794 n
1048 748 1193 801 Ante
1224 762 1395 818 quem
1435 748 1756 800 retrorsum
1868 746 2121 801 nominis
2144 747 2282 802 Jesu
2310 746 2523 801 Christi
2546 764 2845 818 coaequare
2868 746 3088 802 frustra
3110 744 3351 814 laboret,
3377 746 3516 818 quia

38 846 39 877 ι
106 850 339 905 quoque
362 833 779 904 accingendus,
803 834 962 888 velut
982 839 1118 889 ante
1137 834 1486 889 contrariam
1507 834 1617 888 sibi
1642 834 1757 887 for-

38 934 40 971 ;
102 923 418 977 titudinem
449 923 616 993 gigas
647 921 743 976 ille
775 922 1071 978 accinctus
1112 924 1424 994 prmliatur,
1456 924 1527 977 de
1556 940 1675 995 qua
1702 927 1759 977 et

104 1012 419 1067 Psalmista
448 1015 729 1066 testatur:
760 1034 780 1060 ι
811 1011 1132 1066 Exsultavit
1158 1018 1219 1067 ut
1242 1014 1406 1085 gigas
1431 1013 1502 1067 ad
1527 1030 1759 1068 curren-

103 1101 239 1155 dam
273 1100 424 1155 viam
459 1100 631 1172 (Paul.
665 1117 822 1167 xvm,
856 1101 929 1170 6).
969 1123 996 1149 ››
1020 1102 1119 1155 Cui
1152 1101 1214 1154 B.
1249 1102 1595 1157 Ambrosius
1620 1120 1758 1158 suc-

102 1191 307 1244 cinens
342 1190 424 1244 ait
457 1206 468 1243 ε
506 1189 771 1243 Procedit
801 1189 871 1243 de
902 1189 1159 1243 thalamo
1192 1206 1318 1255 suo,
1352 1192 1593 1261 pudoris
1624 1192 1759 1248 aula

104 1280 268 1349 regia
295 1278 564 1350 geminae,
597 1278 760 1349 gigas
792 1278 1136 1332 substantiae
1170 1277 1402 1345 alacris,
1452 1286 1517 1335 ut
1563 1286 1759 1337 currat

102 1368 282 1422 viam.
319 1368 500 1437 Cujus
530 1368 719 1437 gratia
749 1367 899 1421 sicut
921 1384 1027 1422 nos
1055 1367 1351 1422 salvamur
1369 1368 1639 1439 videndo,
1672 1373 1757 1427 sic

38 1498 39 1529 ἲ
105 1462 162 1509 nt
186 1456 411 1527 priores
425 1462 617 1527 patres
642 1455 822 1510 nostri
848 1457 1000 1511 salva
1013 1456 1055 1511 ri
1081 1462 1422 1512 meruerunt
1443 1461 1752 1530 sperando,

102 1545 335 1600 dicente
414 1546 576 1599 Petro
654 1545 915 1617 apostolo
970 1562 983 1599 :
1041 1568 1068 1593 «
1134 1549 1241 1600 Per
1299 1548 1546 1617 gratiam
1614 1550 1755 1605 Jesu

100 1634 319 1688 Christi
382 1635 677 1689 credimus
737 1634 946 1688 salvari
1005 1636 1504 1706 quemadmodum
1560 1643 1616 1692 et
1670 1638 1756 1693 illi

100 1723 236 1792 (Act.
272 1741 364 1786 xv,
400 1724 518 1794 ll);
554 1746 582 1772 ››
606 1739 779 1795 quem
814 1724 924 1777 sub
957 1724 1194 1778 nomine
1226 1725 1437 1780 futurae
1465 1725 1674 1783 salutis
1696 1727 1757 1783 in

38 1856 39 1889 1
100 1812 403 1867 octonario
436 1828 680 1866 numero
710 1810 793 1864 illi
830 1812 1236 1883 prmferebant,
1266 1813 1422 1868 velut
1454 1815 1571 1871 Noe
1602 1821 1758 1871 oeta-

38 1950 39 1965 η
98 1918 212 1955 vus
245 1900 302 1954 in
334 1916 486 1966 area,
511 1904 568 1953 et
598 1899 889 1954 Abraham
924 1900 981 1953 in
1010 1900 1456 1957 circumcisione
1480 1905 1637 1959 Isaac
1668 1906 1759 1962 die

101 1996 329 2046 octava.
364 1991 545 2054 Quem
580 1993 636 2041 et
668 2004 793 2053 nos,
819 1988 928 2042 sub
952 1988 1187 2043 nomine
1218 1989 1507 2058 exhibitm,
1538 1994 1764 2049 etexhi-

99 2079 314 2136 bendze
348 2076 577 2141 salutis,
609 2077 664 2129 in
686 2076 886 2130 eodem
915 2077 1235 2131 retinemus
1260 2096 1523 2135 numero.
1554 2086 1662 2137 Per
1681 2100 1767 2139 re-

38 2154 39 2159 i
100 2166 533 2225 surrectionem
584 2165 713 2235 ejus
755 2165 968 2219 factam
1013 2164 1107 2219 die
1156 2171 1377 2235 octavo,
1425 2174 1480 2223 et
1528 2187 1631 2242 per
1660 2172 1763 2227 ad-

99 2260 349 2312 ventum
383 2254 639 2326 Spiritus
671 2254 799 2323 ejus
833 2254 901 2307 ab
938 2254 1065 2324 ipsa
1095 2257 1519 2313 resurrectione
1551 2265 1761 2316 octavae

95 2344 574 2417 septimanarum
600 2342 691 2396 die
716 2342 924 2414 primo,
954 2344 1255 2398 credentes
1279 2362 1383 2400 nos
1408 2363 1509 2417 per
1530 2353 1762 2405 octona-

96 2435 257 2489 rium
295 2448 613 2487 numerum
644 2431 844 2486 Jesum
881 2448 1033 2485 nunc
1068 2432 1124 2485 in
1150 2433 1460 2490 animabus
1493 2454 1761 2509 resurge-

96 2541 177 2589 re,
216 2527 275 2577 et
307 2522 369 2575 in
403 2520 746 2591 corporibus
780 2520 837 2574 in
873 2520 1189 2575 novissimo
1220 2522 1331 2577 die.
1363 2526 1467 2589 Qui
1503 2543 1614 2579 non
1644 2528 1762 2581 fru-

93 2618 219 2668 stra
261 2628 330 2667 eo
370 2626 614 2664 numero
640 2608 1009 2679 signiﬁcatur
1042 2626 1157 2680 quo
1190 2611 1455 2667 senarius
1485 2618 1540 2667 et
1568 2621 1765 2686 septe-

90 2702 303 2757 narius
336 2700 698 2764 continetur,
734 2703 814 2766 ut,
844 2698 1027 2752 instar
1056 2700 1384 2756 Conditoris
1402 2705 1627 2771 mundi,
1662 2706 1763 2759 de-

91 2793 418 2856 monstret,
454 2793 585 2859 post
607 2787 1018 2858 perfectionem
1042 2788 1323 2843 bonorum
1348 2807 1608 2862 operum,
1634 2797 1760 2847 tan-

95 2897 276 2952 quam
313 2883 453 2951 post
484 2877 803 2945 senarium,
840 2893 944 2929 nos
970 2880 1365 2947 scptenarium
1399 2880 1614 2950 quietis
1645 2883 1764 2936 ani-

96 2984 343 3023 marum
378 2966 701 3029 habituros,
728 2965 1085 3035 tandemque
1116 2970 1557 3024 resurrectionis
1588 2972 1761 3027 etiam

98 3073 423 3131 corporum
458 3055 821 3110 octonarium
859 3059 1261 3125 percepturos.

721 3142 957 3198 CAPUT
1006 3144 1167 3199 XLV.

438 3236 509 3288 De
538 3248 764 3287 numero
810 3234 1060 3287 nominis
1100 3235 1442 3290 Anile/tristi.

1867 837 2053 891 eidem
2086 853 2199 891 non
2234 836 2685 907 appropinquat.
2718 836 2862 890 Nam
2903 835 3038 891 licet
3069 836 3369 892 senarium
3402 837 3514 893 sibi

1868 931 2129 998 usurpet,
2184 925 2512 996 septenario
2544 928 2600 979 et
2630 925 2923 980 octonario
2970 928 3148 981 caret.
3202 925 3309 981 Per
3359 926 3514 1000 quod

1869 1015 2253 1090 prudentibus
2297 1014 2477 1069 claret
2531 1012 2957 1069 Antichristum
3009 1018 3066 1069 et
3105 1032 3246 1071 suos
3277 1016 3515 1074 nonnisi

1869 1104 2278 1178 perfectionem
2324 1102 2612 1158 malorum
2661 1118 2922 1174 operum,
2967 1119 3073 1159 nec
3111 1103 3184 1159 ad
3235 1108 3512 1177 septena-

1868 1196 2021 1250 rium
2053 1193 2267 1265 quietis
2298 1192 2650 1257 animarum,
2681 1208 2785 1246 nec
2817 1193 2887 1247 ad
2918 1192 3281 1248 octonarium
3313 1210 3509 1251 resur-

1868 1283 2141 1339 rectionis
2171 1298 2501 1353 corporum,
2534 1280 2644 1335 nisi
2668 1281 2724 1335 in
2752 1285 2997 1351 mortem
3028 1283 3349 1338 secundam
3382 1299 3511 1356 per-

1866 1372 2090 1442 tingere
2120 1387 2311 1443 posse,
2347 1370 2481 1441 quia
2528 1372 2732 1441 praeter
2776 1369 3023 1426 visibilis
3069 1378 3123 1427 et
3164 1372 3511 1445 temporalis

1867 1460 2222 1534 operationis
2253 1477 2371 1514 sum
2399 1461 2716 1525 senarium,
2743 1457 2827 1512 nil
2857 1459 2967 1513 sibi
2999 1463 3205 1514 curant
3225 1461 3508 1518 mercedis

1866 1567 2144 1621 reponere
2174 1549 2232 1603 in
2268 1549 2552 1602 futurum.
2588 1548 2716 1601 ῐῖωο
2747 1546 2960 1602 idcirco
2982 1548 3053 1603 de
3084 1548 3269 1621 signis
3297 1554 3354 1605 et
3373 1549 3511 1606 eba-

1867 1645 2083 1694 ractere
2113 1636 2458 1693 Antichristi
2490 1652 2851 1707 numeroque
2872 1636 3129 1692 nominis
3151 1638 3279 1708 ejus
3312 1638 3512 1695 forsan

1868 1728 2139 1782 diffusius
2167 1724 2495 1780 necessario
2525 1723 2937 1792 discurrimus,
2972 1740 3044 1780 ne
3075 1724 3230 1796 quis,
3262 1725 3507 1782 insidia-

1870 1832 1998 1871 rum
2032 1816 2160 1885 ejus
2188 1818 2243 1868 et
2265 1818 2497 1869 secretae
2535 1812 2864 1883 iniquitatis
2894 1814 3155 1886 ignarus,
3185 1815 3519 1887 suspicetur

1870 1904 1926 1959 in
1953 1906 2065 1959 ﬁne
2081 1902 2368 1958 mundiab
2391 1900 2490 1956 illo
2511 1905 2612 1955 aut
2630 1904 2889 1957 mortuos
2914 1902 2986 1956 ad
3017 1901 3195 1957 vitam
3220 1902 3516 1960 suscitan-

1872 1994 1997 2060 dos,
2015 1997 2115 2049 aut
2131 1989 2632 2047 charactereillius
2653 1988 2865 2044 visibili
2885 1989 3153 2046 homines
3175 1992 3233 2046 in
3255 1992 3512 2061 dextera,

1875 2087 1928 2137 et
1963 2083 2020 2136 in
2055 2082 2245 2137 fronte
2292 2080 2628 2146 inurendos,
2677 2082 2780 2133 aut
2807 2096 3051 2135 numero
3093 2080 3350 2137 nominis
3383 2081 3514 2153 ejus

1871 2170 2295 2238 inseribendos,
2328 2172 2384 2223 et
2404 2168 2805 2239 frustrajactet
2827 2185 2888 2223 se
2917 2167 3057 2224 talia
3076 2167 3236 2225 nullo
3268 2170 3360 2225 sui
3384 2186 3512 2226 cor-

1872 2260 2030 2332 poris
2058 2258 2317 2315 eruciatu
2353 2260 2749 2327 accepturum,
2785 2256 2834 2311 si
2865 2260 3007 2311 tunc
3037 2256 3337 2324 advixerit,
3371 2273 3508 2313 cum

1872 2350 2018 2404 forte
2042 2349 2166 2418 jam
2192 2346 2493 2401 ultroneus
2516 2344 2608 2399 his
2633 2345 2981 2399 omnibusse
3002 2345 3333 2415 subjecerit.
3356 2345 3510 2401 Heu!

1873 2443 2013 2510 quot
2045 2442 2099 2491 et
2130 2434 2330 2508 quanti
2350 2439 2615 2505 tempora
2635 2430 2972 2487 Antichristi
2992 2448 3109 2487 non
3137 2432 3428 2501 viderunt,
3462 2437 3520 2490 et

1872 2531 2068 2582 tamen
2101 2525 2160 2579 in
2196 2538 2436 2595 corpore
2466 2523 2593 2591 ejus
2622 2526 2779 2586 sunt,
2822 2520 2921 2592 qui
2956 2524 3174 2592 quanto
3221 2520 3421 2593 plures
3463 2526 3519 2578 et

1875 2617 2143 2671 fortiores
2176 2611 2286 2668 sibi
2320 2612 2625 2665 inviscerat
2669 2613 2885 2680 quanto
2917 2609 3184 2665 callidius
3227 2610 3516 2667 malitiam

1873 2721 2041 2761 suam
2065 2704 2149 2757 eis
2181 2700 2452 2755 occultat.
2486 2699 2725 2753 Avidius
2753 2698 2909 2752 enim
2942 2715 3227 2754 venenum
3280 2704 3516 2771 potatur

1873 2809 2048 2867 quam
2081 2789 2273 2846 nobile
2294 2789 2493 2844 vinum
2520 2804 2669 2855 ;non
2698 2786 2886 2841 solum
2913 2802 2979 2842 ex
3001 2788 3255 2858 pretioso
3276 2787 3510 2859 poculo,

1872 2884 1970 2941 sed
2004 2883 2179 2938 etiam
2211 2896 2276 2934 ex
2300 2878 2487 2933 colore
2510 2880 2764 2947 putatur.

2465 2982 2691 3038 CAPUT
2738 2982 2928 3038 XLVI.

1878 3081 2121 3149 Qualiter
2152 3076 2391 3132 Satanas
2403 3075 2697 3197 profarian
2718 3073 3022 3200 tripilalem
3050 3076 3249 3129 contra
3276 3072 3520 3129 divinam

2569 3161 2791 3199 exstrua
2826 3186 2837 3198 .

2569 3161 2837 3199 8.138(7‘11Gl.

1878 3242 2245 3311 Quapropter
2275 3234 2551 3306 antiquus
2573 3233 2767 3299 draco,
2794 3248 3022 3303 semper
3050 3232 3299 3304 cupidus
3330 3236 3389 3287 et
3410 3232 3519 3287 ﬁn-

168 3326 343 3382 Unde
374 3328 434 3379 et
465 3322 883 3389 Antichristus,
917 3326 981 3375 ut
1020 3322 1163 3377 nihil
1204 3326 1403 3379 minus
1437 3342 1611 3397 quam
1646 3327 1762 3382 dia-
1793 3298 1836 3366 C
1876 3298 2047 3403 gandi
2078 3298 2321 3398 peritus,
2354 3298 2506 3377 inter
2525 3326 2610 3375 tot
2638 3325 2694 3376 et
2711 3326 2893 3387 tanta,
2921 3298 3047 3393 quae
3070 3298 3203 3375 cum
3234 3324 3519 3376 attentare

91 3416 273 3472 holus
317 3412 617 3477 credatur,
658 3420 944 3482 quantum
1003 3416 1191 3482 potest
1232 3414 1575 3485 mysterium
1624 3418 1761 3471 Jesu

90 3504 340 3569 Christi,
398 3518 500 3557 seu
537 3500 770 3555 fallendi
806 3500 1226 3570 peritissimus,
1273 3502 1343 3555 ad
1392 3518 1452 3556 se
1490 3503 1676 3575 signis
1706 3508 1765 3559 et

91 3593 374 3649 numeris
425 3594 761 3660 retorquere
796 3592 1057 3653 conatur,
1103 3589 1325 3643 abusus
1374 3590 1547 3646 etiam
1603 3591 1761 3647 illius

87 3681 474 3743 nominibus,
506 3684 570 3732 ut
600 3684 654 3733 et
681 3680 804 3749 ipse
832 3677 1059 3731 dicatur
1080 3678 1342 3744 Messias,
1364 3678 1451 3733 vel
1475 3679 1760 3743 Christus.

94 3774 306 3843 Gigas,
342 3767 437 3823 vel
467 3768 652 3834 fortis,
675 3783 808 3820 cum
840 3782 969 3820 vere
990 3767 1063 3820 sit
1095 3766 1247 3821 ﬁlius
1270 3768 1631 3839 perditionis,
1665 3768 1766 3840 qui

84 3862 256 3918 venit
289 3857 504 3915 omnia
532 3856 792 3927 perdere,
829 3872 953 3926 quae
985 3855 1269 3911 Dominus
1312 3856 1507 3925 Jesus,
1554 3874 1765 3912 secun-

84 3952 237 4005 dum
262 3961 493 4004 nomen
520 3961 717 4010 suum,
749 3947 986 3999 venerat
1008 3960 1265 4015 quaerere
1287 3948 1343 3999 et
1363 3944 1605 4012 salvare,
1631 3946 1769 4017 quia

91 4039 429 4112 perierant.
462 4034 546 4088 Ad
579 4034 747 4103 cujus
779 4033 1071 4103 injuriam.
1101 4037 1272 4105 atque
1322 4051 1561 4089 suarum
1607 4039 1766 4090 tene-

88 4131 347 4184 brarum
384 4122 947 4191 dissimulationem,
993 4122 1185 4189 Titan,
1222 4121 1309 4177 vel
1340 4123 1565 4194 Apollo,
1600 4122 1769 4195 quasi

88 4216 189 4273 Sol
219 4212 532 4272 nominari
555 4212 805 4275 affectat,
831 4216 894 4265 ut
916 4216 1156 4282 putetur
1174 4210 1514 4283 principalis
1536 4211 1628 4267 ille
1650 4211 1767 4280 Sol,

86 4322 275 4378 quem
313 4304 405 4360 sic
441 4300 761 4355 Malacbias
792 4299 1145 4371 praenuntiat
1178 4317 1190 4355 :
1226 4322 1246 4349 α
1274 4300 1450 4355 Vobis
1480 4302 1581 4373 qui
1609 4302 1773 4356 time-

84 4397 164 4450 tis
220 4407 452 4449 nomen
508 4404 706 4443 meum
757 4390 979 4443 orietur
1030 4387 1128 4443 Sol
1172 4390 1417 4459 justitize
1449 4389 1657 4459 (Malae.
1694 4406 1770 4457 ιν,

78 4485 178 4551 2i;
213 4507 236 4532 ι
290 4496 441 4537 eum
485 4478 562 4533 sit
611 4476 850 4532 omnino
876 4478 1245 4548 mancipium
1296 4478 1471 4549 picea:
1521 4478 1773 4551 sulphu-

78 4588 323 4644 reaaque
357 4566 667 4642 gehennae,
731 4565 966 4621 rebellis
1011 4567 1484 4622 incommutabili
1530 4566 1659 4634 soli,
1718 4572 1775 4623 et

1872 3422 1929 3474 et
1960 3414 2238 3473 simulare
2270 3411 2542 3483 superius
2573 3414 2952 3477 monstratur,
2982 3408 3154 3462 etiam
3189 3408 3297 3464 hoc
3326 3407 3517 3464 omni-

1878 3505 2071 3561 modis
2118 3502 2345 3557 elﬁcere
2394 3502 2638 3554 conatur
2684 3501 2766 3562 ut,
2825 3497 3148 3552 secundum
3205 3496 3361 3568 quod
3394 3501 3514 3553 tres

1873 3597 2014 3650 sunt
2044 3591 2142 3663 qui
2176 3587 2577 3645 testimonium
2604 3586 2749 3641 dant
2784 3584 3010 3641 veritati
3034 3585 3092 3640 in
3124 3585 3288 3653 caelo,
3322 3589 3379 3640 et
3399 3590 3516 3642 tres

1873 3682 1973 3755 qui
2005 3681 2064 3735 in
2099 3684 2253 3735 terra
2283 3678 2329 3750 (1
2345 3678 2501 3732 Joan.
2532 3692 2586 3744 v,
2616 3676 2671 3743 7,
2704 3676 2778 3743 8),
2816 3674 2899 3729 sic
2928 3678 2984 3729 et
3012 3674 3135 3746 ipse
3166 3691 3195 3730 e
3227 3674 3518 3730 contrario

1874 3776 2015 3837 tres,
2041 3767 2136 3840 qui
2155 3784 2271 3823 sua:
2296 3763 2534 3821 falsitati
2561 3763 2964 3818 testimonium
2997 3762 3137 3818 dent
3165 3762 3227 3817 in
3248 3762 3358 3818 hoc
3387 3766 3521 3818 tun-9

1874 3859 2030 3924 bido,
2064 3873 2236 3929 quem
2269 3853 2459 3909 adhuc
2490 3853 2847 3925 permittitur
2875 3851 3143 3924 occupari
3175 3867 3326 3918 aere,
3358 3856 3519 3907 tran-

1880 3950 2147 4020 sﬁgurat,
2172 3950 2227 3999 et
2242 3948 2360 3997 tres
2393 3941 2490 4014 qui
2522 3940 2580 3995 in
2612 3945 2784 3995 terra.
2818 3940 2907 3994 Ad
2937 3940 3044 3995 hoc
3074 3939 3230 3995 enim
3262 3940 3391 4010 ejus
3419 3956 3519 3995 su-

1880 4035 2082 4108 perbia
2126 4030 2392 4105 prorupit
2436 4034 2499 4084 ut
2530 4031 2653 4100 jam
2706 4034 2947 4085 eotenus
2992 4027 3203 4083 similis
3235 4026 3521 4114 altissimo

1879 4124 2002 4179 ﬁeri
2032 4124 2271 4195 quaerat,
2297 4123 2361 4174 ut
2379 4124 2570 4174 tamen
2593 4134 2773 4190 supra
2802 4133 2974 4173 omne
2997 4117 3152 4190 quod
3184 4116 3399 4172 dicitur
3421 4118 3525 4172 aut

1882 4211 2036 4285 quod
2068 4210 2283 4266 colitur
2314 4224 2442 4263 sese
2468 4206 2707 4262 extollat
2736 4207 2814 4277 (ΙΙ
2846 4206 3023 4262 Thess.
3052 4224 3115 4277 ιι,
3140 4206 3215 4278 4).
3248 4206 3413 4262 Unde
3443 4221 3529 4261 re-

1883 4300 2051 4356 bellis
2081 4299 2196 4354 Deo
2224 4302 2428 4352 contra
2456 4297 2686 4351 beatam
2719 4300 2776 4350 et
2797 4296 3157 4351 individuam
3187 4296 3312 4366 ejus
3341 4294 3530 4350 Trini-

1881 4393 2079 4455 tatem,
2114 4386 2418 4442 constituit
2448 4401 2616 4440 suam
2649 4383 3001 4440 altrinsecus
3032 4383 3529 4439 abominationem

1884 4495 1945 4534 se
1966 4476 2231 4533 videlicet
2249 4480 2422 4546 atque
2449 4473 2878 4529 Antichristum
2903 4489 3076 4527 suum
3097 4477 3153 4528 et
3172 4472 3529 4543 pseudopro-

1884 4567 2114 4639 phetam
2146 4564 2475 4627 amborum,
2508 4566 2570 4617 ut
2608 4561 2730 4632 ipse
2750 4560 2915 4617 Pater
2936 4559 3221 4617 mendacii
3250 4559 3397 4615 Patri
3427 4574 3530 4615 ve-

82 4663 355 4734 perdens
390 4671 633 4712 omnem
675 4656 921 4709 virorem
974 4659 1029 4709 et
1075 4671 1313 4725 germen
1358 4655 1511 4710 ﬁdei.
1554 4658 1778 4728 Quique
1811 4670 1855 4734 υ
1887 4655 2098 4721 ritatis,
2138 4657 2195 4707 et
2225 4650 2609 4707 Antichristus
2638 4649 3004 4717 Christo,seu
3038 4647 3410 4704 mendacium
3431 4663 3529 4703 ve-

76 4769 149 4808 ex
178 4747 456 4807 nefando
482 4745 703 4798 incesto
726 4742 1307 4815 clamconcipiendus
1328 4748 1383 4798 et
1406 4746 1777 4813 nasciturus,
1890 4744 2065 4810 ritati,
2127 4746 2302 4813 atque
2341 4738 2930 4812 pseudoprophetam,
2973 4737 3130 4793 velut
3177 4735 3530 4809 conspiratio

85 4844 148 4897 in
201 4842 344 4913 ipsa
376 4850 496 4892 sua
526 4833 900 4904 conceptione
934 4834 1006 4888 ab
1038 4834 1165 4905 ipso
1207 4833 1469 4905 principe
1518 4834 1783 4890 tenebra-
1892 4831 2193 4888 mendacis
2223 4834 2279 4885 et
2299 4828 2846 4899 meudaciiSpiritui
2877 4827 3065 4882 veraci
3087 4832 3145 4882 et
3162 4826 3424 4882 veritatis
3451 4840 3536 4882 re-

81 4946 222 4987 rum
261 4922 752 4996 arripiendus,et
779 4923 835 4975 in
862 4921 1045 4976 ﬁlium
1072 4921 1442 4992 adoptandus
1469 4926 1525 4977 et
1557 4922 1782 4979 haben-
1890 4922 2077 4977 sistat.
2111 4918 2219 4985 Qui
2251 4916 2658 4983 nihilominus,
2679 4915 2893 4987 pariter
2914 4920 3113 4971 contra
3136 4919 3252 4971 tres
3283 4914 3385 4987 qui
3414 4918 3539 4970 tes-

81 5022 227 5084 dus,
267 5020 338 5073 ut
371 5014 515 5083 ejus
548 5012 809 5082 potentia
839 5012 1142 5082 signisque
1176 5010 1557 5066 mendacibus
1589 5012 1781 5083 prima
1889 5010 2201 5065 timonium
2262 5007 2403 5061 dant
2469 5004 2697 5060 veritati
2756 5003 2815 5058 in
2883 5008 3059 5073 terra,
3112 5009 3232 5061 tres
3299 5019 3369 5059 ex
3436 5017 3542 5059 suo

80 5125 225 5182 spes
259 5107 483 5162 nostra
516 5098 761 5171 virginis
810 5099 1088 5165 hominis,
1130 5099 1351 5154 scilicet
1394 5100 1779 5155 sanctissimae
1891 5116 1989 5156 ore
2039 5096 2283 5169 spiritus
2330 5094 2671 5149 immundos
2716 5093 2773 5149 in
2825 5095 3066 5149 modum
3110 5108 3387 5149 ranarum
3419 5108 3546 5148 evo-

80 5198 292 5254 Mariaa
351 5191 603 5265 partus,
655 5192 986 5256 evacuatur,
1024 5188 1368 5259 dicaturque
1413 5191 1463 5244 et
1500 5189 1785 5245 habeatur
1893 5192 2085 5251 munt,
2138 5185 2239 5257 qui
2287 5183 2572 5256 polluant,
2631 5184 2910 5239 invadant
2965 5187 3022 5239 et
3087 5184 3341 5239 vendant
3398 5195 3545 5253 quos

75 5288 174 5342 hie
227 5294 492 5341 manzer
542 5276 667 5331 vice
718 5276 877 5332 illius
910 5276 1088 5332 Filius
1124 5276 1403 5343 hominis,
1455 5278 1556 5348 qui
1586 5282 1782 5334 tamen
1893 5294 2046 5349 aqua
2077 5275 2282 5339 abluit,
2347 5272 2597 5345 Spiritus
2656 5272 2891 5339 imbuit,
2934 5271 3289 5344 sanguisque
3328 5266 3543 5326 Christi

80 5378 268 5449 longe
300 5372 413 5428 illo
463 5367 744 5439 superior
773 5371 828 5422 et
860 5368 1148 5438 potentior
1177 5367 1272 5421 sit.
1306 5367 1374 5422 Et
1418 5366 1536 5421 haec
1586 5369 1815 5425 omnia'
1894 5365 2162 5422 redemit.
2201 5363 2309 5429 Qui
2361 5377 2501 5416 sane
2558 5360 2803 5432 spiritus
2856 5360 3147 5416 immundi
3208 5357 3383 5449 ranis
3420 5371 3538 5411 non

74 5472 135 5523 et
168 5443 396 5522 multis
440 5455 550 5511 his
596 5455 765 5527 plura
795 5457 996 5529 ﬁnget,
1037 5461 1101 5511 ut
1141 5457 1313 5528 Regis
1357 5456 1541 5512 nostri
1588 5456 1783 5513 humi-
1893 5456 2212 5526 incongrue
2270 5450 2727 5522 aequiparantur,
2778 5467 2906 5521 qua:
2949 5448 3218 5521 limpidas
3262 5448 3319 5501 et
3351 5443 3541 5499 ﬂuen-

73 5558 323 5614 litatem
372 5544 692 5617 superbia,
728 5545 1005 5616 pietatem
1046 5545 1363 5616 impietate,
1409 5543 1784 5601 clementiam
1895 5550 1981 5600 tes
2028 5558 2213 5614 aquas
2283 5540 2561 5606 devitant,
2630 5543 2689 5593 et
2740 5538 2980 5594 limosas
3055 5535 3299 5608 paludes
3367 5533 3542 5589 ati'ee-

79 5642 485 5706 crudelitate,
544 5631 852 5690 veritatem
924 5634 1227 5690 mendacio
1296 5634 1611 5701 subvertet,
1682 5649 1788 5706 per
1894 5636 2043 5700 tant,
2102 5632 2163 5687 in
2206 5629 2421 5705 quibus
2461 5628 2725 5701 improba
2767 5632 2824 5683 et
2860 5624 3158 5682 incondita
3196 5620 3543 5694 garrulitate

38 5738 39 5769 ξ
93 5752 255 5818 quas
279 5731 447 5794 clam
484 5736 630 5781 uuas
652 5722 1182 5800 tergiversationes,
1216 5723 1451 5807 quibus,
1478 5722 1617 5807 quia
1636 5738 1784 5786 non-
1894 5722 2269 5798 concrepant,
2304 5722 2361 5783 et
2391 5732 2559 5780 suam
2579 5716 3012 5795 generationem
3044 5711 3443 5791 multiplicant
3488 5717 3545 5779 et
