3876 6426
324 435 478 535 “35
1411 465 1812 526 HUMBERTI
1859 465 1920 522 s.
1971 461 2041 522 Β.

2088 461 2159 520 Ε.
2206 461 2698 522 CARDINALlS.
3651 453 3792 513 “36

323 607 593 665 educant.
628 605 689 659 In
718 601 932 674 quibus
959 618 1074 656 non
1105 599 1327 655 invenis
1357 597 1456 654 ubi
1486 596 1964 652 deambulaturus
1993 596 2045 658 Α
2072 595 2224 650 After
2253 593 2396 650 mihi
2431 609 2736 648 nummum
2769 607 3004 648 sanum.
3043 589 3222 646 Unde
3259 586 3473 644 claret
3495 602 3612 642 eos
3647 603 3794 642 acco-

325 699 382 751 et
411 693 780 767 requieturus
805 691 1020 762 figaris,
1051 690 1150 744 sed
1177 688 1274 743 ubi
1302 686 1650 759 polluendus
1680 688 1736 739 et
1767 685 1960 738 absor-

327 781 846 853 bendusinﬁgaris;
871 779 928 834 in
951 778 1164 850 quibus
1185 775 1266 830 nil
1288 775 1443 831 aliud
1473 777 1827 846 procreatur,
1845 771 1959 826 nisi

327 871 574 938 nebula,
589 871 818 933 fetores,
842 871 1018 923 acuta
1033 866 1290 921 catrices.
1319 879 1631 934 cannaque
1647 861 1959 933 palustres,

327 964 384 1017 et
412 957 606 1032 scirpi,
641 956 910 1013 venenosi
946 956 1260 1026 serpentes,
1297 952 1348 1007 ei
1378 950 1686 1024 perniciosi
1733 963 1962 1002 vermes

326 1053 498 1122 atque
553 1046 778 1103 steriles
825 1033 1080 1100 arbores.
1141 1041 1298 1098 Talis
1327 1040 1542 1112 quippe
1581 1038 1962 1109 reproborum

329 1137 637 1194 multitudo
665 1151 846 1206 aqua,
877 1133 1032 1188 velut
1065 1131 1273 1187 stativa
1306 1134 1362 1184 et
1394 1145 1590 1184 amara
1635 1143 1806 1198 aqua,
1843 1129 1964 1180 ter-

327 1243 471 1295 ram,
487 1225 648 1298 prius
670 1223 892 1280 aridam
914 1226 969 1278 et
993 1219 1326 1276 hominibus
1355 1215 1757 1280 habitabilem,
1781 1214 1841 1269 in
1863 1230 1963 1285 pa-

326 1317 492 1372 ludes
522 1313 819 1386 squalidas
850 1315 906 1366 et
935 1310 1119 1366 invias
1147 1308 1334 1363 vertit.
1376 1306 1440 1361 In
1472 1304 1684 1376 quibus
1725 1303 1848 1373 jam
1883 1301 1962 1355 nil

329 1423 446 1462 non
468 1403 727 1460 debilum
761 1400 878 1472 igni
915 1394 1374 1468 inexstinguihili
1415 1392 1722 1447 invenitur.
1754 1393 1815 1445 In
1842 1391 1967 1461 qui-

330 1496 441 1549 bus
465 1494 588 1564 jam
617 1489 720 1555 nil,
754 1487 864 1543 nisi
889 1488 1084 1557 inepta
1104 1489 1160 1541 et
1183 1483 1540 1539 contentiosa
1570 1479 1887 1536 carnalium
1913 1483 1968 1533 et

330 1581 696 1656 garrulorum
718 1576 1059 1648 loquacitas,
1096 1574 1428 1628 ebrietatem
1461 1586 1626 1624 suam
1661 1568 1968 1621 defenden-

330 1669 480 1726 tium
511 1672 568 1724 et
596 1665 964 1723 sobrietatem
999 1659 1411 1734 spiritualium,
1458 1663 1513 1713 et
1543 1656 1963 1711 taciturnorum

336 1776 442 1816 sua
461 1755 831 1827 improbitate
851 1749 1320 1822 iniquietantium
1341 1747 1590 1811 auditur,
1607 1743 1808 1815 quales
1832 1747 1966 1797 sunt

335 1850 512 1919 poeta
544 1847 603 1900 et
627 1841 954 1915 philosophi
987 1837 1312 1911 gentilium,
1348 1834 1698 1890 fabulatorcs
1745 1832 1964 1886 Judae-

335 1951 464 1991 rum
495 1936 666 2004 atque
696 1931 1092 1984 haereticorum
1124 1926 1241 1997 qui,
1293 1923 1448 1978 velut
1477 1922 1780 1976 lutulenta:
1813 1937 1964 2010 rana
1997 1954 2042 2017 B

331 2025 390 2080 in
423 2019 648 2078 limosis
685 2017 1017 2090 paludibus,
1060 2014 1274 2068 nanias
1308 2028 1444 2066 suas
1494 2005 1969 2064 irrationabiliter

333 2116 388 2168 et
416 2109 782 2183 pertinaciter
803 2105 1150 2168 declamant;
1178 2102 1392 2172 quibus
1417 2098 1615 2168 utique
1639 2096 1966 2167 principan-

337 2205 452 2268 tur,
487 2201 544 2253 et
587 2195 848 2252 carmina
898 2192 1188 2262 inspirant
1235 2193 1352 2244 tres
1402 2187 1634 2242 illorum
1680 2188 1968 2250 auctores,

336 2286 653 2360 gentilibus
704 2281 967 2338 videlicet
999 2281 1263 2342 Satanas,
1294 2275 1512 2331 Judais
1542 2273 1968 2338 Antichristus;

337 2375 624 2431 hareticis
651 2374 845 2426 autem
884 2365 1405 2440 pseudopropheta.

406 2463 508 2518 His
537 2461 692 2516 enim
721 2459 909 2513 tribus
937 2454 1204 2510 diabolus
1233 2452 1343 2508 sibi
1381 2457 1500 2506 tres
1550 2455 1735 2506 sectas
1793 2449 1972 2503 totius

340 2550 567 2625 generis
579 2545 820 2604 humani
841 2543 1060 2609 venari,
1089 2539 1386 2612 aucupari,
1410 2544 1466 2594 et
1488 2537 1696 2610 piscari
1715 2536 1970 2602 molitur,

341 2643 398 2696 et
419 2655 519 2712 per
541 2653 602 2693 se
633 2636 870 2708 quidem
903 2638 1183 2702 tanquam
1224 2627 1544 2684 Vehemoth
1585 2625 1840 2691 sentiles,
1875 2641 1976 2696 per

337 2727 756 2784 Antichristum
784 2727 1063 2793 tanquam
1081 2736 1180 2791 per
1209 2734 1371 2773 avem
1394 2717 1648 2780 Judaos,
1681 2731 1778 2785 per
1802 2729 1972 2784 pseu-

339 2815 756 2889 doprophetam
801 2816 1080 2882 tanquam
1117 2823 1217 2878 per
1247 2804 1559 2861 Leviathan
1589 2803 1971 2858 Christianos.

339 2906 421 2961 Ex
468 2903 682 2975 quibus
731 2903 1014 2972 quotquot
1057 2897 1372 2968 capiuntur
1419 2894 1490 2948 ad
1523 2909 1706 2962 aquas
1738 2891 1978 2946 furtivas

339 2995 621 3061 tanquam
647 2987 918 3042 vecordes
967 2983 1360 3052 retrahuntur,
1394 2980 1532 3052 quia
1563 2983 1660 3033 aut
1691 2978 1979 3049 sapientia

343 3077 624 3144 saculari,
657 3078 758 3131 aut
783 3073 1054 3129 felicitate
1075 3069 1398 3142 temporali,
1423 3085 1523 3122 seu
1553 3067 1786 3122 nomine
1817 3067 1976 3121 Chri-

343 3167 555 3235 stiano,
579 3164 955 3220 seducuntur.
980 3163 1235 3227 Quorum
1257 3158 1463 3213 tertius
1487 3160 1644 3210 tanto
1671 3159 1753 3210 est
1785 3156 1978 3228 perni-

344 3253 552 3310 ciosior
599 3255 816 3324 quanto
869 3249 1113 3322 geminae
1161 3264 1346 3318 aqua,
1406 3244 1701 3316 sapientia
1759 3243 1978 3299 scilicet

2068 684 2154 739 las
2183 683 2466 756 paludum
2501 681 2824 754 Babylonia
2857 698 3011 748 esse,
3046 679 3155 752 qui
3191 677 3288 734 nil
3329 676 3640 733 conferre
3671 693 3790 747 pos-

2070 775 2208 827 sunt
2239 771 2364 827 sine
2394 787 2614 838 morsu,
2649 771 2775 826 sine
2805 769 3068 835 vulnere,
3113 767 3258 824 sine
3299 765 3659 838 sanguine.
3695 766 3788 828 Qui

2069 859 2183 914 nisi
2214 860 2374 930 prius
2404 859 2624 914 haustu
2657 857 2910 928 alicujus
2933 857 3157 912 erroris
3191 871 3542 912 venenum
3581 855 3790 908 innata

2072 948 2182 1005 sibi
2215 947 2465 1003 avaritia
2489 946 2815 1018 rejecerint,
2839 945 3080 1001 nonnisi
3105 949 3370 1016 pestem
3392 941 3674 999 invitare
3707 961 3794 998 no-

2075 1036 2207 1091 rint.

2653 1143 2884 1200 CAPUT
2924 1141 3152 1197 XLVII.

2077 1234 2224 1304 Quod
2251 1233 2396 1288 nihil
2420 1233 2594 1305 prosit
2625 1231 2916 1305 hareticis,
2947 1246 3046 1305 nec
3077 1237 3152 1286 ad
3182 1227 3359 1305 ﬁdei,
3389 1243 3507 1283 nec
3540 1227 3622 1305 ad
3641 1229 3790 1305 salu-

2147 1308 2214 1360 tis
2243 1300 2510 1376 effect-tim,
2543 1304 2761 1376 etiamsi
2798 1301 3108 1372 grandibus
3160 1300 3417 1357 vocibus
3450 1301 3790 1355 catholicum

2145 1375 2427 1430 derahtcnt
2455 1375 2665 1446 symbol
2674 1391 2783 1428 um.

2149 1483 2395 1553 Pergant
2421 1497 2555 1552 ergo
2578 1497 2734 1534 nunc
2763 1477 3082 1534 Simoniaci
3107 1477 3619 1550 grandibusque
3651 1479 3789 1532 voci-

2078 1573 2186 1625 bus
2213 1569 2820 1624 eonfiteanturJesum
2851 1566 2910 1620 in
2935 1583 3114 1622 carne
3135 1567 3422 1634 venisse,
3455 1567 3652 1637 cujus
3689 1584 3790 1620 non

2079 1659 2365 1715 satiantur
2394 1657 2653 1729 corporis
2681 1656 2985 1711 vexatione
3007 1659 3066 1711 et
3097 1655 3598 1722 dilaceratione,
3633 1658 3792 1727 cujus

2078 1751 2400 1818 pascuntur
2421 1763 2576 1801 nece.
2601 1745 2852 1801 Correcti
2874 1747 2930 1800 et
2958 1744 3212 1800 convicti
3240 1745 3585 1801 obstinate
3608 1751 3672 1801 et
3697 1747 3790 1800 im-

2079 1837 2378 1906 pudenter,
2403 1841 2466 1889 ut
2481 1835 2565 1890 eis
2585 1834 2762 1889 moris
2786 1838 2894 1898 est,
2919 1833 3167 1889 recitent
3189 1832 3604 1889 catholicum
3641 1851 3792 1907 sym-

2077 1923 2296 1989 bolum,
2350 1923 2646 1988 omnibus,
2685 1927 2752 1977 ut
2795 1921 3030 1986 dicitur,
3068 1937 3288 1976 novem
3347 1921 3792 1978 instrumentis

2079 2012 2345 2066 humana
2370 2010 2526 2065 vocis
2549 2009 2916 2065 conclament
2937 2013 2994 2063 et
3017 2009 3414 2080 proclament
3439 2027 3512 2066 se
3547 2012 3794 2067 credere

2079 2101 2136 2153 in
2181 2099 2381 2153 Jesum
2431 2097 2727 2152 Christum
2775 2096 2990 2152 Filium
3043 2097 3144 2152 Dei
3199 2097 3656 2171 unigenitum,
3703 2100 3792 2171 qui

2079 2191 2313 2259 propter
2345 2205 2452 2242 nos
2499 2187 2768 2241 homines
2799 2191 2856 2242 et
2887 2191 3126 2258 propter
3175 2191 3474 2242 nostram
3529 2189 3790 2244 salutem

2081 2275 2380 2331 descendit
2425 2276 2496 2329 de
2543 2274 2722 2340 ccelis,
2773 2279 2830 2329 et
2877 2273 3228 2330 incarnatus
3284 2279 3388 2332 est
3431 2277 3518 2332 de
3569 2278 3792 2350 Spiritu

2082 2367 2280 2418 sancto
2330 2381 2398 2418 ex
2447 2362 2628 2417 Maria
2673 2363 2918 2434 virgine,
2951 2367 3010 2417 et
3043 2363 3224 2419 homo
3259 2363 3482 2420 factus
3532 2371 3654 2430 est,
3691 2371 3792 2421 etc.

2079 2452 2482 2507 Vociferentur
2503 2468 2756 2523 quoque,
2781 2451 2830 2508 si
2851 2451 3083 2523 possint
3106 2456 3166 2506 et
3183 2451 3442 2508 malunt
3471 2455 3683 2511 ferrea
3699 2461 3791 2510 aut

2083 2559 2239 2596 anea
2267 2558 2422 2610 voce,
2450 2545 2843 2611 centonesque
2867 2557 3046 2595 sonos
3077 2545 3328 2610 pectora
3353 2557 3594 2599 eorum
3629 2545 3796 2600 anhe-

2081 2631 2221 2698 lent,
2248 2629 2461 2700 quibus
2483 2629 2878 2700 profiteantur
2903 2651 2932 2678 «
2951 2645 3013 2682 se
3036 2628 3279 2684 credere
3302 2630 3462 2686 etin
3499 2633 3792 2704 Spiritum

2085 2722 2374 2784 sanctum,
2423 2718 2734 2774 Dominum
2784 2722 2841 2774 et
2889 2717 3316 2786 viviﬁcantem,
3359 2721 3478 2793 qui
3515 2740 3598 2778 ex
3631 2724 3790 2780 Patre

2087 2808 2344 2879 Filioque
2389 2807 2666 2878 procedit,
2720 2805 2820 2878 qui
2873 2823 3006 2861 cum
3055 2811 3232 2864 Patre
3277 2811 3342 2864 et
3403 2809 3576 2868 Filio
3623 2813 3790 2869 simul

2086 2897 2363 2952 adoretur
2383 2901 2438 2950 et
2459 2894 2950 2967 conglorificatur,
2977 2896 3077 2966 qui
3109 2895 3364 2952 locutus
3400 2904 3512 2955 est
3533 2917 3649 2973 per
3671 2919 3790 2974 pro-

2087 2985 2319 3057 phetas;
2344 2988 2588 3039 etunam
2613 2988 2876 3038 sanctam
2897 2983 3252 3040 catholicam
3277 2989 3341 3042 et
3375 2991 3788 3060 apostolicam

2086 3073 2422 3129 Ecclesiam.
2459 3097 2480 3124 »
2517 3077 2624 3128 etc.
2648 3071 2851 3128 Nonne
2873 3071 3253 3144 supradictas
3287 3075 3531 3148 plagas
3563 3079 3788 3151 corpori

2087 3163 2320 3231 Christi,
2355 3163 2510 3233 quod
2541 3165 2629 3218 est
2657 3161 2783 3232 ejus
2825 3161 3102 3228 Ecclesia,
3143 3163 3505 3235 inferendo,
3573 3175 3786 3242 negant

2090 3269 2222 3307 eum
2253 3252 2312 3306 in
2343 3268 2515 3306 carne
2544 3251 2812 3306 venisse?
2846 3251 3048 3306 Nonne
3071 3253 3470 3322 supradictas
3511 3257 3788 3330 blaspheo

350 3348 523 3416 atque
553 3317 851 3413 baptismi,
871 3317 1016 3410 vprw
1065 3336 1182 3390 illis
1221 3317 1534 3406 ΪΠὈΓΘΞΞΟΓ-
1587 3334 1747 3400 Ωιιοά
1777 3350 1846 3388 8X
1873 3333 1982 3388 hoc
2011 3317 2052 3385 (ἶ
2093 3341 2260 3408 mias,
2283 3345 2340 3394 et
2367 3339 2613 3410 injurias
2645 3338 2884 3409 Spiritui
2919 3343 3123 3394 sancto
3147 3317 3536 3413 irrogando,
3579 3317 3790 3420 negant

352 3448 582 3505 quoque
605 3429 876 3485 innuitur
904 3427 1058 3498 quod
1087 3443 1120 3480 a
1143 3429 1400 3496 tempore
1429 3423 1586 3478 illius
1611 3423 1780 3477 draco
1807 3426 1862 3477 et
1891 3423 1982 3478 be-

353 3521 464 3576 stia
495 3519 684 3592 prima
703 3516 859 3574 velut
877 3514 1061 3572 feriati
1087 3515 1144 3568 in
1166 3511 1807 3585 Apocalypsividentur.
1828 3511 1981 3566 Gen-

347 3608 550 3664 tilibus
595 3606 884 3678 siquidem
928 3604 1000 3659 ab
1047 3602 1211 3657 initio
1243 3619 1275 3656 a
1315 3599 1542 3655 diabolo
1585 3599 1892 3670 possessis,
1927 3605 1983 3655 et

344 3696 563 3774 {udais
589 3696 659 3750 ab
680 3693 1034 3749 Antichristo
1057 3690 1333 3762 pervasis,
1356 3689 1528 3742 draco
1561 3693 1614 3742 et
1646 3688 1828 3744 bestia
1851 3690 1976 3758 jam

343 3784 530 3840 securi
549 3779 976 3852 otiantur,quia
997 3779 1155 3834 solus
1173 3775 1677 3848 pseudOpropheta
1703 3778 1977 3832 seducen-

343 3874 432 3930 dis
450 3873 678 3944 sibique
692 3868 1077 3940 subjugandis
1097 3864 1441 3921 Christianis
1465 3881 1635 3934 posse
1670 3864 1976 3934 praevalere

341 3979 457 4018 non
473 3961 721 4017 dubitat.
740 3959 824 4013 Ab
845 3958 937 4012 his
959 3955 1146 4010 tribus
1168 3953 1470 4024 spiritibus
1495 3952 1816 4008 immundis
1847 3954 1975 4008 adi-

339 4051 508 4106 ﬁcata
527 4046 780 4119 Babylon
802 4044 1056 4099 detrium
1076 4041 1500 4113 professionum
1519 4040 1856 4096 hominibus
1875 4043 1972 4098 da-

337 4141 436 4192 tur
465 4154 497 4191 a
525 4134 790 4197 Domino,
819 4135 883 4186 ut
903 4130 1182 4202 propheta
1203 4129 1301 4194 ait,
1329 4128 1388 4182 in
1412 4129 1838 4200 possessionem
1860 4131 1970 4184 eri-

339 4225 410 4280 cii
425 4221 708 4293 illius,qui
735 4220 793 4274 in
808 4218 1048 4273 veritate
1066 4234 1180 4272 non
1198 4217 1440 4283 stetit,et
1453 4216 1512 4269 in
1525 4215 1771 4288 paludes
1788 4235 1897 4289 aqu
1908 4237 1968 4274 a-

337 4308 787 4382 rum,scilicetin
805 4311 985 4362 catus
1003 4306 1373 4378 profanarum
1387 4306 1965 4377 turbarum,quarum

337 4405 560 4458 mentes
590 4413 850 4456 errorum
880 4394 1102 4450 nebula
1135 4411 1374 4466 corpora
1405 4397 1596 4448 autem
1620 4394 1965 4450 omnimoda

331 4488 592 4548 libidinis
623 4489 832 4543 fetores
865 4484 1165 4557 possident
1193 4484 1343 4555 (Isai.
1376 4499 1490 4546 xxv,
1522 4483 1633 4550 23).
1659 4484 1718 4536 In
1752 4483 1966 4552 quibus

331 4578 412 4634 nil
457 4577 569 4634 nisi
598 4572 982 4632 intractabilis
1015 4572 1116 4639 ira,
1151 4577 1206 4627 et
1235 4587 1380 4626 vana
1429 4586 1662 4642 pompa,
1697 4569 1963 4642 hypocri-

2091 3446 2224 3484 eum
2247 3429 2558 3483 Dominum
2589 3431 2645 3482 et
2670 3444 2804 3482 cum
2837 3427 3006 3483 Patre
3037 3433 3095 3482 et
3117 3427 3268 3484 Filio
3293 3431 3712 3491 adorandum
3740 3441 3790 3491 et

2090 3517 2666 3590 congloriﬁcandum,
2692 3521 2870 3586 atque
2892 3533 2994 3587 per
3007 3516 3340 3588 prophetas
3367 3519 3668 3579 locutum
3683 3525 3714 3578 ?
3733 3525 3792 3580 Et

2091 3607 2242 3678 quod
2270 3621 2479 3678 negare
2511 3605 2904 3675 praedicantur
2931 3603 3268 3674 Novatiani,
3309 3611 3789 3678 praedicandum

2088 3699 2175 3750 est
2194 3694 2552 3748 Simoniacos
2575 3692 2835 3748 confiteri
2850 3692 2877 3746 ‘?

2157 3781 2428 3848 Quamvis
2457 3782 2611 3836 enim
2632 3781 2956 3849 Novatiani,
2979 3781 3154 3838 claris
3177 3785 3236 3838 et
3259 3787 3524 3857 magnis
3541 3791 3788 3846 vocibus

2085 3871 2398 3927 audiantur
2427 3869 2762 3942 symbolum
2795 3875 3065 3926 nostrum
3097 3871 3450 3942 decantare,
3495 3883 3692 3950 atque
3711 3881 3786 3934 ei-

2083 3959 2216 4015 dem
2251 3959 2638 4024 subscribere,
2676 3958 3104 4014 convincuntur
3135 3963 3344 4016 tamen
3397 3980 3642 4036 negare
3689 3968 3786 4024 Je-

2081 4064 2214 4102 sum
2271 4046 2566 4102 Christum
2617 4045 2676 4100 in
2727 4063 2896 4101 carne
2935 4046 3188 4116 venisse,
3249 4065 3376 4104 non
3435 4054 3600 4123 quia
3641 4072 3790 4111 sana

2081 4136 2342 4191 membra
2372 4135 2499 4204 ejus
2531 4133 2818 4200 sauciant,
2853 4135 2954 4190 sed
2987 4136 3128 4206 quia
3179 4137 3398 4194 saucia
3441 4143 3660 4198 curari
3711 4146 3786 4200 ab

2079 4223 2334 4279 Ecclesia
2353 4222 2452 4276 Dei
2477 4238 2645 4293 posse
2667 4223 2998 4294 desperant.
3027 4223 3092 4278 Et
3116 4239 3234 4295 quo
3261 4227 3452 4282 modo
3481 4232 3782 4288 audiendi

2077 4316 2216 4367 sunt
2237 4310 2550 4366 Simoniaci
2583 4312 2935 4382 quandoque
2966 4310 3377 4368 vociferantur
3417 4333 3490 4372 se
3527 4321 3780 4377 credere

2074 4402 2276 4456 Jesum
2307 4398 2366 4454 in
2397 4415 2570 4454 carne
2598 4399 2848 4468 venisse,
2883 4403 2983 4454 aut
3005 4399 3298 4471 Spiritum
3331 4409 3640 4462 sanetum
3675 4411 3782 4464 ad-

2075 4489 2361 4544 orandum
2394 4503 2527 4542 cum
2553 4487 2718 4542 Patre
2740 4491 2796 4542 et
2827 4487 2992 4556 Filio,
3013 4489 3155 4559 quia
3175 4505 3296 4544 non
3321 4492 3540 4550 solum
3567 4499 3780 4554 saucia

2073 4575 2289 4630 Christi
2313 4575 2574 4630 membra
2597 4591 2709 4629 non
2727 4579 2957 4645 curant,
2978 4577 3080 4631 sed
3117 4593 3265 4631 sana
3289 4596 3554 4652 quoque
3577 4602 3774 4659 usque

329 4668 529 4739 sisque
554 4671 610 4721 et
638 4663 884 4730 insidia,
917 4660 1205 4715 hebetudo
1248 4675 1499 4730 quoque,
1543 4665 1715 4729 atque
1747 4661 1964 4716 sterilis
2003 4680 2042 4742 D
2077 4664 2148 4719 ad
2181 4669 2427 4718 mortem
2461 4663 2769 4718 sauciant?
2798 4663 3044 4733 Verum,
3077 4667 3143 4718 ut
3183 4665 3242 4720 in
3293 4675 3772 4742 comparatione

328 4759 384 4812 et
430 4759 694 4827 proterva
729 4749 1053 4807 verbositas
1097 4753 1494 4821 procreantur,
1537 4747 1686 4802 inter
1726 4765 1850 4819 qua
1911 4754 1966 4804 ct

331 4865 359 4894 «
389 4841 758 4914 sanguisuga
790 4840 916 4894 dua
948 4842 1083 4893 sunt
1115 4836 1244 4890 tilia
1277 4837 1535 4892 dicentes
1571 4853 1583 4890 :
1617 4838 1792 4900 Alfer,
1825 4839 1965 4893 affer

327 4930 510 5003 (Prov.
543 4947 671 4996 xxx,
705 4929 812 4998 45).
849 4949 877 4975 ››
908 4926 1160 4980 Avaritia
1186 4924 1342 4980 enim
1377 4930 1564 4980 exstat
1607 4926 1814 4980 hirudo
1851 4944 1958 4981 sa-

323 5017 586 5082 vissima,
619 5031 734 5070 non
765 5014 1020 5068 missura
1061 5019 1254 5069 cutem
1284 5015 1396 5068 nisi
1449 5013 1678 5085 plenam
1711 5015 1953 5069 cruoris.

324 5105 506 5176 Cujus
529 5105 655 5158 dua
687 5106 823 5157 sunt
847 5101 999 5170 filia,
1025 5102 1315 5173 cupiditas
1347 5106 1401 5156 et
1423 5101 1643 5173 rapina,
1669 5119 1792 5173 qua
1823 5103 1956 5158 licet

323 5193 598 5252 omnibus
627 5192 944 5246 inhareant
990 5190 1340 5254 carnalibus,
1373 5193 1566 5243 tamen
1611 5190 1955 5247 Simoniacis

319 5283 574 5340 vivacius
605 5285 662 5338 et
683 5280 1067 5336 manifestius.
1095 5277 1190 5332 Isti
1211 5277 1364 5331 enim
1385 5293 1496 5330 non
1512 5279 1957 5346 praetermittunt

317 5373 566 5428 invicem
599 5369 710 5426 sibi
740 5369 929 5424 dicere
971 5383 984 5422 :
1020 5389 1048 5415 «
1081 5365 1253 5431 Alter,
1287 5363 1446 5430 affer,
1483 5387 1510 5412 ››
1541 5365 1695 5419 verbi
1745 5367 1952 5437 gratia,

317 5458 858 5530 cupidusvenditori
881 5459 1108 5526 emptor
1134 5451 1310 5506 dicit:
1339 5451 1420 5505 Da
1441 5453 1580 5506 mihi
1606 5453 1952 5510 invisibilem

319 5546 566 5617 gratiam
592 5562 606 5612 ;
639 5562 816 5616 rapax
833 5542 1097 5598 venditor
1123 5543 1350 5610 emptor
1370 5539 1752 5595 nihilominus
1785 5542 1950 5598 dicit:

319 5631 408 5688 Da
429 5629 570 5685 mihi
585 5631 871 5688 visibilem
894 5627 1222 5704 pecuniam;
1248 5626 1336 5682 vel
1357 5633 1510 5683 certe
1532 5632 1758 5701 emptor
1774 5629 1912 5684 dicit
1937 5648 1948 5688 :

320 5717 476 5782 After
505 5717 647 5776 mihi
695 5719 974 5792 Spiritum
1017 5720 1318 5785 sanctum;
1352 5715 1613 5776 venditor
1644 5732 1674 5772 c
1706 5721 1903 5776 contra
1935 5735 1948 5775 :

2075 4752 2537 4806 Simoniacorum
2557 4751 3028 4823 deprehendatur
3040 4757 3261 4824 quanto
3285 4755 3366 4810 sit
3382 4758 3778 4820 tolerabilior

2073 4839 2308 4916 haeresis
2339 4839 2815 4905 Novatianorum,
2840 4839 3019 4895 isthic
3042 4857 3110 4896 ex
3131 4841 3404 4899 Historia
3431 4847 3776 4922 Tripartita

2071 4928 2408 5000 putavimus
2433 4927 2809 4982 inserendum
2840 4927 2972 4999 quis
2995 4933 3050 4983 et
3071 4930 3229 4984 unde
3251 4933 3574 4992 exstiterit
3603 4957 3770 4997 error

2069 5033 2290 5072 eorum.
2325 5016 2664 5087 Postquam,
2697 5015 2910 5086 inquit,
2932 5016 3152 5088 scripta
3183 5023 3242 5073 et
3275 5021 3651 5098 subscripta
3681 5037 3768 5085 est

2067 5123 2100 5160 a
2127 5105 2369 5160 concilio
2395 5105 2621 5158 Nicano
2655 5105 2786 5158 fidei
2823 5105 3106 5172 definitio,
3141 5108 3468 5178 requisivit
3503 5113 3768 5188 impera-

2065 5196 2155 5248 tor
2184 5193 2478 5256 Acesium,
2513 5191 2968 5248 Novatianorum
3010 5193 3318 5266 religionis
3383 5200 3759 5278 episcopum

2053 5303 2094 5330 -α
2128 5282 2176 5337 si
2208 5287 2263 5336 et
2296 5283 2419 5353 ipse
2451 5279 2802 5336 consentiret
2833 5281 2889 5335 in
2923 5282 3037 5338 ﬁde
3067 5289 3126 5338 et
3171 5283 3492 5354 paschalis
3539 5291 3762 5350 defini-

2063 5370 2219 5425 tione
2253 5369 2550 5425 festivatis.
2605 5391 2631 5418 »
2663 5369 2734 5423 At
2762 5367 2860 5424 ille
2893 5386 2906 5424 :
2941 5393 2968 5420 ‹‹
3001 5369 3182 5436 Nihil,
3215 5371 3448 5443 inquit,
3503 5382 3678 5450 novi,
3731 5401 3760 5439 ο

2063 5459 2398 5530 imperator,
2425 5457 2680 5529 synodus
2703 5457 2984 5513 definivit.
3013 5460 3106 5514 Sic
3123 5459 3443 5518 enimolim
3461 5471 3530 5521 et
3549 5485 3588 5524 a
3611 5475 3756 5528 tem-

2063 5547 2302 5618 poribus
2340 5545 2738 5617 apostolorum
2771 5545 2895 5617 ipse
2931 5548 3182 5619 percepi,
3208 5551 3266 5602 et
3297 5551 3661 5614 terminum
3701 5559 3756 5615 ﬁ-

2063 5633 2174 5704 dei,
2207 5637 2260 5690 et
2293 5638 2524 5708 tempus
2555 5631 2849 5704 paschalis
2884 5633 3237 5693 festivitatis.
3274 5659 3303 5685 ››
3339 5637 3540 5699 Porro
3555 5645 3752 5706 denuo

2063 5721 2408 5798 imperatore
2447 5721 2777 5798 requirente
2809 5737 2822 5782 :
2858 5745 2887 5774 «
2921 5723 3039 5782 Cur
3068 5741 3205 5803 ergo
3236 5743 3272 5786 a
3301 5736 3750 5802 communione
