3876 6370
351 455 505 525 H39

421 594 493 650 ad
519 595 710 652 horam
734 613 768 652 a
795 595 1073 653 catholicis
1113 599 1352 669 antiquis
1384 597 1654 665 toleratos,
1687 605 1740 652 et
1779 611 1980 652 merce-
2008 599 2064 665 Α

422 687 610 740 uarios
641 687 914 742 toleratos.

353 772 518 828 XLV.
551 775 624 828 De
653 790 712 830 eo
737 775 875 844 quod
919 779 1132 829 sanctus
1177 774 1459 843 Gregorius
1505 773 1681 827 adhuc
1726 772 1984 828 diaconus

339 911 360 924 ,
422 863 694 916 Euticium
717 862 994 927 devitavit,
1018 865 1064 916 et
1096 861 1232 931 quod
1251 866 1470 916 sanctus
1493 863 1860 930 Ilieronymus
1877 876 1986 915 non

423 950 841 1022 exspectandum
871 952 924 1004 in
958 952 1035 1003 eis
1060 951 1337 1020 publicum
1358 950 1632 1019 judicium
1663 951 1874 1003 asserit.

352 1037 539 1093 XLVI.
571 1041 643 1093 De
671 1037 890 1109 synodis
935 1039 1273 1092 censentibus
1301 1038 1540 1108 qualiter
1585 1037 1836 1092 hzeretici
1875 1038 1984 1090 sint

420 1127 828 1194 reconciliandi,
861 1135 909 1182 et
937 1126 1002 1180 de
1039 1127 1637 1196 quartadecimanorum
1663 1126 1851 1194 aliqua
1887 1141 1982 1178 ex-

421 1217 716 1269 cusatione.

351 1301 562 1357 XLVII.
596 1305 673 1358 De
729 1303 931 1358 libellis
982 1304 1452 1372 protestationum,
1490 1307 1543 1356 et
1591 1309 1844 1371 potestate
1898 1316 1984 1355 eo-

421 1406 563 1444 rum.

349 1476 588 1534 XLVIII.
617 1479 692 1534 De
717 1481 1018 1534 constantia
1047 1479 1358 1549 aliquorum
1385 1479 1774 1534 catholicorum
1804 1493 1873 1532 ne
1901 1493 1985 1531 ce-

421 1566 606 1621 derent
634 1567 718 1622 vel
746 1569 1146 1637 acquiescerent
1171 1567 1455 1622 ha’reticis.

352 1653 536 1710 XLIX.
568 1655 642 1711 De
671 1655 818 1710 beato
847 1657 1051 1711 Joanne
1092 1658 1331 1726 episcopo
1377 1658 1577 1710 tentato
1623 1653 1861 1727 quidem,
1895 1653 1987 1707 sed

1393 460 1798 528 HUMBEBTI
1841 457 1906 524 S.
1955 459 2028 524 Β.
2071 459 2144 526 E.
2191 458 2681 526 CARDINALIS.

3693 449 3852 514 1140

2161 595 2447 664 custodito,
2486 612 2557 652 ne
2606 595 2858 652 venderet
2909 594 3182 667 gratiam,
3215 591 3280 649 et
3312 587 3396 647 de
3426 585 3845 644 admonitione

2159 685 2278 756 ejus
2305 689 2494 739 contra
2525 685 2828 741 haereticos.

2093 773 2156 828 L.
2188 774 2260 828 De
2286 774 2498 828 cautela
2531 777 2592 828 Β.
2626 774 2852 829 Antonii
2897 775 2947 828 et
2999 771 3223 827 visione
3262 769 3432 841 ejus,
3473 774 3536 823 et
3567 766 3654 822 de
3707 769 3836 838 vigi-

2163 861 2337 915 lantia
2371 863 2430 916 Β.
2463 863 2804 932 Hieronymi.

2093 948 2182 1004 LI.
2219 950 2290 1003 De
2317 949 2527 1004 duabus
2563 948 3008 1020 generationibus
3061 949 3208 1004 Cain
3243 955 3306 1002 et
3344 945 3501 1002 Abel
3559 961 3756 1016 usque
3786 949 3830 999 in

2161 1039 2324 1107 ﬁnem
2353 1037 2565 1104 mundi,
2598 1037 2898 1093 secundum
2927 1037 3078 1092 dicta
3110 1035 3568 1107 Chrysostomi.

2093 1125 2211 1179 LII.
2243 1127 2318 1180 De
2348 1126 2724 1198 reprobatione
2750 1126 3161 1181 communionis
3209 1128 3270 1180 et
3328 1124 3756 1194 baptismatis,
3786 1134 3830 1178 et

2161 1214 2522 1270 ordinationis
2551 1231 2762 1279 eorum,
2795 1218 2848 1270 et
2876 1213 2942 1269 de
2981 1230 3096 1269 non
3123 1211 3532 1269 retractanda
3581 1211 3828 1267 damna-

2160 1303 2308 1356 tione
2335 1317 2523 1358 eorum
2561 1302 2860 1358 secundum
2897 1303 3248 1362 sententiam
3275 1315 3478 1374 papae
3509 1302 3738 1357 Felicis
3765 1302 3827 1355 ad

2162 1390 2428 1445 Zenonem
2455 1398 2508 1446 et
2540 1393 2817 1446 Acacium.

2093 1477 2234 1532 LIII.
2267 1479 2654 1550 Compendiosa
2704 1481 3015 1535 retractatio
3071 1479 3508 1550 superiorum,
3576 1485 3638 1532 ct
3691 1481 3824 1550 quod

2163 1565 2413 1622 hwreiic'i
2433 1569 2563 1639 jure
2591 1568 2758 1623 mulis
2785 1571 3197 1638 comparentur.

2588 1655 2922 1728 Expliciunt
2969 1655 3262 1728 capitula.

1349 1841 1753 1928 INCIPIT
1815 1839 2136 1926 LIBER
2210 1842 2731 1933 TERTIUS.

877 1993 1106 2049 CAPUT
1145 1993 1454 2050 PRIMUM.

351 2082 548 2139 Contra
575 2097 662 2138 eos
693 2083 788 2153 qui
813 2081 998 2136 dicunt
1027 2099 1083 2136 se
1113 2099 1221 2137 non
1261 2085 1739 2147 consecrationem,
1783 2082 1875 2138 sed
1904 2099 1989 2138 res

842 2155 1090 2208 Ecclesiae
1130 2169 1488 2225 comparasse.

417 2261 578 2317 Sicut
605 2259 662 2314 in
695 2275 891 2314 rerum
938 2263 1147 2313 natura
1195 2258 1339 2313 nihil
1387 2260 1638 2314 rotunda
1687 2263 1746 2314 et
1792 2263 1993 2332 aperta

347 2349 586 2406 veritate
634 2346 901 2412 solidius,
935 2351 991 2400 et
1034 2347 1250 2418 potius,
1290 2346 1374 2401 sic
1418 2347 1563 2401 nihil
1611 2347 1891 2418 angulosa
1937 2351 1994 2402 et

348 2437 641 2493 latebrosa
671 2433 925 2490 falsitate
955 2434 1188 2490 iuanius
1209 2439 1266 2490 et
1295 2437 1480 2506 pejus.
1507 2437 1691 2490 Tanta
1719 2440 1808 2490 est
1837 2435 1992 2490 enim

345 2523 605 2582 veritatis
636 2523 925 2579 evidentia
956 2523 1130 2578 simul
1182 2527 1238 2578 et
1283 2523 1539 2579 efﬁcacia
1585 2527 1648 2578 ut
1697 2523 1848 2579 sicut
1894 2524 1996 2578 lux

347 2630 483 2669 vera
511 2629 624 2668 non
661 2610 849 2666 solum
875 2612 1136 2666 omnium
1169 2609 1366 2666 oculos
1390 2611 1574 2680 feriat,
1598 2613 1697 2667 sed
1731 2612 1901 2668 etiam
1926 2612 1993 2666 in

347 2700 604 2757 tenebris
649 2699 860 2755 luceat.
895 2700 934 2754 E
976 2700 1262 2754 contrario
1313 2704 1474 2754 tanta
1527 2705 1616 2754 est
1672 2699 1994 2756 falsiﬁcatis

348 2790 697 2856 obscuritas,
732 2787 908 2843 simul
941 2793 997 2844 et
1027 2787 1417 2855 imbecillitas,
1447 2792 1510 2843 ut
1540 2788 1856 2858 veritatem,
1881 2807 1998 2860 qua

342 2876 856 2949 comprehenditur
893 2881 950 2932 et
993 2881 1349 2948 penetratur,
1383 2893 1486 2932 nec
1535 2877 1890 2948 comprehen
1917 2879 1998 2934 da

344 2983 450 3023 nec
479 2965 712 3021 sentiat.
749 2965 933 3028 Quam
979 2964 1246 3020 homines
1293 2981 1361 3019 ex
1399 2965 1564 3034 justa
1612 2965 1996 3022 damnatione

355 3052 674 3110 incurrisse
721 3052 846 3123 ipse
895 3056 1098 3107 auctor
1142 3051 1422 3118 veritatis,
1455 3052 1683 3108 Veritas
1728 3052 1783 3107 in
1819 3055 1998 3109 Evan-

347 3141 499 3216 gelio
531 3140 614 3196 sic
645 3139 826 3195 voluit
855 3140 1156 3195 ostendere
1178 3157 1226 3194 :«
1261 3140 1375 3195 Hoc
1408 3144 1499 3194 est
1521 3141 1836 3211 judicium,
1861 3143 2001 3214 quia

347 3231 447 3286 lux
475 3227 630 3284 venit
659 3228 717 3283 in
756 3228 1068 3294 mundum,
1103 3233 1160 3284 et
1202 3228 1528 3284 dilexerunt
1575 3229 1844 3286 homines
1877 3249 1998 3287 ma-

2009 1991 2056 2056 B
2085 1991 2322 2060 desinit,
2355 1995 2819 2066 mandatumque
2863 1993 2966 2051 Dei
2998 1996 3251 2067 prepter
3282 2009 3484 2050 suam
3519 1994 3820 2050 adiuven-

2093 2080 2422 2138 ventionem
2453 2082 2684 2137 irritum
2717 2083 2905 2138 facere
2941 2081 3272 2138 contendit.
3309 2083 3404 2137 Ex
3436 2098 3577 2154 qua
3607 2082 3817 2154 utique

2096 2169 2485 2241 generatione,
2518 2176 2575 2227 et
2605 2170 2689 2226 illi
2720 2175 2886 2227 erant
2914 2187 3064 2242 quos
3094 2170 3156 2226 in
3183 2170 3537 2245 Evangelio
3574 2171 3817 2228 Veritas

2098 2259 2378 2326 confutet,
2431 2259 2666 2316 dicens:
2697 2284 2718 2310 ι
2751 2260 2848 2314 Vm
2879 2261 3066 2328 vobis,
3101 2261 3315 2316 scriba:
3383 2266 3448 2318 et
3517 2262 3812 2318 ΡΙ]εήεωὶ

2099 2346 2546 2419 hypocrite,qui
2576 2347 2770 2404 dicitis
2803 2365 2816 2404 :
2851 2348 2910 2404 Si
2944 2349 3080 2420 quis
3100 2349 3416 2420 juraverit
3448 2349 3518 2406 in
3556 2351 3812 2424 templo.

2101 2434 2244 2490 nihil
2276 2439 2392 2502 est;
2417 2437 2514 2507 qui
2545 2441 2740 2492 autem
2764 2436 3052 2508 juraverit
3071 2436 3132 2492 in
3157 2453 3309 2494 auro
3333 2437 3575 2511 templi
3609 2440 3812 2494 debet.

2101 2523 2264 2588 Caci,
2291 2523 2430 2594 quid
2465 2525 2656 2593 majus
2687 2529 2775 2580 est
2802 2541 2966 2592 auro,
2990 2542 3065 2580 an
3096 2525 3325 2597 templo
3361 2529 3541 2598 quod
3585 2529 3812 2583 sancti-

2103 2613 2236 2666 ﬁcat
2261 2611 2514 2666 aurum?
2542 2613 2611 2668 Et
2642 2613 2979 2684 quicunque
3000 2613 3296 2683 juraverit
3326 2614 3395 2669 in
3430 2614 3632 2672 altari
3667 2616 3810 2671 nihil

2103 2699 2335 2772 est,qui
2382 2704 2578 2755 autem
2621 2701 2907 2772 juraverit
2936 2701 2996 2756 in
3027 2702 3204 2768 dono,
3239 2703 3413 2774 quod
3473 2708 3581 2760 est
3632 2721 3814 2775 super

2104 2787 2248 2842 illud
2279 2787 2467 2843 debet.
2491 2787 2656 2854 Caeci,
2679 2787 2820 2860 quid
2854 2789 3048 2860 majus
3081 2793 3170 2844 est
3201 2789 3475 2862 donum,
3501 2809 3589 2848 an
3623 2792 3810 2848 altare

2105 2876 2259 2947 quod
2319 2876 2641 2931 sanctiﬁcat
2695 2876 2972 2931 donum?
3011 2899 3039 2925 »
3078 2877 3302 2944 (Matth.
3369 2895 3518 2945 xm,
3587 2883 3809 2949 16-19.}

2104 2964 2218 3020 Nec
2248 2963 2466 3035 injuria
2494 2964 2628 3019 (εωοὶ
2679 2968 2736 3019 et
2781 2963 3095 3036 hypocrita:
3146 2965 3471 3034 dicuntur,
3512 2971 3804 3041 quoniam

2107 3053 2217 3124 legi
2251 3052 2453 3106 divinae
2503 3053 2798 3108 attestanti
2833 3069 2898 3110 :«
2931 3052 3286 3125 Quicunque
3331 3055 3637 3128 tetigerit
3666 3062 3804 3114 tem-

2107 3139 2266 3212 plum
2298 3146 2356 3196 et
2385 3140 2564 3196 altare
2589 3140 3052 3197 sanctiﬁcabitur
3071 3142 3269 3212 (Exod.
3304 3160 3478 3212 xmx,
3507 3146 3639 3218 37),
3664 3170 3696 3197 ι»
3730 3148 3803 3203 sic

2107 3230 2490 3284 adversantur
2544 3233 2609 3284 ut
2660 3229 3035 3300 impudenter
3091 3232 3470 3302 persuadere
3529 3243 3803 3306 quaerant

346 3319 438 3392 gis
467 3317 736 3372 tenebras
766 3333 941 3388 quam
975 3315 1164 3372 lucem
1193 3334 1206 3384 ;
1237 3317 1579 3372 erantenim
1611 3334 1810 3374 eorum
1845 3319 1995 3374 mala
2027 3344 2070 3411 Ο
2109 3317 2564 3374 sanctiﬁcantem
2623 3316 2770 3371 nihil
2827 3334 2978 3383 esse,
3037 3318 3138 3374 sed
3199 3319 3331 3374 sola
3407 3324 3802 3380 sanctiﬁcata

345 3423 538 3478 opera.
572 3404 776 3460 Omnis
807 3404 906 3476 qui
941 3403 1092 3460 male
1123 3404 1243 3477 agit
1272 3405 1392 3460 odit
1422 3403 1632 3474 lucem,
1667 3410 1722 3462 et
1754 3425 1866 3462 non
1895 3425 1998 3464 ve-

348 3493 437 3551 nit
467 3493 538 3548 ad
573 3492 784 3558 lucem,
819 3508 892 3548 ne
923 3496 1243 3564 arguantur
1270 3509 1443 3563 Opera
1485 3493 1633 3564 ejus.
1665 3496 1770 3560 Qui
1803 3500 1996 3552 autem

347 3581 486 3638 facit
530 3581 834 3636 veritatem
881 3581 1038 3635 venit
1089 3581 1158 3635 ad
1203 3580 1504 3642 lucem.ut
1550 3583 1998 3641 manifestentur

349 3687 524 3742 opera
545 3669 928 3740 ejus,quiain
959 3673 1072 3724 Deo
1097 3673 1236 3724 sunt
1257 3669 1404 3724 facta
1425 3670 1602 3740 (Joan.
1631 3688 1711 3738 III,
1740 3673 1993 3745 I9-2l).»

346 3761 426 3814 Ac
454 3757 503 3813 si
534 3756 786 3812 diceret:
813 3756 1072 3812 Medicus
1101 3755 1257 3810 venit
1293 3755 1352 3810 in
1403 3758 1710 3823 mundum,
1759 3776 1992 3818 omnem

348 3845 646 3902 hominem
675 3843 891 3900 invenit
912 3849 1212 3916 ingratum.
1239 3845 1495 3910 Quorum
1518 3845 1778 3918 quidam,
1805 3851 1992 3922 magis

346 3934 624 4007 eligentes
644 3933 862 3988 inﬁrmi
887 3949 1188 3988 remanere
1209 3949 1380 4004 quam
1412 3934 1703 3990 medicum
1725 3937 1992 3994 adeundo

345 4021 564 4078 inﬁrmi
598 4038 896 4092 apparere,
931 4020 1239 4076 falsitatem
1275 4020 1476 4076 fecere.
1501 4022 1769 4094 Quidam,
1804 4027 1990 4098 magis

345 4109 624 4182 eligentes
654 4108 873 4164 inﬁrmi
907 4125 1184 4180 apparere
1207 4125 1381 4179 quam
1414 4109 1632 4164 inﬁrmi
1667 4128 1984 4182 remanere,

343 4197 638 4254 medicum
669 4195 934 4251 adeundo
976 4195 1278 4250 veritatem
1325 4197 1526 4252 fecere.
1556 4198 1683 4255 Sive
1713 4217 1848 4271 ergo
1878 4201 1984 4271 illi,

345 4284 467 4341 sive
503 4283 602 4339 isti
650 4284 866 4356 pariter
910 4283 1277 4338 habebantur
1322 4284 1558 4341 inﬁrmi.
1592 4286 1702 4342 Sed
1751 4288 1984 4345 illorum

345 4388 520 4445 opera
548 4375 714 4427 erant
734 4370 888 4426 mala
917 4387 1019 4442 per
1046 4371 1379 4443 superbiam
1403 4373 1624 4429 medico
1657 4392 1983 4450 repugnan-

343 4460 491 4518 tium
525 4464 581 4516 et
609 4459 1006 4515 inﬁrmitatem
1033 4477 1200 4515 suam
1225 4461 1584 4532 negantium.
1610 4464 1856 4520 Istorum
1881 4483 1984 4521 au-

341 4553 462 4607 tem
491 4549 644 4605 bona
664 4566 765 4622 per
791 4547 1183 4604 humilitatem
1215 4550 1438 4604 medico
1460 4551 1790 4607 cedentium
1823 4559 1880 4609 et
1899 4553 1983 4610 in-

343 4638 679 4694 ﬁrmitatem
710 4653 877 4693 suam
910 4636 1331 4693 conﬁtentium.
1373 4639 1533 4701 Quod
1565 4639 1980 4711 planejudicio

341 4725 984 4800 deprehendituretiam
1007 4725 1063 4780 in
1087 4705 1638 4798 Simoniacis,inque
1656 4705 1984 4799 per-manus
2012 4705 2060 4769 D

342 4830 568 4881 corum,
599 4818 664 4869 ut
708 4813 946 4880 dicitur,
999 4813 1300 4878 ordinatis,
1347 4815 1489 4870 dum
1539 4831 1672 4886 pars
1718 4816 1980 4888 ipsorum

340 4901 646 4958 sententiis
664 4906 998 4956 sanctorum
1011 4901 1246 4957 Patrum
1265 4907 1464 4958 contra
1475 4903 1836 4962 Simoniacos
1854 4925 1982 4978 pro-

339 4988 475 5044 latis
497 4987 790 5059 sapienter
817 4989 1150 5060 acquiescit,
1173 4995 1516 5063 reatumque
1538 5009 1711 5048 suum
1743 4994 1978 5050 humili-

337 5080 427 5132 ter
464 5075 838 5147 patefaciens,
889 5077 1170 5134 medelam
1220 5084 1644 5150 competcntem
1692 5085 1976 5154 exposcit;

337 5180 474 5237 pars
504 5167 698 5219 autem
731 5163 1070 5236 insipienter
1090 5166 1404 5232 resultans,
1427 5165 1660 5237 culpam
1691 5187 1856 5226 suam
1880 5189 1978 5227 su-

337 5253 512 5326 perbe
542 5252 820 5320 defendit,
854 5253 1190 5324 medelaque
1222 5272 1282 5310 se
1315 5270 1428 5308 non
1465 5271 1631 5325 egere
1661 5261 1974 5315 contendit.

336 5341 452 5397 Nec
481 5340 718 5411 mirum,
742 5342 882 5396 dum
915 5341 1112 5412 procul
1135 5341 1312 5396 dubio
1343 5341 1415 5394 ad
1447 5345 1877 5412 generationem
1909 5348 1976 5402 il-

337 5427 458 5484 lam
490 5429 774 5499 pertineat
803 5446 949 5500 quae,
979 5429 1300 5484 secundum
1335 5427 1724 5500 Salomonem,
1761 5437 1980 5490 munda

342 5515 454 5570 sibi
474 5516 720 5580 videtur,
746 5533 848 5571 nec
879 5522 1071 5572 tamen
1107 5517 1221 5571 lota
1242 5534 1275 5570 a
1297 5517 1567 5571 sordibus
1591 5521 1712 5574 suis
1733 5521 1978 5578 habetur

344 5601 529 5669 (Prov.
553 5619 683 5666 xxx,
715 5605 822 5674 12).
847 5607 978 5668 Quae
1011 5605 1150 5658 dum
1191 5620 1358 5656 suam
1402 5603 1709 5660 Ialsitatem
1743 5610 1978 5666 veritate

346 5689 678 5758 exsuperari
703 5693 759 5744 et
777 5691 1059 5746 confutari
1090 5691 1286 5758 sentit,
1310 5689 1537 5746 nebulis
1568 5693 1832 5766 obtegere
1865 5715 1977 5752 non

2109 3405 2340 3478 pensari
2369 3409 2426 3461 et
2454 3404 2674 3461 attendi
2722 3405 2951 3461 debere.
2984 3406 3250 3470 Quorum
3297 3425 3618 3480 sequaces
3653 3431 3801 3469 nunc

2107 3493 2418 3550 Simoniaci
2451 3493 2592 3548 dum
2618 3493 3054 3566 redarguuntur
3081 3495 3153 3551 de
3173 3497 3704 3568 sanctiﬁcatione,
3728 3503 3802 3558 si-

2107 3599 2173 3639 ve
2203 3583 2273 3638 de
2303 3581 2726 3636 sanctiﬁcatore
2757 3581 3064 3638 hominum
3091 3583 3320 3656 Spiritu
3353 3593 3590 3644 sancto
3624 3606 3800 3662 nego-

2101 3671 2256 3739 tiari,
2291 3670 2359 3726 ad
2410 3668 2566 3724 aliud
2610 3669 2881 3726 falsitatis
2929 3685 3049 3726 suae
3099 3671 3400 3743 angulum
3461 3677 3802 3751 refugiunt,

2103 3759 2352 3829 indeque
2373 3757 2480 3812 has
2499 3774 2892 3828 supervacuas
2909 3759 3361 3816 excusationum
3384 3763 3664 3821 nebulas
3680 3783 3802 3822 evo-

2102 3851 2290 3902 munt.
2314 3845 2478 3900 Absit
2511 3850 2576 3901 ut
2608 3846 3008 3903 mercenarius
3039 3850 3577 3908 consecrationem
3613 3854 3798 3910 eccle-

2100 3934 2524 4001 siasticam,sed
2545 3933 2730 3989 solam
2751 3935 3183 4006 possessionem
3205 3937 3800 4012 ecclesiasticam,ac

2099 4024 2147 4080 si
2171 4027 2520 4096 praepostero
2544 4023 2786 4095 vestigio
2803 4022 3010 4079 callem
3033 4024 3486 4083 Pharisaeorum
3513 4034 3797 4100 terentes,

2096 4122 2354 4168 astruere
2375 4111 2728 4166 contendant
2748 4111 2938 4166 solum
2963 4112 3480 4171 sanctiﬁcaturem
3507 4116 3796 4176 honorari

2096 4199 2324 4264 debere,
2339 4199 2703 4254 sanctiﬁcata
2719 4203 2915 4254 autem
2935 4199 3082 4256 nihil
3099 4201 3256 4258 esse!
3275 4203 3604 4264 Adversus
3622 4226 3790 4280 quos,

2095 4286 2234 4358 quia
2259 4286 2542 4356 superiori
2575 4289 2906 4343 narratione
2929 4289 3442 4347 sanctiﬁcatorem
3463 4293 3791 4354 defendere

2093 4391 2197 4446 pro
2222 4374 2442 4430 viribus
2465 4373 2884 4443 laboravimus,
2909 4393 3067 4432 nunc
3090 4378 3408 4434 defensum
3446 4382 3541 4438 ire
3565 4388 3788 4442 sancti-

2093 4465 2280 4530 ﬁcata,
2306 4463 2572 4535 prmduce
2593 4463 2795 4519 eodem
2817 4465 3039 4536 Spiritu
3063 4471 3292 4532 sancto,
3317 4472 3780 4542 aggrediamur.

2163 4553 2230 4606 Et
2275 4554 2463 4623 primo
2513 4550 2660 4606 illud
2711 4552 2882 4624 quale
2913 4554 2992 4608 sit
3039 4554 3420 4624 eventiletur,
3457 4575 3591 4630 quo
3652 4581 3784 4636 pars

2093 4640 2461 4712 praefatorum
2524 4639 2949 4711 negotiatorum
2993 4659 3058 4698 se
3098 4643 3343 4715 quidem
3403 4646 3675 4718 palliars
3728 4657 3780 4708 et

2091 4728 2420 4789 defendere,
2453 4728 2731 4783 haeresem
2783 4746 2952 4786 suam
3003 4737 3107 4787 aut
3159 4736 3429 4789 statuere
3472 4740 3540 4792 et
3573 4741 3781 4796 conﬁr-

2091 4833 2250 4872 mare
2306 4820 2568 4883 conatur,
2615 4819 2929 4875 usserendo
2977 4837 3039 4876 se
3094 4819 3346 4876 minime
3407 4823 3776 4885 invisibilem

2089 4905 2339 4976 Spiritus
2369 4905 2556 4960 sancti
2603 4906 2874 4976 gratiam,
2910 4909 3012 4964 sed
3054 4908 3322 4966 visibiles
3372 4912 3773 4974 ecclesiarum

2090 5009 2182 5048 res
2210 4997 2438 5048 tantum
2470 4993 2652 5064 pretio
2705 5011 3085 5067 comparasse
3119 5013 3132 5052 :
3167 4998 3310 5069 quia
3359 5003 3636 5076 contigit
3683 5023 3772 5062 eos

2089 5081 2581 5137 consecrationem
2614 5099 2648 5137 a
2688 5083 3140 5156 metropolitano
3189 5086 3378 5159 gratis
3439 5095 3764 5166 accepisse.

2088 5169 2249 5232 Quod
2283 5186 2395 5224 non
2441 5175 2790 5236 assererent,
2818 5171 2866 5226 si
2899 5172 3110 5229 saltem
3143 5174 3477 5232 scintillam
3513 5179 3765 5256 alicujus

2092 5257 2430 5328 prudentiae,
2462 5275 2564 5312 seu
2609 5259 2856 5315 frontem
2889 5260 3142 5334 alicujus
3170 5266 3556 5323 verecundia:
3591 5270 3759 5329 habe-

2090 5350 2232 5400 rent.
2259 5346 2368 5400 Sed
2393 5346 2529 5418 quia
2549 5364 2653 5402 nec
2676 5349 2934 5419 sapiunt,
2961 5367 3066 5406 nec
3098 5353 3473 5408 erubescunt
3495 5359 3577 5414 ad
3601 5376 3758 5418 excu-

2089 5434 2302 5489 sandas
2348 5436 2752 5492 excusationes
2805 5437 2863 5492 in
2915 5439 3170 5509 peccatis
3200 5441 3378 5510 (Psal.
3413 5459 3556 5514 cxn,
3593 5449 3670 5520 4),
3699 5467 3754 5505 ex

2091 5523 2241 5577 foliis
2271 5523 2414 5578 ﬁcus
2445 5524 2535 5578 cui
2569 5523 2872 5581 maledixit
2901 5527 3186 5583 Dominus
3219 5527 3602 5600 perizomatn
3635 5539 3752 5592 bre-

2088 5611 2196 5676 via,
2222 5615 2278 5666 et
2307 5610 2570 5678 volatica,
2594 5612 2748 5668 velut
2779 5615 3148 5687 protoplasti,
3173 5616 3328 5674 male
3348 5631 3683 5694 consuunt,
3703 5632 3752 5682 et

2087 5717 2121 5753 a
2151 5699 2418 5769 paradiso
2452 5699 2554 5754 Dei
2585 5717 2718 5758 cum
2773 5702 3145 5761 anathemate
3193 5705 3479 5776 ejiciendi
3531 5715 3748 5784 puden-
