3864 6368
326 467 482 535 “43

321 693 624 749 delusoros
648 699 793 749 Deus
813 692 1194 757 illudet.Quos
1215 691 1348 745 licet
1365 687 1824 761 praecedentibus
1845 686 1948 740 hu-

321 799 505 840 manae
527 783 778 838 scientiae
802 781 1399 852 argumentationibus
1423 777 1827 849 quaesierimus
1857 791 1947 829 ar-

322 887 516 944 guere,
549 871 833 926 habemus
860 873 1054 923 tamen
1087 869 1142 921 in
1177 872 1448 938 promptu
1480 866 1704 919 divinas
1724 866 1949 918 sancto-

321 977 454 1016 rum
482 961 718 1014 Patrum
741 957 1072 1020 sententias,
1128 973 1252 1027 quae
1308 955 1439 1009 solae
1494 952 1793 1008 sufﬁciunt
1851 967 1951 1006 ora

322 1065 521 1104 eorum
553 1047 826 1118 oppilare,
859 1050 914 1100 et
943 1044 1473 1116 tergiversationem
1507 1042 1728 1097 sistere.
1755 1039 1948 1110 Siqui-

323 1137 452 1192 dem
483 1139 681 1191 sancta
708 1139 762 1190 et
790 1133 1134 1188 universalis
1166 1133 1420 1204 synodus
1465 1127 1950 1184 Chalcedonensis

321 1224 392 1296 (c'
415 1225 469 1294 2)
499 1223 760 1278 unanimi
816 1238 1104 1276 consensu
1163 1221 1426 1274 eamdem
1486 1234 1659 1288 super
1717 1231 1945 1270 (necno-

321 1328 508 1379 mum,
537 1312 594 1366 id
628 1317 714 1366 est
743 1311 1202 1381 dispensatorem
1237 1325 1337 1380 per
1382 1307 1659 1379 pecunias
1717 1320 1944 1375 promo-

319 1403 444 1456 tum
469 1398 1150 1465 sententiamintentavit,
1176 1413 1351 1468 quam
1383 1412 1556 1466 super
1608 1393 1944 1464 episcopum

317 1489 408 1544 vel
440 1489 860 1561 presbyterum,
880 1491 1229 1555 eaeterosque
1249 1485 1543 1538 ministros
1564 1481 1842 1537 clericalis
1868 1498 1956 1535 or-

322 1577 498 1642 dinis,
523 1576 742 1630 scilicet
765 1579 826 1629 ut
882 1579 1176 1645 promotor
1233 1575 1574 1643 deponatur,
1608 1575 1664 1624 et
1721 1585 1953 1640 promo-

323 1669 420 1720 tus
451 1665 676 1720 alienus
706 1664 784 1718 sit
813 1681 845 1718 a
875 1662 1281 1729 sollicitudine,
1316 1677 1490 1730 quam
1513 1658 1770 1730 pecuniis
1794 1675 1952 1728 quae-

324 1753 477 1820 sivit,
501 1757 557 1807 et
588 1752 932 1806 mediatores
955 1755 1073 1805 tam
1103 1750 1289 1819 turpis
1329 1765 1393 1803 ac
1425 1748 1659 1803 nefandi
1719 1747 1858 1810 dati,
1894 1750 1952 1800 et

323 1841 562 1912 accepti,
585 1841 632 1894 si
667 1839 856 1894 clerici
877 1839 1108 1908 fuerint,
1135 1839 1518 1908 deponantur.
1546 1837 1603 1892 Si
1631 1853 1762 1890 vero
1812 1835 1946 1888 laici

1375 461 1779 531 HUMBERTI
1819 461 1882 524 S.
1929 461 2002 523 Β.
2049 459 2120 524 Ε.
2165 455 2656 523 CARDINALIS.

323 607 548 674 nant,et
568 607 668 660 aut
687 599 1050 676 resipiscant,
1067 604 1164 659 aut
1180 600 1286 658 soli
1310 598 1798 673 pereant,sensuri
1813 596 1950 668 quia
1977 594 2032 661 Α

3653 446 3810 508 1144

2685 590 2915 650 CAPUT
2954 589 3051 648 PV.

2057 738 2130 791 De
2183 737 2619 804 sanctiﬁcatione
2688 737 3072 806 sanctiﬁcante
3131 747 3233 806 res
3319 727 3803 806 ecclesiasticas.

2127 799 2575 888 suosequt’niibus
2623 806 2750 862 inde
2805 799 3132 862 sanctorum
3193 804 3477 858 Patrum
3543 799 3804 854 testim.

2129 895 2186 932 m
2197 895 2261 932 1-8.

2131 1037 2290 1092 Unde
2321 1053 2434 1090 non
2467 1035 2688 1090 mirum
2748 1036 2796 1112 si
2863 1035 3258 1106 dispensator
3317 1031 3796 1102 cujuscunque,

2061 1123 2587 1196 quantulacunque
2645 1123 2727 1179 rei
2788 1121 3204 1178 ecclesiastica:
3271 1137 3398 1192 per
3461 1118 3796 1191 pecuniam

2060 1218 2380 1285 promotus,
2415 1211 2646 1267 etiamsi
2681 1229 2801 1266 non
2833 1215 3246 1276 consecretur,
3285 1209 3674 1262 damnatur
3731 1207 3794 1260 ah

2060 1301 2466 1356 ecclesiasticis
2501 1299 2722 1370 regulis
2759 1316 2896 1356 cum
2929 1299 3056 1354 suis
3087 1297 3482 1353 auctoribus
3551 1299 3622 1350 et
3681 1312 3796 1350 me-

2061 1389 2404 1457 diatoribus,
2434 1405 2498 1444 ac
2533 1388 2582 1444 si
2615 1391 3083 1455 consecraretur,
3142 1387 3296 1458 quia
3361 1401 3652 1440 necesse
3713 1389 3794 1439 est

2061 1483 2262 1534 sancta
2291 1479 2408 1532 sint
2437 1492 2809 1548 quaecunque
2836 1475 3161 1532 sanctuarii
3185 1479 3250 1530 et
3283 1473 3525 1530 altaris
3595 1473 3794 1528 famu-

2061 1567 2276 1636 lantur,
2303 1571 2359 1621 et
2387 1567 2680 1622 debentur
2711 1566 2941 1620 usibus.
2992 1565 3156 1628 Quod
3195 1563 3249 1619 si
3315 1567 3560 1619 sancta
3631 1567 3796 1632 sunt,

2061 1655 2210 1710 sicut
2241 1671 2368 1710 vere
2389 1658 2554 1720 sunt,
2587 1670 2829 1710 necesse
2859 1657 2950 1709 est
2981 1653 3383 1708 sanctitatem
3419 1654 3490 1708 et
3555 1651 3796 1706 sancti-

2061 1744 2386 1798 ﬁcationem
2416 1743 2475 1797 in
2509 1759 2569 1798 se
2611 1742 2884 1810 habeant,
2921 1741 3061 1813 quia
3093 1745 3316 1797 sancta
3351 1743 3540 1796 sunt.
3603 1740 3796 1796 Sanc-

2059 1832 2195 1886 titas
2227 1836 2418 1886 autem
2451 1830 2537 1886 vel
2573 1831 2954 1886 sanctiﬁcatio
2989 1846 3094 1884 nec
3127 1833 3242 1896 est,
3278 1847 3400 1886 nec
3451 1845 3604 1886 esse
3699 1846 3798 1901 po-

325 1933 424 1984 aut
451 1928 718 1983 monachi
769 1927 1371 2021 anathematizentur:
1413 1929 1678 2021 putastis,
1724 1924 1950 2021 lsentis,
1983 1957 2032 2021 B
2065 1923 2176 2021 test
2200 1919 2326 2021 sine
2349 1919 2564 2021 Spiritu
2603 1923 2827 2019 sancto,
2859 1919 2980 2017 imo
3009 1917 3139 2021 ipsa
3171 1922 3270 2021 est
3293 1918 3602 2021 Spiritus
3651 1935 3794 1974 san-

326 2016 668 2083 Simoniace,
693 2015 934 2087 pallium
959 2019 1126 2069 tuum
1160 2014 1374 2069 caelesti
1423 2013 1528 2067 tibi
1579 2013 1814 2067 flamine
1864 2012 1956 2066 de-

325 2120 582 2170 cussum,
629 2107 801 2174 teque
847 2103 1072 2158 nudum
1120 2104 1228 2157 sub
1293 2100 1643 2156 hiemalibus
1698 2116 1950 2172 superno

325 2192 558 2247 fulmini
605 2191 918 2246 relictum?
965 2192 1222 2247 sentisne
1261 2195 1665 2245 sexcentorum
1712 2189 1951 2260 triginta

325 2281 559 2336 Patrum
575 2279 899 2334 trabalibus
921 2279 1049 2334 telis
1071 2277 1540 2348 confossus,quid
1565 2277 1950 2348 comparando

325 2367 777 2425 sollicitudinem
819 2366 906 2421 vel
958 2367 1450 2437 dispensationem
1505 2365 1952 2420 ecclesiasticam

326 2456 544 2511 habeas
561 2453 756 2508 minus
780 2453 918 2523 illis,
948 2454 1254 2525 quiipsam
1297 2468 1526 2524 quoque
1569 2453 1954 2508 consecratio-

329 2560 462 2598 nem
487 2547 899 2614 compararunt
919 2543 1102 2596 ?Ecce
1129 2558 1464 2596 oeconomus
1498 2558 1588 2596 res
1619 2541 1958 2596 ecclesiasti-

329 2648 425 2687 cas
449 2631 804 2702 dispensare,
831 2647 942 2684 non
978 2634 1170 2684 autem
1201 2630 1522 2685 consecrari
1571 2631 1754 2700 pretio
1807 2646 1957 2700 qua:-

327 2719 478 2786 sivit,
513 2735 699 2790 neque
732 2719 882 2772 enim
915 2735 1247 2773 mcenomus
1280 2723 1667 2783 consecratur,
1691 2721 1958 2772 ettamen

329 2807 378 2862 si
410 2807 597 2878 pretio
629 2810 1017 2878 promovetur,
1079 2805 1460 2860 nihilominus
1520 2806 1954 2860 damnationem

327 2895 576 2950 incurrit
604 2911 780 2966 quam
811 2893 1117 2965 episcopus
1150 2899 1249 2949 aut
1281 2895 1582 2966 presbyter
1611 2894 1789 2965 pretio
1823 2911 1954 2966 pro-

329 2987 549 3038 motus.
580 2983 696 3037 Cur
723 2983 854 3050 hoc,
887 2983 1000 3036 nisi
1031 2983 1168 3053 quia
1197 3000 1310 3037 non
1342 2981 1534 3036 solum
1559 2983 1617 3036 in
1661 2983 1954 3050 maximis,

332 3071 432 3126 sed
459 3070 720 3124 etiamin
769 3069 1028 3123 minimis
1081 3070 1478 3126 ecclesiastica:
1535 3070 1958 3141 procurationis

334 3157 542 3214 ofﬁciis
569 3157 817 3228 Spiritus
859 3161 1095 3213 sanctus
1151 3162 1420 3228 operatur
1449 3157 1476 3210 ?
1525 3159 1686 3221 Quod
1745 3158 1961 3229 experi-

335 3249 530 3301 mento
562 3249 796 3301 noverat
826 3244 922 3300 ille
954 3245 1321 3316 dispensator
1343 3245 1548 3311 ﬁdelis,
1571 3246 1670 3316 qui
1693 3246 1918 3301 dicebat
1943 3262 1956 3300 :

2061 2011 2208 2076 ctus,
2241 2008 2398 2063 velut
2435 2007 2710 2080 quisquis
2753 2007 2990 2080 sapiens
3021 2007 3110 2062 vel
3147 2010 3363 2063 castus
3401 2011 3534 2076 est,
3575 2021 3792 2063 neces-

2064 2113 2124 2151 se
2154 2101 2244 2151 est
2275 2096 2624 2168 sapientiam
2656 2095 2746 2151 vel
2780 2096 3118 2152 castitatem
3147 2095 3206 2150 in
3243 2113 3312 2152 se
3345 2095 3618 2162 habeat,
3641 2096 3790 2167 quia

2064 2184 2296 2256 sapiens
2329 2185 2418 2240 vel
2450 2189 2649 2242 castus
2681 2189 2790 2240 est.
2815 2186 3018 2256 Itaque
3052 2188 3294 2241 constat
3329 2183 3794 2240 sanctiﬁcatio-

2067 2290 2197 2328 nem
2227 2272 2314 2328 vel
2342 2273 2743 2341 sanctitatem,
2791 2272 3026 2330 scilicet
3085 2272 3396 2344 Spiritum
3453 2277 3790 2342 sanctum,

2065 2361 2467 2428 sanctiﬁcatis,
2500 2361 2589 2416 vel
2621 2361 2848 2418 sanctis
2881 2361 3081 2428 rebus,
3115 2365 3224 2416 aut
3259 2360 3568 2432 personis
3635 2362 3792 2418 ines-

2066 2467 2146 2505 se.
2179 2451 2540 2521 Quapropter
2570 2449 2911 2522 quicunque
2961 2449 3340 2521 stipendium
3395 2449 3502 2505 vel
3563 2451 3792 2506 beneﬁ-

2065 2539 2219 2594 cium
2251 2538 2766 2595 ecclesiasticuum
2815 2539 3017 2595 vendit
3073 2543 3178 2594 aut
3235 2539 3416 2605 emit,
3473 2539 3790 2612 Spiritum

2066 2631 2334 2682 sanctum
2367 2627 2774 2698 proculdubio
2804 2627 3008 2683 vendit
3037 2631 3142 2683 aut
3173 2627 3344 2694 emit,
3387 2644 3527 2683 non
3565 2633 3642 2684 ut
3702 2629 3789 2700 ip-

2065 2731 2126 2770 se
2154 2715 2403 2786 Spiritus
2435 2719 2678 2772 sanctus
2713 2717 2774 2770 in
2807 2731 2894 2786 re,
2929 2720 3032 2771 aut
3063 2733 3202 2770 cum
3235 2732 3299 2770 re
3345 2716 3628 2772 vendita
3687 2723 3786 2772 aut

2064 2807 2260 2874 empta
2293 2803 2603 2870 habeatur,
2639 2805 2742 2860 sed
2780 2809 2844 2860 ut
2878 2805 2952 2860 ab
3011 2821 3104 2876 ea,
3167 2820 3354 2876 quam
3423 2807 3786 2864 sanctiﬁca-

2067 2891 2186 2958 bat,
2220 2892 2484 2947 oﬁensus
2543 2893 2858 2964 effugetur,
2923 2896 2979 2948 et
3018 2893 3091 2948 ab
3149 2893 3490 2949 immundo
3560 2895 3784 2968 spiritu

2069 2969 2380 3051 polluenda
2410 2980 2785 3051 pervadatur,
2813 2982 2989 3052 juxta
3035 2981 3190 3053 quod
3221 2998 3330 3053 per
3395 2981 3784 3040 Malachiam

2068 3067 2326 3123 dicitur:
2387 3091 2414 3118 ‹‹
2453 3068 2891 3125 Contaminavit
2947 3069 3140 3125 Judas
3203 3069 3782 3128 sanctiﬁcationem

2069 3156 2322 3227 Domini,
2357 3173 2536 3228 quam
2597 3157 2799 3213 dilexit
2859 3158 3121 3230 (Malach.
3186 3175 3251 3224 Π,
3315 3157 3437 3230 14).
3481 3181 3516 3208 ››
3575 3159 3782 3232 Neque

2070 3245 2227 3300 enim
2259 3245 2643 3301 sanctiﬁcatio
2677 3247 3066 3302 contaminari
3099 3249 3317 3319 potest,
3353 3248 3470 3303 sed
3497 3253 3784 3322 metony-

345 3355 374 3384 «
404 3335 497 3389 Sic
528 3350 633 3388 nos
663 3332 953 3388 existimet
993 3333 1165 3388 homo
1198 3338 1264 3388 ut
1317 3333 1616 3388 ministros
1674 3333 1884 3388 Christi
1915 3337 1970 3389 et
2000 3316 2042 3383 C
2081 3333 2264 3389 micos
2297 3350 2399 3404 pro
2431 3350 2497 3388 eo
2522 3335 2676 3406 quod
2729 3336 3012 3404 continet,
3073 3316 3134 3390 id
3195 3336 3354 3405 quod
3415 3316 3786 3394 continetur

341 3422 768 3494 dispensatores
793 3422 1202 3494 mysteriorum
1235 3422 1333 3476 Dei
1370 3448 1382 3488 ;
1415 3422 1508 3476 hic
1531 3423 1655 3491 jam
1688 3423 1968 3493 quaeritur

338 3511 490 3566 inter
519 3511 948 3581 dispensatores
976 3511 1236 3565 utﬁdelis
1257 3511 1390 3581 quis
1423 3511 1749 3565 inveniatur
1772 3513 1818 3582 (Ι
1838 3513 1964 3567 Cor.

339 3615 413 3668 Iv,
447 3601 500 3666 1,
528 3602 603 3666 2).
631 3621 657 3646 »
689 3599 948 3670 Denique
973 3599 1042 3653 de
1073 3599 1478 3670 spiritualibus
1511 3598 1712 3654 nolens
1735 3600 1961 3672 ignora-

337 3701 396 3742 re
426 3686 771 3753 Corinthios,
805 3686 884 3741 ait
919 3703 931 3741 :
981 3709 1007 3735 «
1041 3687 1363 3742 Divisiones
1421 3687 1741 3759 gratiarum
1801 3692 1961 3754 sunt,

333 3775 487 3830 idem
517 3779 711 3830 autem
761 3775 1050 3846 spiritus;
1111 3779 1167 3829 et
1213 3775 1523 3831 divisiones
1582 3775 1963 3832 ministratio-

333 3879 472 3918 num
495 3867 653 3931 sunt,
711 3863 866 3918 idem
916 3867 1111 3918 autem
1171 3863 1476 3932 Dominus,
1536 3867 1593 3918 et
1649 3863 1962 3919 divisiones

331 3952 730 4024 operationum
762 3955 918 4018 sunt,
953 3951 1106 4006 idem
1139 3967 1272 4006 vero
1323 3956 1473 4006 Deus
1531 3952 1629 4023 qui
1687 3957 1959 4024 operatur

275 4075 284 4081 -
331 4041 528 4098 omnia
555 4040 613 4094 in
645 4040 916 4095 omnibus
945 4042 992 4108 (1
1022 4042 1139 4094 Cor.
1169 4057 1266 4106 xu,
1299 4041 1437 4112 4-6).
1475 4063 1500 4089 ››
1538 4042 1644 4104 Qui
1703 4057 1834 4096 mox
1863 4057 1958 4095 se-

330 4127 590 4182 cundum
623 4127 866 4197 quodin
927 4129 1162 4181 tertium
1221 4127 1431 4182 coalum
1492 4133 1693 4200 raptus
1751 4145 1956 4184 novem

331 4214 650 4270 ccelestium
682 4213 982 4286 agminum
1035 4214 1265 4269 ordines
1323 4220 1717 4287 conspexerat,
1751 4233 1956 4271 novem

331 4318 561 4375 quoque
585 4302 904 4374 gratiarum
936 4301 1442 4359 distributionibus
1489 4305 1548 4359 in
1605 4305 1712 4359 hoc
1759 4309 1954 4360 nostro

329 4407 506 4464 regno
539 4390 835 4456 caelorum,
867 4391 924 4444 id
957 4394 1045 4446 est
1073 4391 1130 4445 in
1191 4393 1458 4462 przesenti
1513 4391 1768 4448 Ecclesia
1814 4409 1954 4447 enu-

330 4481 588 4546 meratis,
612 4479 915 4549 subjunxit
948 4497 960 4534 :
1008 4500 1036 4530 «
1067 4480 1194 4534 Haec
1225 4481 1420 4536 omnia
1472 4485 1744 4553 operatur
1800 4497 1954 4536 unus

329 4587 395 4626 ac
425 4569 577 4624 idem
611 4567 882 4641 Spiritus,
915 4567 1175 4623 dividens
1212 4567 1482 4640 singulis,
1539 4573 1708 4640 prout
1755 4569 1878 4624 vult
1908 4571 1955 4640 (Ι

2079 3421 2460 3476 contaminari
2491 3421 2740 3477 dicitur:
2776 3423 2885 3478 Ubi
2955 3440 3046 3480 res
3095 3439 3163 3479 ea
3217 3439 3410 3495 quam
3467 3424 3782 3482 hactenus

2077 3509 2479 3565 sanctiﬁcabat
2508 3509 2760 3582 qualiter
2789 3511 3015 3567 dictum
3043 3516 3133 3568 est
3159 3513 3590 3570 contaminat.
3639 3515 3776 3571 Pro-

2077 3598 2292 3654 talibus
2356 3599 2619 3670 quandiu
2668 3617 2782 3655 non
2843 3600 3224 3672 resipuerint,
3287 3617 3402 3656 nec
3463 3605 3782 3660 orandum

2076 3691 2315 3742 sanctus
2361 3685 2753 3759 Hieronymus
2807 3705 2986 3760 super
3045 3689 3326 3744 eumdem
3393 3691 3780 3763 praphetam

2075 3774 2156 3830 sic
2188 3777 2380 3846 aperte
2431 3775 2728 3830 ostendit:
2791 3799 2820 3826 «
2853 3775 3000 3840 Quia
3057 3775 3243 3849 igitur
3299 3777 3420 3833 hoc
3491 3779 3778 3836 fecerunt

2073 3862 2364 3934 prephetae
2397 3863 2467 3917 ad
2501 3879 2602 3919 eos
2621 3880 2812 3920 sermo
2845 3865 3144 3937 dirigitur,
3178 3869 3236 3920 et
3269 3883 3304 3920 a
3335 3873 3608 3937 peccato
3643 3887 3776 3926 ma-

2071 3949 2481 4006 ledictionibus
2534 3952 2932 4008 retrahuntur.
2995 3953 3112 4008 Nec
3170 3952 3372 4008 dixit:
3431 3955 3774 4014 Maledicat

2069 4038 2350 4094 Dominus
2381 4039 2430 4093 ei
2467 4038 2566 4110 qui
2593 4039 2728 4095 fecit
2757 4040 2888 4106 hoc,
2925 4042 3024 4098 sed
3060 4041 3164 4112 qui
3197 4041 3435 4111 fecerit,
3473 4043 3548 4100 in
3607 4047 3770 4103 futu-

2069 4143 2200 4181 rum
2229 4127 2474 4183 tendens
2507 4127 3000 4200 maledictionem,
3037 4133 3102 4184 ut
3132 4133 3487 4202 peccatores
3523 4135 3608 4190 ad
3663 4153 3772 4208 pae-

2068 4215 2373 4270 nitentiam
2439 4223 2846 4288 provocentur.
2905 4219 3214 4274 Doctorem
3273 4218 3514 4291 inquit,
3584 4229 3768 4297 atque

2066 4303 2421 4375 discipulum
2459 4322 2471 4372 ;
2504 4303 2622 4360 sive
2653 4305 2747 4360 ille
2779 4307 3056 4363 sacerdos
3087 4307 3186 4374 sit,
3221 4306 3342 4363 sive
3377 4307 3768 4382 levites,una

2067 4391 2471 4447 maledictione
2503 4393 2802 4448 ferientur.
2837 4395 2908 4450 Et
2937 4395 3280 4452 offerentem
3335 4413 3590 4457 munus
3659 4407 3762 4458 Do-

2066 4480 2224 4534 mino
2255 4481 2634 4548 exercituum,
2667 4483 3022 4538 subauditur
3051 4500 3064 4538 :
3091 4483 3420 4554 Disperdat
3453 4490 3762 4546 Dominus

2064 4583 2218 4636 eum,
2245 4569 2342 4640 qui
2377 4584 2479 4640 pro
2513 4567 2856 4640 hujusmodi
2883 4569 3226 4627 hominibus
3253 4569 3532 4630 voluerit
3561 4579 3644 4632 ad
3679 4578 3760 4634 al-

330 4658 449 4715 Cor.
483 4675 585 4722 xu,
621 4657 727 4726 ll).
763 4678 791 4706 »
845 4657 916 4710 Et
953 4656 1254 4712 considera
1310 4658 1464 4727 quod
1511 4655 1822 4728 Apostolus
1853 4658 1952 4730 qui
1985 4679 2032 4744 D
2063 4659 2184 4712 tare
2215 4673 2431 4712 munus
2464 4659 2686 4725 offerre,
2721 4675 2976 4730 quorum
3019 4659 3214 4715 solum
3275 4661 3610 4721 remdium
3669 4673 3756 4723 est

327 4747 486 4819 prius
509 4745 618 4803 sub
649 4746 900 4801 ternario
923 4761 1162 4800 numero
1193 4745 1523 4818 spirituales
1554 4747 1769 4818 gratias
1800 4763 1952 4802 com-

323 4834 726 4907 prehenderat,
760 4849 892 4888 mox
921 4849 1017 4888 eas
1047 4833 1106 4888 in
1155 4833 1534 4890 novenarium
1591 4834 1816 4906 dilatat,
1880 4836 1954 4892 si-

325 4921 610 4995 gniﬁcans
641 4921 816 4991 quod,
849 4921 1036 4978 instar
1063 4921 1240 4976 beata:
1268 4922 1590 4992 Trinitatis,
1641 4927 1756 5000 tres
1815 4929 1950 4979 tan-

323 5013 450 5066 tum
483 5007 841 5063 diversitates
871 5009 1172 5064 hominum
1203 5010 1262 5066 in
1293 5009 1470 5080 hujus
1539 5012 1819 5083 temporis
1847 5013 1948 5067 Ec-

325 5096 501 5154 clesia
555 5095 940 5168 inveniantur,
1001 5099 1302 5154 doctorum
1352 5099 1592 5166 scilicet,
1650 5101 1949 5155 continen-

321 5185 467 5240 iium
499 5188 556 5240 et
584 5185 1046 5256 conjugatorum.
1079 5187 1210 5249 Quae
1237 5191 1432 5241 tamen
1462 5190 1600 5252 tres,
1633 5187 1682 5241 si
1727 5205 1827 5258 pro
1859 5189 1948 5242 of-

325 5275 588 5330 ﬁciorum
619 5273 968 5340 diversitate,
1015 5274 1172 5329 velut
1227 5273 1623 5346 personaliter,
1684 5276 1947 5331 conside-

323 5367 544 5430 rentur,
576 5377 779 5417 novem
811 5361 1009 5432 procul
1040 5361 1217 5416 dubio
1250 5363 1307 5416 in
1339 5361 1446 5415 hac
1473 5361 1723 5417 Ecclesia
1760 5363 1948 5418 diver-

323 5451 526 5505 sitates
555 5449 880 5516 hominum,
905 5449 1154 5503 cmlestis
1184 5448 1403 5502 militiae
1421 5447 1623 5514 instar,
1649 5451 1949 5521 reperiun-

320 5541 438 5602 tur,
469 5537 787 5590 secundum
815 5538 964 5606 quod
1027 5536 1363 5592 venerabilis
1417 5541 1582 5591 Pater
1637 5537 1947 5610 Dionysius

323 5623 667 5690 Areopagita
694 5623 982 5678 subtiliter
1011 5629 1067 5677 et
1098 5625 1450 5678 sufficienter
1483 5625 1541 5678 in
1565 5625 1688 5679 suis
1722 5626 1949 5696 scriptis

325 5711 404 5762 De
433 5705 649 5762 caelesti
673 5707 994 5766 hierarchia
1025 5714 1350 5766 attestatur.

2063 4762 2176 4801 non
2207 4745 2393 4801 facere
2424 4762 2551 4816 quae
2583 4745 2864 4802 fecerunt.
2901 4769 2930 4797 »

2135 4835 2197 4888 In
2221 4851 2336 4905 qua
2357 4838 2554 4890 tamen
2587 4835 2740 4890 docti
2769 4835 2876 4891 viri
2910 4837 3112 4892 stricta
3173 4835 3428 4908 quidem
3493 4843 3614 4899 sed
3673 4845 3752 4900 di-

2064 4925 2264 4979 stricta
2296 4923 2608 4992 sententia,
2643 4925 3116 4982 animadvertant
3173 4926 3322 4998 quid
3389 4939 3752 4990 mereantur

2060 5013 2158 5083 qui
2190 5028 2280 5066 res
2312 5011 2426 5067 Deo
2459 5013 2855 5069 sanctiﬁcatas
2887 5015 3319 5080 contaminant,
3355 5015 3522 5075 dum
3555 5037 3632 5078 ex
3679 5023 3748 5076 il-

2058 5099 2130 5156 lis
2150 5101 2260 5155 sibi
2281 5100 2668 5172 negotiantur.
2691 5101 2796 5156 Per
2825 5119 3082 5175 quorum
3103 5103 3420 5175 negotium
3457 5105 3536 5162 ﬁt
3568 5126 3744 5166 saecu-

2059 5187 2179 5244 lare
2201 5188 2354 5258 quod
2383 5205 2614 5244 sacrum
2637 5194 2812 5256 est,ut
2862 5191 3070 5247 beatus
3121 5191 3456 5264 Gregorius
3509 5198 3742 5255 edocet.

2061 5277 2220 5332 Unde
2236 5277 2372 5347 quia
2385 5275 2855 5350 sacralegunt,id
2873 5281 3270 5348 estfurantur,
3307 5281 3546 5340 merito
3575 5289 3744 5344 sacri-

2059 5364 2480 5438 legidicuntur.
2509 5367 2800 5422 Ferantur
2823 5369 2982 5422 enim
3005 5367 3738 5440 sanctiﬁcationem,dum

2059 5453 2559 5518 illam,subtractis
2581 5455 2752 5510 rebus
2767 5456 2854 5511 vel
2876 5457 3094 5513 invasis
3113 5473 3262 5529 quas
3277 5459 3736 5532 sanctiﬁcabat,

2057 5545 2218 5595 tanta
2241 5542 2440 5596 fraude
2462 5541 2817 5598 subtrahunt
2845 5549 2902 5599 et
2924 5545 3198 5601 auferunt
3219 5551 3308 5612 ut,
3333 5546 3516 5604 velut
3541 5551 3742 5610 incau-

2059 5633 2154 5683 tus
2177 5629 2612 5694 homo,furtum
2653 5649 2862 5702 passus
2904 5635 3173 5690 affectent
3215 5651 3278 5690 se
3312 5635 3736 5698 ecclesiastica

2061 5717 2361 5772 affectione
2402 5717 2628 5786 divites,
2657 5721 2799 5779 nihil
2845 5725 2976 5796 ejus
2997 5725 3123 5796 jam
3183 5723 3508 5782 habentes.
3579 5733 3734 5800 Quos
