3864 6356
101 471 266 538 1145

684 474 1101 545 ADVERSUS
1147 472 1619 541 SIMONIACOS
1666 472 1872 539 LIBRI
1914 474 2139 538 TRES.
2174 508 2250 521 -
2282 473 2517 538 LIBER
2559 473 2923 539 TERTIUS.

3349 474 3504 544 {HG

95 608 314 682 utique
344 609 655 685 sacrilegos
687 612 992 680 cavendos,
1026 611 1137 684 (19)
1194 610 1355 679 Pius,
1415 607 1747 683 apostolica
1779 610 1834 677 Α
1860 608 1948 665 vel
1979 626 2069 665 res
2099 608 2367 665 Ecclesiae
2389 606 2720 678 abstulerit,
2755 604 3130 682 sacrilegium
3154 606 3312 666 facit.
3345 607 3509 668 Unde

36 754 37 783 ξ
96 699 268 754 sedis
300 701 575 772 pontifex,
608 701 690 756 ita
719 702 1051 769 denuntiat,
1083 701 1282 756 dicens
1313 701 1493 771 (epist.
1522 702 1576 771 2)
1621 718 1633 755 :
1666 699 1749 755 Ab

96 810 126 837 ‹‹
166 789 452 845 omnibus
484 788 641 844 illius
674 790 1153 862 usurpationihus
1173 788 1525 845 contumelia
1556 787 1749 860 depel-

96 875 283 933 lenda
312 883 420 945 est,
458 895 529 933 ne
560 878 759 949 praelia
784 878 894 933 sibi
927 884 1278 934 secretorum
1308 878 1635 934 caelestium
1658 876 1751 932 di-

97 969 234 1020 cata
266 984 302 1021 a
334 966 690 1037 quibusdam
724 966 1080 1022 irruentibus
1114 972 1413 1022 vexentur.
1476 966 1639 1031 Quod
1700 966 1750 1021 si

96 1054 239 1125 quis
274 1054 1074 1127 prmsumpserit,sacrilegus
1132 1056 1438 1123 habeatur,
1494 1059 1550 1111 et
1599 1055 1753 1110 sicut

36 1152 37 1183 1
97 1141 777 1213 sacrilegusjudicctur.
814 1142 974 1214 Ipsos
1016 1147 1213 1198 autem
1245 1144 1346 1215 qui
1379 1143 1487 1199 hoc
1545 1147 1748 1215 agunt,

36 1242 37 1275 ὲ
97 1228 352 1285 clericos
383 1237 438 1285 et
468 1231 695 1285 Domini
723 1232 1050 1287 sacerdotes
1087 1232 1359 1305 persequi
1415 1248 1632 1305 eosque
1659 1232 1748 1288 in-

96 1318 330 1375 famare
362 1320 713 1386 audivimus,
747 1326 812 1376 ut
858 1320 1080 1377 malum
1139 1338 1317 1393 super
1375 1322 1598 1378 malum
1655 1321 1751 1378 ad-

36 1434 37 1457 :
96 1408 264 1476 dant,
293 1415 351 1464 ct
367 1408 679 1465 deteriores
704 1410 865 1475 fiant,
892 1428 1005 1465 non
1029 1410 1421 1483 intelligentes
1454 1412 1609 1484 quod
1645 1411 1749 1467 Ec-

96 1496 284 1551 clesia
306 1498 405 1553 Dei
430 1498 486 1553 in
511 1499 912 1554 sacerdotibus
934 1500 1509 1567 consistit,etcrescit
1530 1500 1589 1555 in
1608 1503 1751 1556 tem-

94 1586 266 1657 plum
291 1588 487 1642 Dei.Et
508 1588 659 1643 sicut
682 1588 781 1660 qui
803 1588 1107 1644 ecclesiam
1130 1590 1229 1645 Dei
1251 1591 1595 1661 vastat,ejus
1615 1607 1752 1661 pra:-

96 1674 280 1743 dia,et
300 1676 544 1732 donaria
565 1676 851 1748 exspoliat
872 1681 927 1732 et
950 1677 1265 1744 invadit,fit
1290 1678 1751 1749 sacrilegus,sic-

97 1780 217 1835 que
242 1765 345 1835 qui
368 1766 495 1836 ejus
514 1767 847 1821 sacerdotes
897 1765 1227 1838 insequitur
1274 1766 1563 1838 sacrilegii
1615 1784 1747 1822 reus

98 1852 322 1922 existit,
356 1857 411 1907 et
437 1854 759 1925 sacrilogus
780 1855 1101 1924 judicatur.
1123 1878 1141 1905 ι
1167 1855 1231 1909 Et
1252 1856 1457 1910 beatus
1476 1873 1625 1928 papa
1650 1856 1753 1911 Ur-

97 1942 297 1996 banus
320 1943 492 2012 (epist.
518 1959 574 1996 n.
596 1946 652 2012 2)
681 1959 693 1995 :
722 1964 749 1991 ‹‹
770 1942 1186 1998 Εοοιεείξιδίἰεω
1206 1961 1318 2010 res,
1368 1943 1583 2015 inquit,
1616 1944 1752 1999 ﬁde-

99 2030 252 2085 lium
286 2030 612 2086 oblationes
646 2030 1035 2102 appellantur,
1064 2031 1462 2103 quiaDomino
1504 2034 1755 2088 offerun-

99 2123 220 2173 tur.
245 2117 374 2172 Non
400 2135 535 2189 ergo
559 2120 618 2173 in
650 2118 783 2174 aliis
808 2120 1014 2175 usibus
1051 2136 1225 2192 quam
1244 2120 1677 2187 ecclesiasticis,
1701 2126 1759 2177 et

102 2207 359 2262 fratrum
391 2206 860 2263 Christianorum
893 2224 1268 2263 communem
1319 2210 1500 2264 vitam
1550 2210 1758 2282 degere

100 2296 450 2366 volentium,
475 2295 561 2350 vel
597 2296 985 2369 indigentium
1010 2298 1285 2366 converti,
1303 2298 1440 2370 quia
1470 2303 1600 2353 vota
1621 2302 1760 2353 sunt

82 2386 395 2454 'ﬁdelium,
418 2389 474 2441 et
504 2384 688 2456 pretia
710 2390 1101 2456 peccatorum,
1124 2395 1297 2458 atque
1319 2387 1390 2441 ad
1412 2388 1758 2458 praedictum

101 2492 253 2548 opus
276 2473 632 2546 explendum
655 2474 900 2529 Domino
944 2474 1191 2529 traditze.
1227 2475 1286 2531 Si
1346 2476 1476 2547 quis
1537 2481 1755 2531 autem.

102 2565 259 2637 quod
294 2562 485 2619 absitl
514 2580 682 2617 secus
713 2564 913 2634 egerit,
961 2565 1153 2620 videat
1186 2581 1256 2619 ne
1316 2565 1756 2621 damnationem

98 2653 342 2709 Anania:
376 2657 431 2707 et
456 2652 713 2724 Saphira:
746 2652 1043 2725 percipiat,
1075 2658 1132 2709 et
1155 2669 1291 2709 reus
1348 2654 1637 2727 sacrilegii
1670 2654 1753 2710 ef-

103 2743 357 2810 ﬁciatur,
392 2742 546 2796 sicut
578 2746 634 2796 et
667 2742 750 2796 illi
783 2743 883 2813 qui
915 2742 1324 2813 praedictarum
1377 2760 1573 2798 rerum
1623 2759 1758 2814 pre-

36 2868 39 2904 ε
101 2833 251 2888 tium
286 2831 769 2886 fraudaverunt.»
795 2832 863 2886 Et
888 2835 1019 2903 post
1041 2848 1263 2904 pauca:
1298 2855 1317 2881 α
1347 2832 1500 2898 Haec,
1526 2832 1754 2901 fratres,

36 3316 39 3355 l

36 3404 43 3449 ι

36 3582 41 3629 l

35 3674 45 3719 Ι

36 3940 45 3987 l

100 2922 269 2977 valde
302 2921 558 2975 cavenda
590 2924 728 2975 sunt
754 2925 811 2975 et
842 2921 1124 2986 timenda,
1166 2921 1301 2992 quia
1350 2937 1441 2977 res
1500 2921 1755 2976 ecclesia:

102 3028 218 3067 non
252 3008 427 3082 quasi
456 3010 723 3081 proprias,
755 3010 857 3065 sed
890 3014 955 3064 ut
985 3027 1357 3078 communes,
1403 3014 1460 3065 et
1513 3011 1759 3066 Domino

109 3101 317 3157 oblata:
351 3115 489 3154 cum
522 3116 755 3154 summo
789 3100 999 3155 timore
1032 3116 1147 3155 non
1182 3100 1239 3154 in
1292 3099 1459 3166 alios,
1493 3117 1670 3172 quam
1701 3100 1761 3155 in

106 3192 379 3263 praefatos
407 3206 553 3243 usus
589 3192 728 3243 sunt
758 3188 1004 3244 fideliter
1034 3189 1465 3260 dispensanda),
1493 3204 1564 3244 ne
1592 3188 1764 3243 sacri-

1860 702 1918 754 et
1944 698 1976 753 J
1987 698 2130 753 udas
2152 699 2250 770 qui
2281 699 2598 770 pecuniam
2626 698 3074 772 fraudavit,quaa
3104 699 3310 756 usibus
3330 700 3509 757 eccle-

1860 786 1961 842 siae
1982 785 2038 841 id
2062 804 2149 855 est
2172 787 2557 859 pauperibus,
2594 804 2741 860 quos
2761 788 3020 844 Ecclesia
3048 805 3288 861 pascere
3320 790 3509 857 debet,

1860 875 2471 947 destinabatur,jussu
2492 876 2830 947 Salvatoris,
2854 878 3025 949 cujus
3047 879 3303 951 episcopi
3325 880 3510 935 vicem

1861 968 2076 1030 tenent,
2107 982 2220 1020 non
2244 966 2434 1021 solum
2456 967 2547 1022 fur
2568 971 2625 1023 et
2643 962 2965 1039 sacrilegus
3012 968 3257 1024 effectus
3288 972 3396 1024 est.
3430 969 3510 1024 De

1860 1052 2076 1108 talibus
2098 1053 2275 1121 enim,
2298 1053 2355 1109 id
2379 1058 2466 1111 est
2489 1055 2589 1127 qui
2613 1055 2917 1111 facultates
2932 1055 3198 1111 Ecclesiae
3248 1057 3507 1130 rapiunt,

1861 1141 2156 1207 fraudant,
2176 1142 2264 1197 vel
2298 1144 2589 1210 auferunt,
2621 1145 2905 1201 Dominus
2929 1145 3302 1201 comminans
3324 1147 3511 1201 omni-

1861 1231 1971 1287 bus
1995 1248 2098 1303 per
2118 1230 2463 1304 Prophetam
2488 1232 2766 1304 loquitur,
2791 1232 2991 1289 dicens
3020 1251 3033 1289 :
3088 1255 3115 1285 «
3139 1234 3316 1301 Deus,
3372 1234 3507 1306 quis

1861 1319 2073 1376 similis
2093 1319 2201 1374 erit
2222 1320 2327 1375 tibi
2348 1321 2376 1374 ‘I
2397 1338 2466 1376 ne
2480 1324 2886 1394 taceas,neque
2906 1323 3501 1395 compescaris,Deus.

1862 1410 2147 1475 Quoniam
2170 1426 2301 1466 ecce
2321 1409 2545 1465 inimici
2569 1411 2655 1466 tui
2676 1416 3019 1481 sonuerunt,
3035 1416 3092 1468 et
3115 1412 3215 1484 qui
3258 1413 3508 1477 oderunt

1860 1502 1918 1554 te
1937 1498 2271 1554 extulerunt
2304 1502 2502 1571 caput,
2527 1521 2555 1549 »
2580 1504 2713 1565 etc.,
2750 1516 2937 1572 usque
2957 1500 3017 1555 in
3074 1502 3250 1557 ﬁnem
3297 1500 3507 1573 psalmi

1864 1588 2031 1659 (Psal.
2058 1605 2266 1654 Lxxxu,
2288 1588 2363 1659 2).
2391 1590 2517 1643 Haec
2548 1589 2672 1644 ﬁeri
2698 1588 3014 1661 prephetae,
3058 1589 3181 1645 hac
3241 1589 3507 1662 apostoli,

1861 1676 1982 1732 haec
2015 1694 2352 1733 sucessores
2383 1694 2589 1734 eorum
2621 1678 2889 1734 omnium
2930 1677 3352 1735 catholicorum
3406 1679 3512 1735 Pa-

1861 1769 2019 1821 trum
2049 1770 2245 1821 vetant
2267 1767 2519 1833 decreta,
2540 1770 2597 1822 et
2628 1766 2775 1823 tales
2798 1768 3288 1840 praesumptiones
3335 1768 3512 1824 sacri-

1863 1852 2015 1925 legia
2035 1870 2161 1909 esse
2192 1854 2539 1925 dijudicant.
2577 1855 2837 1918 Quorum
2862 1872 2969 1910 nos
2998 1859 3514 1926 sequentesexem-

1864 1942 1979 2014 pla,
2003 1959 2205 1999 omnes
2238 1942 2383 1999 tales
2414 1948 2888 2016 praesumptores,
2920 1944 3188 2001 Ecclesiae
3250 1949 3512 2018 raptores

1867 2035 2040 2103 atque
2053 2049 2294 2088 suarum
2312 2032 2677 2105 voluptatum
2701 2032 3071 2101 alienatores,
3089 2050 3207 2090 una
3227 2034 3511 2107 vobisque

1867 2137 1901 2176 a
1929 2119 2232 2177 liminibus
2253 2126 2465 2178 sanctzs
2490 2122 2694 2178 matris
2712 2121 3508 2191 Ecclesim,anathematizan-

1867 2210 1973 2265 dos
1995 2210 2312 2283 apostolica
2346 2211 2710 2285 auctoritate,
2761 2210 3123 2284 repellimus,
3157 2216 3215 2267 et
3263 2212 3508 2268 damna-

1867 2315 2021 2366 mus,
2046 2305 2218 2371 atque
2239 2299 2551 2372 sacrilegos
2571 2317 2698 2355 esse
2712 2300 3150 2371 judicamus.Et
3170 2317 3287 2357 non
3310 2300 3501 2357 solum

1867 2405 1985 2455 eos,
2011 2390 2110 2444 sed
2134 2406 2341 2444 omnes
2362 2389 2793 2445 consentientes
2809 2389 2916 2457 eis,
2940 2389 3081 2461 quia
3113 2406 3229 2445 non
3274 2390 3375 2462 qui
3420 2390 3510 2446 fa-

1868 2476 2032 2532 ciunt
2050 2478 2131 2532 rei
2149 2478 2512 2549 judicantur,
2537 2479 2637 2534 sed
2662 2478 2840 2534 etiam
2874 2478 2971 2550 qui
3004 2477 3358 2535 facientibus
3378 2495 3516 2535 con-

1869 2566 2136 2622 sentiunt
2159 2568 2333 2639 (Rom.
2359 2585 2397 2635 ι,
2421 2569 2533 2636 32).
2558 2568 2668 2623 Par
2688 2566 2847 2623 enim
2871 2584 3063 2639 poena,
3098 2572 3154 2623 et
3174 2571 3413 2640 agentes
3461 2571 3519 2623 et

1869 2656 2306 2711 consentientes
2328 2656 2732 2728 apprehendit.
2764 2677 2792 2705 »
2823 2656 2904 2712 De
2927 2655 3144 2728 quibus
3175 2657 3349 2712 etiam
3380 2657 3513 2713 bea-

1866 2747 1963 2799 tus
1984 2743 2314 2815 Stephanus
2339 2761 2487 2816 papa
2510 2748 2566 2799 et
2588 2748 2810 2817 martyr
2856 2745 2939 2799 ait
2966 2761 2979 2800 :
3033 2767 3062 2795 «
3084 2745 3335 2800 Infames
3383 2761 3513 2800 esse

1867 2849 1965 2887 eas
1988 2849 2267 2904 personas
2289 2833 2563 2901 dicimus,
2588 2850 2712 2904 qua:
2744 2849 2847 2905 pro
2870 2832 3066 2905 aliqua
3098 2831 3273 2906 culpa
3302 2837 3508 2889 notan-

1866 2920 2239 2987 turinfamia,
2263 2922 2317 2976 id
2343 2926 2430 2977 est
2472 2937 2599 2993 quae
2630 2921 2972 2978 Christiana:
3033 2921 3183 2995 legis
3239 2938 3510 2979 normam

1870 3010 2153 3081 abjiciunt
2173 3014 2229 3064 et
2260 3014 2479 3066 statuta
2534 3010 2934 3067 ecclesiastica
2988 3014 3392 3067 contemnunt.
3425 3011 3514 3067 Si-

1871 3098 2087 3153 militer
2117 3099 2293 3167 fures,
2329 3098 2661 3172 sacrilegos,
2698 3105 2755 3156 et
2785 3116 2990 3156 omnes
3021 3098 3371 3174 capitalibus
3398 3100 3513 3156 crio

1873 3187 2135 3243 minibus
2156 3188 2433 3256 irretitos,
2459 3211 2486 3238 »
2510 3195 2620 3245 etc.
2646 3189 2830 3260 Idem,
2856 3190 3011 3245 unde
3038 3206 3253 3261 supra:
3283 3212 3310 3240 ‹‹
3334 3189 3514 3256 Quid-

103 3278 239 3352 legii
264 3283 501 3334 reatum
524 3276 828 3332 incurrant
850 3277 949 3348 qui
985 3294 1083 3332 eas
1116 3277 1250 3332 inde
1282 3277 1637 3332 abstrahunt
1661 3276 1760 3331 ubi
1804 3350 1828 3352 __
1871 3276 2012 3348 quid
2036 3277 2095 3331 in
2119 3277 2302 3333 sacris
2330 3278 2429 3333 Dei
2450 3279 2625 3334 rebus
2648 3282 2706 3333 et
2726 3278 3016 3351 episcopis
3038 3279 3255 3350 injuste
3294 3278 3507 3350 agitur,

106 3350 336 3424 traditae
358 3371 519 3433 sunt,
544 3371 600 3421 et
620 3368 775 3438 quod
809 3368 976 3439 pejus
1008 3372 1095 3422 est
1119 3366 1430 3423 anathema
1487 3384 1754 3423 marana-
1787 3350 1829 3416 C
1869 3382 1972 3438 pro
2002 3365 2307 3438 sacrilegio
2330 3367 2713 3438 reputabitur,
2749 3350 2885 3438 quia
2913 3383 3079 3421 sacra
3107 3369 3245 3421 sunt
3274 3370 3331 3421 et
3385 3367 3510 3422 vio-

105 3457 209 3513 tha
235 3458 401 3524 fiant,
427 3460 483 3511 et
499 3455 545 3511 si
571 3473 686 3510 non
721 3459 1065 3528 corpore,ut
1111 3456 1338 3511 Anania
1388 3459 1443 3510 et
1500 3456 1749 3528 Saphira

107 3548 391 3617 fecerunt,
415 3544 516 3617 qui
542 3545 755 3600 mortui
778 3545 1114 3600 ceciderunt
1136 3546 1268 3615 (Act.
1291 3544 1344 3615 v)
1382 3563 1394 3613 ;
1430 3544 1627 3600 anima
1655 3548 1750 3600 ta-

107 3653 238 3692 men
253 3654 380 3709 quas
406 3634 597 3707 potior
614 3637 702 3689 est
724 3651 961 3706 corpore
983 3639 1216 3690 mortua
1235 3632 1491 3689 alienata
1520 3651 1555 3689 a
1612 3650 1748 3689 con-

105 3725 283 3782 sortio
312 3724 576 3780 ﬂdelium
601 3724 791 3791 cadat,
817 3728 871 3779 et
894 3723 951 3777 in
976 3723 1331 3794 profundum
1373 3722 1634 3778 barathri
1664 3722 1749 3778 la-

104 3814 297 3870 batur.
322 3814 440 3870 Hoc
462 3812 619 3868 enim
651 3812 699 3867 si
732 3813 867 3884 quis
900 3812 1118 3882 fecerit,
1150 3816 1282 3884 post
1313 3811 1517 3867 debitze
1575 3811 1749 3868 ultio-

104 3903 195 3960 nis
226 3901 631 3972 acrimoniam,
657 3918 781 3974 quas
813 3918 950 3974 erga
980 3901 1292 3973 sacrilegos
1314 3902 1449 3973 jure
1486 3918 1749 3973 promen-

103 3992 177 4049 da
206 3997 317 4065 est,
349 3996 630 4066 perpetua
660 3992 974 4046 damnatur
1005 3991 1263 4059 infamia,
1298 3995 1353 4045 et
1373 3990 1588 4046 carceri
1630 3994 1748 4046 tra-

38 4120 45 4157 ε
105 4082 285 4153 ditur,
317 4086 421 4138 aut
447 4081 505 4136 in
537 4080 738 4137 exsilio
770 4084 1063 4153 perpetua:
1096 4080 1516 4153 deportationis
1559 4080 1747 4135 trudi-

36 4198 43 4255 l

105 4175 232 4240 tur;
258 4170 564 4245 quoniam,
588 4171 760 4241 juxta
787 4169 1156 4242 Apostolum,
1189 4170 1339 4225 tradi
1372 4173 1597 4242 oportet
1643 4168 1748 4224 hu-

36 4300 45 4341 ι
92 4260 358 4330 jusmodi
391 4259 689 4316 hominem
721 4260 969 4326 Satanaa,
997 4263 1061 4315 ut
1092 4259 1334 4332 spiritus
1359 4258 1555 4315 salvus
1587 4258 1663 4315 sit
1683 4259 1742 4314 in

36 4486 41 4527 ι

35 4568 45 4615 ι

35 4748 43 4793 l

101 4349 193 4407 die
225 4350 457 4407 Domini
490 4350 535 4421 (1
562 4350 683 4405 Cor.
716 4366 769 4415 v,
801 4350 879 4419 5).
918 4371 945 4399 ››

171 4435 384 4493 Beatus
415 4453 651 4509 quoque
683 4436 897 4491 Lucius
929 4453 1080 4509 papa
1135 4436 1220 4492 sic
1277 4440 1455 4509 (epist.
1520 4455 1578 4493 n.
1636 4439 1691 4509 6)
1728 4454 1740 4491 :

98 4547 126 4575 ‹‹
157 4524 268 4581 Res
299 4526 681 4582 ecclesiarum
711 4530 1060 4590 vestrarum,
1118 4526 1329 4597 inquit,
1389 4531 1445 4581 et
1492 4525 1744 4582 oblatio-

95 4630 198 4669 nes
230 4615 517 4685 fidelium,
551 4631 730 4687 quam
760 4614 1104 4687 signiﬁcatis
1160 4632 1193 4669 a
1247 4615 1605 4686 quibusdam
1665 4615 1744 4670 ir-

96 4705 404 4761 ruentibus
429 4704 645 4774 vexari,
678 4704 961 4775 vobisque
1004 4711 1057 4758 et
1088 4704 1346 4760 ecclesiis
1405 4706 1614 4761 vestris
1644 4720 1743 4760 au-
1773 4721 1819 4787 D
1852 4710 1908 4762 et
1930 4704 2303 4777 impudenter
2323 4704 2680 4760 contendant
2729 4719 2789 4759 se
2837 4719 2951 4758 non
2992 4702 3493 4758 consecrationem

94 4788 251 4862 ferri,
284 4792 689 4850 indubitanter
718 4792 1043 4849 maximum
1073 4796 1161 4849 est
1208 4797 1534 4865 peccatum,
1592 4796 1739 4849 teste

36 4916 41 4971 Ι
95 4879 417 4955 Scriptura,
451 4899 580 4955 quae
612 4882 693 4939 ait
723 4898 737 4938 :
773 4882 881 4947 Qui
904 4882 1213 4939 abstulerit
1232 4882 1454 4956 aliquid
1478 4882 1630 4955 patri
1653 4882 1739 4938 vel

96 4971 287 5039 matri,
319 4976 377 5027 et
406 4972 554 5028 dicit
590 4972 700 5028 hoc
731 4989 844 5028 non
899 4977 995 5041 est,
1045 4976 1376 5044 peccatum,
1434 4972 1739 5028 homicida

36 5059 43 5151 ί
94 5059 384 5134 particeps
415 5065 525 5117 est.
560 5063 728 5119 Pater
757 5078 893 5134 ergo
923 5066 1119 5117 noster
1165 5060 1290 5118 sine
1349 5062 1526 5151 dubio
1591 5067 1740 5117 Deus

94 5151 199 5216 est,
233 5150 335 5223 qui
366 5167 474 5206 nos
505 5151 740 5220 creavit,
775 5155 831 5206 et
861 5155 1046 5207 mater
1066 5154 1268 5206 nostra
1288 5150 1580 5207 Eccclesia
1610 5168 1739 5223 quae

36 5238 43 5329 ι
92 5238 284 5329 posin
308 5239 607 5313 baptismo
634 5240 1018 5329 spiritualiter
1047 5240 1364 5313 generavit.
1388 5240 1459 5295 Et
1486 5240 1615 5296 ideo
1637 5240 1739 5312 qui

36 5322 43 5415 ᾖ
90 5322 301 5415 Christi
333 5329 618 5400 pecunias
662 5332 719 5385 et
772 5327 1041 5384 Ecclesia)
1100 5328 1308 5395 aufert,
1366 5329 1622 5397 fraudat,
1681 5332 1741 5383 et

88 5414 255 5485 rapit.
290 5415 594 5474 homicida
624 5419 683 5474 in
714 5422 1029 5491 conspectu
1052 5418 1202 5490 justi
1226 5418 1452 5475 Judicis
1477 5434 1605 5473 esse
1646 5433 1737 5473 re-

35 5504 44 5597 ;
88 5504 408 5597 putabitur.
435 5506 603 5597 Unde
624 5507 910 5581 scriptum
933 5512 1060 5564 est:
1109 5508 1216 5597 Qui
1233 5508 1385 5581 rapit
1425 5506 1736 5597 pecuniam

36 5591 45 5689 ί
87 5591 333 5660 proximi
355 5595 448 5651 sui
481 5596 855 5670 iniquitatem
875 5597 1028 5653 facit.
1066 5596 1174 5662 Qui
1206 5601 1401 5654 autem
1457 5595 1737 5670 pecunias

35 5730 46 5871 ς
88 5698 416 5831 ωὲἓῖὲῌωο
432 5702 517 5761 Pii
541 5706 854 5779 papaaluti
878 5711 934 5763 et
955 5710 1267 5777 sequentes
1289 5703 1525 5772 Urbani,
1558 5702 1723 5760 Lucii
1764 5709 1821 5761 et
1841 5703 2121 5775 Stephani
2146 5703 2406 5777 epistolae
2448 5709 2588 5762 sunt
2627 5702 2938 5777 suppositae
2979 5700 3048 5758 ab
3091 5700 3315 5758 Isidoro
3341 5701 3490 5760 Mer-

1862 3453 1970 3509 lari
1992 3470 2026 3509 a
2053 3470 2351 3525 quoquam
2376 3470 2489 3508 non
2511 3452 2780 3509 habent.»
2805 3453 2963 3508 Idem
2989 3469 3048 3508 τι(
3075 3451 3279 3520 Laicis,
3305 3468 3510 3524 quam-

1863 3541 2117 3615 religiosi
2142 3542 2279 3611 sint,
2304 3540 2467 3597 nulla
2484 3545 2682 3597 tamen
2713 3542 2785 3598 de
2815 3540 3229 3597 ecclesiasticis
3262 3540 3510 3599 faculta-

1861 3630 2020 3687 tibus
2051 3630 2275 3704 aliquid
2298 3630 2648 3703 disponendi
2678 3629 2894 3703 legitur
2925 3646 3193 3703 unquam
3227 3630 3510 3689 attributa

1863 3718 2132 3776 facultas.
2160 3742 2189 3770 »

2526 3827 2758 3883 CAPUT
2802 3831 2850 3882 V

1863 3919 2109 3987 Qualiter
2136 3918 2439 3974 Simoniaci
2480 3932 2577 3972 suo
2615 3918 2829 3985 negotio
2862 3921 3173 3987 expugnent
3216 3916 3509 3973 Ecclesiam

1929 3992 2048 4055 Dei,
2082 3994 2133 4045 et
2163 3988 2302 4061 quod
2328 4004 2508 4044 omnes
2530 4005 2666 4059 pene
2696 3991 2745 4044 et
2776 3990 2905 4045 laici
2937 3996 2988 4045 et
3011 3988 3199 4044 clerici
3248 3995 3504 4060 quaerant

1930 4062 1995 4117 de
2024 4062 2264 4116 Ecclesia
2293 4062 2493 4131 iugiter
2512 4062 2802 4129 negotiari.

1931 4167 2051 4224 Illis
2080 4183 2219 4224 sane
2248 4167 2556 4222 beatorum
2588 4167 2936 4239 pontificum
2967 4170 3024 4223 et
3052 4171 3377 4241 martyrum
3408 4168 3509 4225 de-

1857 4257 2171 4314 cretalibus
2194 4256 2524 4326 sententiis,
2552 4272 2877 4329 eorumque
2900 4256 3186 4331 sanguine
3218 4257 3509 4330 subscrip-

1856 4346 1951 4417 tis,
1976 4347 2095 4402 sole
2117 4345 2332 4401 clarius
2355 4349 2765 4401 monstrantur
2792 4346 3111 4416 invasores,
3134 4346 3221 4402 vel
3253 4350 3504 4403 vastato-

1856 4453 1949 4494 res
1971 4453 2165 4493 rerum
2188 4434 2718 4492 ecclesiasticarum
2739 4434 3010 4503 infames,
3051 4435 3231 4505 fures,
3267 4434 3506 4492 sacrile-

1854 4526 1934 4600 gi,
1962 4524 2263 4582 homicidae
2287 4540 2539 4597 quoque,
2565 4528 2622 4579 et
2650 4524 3138 4580 excommunicati
3171 4528 3228 4580 et
3284 4539 3494 4596 perpe-

1852 4620 1953 4673 tuo
1972 4614 2186 4671 carceri
2204 4617 2305 4669 aut
2325 4612 2525 4669 exsilio
2544 4613 3135 4686 tradendi.Eantergo
3157 4612 3492 4686 hypocrita,

1850 4792 2326 4862 ecclesiasticam,
2348 4793 2449 4849 sed
2473 4808 2567 4848 res
2587 4791 2856 4848 Ecclesiae
2901 4807 3298 4864 comparasse.
3329 4791 3396 4848 Et
3431 4808 3503 4848 ne

1851 4884 1995 4940 forte
2017 4882 2208 4939 adhuc
2226 4899 2287 4939 se
2308 4881 2549 4955 palliare
2588 4881 2871 4950 laborent,
2906 4881 3221 4938 asserendo
3268 4897 3332 4937 se
3387 4898 3503 4937 non

1848 4973 2109 5040 irruisse,
2135 4988 2239 5027 nec
2261 4972 2569 5041 invasisse,
2603 4989 2792 5045 neque
2812 4989 3054 5029 vexasse
3086 4990 3179 5030 res
3230 4973 3503 5031 ecclesia-

1851 5062 2047 5129 sticas,
2071 5060 2302 5117 discant
2322 5061 2521 5117 omnia
2542 5061 2664 5117 haec
2689 5079 2751 5119 se
2772 5063 2962 5119 facere
2987 5067 3091 5120 aut
3141 5063 3371 5132 fecisse,
3403 5063 3504 5120 ubi

1824 5150 2284 5225 immunitatem
2306 5167 2507 5206 earum
2530 5156 2586 5207 et
2606 5151 2913 5224 privilegia
2936 5152 3206 5209 asanctis
3233 5153 3504 5210 Patribus

1848 5240 2224 5296 corroborata
2251 5256 2357 5296 suo
2390 5239 2576 5312 pretio
2603 5239 3036 5313 irrumpunt,et
3060 5258 3237 5299 usum
3269 5241 3501 5298 illarum

1847 5328 2263 5386 ecclesiasticis
2294 5330 2584 5402 personis,
2609 5335 2665 5385 et
2690 5330 3052 5403 pauperibus
3073 5331 3335 5387 debitum
3358 5347 3497 5402 prte-

1848 5423 2095 5475 sumunt
2125 5418 2234 5474 sibi
2266 5422 2367 5473 aut
2396 5423 2918 5492 praesumpserunt.
2952 5420 3096 5474 Nam
3127 5422 3190 5474 ut
3234 5417 3490 5474 latrones

1847 5508 1970 5564 suis
1993 5507 2146 5575 telis,
2171 5510 2229 5562 et
2245 5506 2402 5562 fures
2426 5505 2599 5563 scalis
2624 5507 2710 5562 vel
2733 5507 3092 5579 quibuslibet
3121 5505 3411 5563 machinis
3433 5507 3492 5562 in

1847 5595 1990 5653 alias
2013 5597 2163 5651 aedes
2183 5595 2440 5664 irruunt,
2464 5600 2521 5653 et
2552 5597 2706 5669 quod
2729 5596 2902 5653 alieni
2939 5594 3094 5666 juris
3125 5599 3234 5663 est,
3284 5599 3388 5652 aut
3438 5596 3490 5650 vi
