3864 6410
369 429 522 492 ΗΔἿ
1449 427 1860 497 HUMBERTI
1902 429 1965 495 S.
2010 427 2084 494 Β.
2129 426 2200 492 E.
2247 427 2740 494 GABDINALIS.
3692 422 3819 490 1N8

366 569 469 626 aut
497 565 630 624 dolo
653 566 764 626 sibi
785 563 1071 642 diripiunt
1093 583 1106 636 ;
1131 562 1214 623 sic
1234 561 1386 622 etilli
1411 581 1520 622 sua
1568 561 1833 638 pecunia,
1861 567 1993 622 tan-
2023 561 2073 632 Α
2107 565 2230 620 tam
2251 560 2692 622 malefactorum
2715 559 3074 642 laudemque
3095 561 3434 622 bonorum
3504 567 3815 636 procurant

366 675 544 733 quam
575 657 700 714 suis
733 656 866 714 telis
905 661 964 714 et
993 655 1300 723 machinis,
1337 653 1610 712 ecclesias
1656 654 1758 710 Dei
1806 655 1996 728 impu-
2105 653 2154 726 (ι
2179 655 2327 710 Petr.
2361 670 2424 722 ιι,
2459 651 2570 724 14).

363 753 544 816 κηεωι
565 753 621 804 et
639 751 992 821 eXpugnant,
1034 751 1090 803 et
1109 745 1262 818 quod
1312 743 1545 800 familiae
1588 743 1992 800 ecclesiasticae
2174 743 2242 798 Et
2271 759 2303 799 ο
2333 742 2580 810 utinam,
2614 742 2688 798 ab
2712 741 2822 798 hoc
2853 759 2960 800 suo
2991 742 3192 799 officio
3231 741 3331 798 sic
3373 740 3714 815 friget-ent,
3738 745 3811 794 aut

363 838 682 894 debebatur
713 835 822 892 sibi
874 835 1188 890 vindicant.
1238 834 1395 897 Quod
1443 832 1492 888 si
1535 833 1668 904 quis
1715 831 1994 888 scelestus
2101 829 2446 903 inteperent,
2481 835 2546 886 ut
2575 831 2646 886 ad
2686 829 2944 886 alienum
2991 829 3509 904 praecipiendum
3571 845 3694 885 non
3743 829 3805 884 in-

363 941 638 997 sponsam
661 923 897 980 alterius
915 922 1161 996 pecunia
1181 920 1555 993 iniquissimo
1577 925 1632 974 et
1657 919 1992 975 avarissimo
2101 918 2356 975 calerent
2384 923 2484 974 aut
2503 922 2818 974 aastuarent
2835 916 2848 973 l
2868 919 3039 986 Nam,
3073 919 3291 976 relicto
3331 917 3620 973 militari
3655 933 3805 989 nego-

360 1014 533 1069 tutori
559 1011 717 1068 illius
739 1013 872 1067 data
893 1016 993 1066 aut.
1011 1011 1303 1082 promissa
1333 1009 1631 1064 invaderet
1652 1024 1784 1062 cum
1833 1007 1992 1062 omni
2098 1007 2180 1062 tio
2203 1025 2316 1080 quo
2338 1007 2759 1080 rempublicam
2789 1011 2846 1063 et
2877 1007 3137 1080 patriam
3170 1007 3342 1063 tueri
3369 1007 3804 1062 debuerantab

360 1099 702 1174 supellectili
724 1101 850 1170 ejus
877 1117 890 1167 ;
919 1115 1112 1154 nonne
1145 1097 1452 1170 pecuniam
1481 1095 1728 1162 illam,et
1749 1113 1854 1151 sua
1873 1112 1992 1150 om-
2097 1096 2350 1152 externis
2371 1096 2730 1163 incursibus,
2755 1095 2868 1151 sibi
2891 1095 3090 1152 relicto
3153 1111 3431 1168 quoque
3481 1095 3801 1168 judiciario

358 1190 456 1245 nia
477 1191 550 1244 im
560 1204 850 1261 pugnasse
873 1196 926 1243 et
948 1203 1314 1260 expugnasse
1349 1185 1628 1240 veraciter
1683 1183 1988 1250 diceretur,
2097 1181 2291 1257 legum
2315 1201 2554 1240 suarum
2577 1189 2776 1240 tenore
2796 1189 2852 1240 et
2876 1188 3122 1251 terrore,
3147 1184 3398 1256 quibus
3459 1183 3800 1255 prevarica-

354 1279 584 1348 etjuste
606 1277 1044 1333 convinceretur
1064 1275 1091 1329 ‘?
1109 1275 1290 1345 Cujus
1312 1271 1786 1346 praesumptionis
1843 1289 1992 1328 noxa
2097 1276 2251 1328 tores
2272 1272 2731 1342 divina-justiﬁes
2756 1277 2814 1328 et
2840 1271 3116 1329 humanae
3139 1273 3499 1344 prohibere
3525 1272 3608 1328 ab
3629 1271 3798 1328 inter-

353 1366 536 1422 sacris
557 1365 877 1420 canonibus
899 1362 1504 1419 excommunicatione
1527 1377 1711 1432 usque
1735 1361 1804 1415 ad
1831 1376 1986 1416 mor—
2096 1361 2191 1416 nis
2211 1365 2268 1416 et
2289 1361 2646 1433 quotidianis
2667 1360 3008 1418 excessibus
3025 1366 3625 1430 tenentur,omnem
3645 1377 3797 1416 suam

353 1458 492 1522 tem,
518 1458 637 1508 tam
665 1453 720 1508 in
745 1458 1035 1524 raptorem
1059 1468 1234 1524 quam
1259 1451 1317 1504 in
1340 1455 1611 1516 tutorem,
1647 1454 1703 1503 et
1724 1449 1784 1504 in
1801 1447 1988 1503 omni-
2096 1453 2466 1521 potestatem,
2491 1465 2725 1505 omnem
2747 1453 3052 1518 terrorem,
3077 1465 3262 1504 omne
3287 1448 3604 1505 studium
3626 1449 3699 1504 ad
3721 1466 3796 1504 ex-

352 1542 464 1598 bus
488 1541 814 1596 fautoribus
835 1557 1036 1596 eorum
1062 1539 1408 1607 vindicatur,
1435 1542 1490 1593 et
1538 1536 1852 1592 mundanis
1911 1535 1988 1593 le-
2095 1537 2500 1609 pugnandum,
2525 1540 2582 1591 et
2603 1535 2716 1592 sibi
2738 1536 2974 1609 penitus
2995 1536 3460 1593 vindicandum
3483 1554 3592 1594 res
3621 1537 3792 1593 eccle-

353 1629 526 1704 gibus
547 1629 830 1702 sanguine
849 1629 934 1684 vel
967 1632 1244 1701 perpetuo
1275 1626 1476 1683 exsilio
1507 1625 1792 1698 expiatur.
2091 1624 2377 1694 siasticas,
2402 1623 2616 1697 quibus
2638 1628 2864 1681 tutores
2905 1625 3026 1680 dati
3075 1625 3327 1681 fuerant
3381 1626 3786 1682 transferunt.

425 1718 503 1773 Ex
533 1735 648 1789 qua
681 1717 1181 1772 animadversione
1212 1714 1562 1788 intelligitur
1589 1730 1762 1786 quam
1790 1713 1982 1785 abjec-
2091 1713 2198 1780 Qui
2221 1713 2394 1768 etiam
2422 1730 2536 1769 non
2559 1713 2815 1769 contenti
2853 1731 2960 1770 suo
3003 1713 3150 1781 foro,
3175 1713 3641 1770 ecclesiasticae
3672 1732 3792 1771 suc-

351 1810 411 1862 ta
435 1810 490 1862 et
511 1805 786 1878 ignobilis
811 1821 1026 1876 sponsa
1045 1803 1254 1860 Christi
1278 1807 1598 1876 reputetur,
1631 1803 1800 1874 cujus
1825 1801 1982 1873 inju-
2089 1801 2322 1869 cedunt,
2348 1801 2678 1874 praesident,
2695 1806 2753 1857 et
2775 1801 3190 1874 principantur
3214 1803 3498 1875 synodo,
3528 1807 3593 1858 et
3625 1807 3793 1860 terre~

351 1894 468 1951 rias
489 1911 656 1950 nemo
677 1893 776 1966 qui
797 1893 987 1949 doleat
1033 1892 1344 1957 invenitur,
1391 1892 1560 1962 cujus
1616 1889 1980 1989 pudicitiam,
2012 1923 2060 1989 B
2092 1907 2166 1946 na
2186 1894 2470 1962 potestate
2492 1889 3085 1958 terribiles,etficiunt
3107 1893 3173 1946 ut
3199 1891 3427 1948 omnia
3454 1893 3788 1966 procedant

348 1981 646 2054 sacrilegis
671 1982 1000 2054 raptoribus
1023 1981 1421 2054 prostitutam,
1445 1979 1740 2034 venditum
1793 1983 1848 2033 et
1879 1978 1978 2032 ad-
2012 1978 2058 1989 “’
2092 1983 2150 2034 et
2169 1979 2628 2035 determinentur
2646 1995 2848 2036 eorum
2871 1982 3016 2034 nutu
3040 1987 3096 2035 et
3112 1979 3385 2051 judicio.
3417 1981 3555 2054 Ipsi
3575 1982 3791 2054 prima-

346 2071 560 2126 dietam
583 2087 751 2126 nemo
773 2070 1182 2142 quidefendat,
1207 2085 1380 2124 nemo
1403 2067 1501 2140 qui
1541 2067 1750 2122 saltem
1775 2067 1846 2121 ab
1899 2065 1983 2121 eis
2093 2067 2254 2123 tibus
2273 2072 2332 2124 et
2372 2066 2838 2140 metropolitanis
2885 2067 2946 2123 in
2991 2066 3282 2124 electione
3337 2069 3785 2144 episcoporum

347 2159 506 2214 illam
531 2158 758 2232 eripiat,
781 2162 838 2214 et
857 2159 1083 2230 Sponso
1099 2157 1185 2214 vel
1207 2159 1668 2228 constupratam.
1696 2155 1982 2210 restituat.
2092 2155 2242 2212 ﬁunt
2262 2154 2502 2228 priores,
2527 2155 2626 2229 qui
2649 2155 2928 2212 deberent
2948 2157 3383 2213 tantummodo
3409 2174 3792 2216 consensum

345 2249 413 2304 Et
436 2251 672 2320 putatur
691 2247 752 2302 in
770 2251 1052 2302 aeternum
1072 2245 1183 2300 hoc
1231 2261 1516 2318 passurus
1567 2245 1762 2309 Jesus,
1812 2259 1983 2314 quem
2091 2248 2148 2299 et
2169 2243 2524 2300 desiderium
2547 2244 2706 2312 cleri,
2733 2243 2940 2316 plebis,
2967 2248 3026 2300 et
3055 2241 3287 2301 ordinis
3352 2247 3790 2321 cujuscunque

347 2351 504 2390 nunc
525 2334 685 2390 nulla
703 2333 1062 2390 eclesiastiea
1081 2333 1169 2389 vel
1190 2333 1340 2388 laica
1362 2349 1611 2405 persona
1635 2347 1810 2403 super
1851 2347 1983 2402 rap-
2093 2331 2344 2388 civitatis
2365 2349 2472 2388 suo
2490 2333 2812 2388 secundum
2841 2332 3026 2390 Deum
3051 2347 3361 2388 consensu
3393 2336 3792 2407 conﬁrmare,

344 2428 470 2478 tum
494 2439 720 2495 sponsae
741 2426 1192 2493 conquerentem
1221 2421 1504 2492 respicere
1547 2425 1604 2476 et
1655 2419 1858 2475 audire
1905 2418 1986 2472 di-
2092 2426 2156 2476 ut
2185 2421 2393 2476 beatus
2413 2420 2758 2476 leestinus
2779 2437 2932 2494 papa
2948 2420 3153 2477 edocet
3177 2423 3378 2494 (epist.
3403 2424 3498 2496 2).
3557 2447 3590 2475 (ί
3629 2427 3790 2481 Eme-

348 2514 580 2584 gnatur,
603 2527 734 2566 cum
758 2526 926 2582 saepe,
952 2509 999 2565 si
1047 2509 1396 2581 ajndicibus
1445 2513 1501 2564 et
1547 2506 1811 2580 patronis
1861 2506 1984 2562 suis
2093 2509 2242 2576 ritis,
2267 2507 2476 2582 inquit,
2499 2508 2558 2564 in
2591 2509 2716 2566 suis
2745 2508 3009 2565 ecclesiis
3068 2507 3308 2566 clericis
3375 2514 3710 2586 peregrini
3739 2520 3789 2570 et

349 2599 716 2670 querimonia
745 2599 870 2670 ejus
909 2599 1228 2670 respuitur,
1290 2598 1742 2670 quibuseunque
1800 2598 1988 2668 potest
2095 2597 2372 2668 extranei,
2405 2601 2461 2653 et
2491 2597 2591 2670 qui
2617 2601 2786 2654 antea
2831 2596 3081 2670 ignorati
3137 2602 3284 2654 sunt
3337 2599 3424 2655 ad
3483 2601 3786 2659 exclusio-

349 2687 558 2754 modis,
583 2687 756 2742 etiam
789 2687 1020 2742 ﬂamnis
1053 2687 1326 2760 pessimis
1360 2690 1560 2757 raptus
1587 2702 1705 2741 suae
1755 2701 1983 2757 sponsae
2093 2701 2225 2742 nem
2255 2701 2477 2754 eorum,
2509 2686 2609 2758 qui
2641 2686 2786 2742 bene
2817 2687 2887 2741 de
2916 2703 3164 2742 suorum
3196 2687 3436 2746 civium
3477 2697 3789 2748 merentur

347 2774 670 2848 quamlibet
697 2775 959 2848 abjectus
991 2775 1307 2831 ulciscatur
1340 2777 1363 2830 Ρ
1421 2774 1592 2842 Quid,
1651 2790 1809 2844 rogo,
1855 2773 1983 2843 jam
2092 2774 2598 2844 testimonio,_non
2633 2779 3065 2847 praeponantur.
3089 2773 3310 2831 Nullus
3341 2775 3579 2834 invitis
3622 2780 3788 2836 detur

345 2867 526 2919 restat
545 2880 772 2936 sponsas
790 2863 1022 2929 Christi,
1047 2863 1182 2930 nisi,
1201 2863 1309 2918 sub
1337 2860 1714 2928 intolerabili,
1747 2865 1804 2916 et
1861 2859 1982 2915 ine-
2093 2862 2421 2934 episcopus.
2445 2861 2616 2930 Cleri,
2647 2860 2834 2934 plebis
2862 2866 2920 2918 et
2948 2862 3177 2918 ordinis
3203 2879 3603 2937 consensus,
3631 2873 3690 2924 et
3705 2869 3788 2924 de-

347 2951 664 3007 mendabili
686 2951 1012 3008 calamitate
1031 2953 1361 3018 tabescens,
1398 2951 1654 3022 seipsam
1709 2947 1808 3003 illo
1854 2948 1983 3003 des-
2093 2949 2376 3005 siderium
2411 2949 2762 3021 requiratur.
2796 2951 2962 3006 Tunc
2994 2955 3198 3006 autem
3231 2951 3307 3006 de
3341 2951 3564 3010 altera
3616 2955 3786 3030 eliga-

346 3037 589 3110 perabili
613 3038 818 3110 elogio,
839 3038 887 3094 si
911 3043 1118 3110 potest,
1163 3038 1517 3102 consoletur,
1569 3053 1684 3110 quo
1723 3036 1982 3092 dicitur:
2091 3041 2190 3092 tur
2208 3036 2474 3103 ecclesia,
2498 3036 2548 3092 si
2570 3037 2642 3093 de
2663 3037 2917 3094 civitatis
2941 3037 3130 3110 ipsius
3151 3037 3430 3108 clericis,
3495 3044 3608 3099 cui
3653 3043 3789 3118 epis-

346 3127 515 3182 Pater
536 3143 699 3182 meus
725 3142 813 3180 me
834 3127 1110 3193 vendidit,
1145 3143 1244 3182 rex
1269 3125 1628 3198 comparavit
1664 3143 1678 3194 ;
1703 3125 1794 3180 cui
1843 3141 1983 3179 con-
2091 3141 2270 3198 copus
2291 3125 2652 3182 ordinandus
2679 3129 2786 3194 est,
2810 3125 3011 3181 nullus
3033 3125 3278 3200 dignus,
3305 3133 3491 3201 quod
3557 3134 3786 3188 evenire

348 3231 558 3287 querar
577 3214 676 3286 qui
699 3214 840 3270 mihi
863 3231 930 3271 ex
951 3213 1376 3285 illisjustitiam
1399 3213 1534 3270 facit
1556 3213 1659 3268 ?Si
1684 3213 1918 3284 quidem
1951 3228 1984 3268 a
2023 3283 2049 3287 ,Α
2093 3230 2208 3269 non
2228 3213 2770 3285 credimus,poterit
2789 3214 3053 3287 reperiri.
3077 3213 3278 3272 Primo
3317 3218 3506 3276 enim
3569 3221 3664 3277 illi
3707 3239 3785 3278 re-

347 3283 564 3375 quibus
579 3283 703 3374 jam
727 3303 1062 3369 redimetur,
1082 3283 1221 3358 cum
1247 3303 1319 3358 ab
1341 3302 1485 3376 ipsis
1511 3283 1761 3374 quorum
1784 3300 1977 3357 tutela:
2010 3283 2052 3350 C
2090 3301 2374 3376 probandi
2391 3283 2634 3370 sunt,ut
2648 3301 2828 3375 aliqui
2852 3283 2923 3359 de
2945 3303 3154 3360 alienis
3202 3305 3518 3365 Ecclesiis
3579 3312 3784 3367 merito

347 3395 478 3464 post
499 3391 680 3447 Deum
711 3392 898 3448 fuerat
918 3391 1234 3448 commissa
1253 3390 1620 3446 venundatur
1638 3390 1666 3445 ?
1685 3391 1726 3444 A
1746 3406 1979 3445 summo
2089 3391 2488 3464 preferantur.
2513 3391 2735 3448 Habeat
2753 3392 3172 3464 unusquisque
3193 3410 3321 3449 suae
3349 3395 3648 3454 fructum
3682 3399 3785 3454 mi-

347 3479 500 3536 enim
524 3480 812 3552 graduum
833 3479 1102 3536 Ecclesiae
1125 3497 1311 3552 usque
1330 3481 1398 3534 ad
1426 3479 1756 3546 minimum,
1779 3494 1982 3535 omnes
2088 3479 2223 3536 litize
2247 3479 2303 3534 in
2325 3478 2583 3535 Ecclesia
2598 3479 2656 3534 in
2679 3496 2797 3552 qua
2816 3497 2986 3536 suam
3008 3497 3112 3553 per
3131 3481 3349 3538 omnia
3371 3485 3602 3544 ofﬁcia
3629 3493 3785 3544 tran-

347 3569 418 3624 de
435 3567 840 3624 ecclesiasticis
859 3569 1033 3625 rebus
1060 3568 1171 3624 sibi
1195 3567 1482 3640 negotiari
1507 3584 1622 3624 non
1645 3566 1982 3640 pretermit-
2089 3567 2239 3640 segit
2257 3571 2503 3624 aetatem.
2531 3567 2592 3623 In
2615 3566 2804 3624 aliena
2823 3567 3114 3634 stipienda
3133 3569 3401 3628 minime
3425 3573 3602 3632 alter
3622 3576 3782 3632 obri-

348 3659 498 3712 tunt.
525 3657 903 3728 Imperatores
927 3674 1180 3730 quoque,
1204 3673 1388 3730 reges,
1419 3656 1734 3730 principes,
1749 3655 1980 3726 judices
2054 3656 2354 3733 'piat,nec
2375 3655 2542 3712 aliter
2558 3656 2816 3712 debitam
2851 3656 2963 3714 sibi
2983 3657 3132 3714 alter
3181 3659 3417 3716 audeat
3469 3664 3790 3722 vindicem

350 3749 406 3800 et
426 3751 682 3817 quoquot
699 3744 916 3818 aliquid
939 3746 996 3800 in
1019 3745 1230 3802 saeculo
1251 3750 1499 3817 possunt
1519 3750 1656 3800 ante
1681 3744 1880 3800 omnia
1901 3745 1980 3800 is-
2088 3745 2434 3800 mercedem.
2455 3743 2540 3798 Sit
2570 3743 2814 3802 facultas
2834 3743 3062 3802 clericis
3083 3745 3450 3817 resistendi,
3497 3753 3558 3809 si
3589 3769 3662 3810 se
3708 3755 3789 3808 vi-

349 3833 450 3888 tud
473 3838 758 3900 exercent,
778 3839 833 3889 et
855 3834 1253 3906 quaerunthoc
1275 3833 1373 3905 qui
1395 3833 1671 3890 deberent
1693 3849 1784 3890 res
1806 3831 1982 3888 cccle—
2089 3833 2281 3889 derint
2313 3831 2678 3906 praegravari.
2730 3834 2802 3890 Et
2848 3835 3003 3908 quod
3050 3834 3166 3890 sibi
3205 3841 3790 3899 extraordinarium

349 3921 615 3978 siasticas
635 3920 1022 3978 ecclesiastico
1033 3923 1152 3994 juri
1176 3921 1482 3978 defendere
1499 3920 1692 3994 gladio
1707 3920 1981 3994 spiritua-
2090 3920 2448 3994 agnoverint,
2468 3937 2582 3978 non
2601 3921 2850 3978 timeant
2865 3923 3140 3979 refutare.
3187 3925 3301 3991 Qui
3331 3927 3388 3983 si
3448 3945 3588 3986 non
3640 3931 3793 3988 debi-

348 4008 390 4065 li
415 4027 428 4077 ;
455 4009 564 4064 hoc
594 4009 692 4081 qui
723 4013 780 4064 et
810 4008 1120 4066 materiali.
1149 4010 1264 4066 Nec
1279 4009 1646 4082 perpendunt
1663 4025 1837 4082 quam
1859 4025 1980 4066 sce-
2089 4013 2215 4065 tum
2239 4009 2566 4082 praemium,
2588 4008 2678 4064 vel
2702 4007 2954 4066 liberum
2977 4013 3048 4067 de
3067 4029 3135 4069 eo
3188 4011 3293 4085 qui
3337 4029 3455 4071 eos
3507 4024 3791 4076 recturus

349 4097 536 4162 lerati,
558 4103 614 4152 et
635 4098 1005 4153 detestabiles
1030 4097 1144 4153 Deo
1167 4101 1224 4153 et
1269 4097 1584 4154 homnibus
1612 4099 1756 4154 fiant
1805 4097 1980 4154 dissi-
2090 4103 2179 4154 est
2198 4098 2412 4154 debent
2428 4097 2643 4154 habere
2658 4098 2974 4170 judicium.
2999 4123 3027 4150 »
3050 4101 3154 4156 Cui
3193 4105 3613 4164 concordans
3663 4109 3794 4165 bea-

349 4185 541 4258 pando
563 4201 684 4256 qua
710 4184 921 4240 Christi
944 4185 1298 4258 pauperibus
1329 4187 1546 4242 tuenda
1574 4191 1978 4259 susceperunt.
2089 4190 2186 4242 tus
2205 4186 2316 4242 Leo
2333 4202 2486 4259 papa
2507 4189 2563 4242 et
2581 4185 2802 4254 doctor,
2825 4187 2908 4242 ait
2933 4205 2947 4244 :
2977 4211 2998 4238 α
3019 4188 3195 4245 Nulla
3221 4191 3388 4248 ratio
3416 4194 3588 4251 sinit
3605 4201 3680 4253 ut
3707 4196 3798 4252 in-

347 4273 491 4329 Nam
519 4273 567 4328 si
591 4277 748 4328 tutor
770 4273 970 4346 pupilli
995 4272 1305 4344 cujuslibet
1324 4274 1977 4349 patrimoniolum,quod
2089 4273 3383 4348 terepiscoposhabeantur,quineeaelericis
3409 4291 3582 4340 sunt
3601 4285 3795 4353 electi,

348 4361 628 4418 tuendum
653 4362 894 4434 accepit,
915 4377 1015 4436 pro
1036 4361 1196 4418 lucro
1222 4378 1327 4418 suo
1349 4363 1636 4434 venderet,
1663 4368 1760 4420 aut
1781 4381 1885 4436 pro
1919 4364 1982 4419 li-
2091 4361 3065 4436 necaplebihussuntcxpetiti,nec
3087 4383 3121 4422 a
3147 4373 3797 4441 comprovincialibus

346 4451 468 4507 bitu
495 4451 754 4518 donaret,
787 4467 886 4507 seu
910 4449 1157 4506 tutelam
1192 4466 1422 4522 semper
1451 4455 1748 4523 acceptam
1781 4451 1840 4507 in
1881 4452 1983 4509 ali-
2089 4451 2377 4525 episcopis
2395 4467 2524 4506 cum
2541 4451 3672 4528 metropolitanijudicioeonsecrati.»
3689 4469 3793 4520 etc.

346 4557 523 4614 quem
553 4539 864 4613 prodigum
889 4539 1328 4612 exstirpatorem
1363 4541 1706 4596 substantia:
1761 4541 1980 4614 pupillo
2727 4560 2957 4618 CAPUT
2997 4562 3092 4620 VI,

347 4627 798 4734 relictie‘sciens,
831 4633 887 4734 et
928 4627 1382 4734 praei'n‘edilatus:
1423 4627 1823 4734 translegaret,
1851 4631 1982 4734 abo-
2010 4649 2057 4713 D
2159 4649 2234 4704 De
2254 4647 2463 4704 baculis
2491 4652 2544 4703 ει
2581 4648 2814 4734 amyli“,
2839 4666 2946 4722 per
2962 4667 3160 4734 ηαημδ
3187 4654 3604 4716 saecularium
3640 4679 3738 4734 ρο.

348 4717 700 4774 minabilitar
749 4722 806 4774 et
858 4717 1156 4774 homicida
1215 4716 1288 4772 ab
1343 4716 1616 4773 omnibus
1671 4716 1984 4776 haberetur
2703 4716 2958 4777 testa'tem
2985 4721 3151 4778 datis.

346 4811 406 4862 et
427 4806 806 4876 judicaretur.
841 4807 946 4874 Qui
997 4809 1274 4878 putamus
1321 4822 1498 4878 quam
1557 4805 1978 4865 abominabiles
2157 4811 2286 4862 Haec
2309 4823 2442 4862 cum
2463 4805 2545 4862 ita
2563 4808 2926 4866 venerabiles
2949 4811 3111 4867 omni
3143 4814 3414 4886 'mundo
3443 4821 3534 4873 et.
3571 4821 3796 4877 summi

349 4897 406 4948 et
433 4897 574 4964 quot
603 4893 1051 4950 homicidiorum
1085 4893 1166 4950 rei
1198 4894 1340 4948 fiunt
1379 4893 1475 4966 qui
1505 4911 1609 4966 pro
1646 4893 1814 4950 libitu
1873 4912 1978 4952 suo
2085 4896 2385 4970 pontiﬁces
2410 4895 2628 4968 Spiritu
2659 4901 2862 4954 sancto
2895 4899 3160 4956 dictante
3192 4901 3644 4977 decreverint,
3669 4925 3795 4966 cum

349 4979 672 5070 dilapidant
702 4981 1116 5070 patrimonium
1152 4980 1562 5070 Ecclesiarum,
1598 4999 1848 5053 quarum
1895 4990 1981 5042 tu-
2088 4983 2758 5057 metropolitanijudicio
2798 4985 3004 5044 electio
3051 4987 3278 5060 clerici,
3305 4992 3646 5070 principis
3703 5015 3796 5054 au-

347 5069 504 5122 tores
536 5066 656 5122 sint
682 5067 852 5138 positi
908 5069 980 5124 ab
1021 5084 1086 5124 eo
1137 5069 1230 5124 cui
1270 5067 1579 5124 derelictus
1622 5074 1710 5125 est
1761 5088 1982 5146 pauper
2087 5077 2503 5130 temconsensu
2519 5073 2791 5146 expetito,
2811 5073 3001 5148 plebis
3017 5081 3074 5133 et
3089 5077 3342 5135 ordonis
3357 5066 3796 5152 confirmetur,

347 5155 516 5224 (Psal.
549 5171 604 5223 x,
640 5155 746 5227 Η),
781 5153 880 5226 qui
912 5157 1085 5212 etiam
1114 5164 1275 5228 pater
1304 5156 1724 5228 orphanorum,
1781 5164 1839 5214 et
1887 5163 1980 5234 ju-
2089 5165 2160 5220 ad
2177 5161 2643 5236 reprobationem
2658 5167 2999 5221 sanctorum
3013 5174 3420 5238 canonum,et
3435 5175 3655 5232 totius
3671 5174 3797 5232 Chri

347 5243 456 5300 dex
487 5243 792 5298 viduarum
823 5244 991 5314 (Psat.
1027 5249 1204 5310 vau,
1235 5245 1311 5314 6).
1347 5244 1482 5298 [nde
1511 5249 1600 5299 est
1630 5247 1783 5316 quod
1817 5265 1979 5323 reges
2089 5250 2289 5308 stianaa
2313 5249 2611 5322 religionis
2630 5249 3158 5323 conculcationem,
3187 5263 3606 5330 praepostero
3660 5262 3799 5320 ordi.

349 5332 544 5388 saeculi
567 5337 622 5388 et
655 5331 942 5405 principes
973 5331 1231 5388 ecclesiis
1264 5331 1362 5387 Dei
1393 5336 1746 5403 protectores
1775 5343 1830 5392 et
1881 5339 1978 5396 de-
2087 5357 2160 5396 ne
2181 5337 2378 5396 omnia
2403 5338 2574 5407 ﬁunt,
2597 5343 2858 5412 suntque
2879 5341 3054 5412 primi
3077 5343 3520 5415 novissimi,et
3542 5351 3795 5410 novissi-

349 5422 608 5478 fensorcs
638 5421 940 5494 assignati,
966 5419 1162 5476 relicto
1190 5418 1378 5475 officio
1409 5420 1661 5492 desuper
1688 5423 1797 5479 sibi
1823 5441 1978 5482 com-
2089 5427 2169 5484 mi
2189 5425 2384 5500 primi.
2405 5427 2507 5482 Est
2521 5427 2678 5482 enim
2697 5426 2889 5500 prima
2907 5429 2967 5486 in
2992 5430 3264 5505 eligendo
3288 5438 3351 5491 et
3407 5441 3794 5498 conﬁrman-

351 5508 551 5604 misso,
575 5509 831 5604 gladium
864 5526 1046 5604 quem.
1072 5514 1135 5564 ut
1164 5507 1416 5563 ministri
1447 5507 1561 5604 Dei.
1583 5512 1638 5564 et
1659 5511 1890 5580 judices
1919 5515 1978 5572 in
2088 5517 2161 5572 do
2183 5515 2478 5572 saecularis
2499 5519 2959 5592 potestas,quam
2981 5519 3322 5590 velit,nolit,
3375 5527 3796 5604 subsequitur

351 5592 439 5687 ira
463 5596 625 5687 omni
655 5598 913 5669 aperanti
934 5596 1152 5653 malum
1178 5597 1492 5687 ostentant,
1516 5595 1640 5650 sine
1661 5613 1835 5656 causa
1855 5619 1982 5674 por-
2088 5604 2310 5661 ordinis
2331 5603 2800 5678 plebis,elerique
2813 5611 3578 5687 consensus,tandemque
3593 5592 3796 5677 ἀιδίω-

354 5682 500 5746 tant,
523 5696 638 5750 quo
667 5691 764 5740 aut
793 5702 1116 5758 nunquam,
1141 5689 1240 5740 aut
1273 5683 1366 5738 vix
1407 5682 1721 5755 aliquando
1765 5688 1980 5748 vindic-
2089 5692 2658 5766 politanijudicium.
2678 5694 2840 5751 Unde
2861 5695 3058 5754 taliter
3075 5697 3365 5773 promoti,
3405 5682 3603 5764 sicut
3625 5725 3791 5783 supe-
