3922 6366
163 492 310 562 1119

736 496 1155 565 ADVERSUS
1202 493 1676 563 SIMONIACOS
1720 488 1930 555 LIBRI
1974 488 2200 555 TRES.
2233 524 2311 539 -
2340 490 2574 556 LIBER
2615 488 2977 556 TERTIUS.

3401 489 3558 555 1150

162 628 280 688 rius
310 630 681 703 praadicatur,
701 649 815 689 non
838 638 978 690 sunt
998 634 1148 690 inter
1175 632 1480 705 episcopos
1510 630 1795 687 habendi:
1829 623 1886 690 A
1914 625 2075 694 ralis,
2108 644 2235 699 quae
2254 626 2468 684 annulo
2481 630 2539 683 et
2556 625 2766 683 baculo
2783 624 3089 682 visibiliter
3109 628 3473 682 monstratur
3501 629 3559 684 et

165 720 297 792 quia
317 721 591 778 substitio
613 738 815 779 eorum
838 723 1025 795 capite
1047 723 1262 796 pendet
1300 724 1598 783 deorsum,
1661 720 1802 792 quia

164 810 313 883 quod
337 810 541 866 debuit
584 811 668 868 eis
702 812 827 867 ﬁeri
886 817 1269 883 postremum,
1310 812 1529 867 factum
1562 814 1649 866 est
1681 809 1799 882 pri-

165 903 405 962 mum,et
431 900 504 955 ab
527 899 907 972 illisquorum
932 901 1176 956 interest
1200 899 1628 963 nihilum.Quid
1643 898 1800 954 enim

161 988 230 1042 ad
243 986 419 1043 laicas
438 989 684 1059 pertinet
698 1006 978 1060 personas
1001 993 1369 1045 sacramenta
1387 987 1801 1052 ecclesiastica,

164 1074 648 1148 etpontiﬁcalem,
668 1094 771 1133 seu
794 1077 1147 1149 pastoralem
1184 1077 1432 1149 gratiam
1485 1076 1799 1132 distribue~

162 1181 239 1231 re,
261 1181 533 1220 camuros
551 1166 774 1222 scilicet
799 1166 1036 1223 baculos
1058 1172 1114 1222 et
1143 1166 1394 1223 annulos
1415 1167 1632 1239 quibus
1658 1182 1801 1236 prae-

163 1254 323 1326 cipue
346 1255 667 1325 perficitur,
690 1255 927 1323 militat,
954 1255 1430 1312 etinnititurtota
1453 1253 1802 1328 episcopalis

161 1343 514 1399 consecratio
534 1344 562 1399 ?
590 1343 877 1416 Equidem
900 1345 959 1400 in
973 1345 1229 1401 camuris
1253 1345 1479 1401 baculis
1529 1344 1801 1415 superius

162 1430 228 1487 ad
247 1430 664 1488 attrahendum
708 1437 764 1487 et
786 1433 1153 1489 invitandum
1188 1434 1486 1490 uncinatis
1536 1439 1593 1489 et
1636 1433 1804 1488 inﬂe-

160 1519 245 1575 xis
270 1536 282 1585 ;
306 1519 555 1576 inferius
576 1538 710 1578 vero
733 1522 803 1577 ad
828 1522 1228 1594 repellendum
1249 1528 1306 1579 et
1328 1523 1650 1579 feriendum
1674 1538 1807 1577 acu-

163 1606 398 1664 minatis
420 1613 478 1664 et
498 1610 761 1675 armatis,
786 1610 1267 1683 designaturquw
1289 1611 1348 1666 in
1372 1612 1456 1667 eis
1482 1610 1801 1667 committi-

161 1699 407 1752 turcura
442 1696 772 1769 pastoralis,
796 1714 925 1770 quae
977 1701 1181 1771 utique
1227 1718 1335 1756 sua
1383 1698 1807 1772 compositione

159 1782 245 1841 vel
268 1784 475 1842 futura
494 1786 774 1843 admonet
795 1792 1079 1860 pastores,
1112 1793 1177 1845 ut
1206 1789 1347 1845 recti
1367 1794 1426 1845 et
1473 1789 1633 1861 plani
1664 1787 1803 1854 sint,

161 1890 391 1946 suaeque
412 1874 661 1931 actionis
680 1875 769 1932 vel
787 1876 1297 1950 contemplationis
1347 1879 1598 1934 arduum
1629 1883 1688 1935 et
1725 1880 1807 1934 ri-

159 1961 359 2059 gidum
386 1963 668 2059 verticem
691 1965 960 2059 imitandi
983 1971 1039 2059 et
1059 1967 1393 2059 attrahendi
1438 1968 1511 2023 ad
1556 1985 1621 2023 se
1675 1985 1805 2041 gre-
1835 1994 1884 2059 B

159 2066 284 2124 gem
305 2051 411 2108 Dei
441 2052 976 2111 condescendentes
1008 2054 1216 2111 leniter
1253 2055 1555 2111 dimittant
1599 2060 1656 2112 et
1712 2057 1802 2114 in-

160 2138 410 2208 ﬂectant,
438 2141 523 2197 sic
543 2145 740 2198 tamen
766 2148 832 2198 ut
864 2143 1250 2216 sibimetipsis
1298 2161 1532 2217 quoque
1576 2162 1807 2217 semper

159 2226 488 2296 intendant,
510 2246 617 2285 nec
650 2248 913 2304 unquam
973 2249 1007 2288 a
1054 2233 1282 2293 suimet
1339 2234 1807 2291 consideratione

160 2317 366 2375 mentis
398 2319 608 2375 obtuta
636 2320 956 2376 reﬂectant.
992 2324 1251 2388 Quorum
1285 2322 1420 2377 ﬁnis
1459 2322 1685 2378 indicat
1743 2328 1809 2378 ut

160 2421 353 2463 severa
382 2406 787 2479 increpatione
818 2409 1288 2482 indisciplinatos
1312 2415 1588 2478 terreant,
1622 2416 1700 2477 et,
1756 2412 1805 2466 si

158 2494 485 2565 pertinaces
515 2495 751 2563 fuerint,
784 2501 1043 2554 extrema
1093 2499 1380 2555 sententia
1437 2500 1508 2555 ab
1564 2500 1809 2557 ecclesia

161 2582 463 2654 repellant.
498 2585 632 2648 Quze
660 2586 858 2642 omnia
888 2587 1199 2659 Apostolus
1229 2588 1485 2644 breviter
1542 2587 1806 2644 insinuat

158 2668 236 2726 ita
267 2688 279 2727 :
308 2694 336 2723 «
370 2673 677 2744 Rogamus
703 2690 828 2744 vos,
874 2675 1147 2748 corripite
1194 2676 1508 2748 inquietos,
1541 2677 1805 2734 consola-

159 2758 298 2813 mini
354 2759 794 2832 pusillanimes,
846 2764 1128 2835 suscipite
1183 2763 1473 2831 inﬁrmos,
1517 2766 1806 2838 patientes

161 2851 339 2903 estote
370 2849 448 2904 ad
481 2866 685 2905 omnes
704 2850 750 2920 (I
779 2851 925 2908 Thes.
960 2870 1011 2919 ν,
1047 2853 1156 2923 14).
1194 2875 1221 2903 ››

224 2936 396 2992 Porro
424 2935 683 2993 annulus
706 2939 1083 3012 signaculum
1099 2945 1454 2997 secretorum
1470 2941 1797 2999 coelestium

158 3024 391 3093 indicat,
414 3043 787 3099 przsmonens
819 3027 1255 3101 praedicatores,
1283 3034 1347 3085 ut
1376 3035 1659 3087 secretam
1721 3050 1809 3089 sa-

158 3112 438 3184 pientiam
472 3112 569 3171 Dei
592 3132 726 3171 cum
756 3116 1030 3188 Apostolo
1056 3118 1386 3191 designent,
1419 3120 1811 3193 etloquantur

158 3200 304 3258 inter
331 3203 625 3276 perfectos
646 3205 695 3276 (Ι
721 3205 843 3260 Cor.
879 3223 942 3273 ιι,
972 3207 1025 3275 6,
1057 3207 1134 3278 7),
1169 3224 1350 3279 quam
1383 3208 1551 3264 belut
1607 3209 1806 3281 signa-

159 3294 277 3345 tam
299 3292 551 3347 reticent
569 3291 947 3364 imperfectis,
972 3294 1189 3366 quibus
1214 3297 1474 3351 nondum
1498 3296 1685 3353 solido
1724 3298 1809 3353 ci-

1911 717 2105 771 datur.
2132 717 2289 788 Rogo
2313 732 2448 789 ergo
2472 734 2575 772 cur
2593 716 2859 771 redditur
2876 715 3032 787 quod
3061 715 3329 784 habetur,
3356 714 3470 771 nisi
3493 719 3560 770 ut

1910 810 2013 861 aut
2030 807 2219 861 denuo
2242 823 2332 862 res
2345 805 2741 861 ecclesiastica
2775 805 2886 860 sub
2908 804 3016 859 hac
3035 804 3227 875 specie
3267 803 3558 875 jussionis

1910 894 1997 950 vel
2022 895 2353 951 donationis
2374 894 2860 959 vendatur,autin
2885 893 3062 964 priori
3086 892 3416 949 venditione
3439 909 3561 948 cor-

1913 985 2237 1040 roboranda
2252 1002 2279 1038 a
2296 983 2741 1053 metropolitano
2765 983 3007 1054 suisque
3026 982 3561 1054 suffraganeissub-

1913 1072 2223 1138 scribatur,
2249 1078 2308 1127 at
2329 1077 2480 1127 certe
2498 1077 2561 1126 ut
2583 1071 2957 1143 prmsumptio
2977 1070 3138 1126 laicaa
3168 1071 3557 1126 ordinationis

1912 1160 2184 1232 pallietur
2205 1161 2395 1216 colore
2417 1164 2474 1216 et
2486 1161 2809 1221 velamento
2825 1161 3077 1232 quodam
3101 1160 3428 1231 disciplinas
3449 1159 3559 1215 cle-

1913 1250 2109 1305 ricalis
2128 1250 2156 1304 ?
2179 1250 2339 1313 Quod
2365 1251 2409 1304 si
2437 1267 2539 1305 nec
2568 1250 2787 1304 factum
2809 1253 2917 1314 est,
2943 1266 3047 1304 nec
3080 1250 3163 1316 fit,
3189 1266 3283 1304 me
3302 1249 3439 1304 hinc
3456 1247 3559 1304 ali-

1915 1339 2049 1410 quis
2073 1337 2379 1394 mentitum
2400 1342 2624 1410 arguat.
2659 1339 2771 1393 Sed
2824 1339 2977 1409 quod
3006 1338 3243 1409 gravius
3295 1341 3404 1404 est,
3437 1356 3554 1393 non

1913 1430 2143 1482 tantum
2177 1426 2471 1498 prioribus
2495 1426 2859 1497 temporibus
2882 1425 3157 1481 recolitur
3185 1434 3240 1482 ct
3283 1426 3558 1498 praedica-

1913 1515 2144 1571 turtale
2176 1516 2315 1587 quid
2352 1517 2589 1581 factum,
2614 1515 2715 1569 sed
2750 1514 2968 1570 nostris
3019 1531 3253 1586 quoque
3302 1516 3560 1571 cernitur

1915 1608 1973 1659 ct
2002 1603 2185 1659 scitur
2216 1604 2521 1660 usitatum.
2562 1604 2765 1659 Nonne
2811 1603 3008 1658 saeculi
3047 1602 3338 1675 principes
3397 1602 3560 1675 prius

1914 1693 2301 1749 vendiderunt
2328 1696 2386 1748 et
2412 1693 2675 1748 vendunt
2702 1691 3118 1757 ecclesiastica,
3144 1692 3254 1748 sub
3286 1690 3435 1747 falso
3466 1709 3565 1747 no-

1918 1783 2076 1839 mine
2108 1782 2497 1839 investitionis
2529 1800 2544 1850 ;
2577 1781 2786 1837 deinde
2820 1779 3290 1853 metropolitano,
3324 1782 3434 1837 sub
3476 1784 3565 1837 te-

1918 1888 2058 1927 nore
2087 1870 2543 1929 consecrationis
2573 1870 2601 1926 ?

2541 1978 2778 2034 CAPUT
2815 1977 2938 2033 VII.

1915 2071 1990 2127 De
2021 2078 2260 2141 tempore
2290 2069 2546 2141 Ottonum
2574 2077 2626 2141 et
2655 2068 2721 2123 de
2749 2067 2932 2123 studio
2986 2068 3213 2123 Henricz'
3268 2068 3565 2140 imperato-

2190 2142 2290 2204 ris,
2325 2144 2375 2195 et
2403 2140 2469 2195 de
2494 2140 2717 2195 malitia
2745 2141 2887 2210 regis
2915 2141 3276 2195 Francorum.

1986 2230 2061 2285 Ut
2088 2229 2245 2285 enim
2277 2229 2347 2284 de
2380 2227 2671 2300 prioribus
2720 2227 2949 2284 saeculis
3008 2229 3320 2284 reticentur
3370 2228 3566 2285 adhuc

1914 2319 2126 2375 retinet
2156 2318 2441 2373 memoria
2462 2317 2784 2372 multorum
2807 2316 2961 2372 hanc
2983 2316 3354 2389 reciprocatis
3370 2318 3571 2373 vendi-

1912 2408 2093 2463 tionis
2122 2407 2369 2471 rabiem,
2391 2410 2720 2478 grassatam
2744 2423 2848 2477 per
2868 2405 3241 2461 Germaniam
3276 2412 3332 2462 et
3349 2406 3569 2464 Gallias

1916 2502 2222 2568 totamque
2254 2495 2502 2559 Italiam,
2536 2513 2570 2551 a
2607 2495 2971 2568 temporibus
3029 2495 3334 2560 Ottonum,
3379 2514 3569 2569 usque

1916 2587 1988 2641 ad
2009 2589 2272 2654 augustas
2295 2589 2349 2641 et
2370 2586 2512 2640 divae
2538 2584 2832 2640 memoriae
2853 2584 3287 2656 imperatorem,
3334 2584 3569 2641 Heinri-

1917 2692 2048 2731 cum
2075 2674 2405 2730 Chuonradi
2431 2672 2637 2728 ﬁlium.
2664 2673 2788 2739 Hic,
2820 2672 2880 2728 in
2913 2672 3121 2728 diebus
3141 2674 3286 2740 suis,
3310 2678 3431 2728 tam
3454 2691 3488 2729 a
3506 2691 3569 2730 se

1916 2781 2093 2835 quam
2114 2764 2186 2818 ab
2207 2761 2641 2827 ecclesiasticis,
2665 2760 2894 2832 imperii
2918 2760 3031 2815 sibi
3052 2761 3256 2816 crediti
3298 2761 3567 2833 personis

1917 2854 2145 2904 tantum
2169 2848 2541 2921 sacrilegium
2558 2848 2803 2904 removit
2823 2847 3277 2920 aliquantulum,
3296 2848 3566 2920 quamvis

1916 2940 2163 2993 instaret
2191 2936 2528 3002 multum,et
2549 2941 2789 3009 cuperet
2810 2953 3107 2992 removere
3132 2942 3340 2993 totum.
3363 2939 3424 2993 In
3448 2955 3566 3011 quo

1918 3027 2110 3082 cordis
2132 3025 2460 3097 suioptimo
2483 3024 2771 3081 desiderio
2802 3020 3137 3081 immatura
3195 3030 3379 3082 morte
3422 3045 3567 3099 pras-

1917 3121 2144 3180 ventus,
2171 3116 2239 3170 ad
2263 3116 2387 3169 vitea
2409 3121 2634 3170 aeternae
2659 3130 2927 3185 regnum,
2953 3119 3018 3169 ut
3040 3114 3317 3181 creditur,
3344 3114 3432 3170 vel
3463 3132 3567 3188 pro

1918 3205 2029 3260 hac
2050 3204 2174 3261 sola
2193 3204 2539 3270 intentione,
2559 3202 2717 3259 velut
2737 3221 2837 3277 pro
2861 3203 3011 3259 oculi
3030 3204 3122 3259 sui
3171 3204 3564 3276 simplicitate,

1916 3298 2006 3349 est
2027 3292 2366 3361 translatus,
2390 3310 2522 3347 cum
2546 3309 2615 3349 ex
2633 3291 2835 3347 multis
2858 3309 3091 3364 quoque
3112 3291 3242 3347 aliis
3270 3292 3441 3348 bonis
3469 3311 3566 3348 cx-

163 3376 359 3445 bo,sed
373 3378 659 3436 sololacte
674 3398 822 3453 opus
835 3364 1423 3454 est(liebr.v,t2),sive
1448 3388 1509 3439 ut
1525 3389 1807 3457 tanquam
1845 3364 1888 3430 Ο
1922 3381 3014 3452 stiteritlaudatus.Cujussynchronus
3036 3384 3093 3435 et
3114 3381 3567 3449 requivocus,oc-

165 3466 330 3523 amici
360 3468 575 3541 Sponsi
621 3467 795 3524 ﬁdem
832 3488 1010 3527 unam
1044 3487 1271 3541 sponsae
1318 3471 1526 3543 ipsius,
1561 3490 1689 3544 quas
1721 3479 1812 3529 est
1919 3470 2225 3526 cidentalis
2248 3470 2496 3525 Francia:
2518 3469 2794 3540 perditor,
2819 3473 2875 3523 et
2910 3469 3003 3524 Dei
3026 3472 3330 3541 tyrannus,
3355 3487 3387 3525 e
3425 3485 3565 3526 con-

165 3554 433 3626 Ecclesia,
457 3557 587 3613 sine
606 3557 1047 3621 intermissione
1068 3559 1380 3616 exhibeant
1406 3566 1464 3616 et
1509 3578 1808 3618 commen-

164 3643 317 3701 dent.
339 3646 689 3718 Quicunque
705 3662 843 3721 ergo
866 3646 958 3703 his
984 3647 1214 3704 duobus
1257 3648 1517 3721 aliquem
1550 3650 1805 3719 initiant,

159 3732 357 3802 procul
389 3734 574 3790 dubio
607 3752 840 3792 omnem
874 3735 1224 3808 pastoralem
1257 3738 1665 3794 auctoritatem
1696 3738 1803 3795 hoc
1850 3742 1853 3743 ⁷

155 3823 561 3890 praesumendo
583 3824 696 3880 sibi
720 3824 1039 3881 vindicant.
1056 3825 1203 3880 Nam
1228 3832 1358 3897 post
1380 3826 1500 3881 haec
1523 3827 1802 3896 encaenia,

153 3912 301 3979 quod
333 3911 895 3984 liberumjudicium
930 3915 1000 3969 de
1030 3912 1247 3970 talibus
1278 3916 1620 3983 rectoribus,
1672 3918 1801 3985 jam

151 3996 300 4056 datis
330 3999 549 4068 clerus,
582 4001 747 4074 plebs
777 4006 834 4058 et
864 4003 1029 4069 ordo,
1053 4020 1154 4059 seu
1179 4003 1670 4076 metropolitanus
1702 4023 1800 4063 eos

147 4095 621 4161 consecraturus,
656 4090 871 4147 habere
912 4094 1210 4163 poterunt,
1244 4092 1388 4163 quid
1418 4097 1650 4149 tantum
1707 4112 1801 4151 su-

146 4182 335 4245 perest
356 4168 589 4248 rei,nisi
614 4180 922 4236 convivent
940 4181 967 4235 ?
989 4180 1083 4235 Sic
1116 4182 1471 4239 encaeniatus
1491 4183 1657 4255 prius
1679 4184 1798 4239 vio-

145 4260 333 4323 lentus
355 4267 586 4323 invadit
605 4267 848 4324 clerum.
869 4268 1121 4341 plebem,
1145 4272 1203 4324 et
1232 4270 1498 4326 ordinem
1531 4272 1797 4329 domina-

145 4353 307 4411 turus
338 4372 522 4428 quam
555 4357 627 4412 ab
658 4356 741 4413 eis
773 4360 1179 4430 cognoscatur,
1215 4363 1511 4429 quazratur
1561 4364 1662 4415 aut
1691 4378 1795 4433 pe-

142 4441 314 4499 tatur.
334 4444 432 4500 Sic
456 4445 976 4517 metrapolitanum
1034 4446 1411 4519 aggreditur,
1448 4466 1562 4504 non
1623 4452 1694 4504 ab
1727 4467 1793 4506 eo

133 4527 517 4603 judicandus,
544 4534 647 4590 sed
696 4535 895 4607 ipsum
936 4534 1353 4607 judicaturus;
1396 4554 1586 4609 neque
1635 4537 1790 4594 enim

133 4616 254 4687 jam
268 4621 521 4695 requirit
538 4627 639 4679 aut
660 4623 866 4696 recipit
880 4624 1009 4695 ejus
1021 4623 1447 4695 judicium,sed
1468 4625 1658 4682 solum
1676 4627 1791 4682 exi-

1919 3559 2118 3624 trario,
2143 3559 2294 3614 sicut
2317 3558 2473 3612 ﬁlius
2497 3557 2839 3629 perditionis
2864 3561 2921 3613 et
2949 3556 3372 3627 Antichristus,
3397 3558 3565 3614 Chri-

1916 3654 2006 3704 sto
2020 3648 2088 3704 ad
2098 3648 2474 3718 versatur,cuj
2486 3665 2553 3702 us
2568 3647 2818 3719 gratiam
2840 3646 3150 3720 impugnat
3160 3652 3212 3704 et
3228 3665 3564 3722 expugnare

1917 3754 2033 3792 non
2061 3741 2251 3794 cessat
2276 3736 2334 3791 in
2359 3736 2586 3793 cunctis
2601 3754 2719 3792 suae
2741 3736 2981 3792 ditionis
3003 3737 3291 3809 partibus.
3311 3738 3432 3802 Quo
3454 3756 3561 3796 suo

1917 3826 2146 3894 merito,
2170 3825 2441 3881 draconis
2463 3826 2635 3897 cujus
2658 3842 2878 3897 sequax
2898 3830 3006 3892 est,
3062 3827 3250 3881 cauda
3297 3830 3561 3898 putatur,

1913 3932 2042 3987 quae
2065 3914 2527 3971 innumerabiles
2549 3919 2604 3970 et
2624 3913 2929 3987 praeclaras
2952 3913 3151 3970 stellas
3174 3913 3324 3982 caeli,
3376 3915 3561 3971 Eccle-

1913 4004 2009 4060 siae
2031 4002 2253 4059 scilicet
2274 4004 2627 4058 Francorum
2650 4003 2886 4058 traxerit
2902 4008 2958 4058 et
2984 4003 3196 4072 trahat,
3218 4003 3561 4077 miseritque

1910 4099 1968 4149 et
1989 4093 2184 4149 mittat
2205 4093 2263 4147 in
2284 4097 2500 4148 terram
2523 4093 2896 4148 tenebrosam
2932 4096 2989 4148 et
3037 4095 3301 4165 opertam
3351 4094 3560 4150 mortis

1910 4181 2175 4254 caligine.
2202 4182 2384 4246 Quem
2406 4181 2661 4253 Spiritus
2684 4181 3013 4249 sanctus,in
3038 4199 3212 4254 quem
3235 4182 3361 4237 sine
3380 4181 3558 4239 inter-

1909 4270 2188 4327 missione
2213 4270 2345 4342 plus
2367 4287 2546 4342 quam
2568 4270 2770 4326 Simon
2812 4271 3020 4342 Magus
3061 4258 3281 4342 peccat,
3315 4276 3417 4327 aut
3444 4272 3558 4329 cito

1907 4365 2326 4432 compunctum
2349 4358 2623 4429 corrigat,
2649 4364 2750 4414 aut
2771 4359 2884 4414 cito
2908 4377 2940 4414 a
2958 4375 3019 4414 se
3068 4360 3442 4415 interfectum
3480 4361 3553 4415 de

1906 4448 2098 4503 medio
2122 4446 2304 4512 tollat,
2329 4463 2399 4501 ne
2420 4449 2505 4501 tot
2524 4445 2925 4519 blasphemias
2942 4451 2999 4501 et
3020 4446 3266 4518 injurias
3311 4448 3385 4503 ad
3435 4465 3555 4504 sua:

1903 4536 2299 4592 damnationis
2324 4534 2627 4591 cumulum
2651 4540 2707 4590 et
2730 4540 2942 4590 sanctae
2963 4534 3419 4591 Christianitatis
3449 4553 3544 4592 ex-

1902 4627 2243 4683 terminium
2270 4626 2494 4681 diutius
2521 4624 2632 4696 ipsi
2656 4624 3552 4696 Spirituisanctoinferat.Quem

139 4704 291 4777 gitet
306 4716 620 4784 extorquet
633 4711 957 4780 servitium,
983 4712 1137 4784 quod
1167 4712 1218 4768 ei
1238 4712 1429 4769 solum
1446 4714 1506 4769 in
1529 4715 1788 4771 oratione
1819 4732 1868 4795 Β
1900 4721 2053 4772 Deus
2079 4721 2312 4787 propter
2327 4720 2561 4786 peccata
2584 4712 2783 4786 populi
2807 4728 3051 4786 regnare
3071 4712 3431 4785 permisit,ut
3450 4733 3554 4788 per

136 4799 485 4856 etunctione
537 4806 626 4856 est
647 4800 940 4857 relictum.
965 4800 1113 4865 Quid
1145 4801 1299 4856 enim
1327 4803 1581 4875 sibijam
1618 4806 1791 4876 perti-

135 4889 229 4940 net
256 4891 363 4943 aut
385 4888 629 4961 prodest
660 4889 941 4946 baculum
964 4896 1021 4946 et
1050 4889 1337 4946 annulum
1377 4908 1524 4964 quos
1576 4897 1789 4965 portat,

134 4973 411 5033 reddere?
430 4979 713 5051 Nunquid
738 4980 928 5051 quiaa
963 4979 1113 5034 laica
1161 4996 1409 5052 persona
1445 4981 1563 5036 dati
1614 4982 1793 5037 sunt?

134 5059 239 5118 Sed
253 5066 435 5121 etiam
452 5083 488 5122 a
506 5066 650 5124 laico
664 5068 962 5140 baptisma
974 5069 1177 5124 datum
1196 5086 1313 5125 non
1332 5073 1421 5125 est
1434 5069 1787 5139 iterandum,

140 5152 236 5207 sed
254 5155 525 5211 oratione
554 5161 610 5212 et
630 5157 904 5214 unctione
933 5174 967 5212 a
986 5157 1287 5213 sacerdote
1325 5158 1372 5214 si
1400 5159 1791 5231 supervivitur

133 5241 555 5314 supplendum,
588 5246 716 5303 sine
746 5246 985 5318 quibus,
1018 5245 1132 5301 nisi
1166 5247 1310 5302 forte
1364 5248 1784 5318 supervivatur,

132 5343 376 5402 regnum
409 5332 695 5391 caelorum
728 5334 1130 5391 indubitanter
1158 5337 1430 5401 intratur,
1463 5354 1599 5392 cum
1659 5337 1785 5394 sine

131 5432 289 5488 aquae
321 5420 563 5478 lavacro
595 5422 997 5480 nullus.Unde
1017 5428 1215 5497 petam
1241 5430 1331 5480 est
1362 5441 1535 5480 omne
1566 5425 1783 5498 episco-

129 5505 252 5575 pale
269 5509 539 5566 ofﬁcium
561 5510 621 5567 in
639 5513 853 5569 annulo
871 5517 928 5568 et
949 5512 1156 5568 baculo
1174 5513 1257 5569 eis
1271 5514 1628 5582 datum,sine
1642 5532 1782 5586 quo-

129 5608 254 5651 rum
286 5598 620 5656 imitatione
650 5606 707 5657 et
737 5602 1082 5657 auctoritate
1122 5600 1435 5674 episcopali
1459 5610 1776 5675 nequeunt,

127 5696 256 5742 cum
304 5688 436 5745 sine
475 5690 757 5747 unctione
790 5690 1009 5750 visibili
1052 5696 1281 5748 constet
1327 5692 1546 5747 sanctis
1605 5710 1775 5764 apos-

126 5771 259 5832 tolis
280 5775 392 5834 hoc
414 5775 769 5836 attributum
791 5779 850 5835 in
874 5779 999 5837 sola
1010 5780 1393 5854 praeceptione
1415 5784 1773 5854 curaepasto-

1900 4823 2034 4861 eum
2060 4803 2325 4859 funditus
2344 4803 2656 4858 trahantur
2673 4803 2744 4857 ad
2768 4808 2986 4858 sortem
3021 4802 3258 4870 diaboli,
3310 4804 3413 4875 qui
3453 4822 3552 4860 no-

1904 4895 2059 4950 mine
2081 4901 2252 4949 tenus
2270 4893 2622 4948 censebatur
2641 4907 2766 4947 esse
2792 4890 3029 4946 Christi.
3056 4891 3161 4946 Cui
3179 4890 3262 4948 sic
3284 4892 3553 4964 perditus

1901 4983 1997 5038 ille
2019 4982 2277 5055 perditor
2299 4980 2493 5052 palam
2517 4985 2574 5035 et
2596 4980 2886 5036 obstinate
2908 4998 3095 5053 usque
3115 4981 3458 5047 nunc,velut
3473 4982 3551 5038 al-

1900 5077 1990 5128 ter
2008 5069 2299 5135 Julianus,
2332 5074 2640 5141 repugnat,
2663 5074 2726 5123 ut
2746 5069 3017 5141 quamvis
3042 5069 3336 5126 multoties
3354 5070 3427 5126 ab
3460 5088 3549 5128 re-

1898 5160 2159 5217 verenda:
2217 5158 2513 5214 memoriae
2564 5158 2942 5229 pontiﬁcibus
2993 5159 3320 5230 apostolicae
3367 5159 3547 5229 sedis,

1897 5251 2113 5305 domno
2139 5250 2326 5304 Leone
2347 5251 2404 5303 et
2423 5247 2675 5314 Victore,
2702 5264 2879 5319 super
2907 5251 3071 5303 tanta
3109 5247 3403 5321 apostasia
3451 5249 3548 5303 ad-

1898 5338 2159 5395 monitus
2181 5341 2237 5392 et
2259 5337 2768 5407 correptus,pejor
2807 5336 2865 5391 in
2899 5336 3023 5392 dies
3070 5337 3191 5404 ﬁat,
3249 5336 3545 5407 ﬁnemque

1894 5428 2018 5483 suis
2042 5424 2428 5497 pravitatibus
2451 5423 2682 5480 rebellis
2705 5425 2820 5479 Deo
2851 5429 2908 5479 et
2964 5423 3369 5481 sacerdotibus
3411 5425 3541 5494 ejus

1893 5532 2107 5586 ponere
2129 5517 2466 5569 contemnat
2491 5531 2504 5579 ;
2531 5513 2740 5567 noxius
2762 5530 2995 5585 quoque
3018 5518 3200 5575 terrae,
3226 5527 3541 5581 quam,ceu

1891 5603 2106 5661 sterilis
2128 5603 2321 5667 arbor,
2345 5607 2610 5674 occupat,
2636 5603 2804 5674 cujus
2828 5599 3099 5672 nequitia:
3122 5598 3446 5655 imitatores
3469 5602 3543 5658 si-

1888 5710 1954 5749 ve
1976 5708 2278 5763 compares
2309 5696 2367 5746 et
2407 5696 2705 5746 consortes
2741 5707 2873 5744 cum
2917 5689 3024 5743 hac
3069 5687 3315 5760 profana
3361 5706 3539 5761 pecu-

1888 5783 1986 5839 nia
2007 5783 2376 5856 presumunt
2393 5779 2551 5836 adire
2576 5783 2632 5836 et
2654 5780 3023 5851 frequentare
3040 5775 3248 5833 limina
3279 5776 3539 5836 Simonis
