3864 6428
363 443 513 507 “Si

1393 439 1798 507 HUMBER’I‘I
1843 439 1908 504 Β.
1954 440 2026 504 Β.
2071 437 2144 504 E.
2191 438 2681 508 CARDINALIS.

3675 433 3799 498 illi!

361 575 514 633 Petri
545 575 845 632 credentes
874 572 956 631 illi
989 587 1158 648 posse
1179 567 1404 648 placere
1420 575 1542 647 jam
1559 573 1836 647 pecunias
1855 590 1991 631 con-
2020 571 2076 640 Α
2105 571 2326 630 dixerat
2358 591 2371 630 :
2405 597 2434 626 «
2467 575 2682 632 Euntes
2711 573 2771 632 in
2802 573 3100 632 mundum
3133 569 3566 638 universum,
3615 567 3796 641 pradi-

361 668 452 720 tra
477 681 645 719 suam
669 662 1012 719 sententiam
1049 663 1382 734 acquisitas,
1433 661 1693 734 exemplo
1738 661 1993 718 Simonis

363 753 516 825 Magi
547 771 559 820 ;
585 770 690 807 nec
711 753 918 807 timent
941 770 1070 806 cum
1093 751 1188 806 illo
1211 753 1281 807 ab
1307 752 1432 822 ipso
1453 751 1715 823 Principe
1761 754 1991 823 aposto-

362 840 553 896 lorum
576 841 684 896 sibi
710 857 940 911 quoque
971 841 1080 895 dici
1113 857 1125 895 :
1153 862 1179 890 ‹‹
1214 840 1462 894 Pecunia
1482 843 1582 894 tua
1602 845 1794 894 tecum
1827 839 1904 893 sit
1933 839 1992 893 in

363 929 739 1000 perditionem
775 928 910 998 (Act.
934 944 1054 993 vui,
1086 928 1200 998 20):
1226 949 1252 977 »
1278 927 1530 990 Quorum
1556 928 1681 997 jam
1727 926 1990 998 pecunia,

362 1021 812 1088 quantacunque
833 1016 925 1083 sit,
953 1015 1260 1070 immunda
1287 1016 1370 1080 fit,
1423 1015 1888 1086 quandocunque
1911 1015 1995 1070 Si-

363 1107 624 1160 moniaca
645 1105 890 1175 pecunia
919 1105 1201 1159 accedens
1231 1104 1393 1160 illam
1426 1104 1728 1175 contingit.
1777 1104 1884 1158 Sed
1921 1103 1992 1158 ad

359 1193 719 1265 propositum
743 1193 1032 1247 redeatur.

958 1299 1188 1354 CAPUT
1225 1299 1371 1353 VIII.

358 1393 438 1444 De
467 1388 863 1460 quadripertito
891 1387 1203 1460 venditione
1233 1385 1378 1458 apud
1401 1388 1698 1460 Latinos,et
1727 1386 1792 1440 de
1815 1387 1994 1457 Magni

625 1460 974 1514 Constantini
1003 1459 1284 1513 devotione
1314 1474 1441 1528 erga
1469 1459 1708 1512 clericos.

427 1546 784 1601 Distrahitur
815 1561 948 1617 ergo
981 1546 1198 1616 passim
1230 1549 1285 1600 et
1314 1545 1564 1616 sparsim
1598 1561 1688 1600 res
1718 1544 1991 1600 ecclesia-

357 1635 503 1690 stica
532 1633 691 1705 prius
725 1651 758 1687 a
815 1633 1174 1704 principibus
1227 1638 1281 1688 et
1338 1650 1538 1688 eorum
1582 1632 1988 1700 familiaribus,

357 1723 564 1778 deinde
597 1739 630 1776 a
687 1721 1151 1793 metropolitanis
1209 1727 1264 1776 et
1319 1738 1517 1776 eorum
1581 1720 1987 1777 familiaribus.

356 1811 570 1866 Neutra
599 1811 810 1882 quippe
830 1810 1085 1865 venditio
1109 1811 1173 1865 ﬁt
1204 1811 1328 1865 sine
1350 1810 1788 1865 mediatoribus.
1805 1809 1990 1873 Quan-

357 1905 412 1954 to
443 1898 800 1954 tolerabilius
823 1899 1183 1964 vcnderetur,
1219 1898 1266 1953 si
1299 1899 1504 1954 saltem
1526 1897 1784 1970 exemplo
1807 1898 1988 1953 orien-

355 1986 485 2042 talis
517 1991 572 2042 et
627 1986 1029 2042 transmarinas
1089 1987 1376 2054 Ecclesiae,
1441 2003 1475 2041 a
1524 1985 1986 2059 metropolitanis

353 2079 577 2131 tantum
621 2091 938 2146 eorumque
990 2074 1380 2130 familiaribus
1438 2075 1800 2141 venderetur,
1850 2074 1989 2146 quia

353 2165 442 2219 bis
467 2168 778 2230 tantum,ct
796 2181 912 2218 non
927 2167 1132 2235 quater
1151 2163 1800 2230 venderetur.Quamvis
1827 2163 1984 2218 enim

353 2252 718 2307 multimodis
741 2252 1037 2306 erroribus
1059 2251 1327 2307 Ecclesiae
1363 2249 1988 2323 Constantinopolitani

353 2340 580 2412 imperii
609 2344 902 2406 vexentur,
927 2340 996 2394 ab
1028 2339 1136 2394 hoc
1168 2344 1364 2395 tamen
1393 2339 1686 2394 immunes
1717 2356 1818 2411 per
1863 2355 1985 2394 om-

353 2429 804 2483 nianoscuntur.
831 2427 1111 2498 Denique,
1135 2427 1506 2483 sicuiauditu
1557 2430 1614 2482 et
1661 2426 1787 2482 visu
1837 2442 1988 2481 com-

355 2516 674 2590 probavi,et
691 2517 931 2587 insuper
949 2517 1020 2570 ab
1045 2533 1140 2571 ore
1160 2515 1484 2571 orthodoxa:
1508 2515 1989 2586 memoriazimpe-

354 2604 958 2672 ratoris,Constantini
985 2605 1369 2672 Monomachi,
1395 2604 1452 2658 in
1478 2605 1606 2674 ipsa
1637 2603 1794 2674 regia
1846 2603 1987 2658 urbe

355 2712 457 2766 pro
479 2693 808 2765 apostolicae
832 2693 987 2748 sedis
1007 2693 1302 2764 responsis
1326 2693 1548 2764 positus
1598 2692 1800 2764 agnovi
1826 2710 1838 2760 ;
1884 2707 1988 2746 nec

351 2783 476 2855 ipse
499 2783 832 2852 imperator,
855 2797 959 2836 nec
977 2781 1256 2836 laicorum
1279 2781 1524 2852 quilibet
1543 2779 1720 2835 ullam
1743 2779 1990 2852 disposi-

351 2872 568 2926 tionem
598 2869 972 2925 ecclesiarum
1004 2875 1104 2925 aut
1134 2868 1658 2925 ecclesiasticarum
1681 2867 1988 2923 ordinatio-

354 2975 496 3014 num
529 2975 631 3013 seu
665 2957 1006 3012 facultatum
1039 2957 1350 3027 aliquando
1381 2957 1490 3012 sibi
1523 2957 1859 3028 praesumit;
1885 2956 1987 3011 sed

357 3049 566 3102 cuncta
594 3045 770 3101 simul
802 3051 1110 3117 postquam
1143 3045 1320 3100 semel
1379 3044 1580 3100 relicta
1631 3047 1788 3110 sunt,
1822 3043 1990 3099 relin-

355 3139 618 3207 quuntur
649 3134 1008 3205 disponenda
1060 3132 1522 3204 metropolitanis
1578 3138 1635 3188 et
1693 3132 1990 3188 ecclesias-

353 3223 486 3279 ticis
517 3221 800 3295 personis,
834 3239 867 3275 a
903 3225 1159 3294 tempore
1217 3222 1452 3276 maximi
1508 3225 1564 3276 et
1623 3221 1794 3293 primi
1847 3221 1989 3276 Con-

353 3293 594 3368 stantini
629 3309 726 3382 qui
750 3327 926 3383 super
955 3293 1046 3366 his
1071 3309 1507 3365 memorabilem
1530 3313 1586 3364 et
1606 3309 1882 3366 omnibus
1898 3326 1986 3366 ca-
2017 3293 2058 3359 C

353 3401 585 3456 tholicis
612 3399 984 3456 reverendam
1018 3398 1365 3454 sententiam
1384 3397 1648 3472 protulit.
1669 3398 1984 3454 Prassidens

354 3505 608 3561 namque
637 3492 846 3544 saneta:
871 3489 1111 3560 synodo,
1137 3503 1263 3559 quae
1280 3487 1432 3560 apud
1457 3487 1692 3542 Niceam
1742 3503 1986 3559 congre-

355 3583 488 3651 gata
509 3583 617 3644 est,
651 3593 783 3632 cum
816 3576 1130 3648 queredam
1181 3575 1570 3647 quorumdam
1629 3576 1989 3648 conspiceret

356 3683 549 3722 coram
581 3681 642 3721 se
664 3665 911 3720 delatam
929 3664 1009 3720 ait
1034 3681 1046 3719 :
1071 3686 1098 3712 «
1124 3663 1232 3719 Vos
1274 3681 1308 3718 a
1327 3664 1559 3718 nemine
1599 3663 1852 3734 judicari
1884 3679 1986 3735 po-

355 3755 544 3822 testis,
573 3754 711 3826 quia
740 3752 920 3808 solius
955 3753 1048 3808 Dei
1063 3752 1286 3824 judicio
1319 3751 1714 3808 reservamini.
1750 3751 1840 3807 Dii
1871 3755 1986 3807 ete-

357 3845 478 3900 nim
520 3843 706 3898 vocati
730 3842 891 3908 estis,
915 3841 1130 3896 idcirco
1173 3857 1286 3896 non
1338 3839 1580 3913 potestis
1622 3840 1693 3895 ab
1741 3839 1992 3895 homini-

358 3935 467 3989 bus
489 3931 818 4003 dijudicari.
855 3931 935 3986 Ite
967 3935 1042 3996 et,
1077 3930 1229 3985 inter
1256 3946 1357 3985 vos
1380 3945 1588 3984 causas
1616 3931 1840 3984 vestras
1870 3927 1989 3983 dis-

357 4023 572 4096 ponite,
607 4021 745 4092 quia
775 4019 1016 4091 dignum
1051 4035 1168 4074 non
1227 4023 1315 4073 est
1372 4020 1438 4072 ut
1497 4033 1604 4072 nos
1651 4016 1990 4088 judicemus

359 4111 516 4165 deos.
543 4131 570 4158 ‹‹
594 4107 756 4162 Unde
785 4107 914 4178 ipsa
935 4109 1135 4161 sancta
1163 4105 1422 4178 synodus
1455 4105 1539 4160 sic
1580 4103 1990 4176 promulgavit.

361 4221 389 4248 ‹‹
411 4196 646 4267 Antiqui
671 4195 849 4249 moris
872 4197 977 4262 est,
1004 4197 1067 4248 ut
1088 4193 1250 4250 urbis
1273 4193 1464 4249 Romae
1489 4193 1798 4265 episcopus
1817 4192 1992 4249 habe-

361 4291 420 4343 at
440 4284 854 4357 principatum,
877 4287 932 4338 et
949 4282 1267 4338 suburbica
1292 4282 1419 4338 loca
1439 4287 1495 4337 et
1513 4298 1746 4338 omnem
1770 4280 1996 4354 provin-

361 4376 510 4432 ciam
543 4389 650 4429 sua
681 4371 1071 4427 sollicitudine
1119 4372 1421 4444 gubernet.
1482 4371 1590 4435 Qui
1648 4387 1780 4427 vero
1838 4369 1994 4443 apud

360 4465 650 4536 Egyptum
682 4468 816 4516 sunt
848 4459 1207 4514 Alexandria:
1239 4460 1549 4532 episcopus
1600 4459 1862 4515 omnium
1893 4459 1996 4515 ba-

361 4553 493 4609 beat
520 4549 991 4607 sollicitudinem.
1027 4548 1308 4604 Similiter
1324 4553 1517 4604 autem
1540 4552 1597 4604 et
1626 4548 1779 4604 circa
1797 4548 1996 4603 Antio-

2102 663 2976 737 cateEvangelium(Marc.xv1,
3003 664 3094 734 15)
3148 681 3228 720 »:
3287 660 3400 718 vel
3426 659 3592 733 quia
3645 657 3797 729 expel-

2101 750 2258 808 lendi
2289 754 2760 822 erantaJudasa,
2802 756 3088 810 noverant
3147 769 3218 809 se
3269 755 3340 808 et
3411 749 3482 804 in
3549 746 3797 821 gentibus

2104 839 2542 914 dispergendos,
2564 841 3003 914 Ecclesiamque
3023 858 3130 897 con
3139 839 3573 914 gregandam
3609 852 3678 891 ex
3699 837 3796 890 rudi

2101 927 2314 1001 populo
2335 929 2548 985 idcirco
2568 931 2784 1002 praedia
2803 931 2862 986 in
2884 931 3089 985 Judaa
3109 929 3418 993 minime,
3447 931 3614 982 sunt
3645 926 3796 996 adep-

2101 1017 2165 1086 ti,
2192 1017 2292 1073 sed
2317 1018 2501 1088 pretia
2527 1019 2934 1075 tantummodo
2965 1019 3037 1074 ad
3071 1018 3386 1074 fovendos
3427 1018 3710 1088 egentes.

2169 1107 2242 1160 At
2269 1121 2424 1172 vero,
2457 1122 2592 1162 cum
2633 1107 2786 1162 inter
2813 1106 3082 1164 turbines
3133 1111 3193 1161 et
3256 1105 3560 1162 adversa
3615 1103 3792 1158 mundi

2101 1197 2489 1249 succresceret
2517 1193 2793 1260 Ecclesia,
2816 1195 2962 1250 adeo
2991 1209 3182 1266 usque
3229 1193 3550 1266 pervenit
3585 1196 3652 1247 ut
3701 1209 3792 1247 non

2103 1280 2296 1337 solum
2326 1286 2549 1354 gentes,
2577 1283 2678 1338 sed
2707 1283 2885 1339 etiam
2909 1283 3159 1338 Romani
3181 1282 3560 1354 principes,
3583 1281 3688 1352 qui
3711 1297 3788 1352 pe-

2099 1383 2173 1422 ne
2191 1368 2370 1423 totius
2391 1368 2549 1424 orbis
2569 1369 2972 1424 monarchiam
2985 1369 3396 1437 tenebant,ad
3417 1368 3626 1426 ﬁdem
3651 1367 3790 1424 Chri-

2099 1455 2174 1511 sti
2194 1459 2249 1511 et
2267 1456 2542 1528 baptismi
2582 1461 2952 1513 sacramenta
2982 1461 3454 1514 concurerrent.
3499 1461 3550 1512 E
3583 1457 3784 1530 quibus

2097 1543 2186 1598 vir
2205 1543 2704 1616 religiosissimus,
2723 1545 3138 1601 Constantinus
3161 1545 3448 1618 primus,
3495 1546 3686 1601 fidem
3708 1562 3788 1600 ve-

2099 1631 2289 1688 ritatis
2309 1637 2576 1705 patenter
2595 1634 2867 1706 adeptus,
2895 1633 3196 1690 licentiam
3247 1635 3433 1691 dedit
3495 1651 3613 1706 per
3671 1634 3786 1689 uni.

2097 1736 2327 1776 versum
2361 1722 2559 1778 orbem
2591 1723 2700 1777 sub
2732 1739 2839 1778 suo
2870 1723 3148 1794 degentes
3181 1722 3464 1795 imperio
3533 1740 3658 1779 non
3709 1740 3788 1778 se-

2097 1808 2220 1864 lum
2245 1809 2365 1864 fieri
2389 1809 2771 1878 Christianos,
2787 1810 2887 1866 sed
2909 1810 3088 1866 etiam
3103 1811 3458 1866 fabricandi
3482 1811 3788 1878 ecclesias,

2095 1900 2154 1953 et
2175 1897 2392 1969 praedia
2405 1897 2716 1953 tribuenda
2731 1899 3056 1954 constituit.
3081 1899 3384 1972 Denique,
3419 1899 3602 1956 idem
3655 1918 3788 1973 pre-

2095 1985 2250 2040 fatus
2271 1985 2541 2058 princeps
2562 1986 2804 2042 donaria
2824 1985 3117 2043 immensa
3137 1991 3195 2043 et
3217 1985 3545 2044 fabricam
3589 1989 3788 2061 templi

2099 2072 2302 2145 prima:
2327 2073 2484 2128 sedis
2507 2073 2662 2129 beati
2683 2074 2860 2142 Petri,
2881 2074 3166 2147 principis
3199 2075 3654 2147 apostolorum
3686 2077 3790 2133 ins-

2094 2161 2455 2230 tituit;adeo
2495 2165 2562 2216 ut
2607 2163 2808 2218 sedem
2856 2161 3227 2234 imperialem
3283 2179 3492 2235 quam
3539 2165 3786 2222 Romani

2096 2249 2387 2323 principes
2410 2250 2792 2322 praesiderent
2834 2249 3214 2323 relinqueret,
3265 2257 3330 2307 et
3373 2253 3576 2308 beato
3631 2254 3788 2310 Petro

2096 2337 2337 2409 suisque
2357 2337 2704 2410 praesulibus
2729 2339 3098 2411 profuturam
3119 2341 3524 2396 concederet.
3553 2343 3650 2397 Ab
3701 2341 3787 2397 illo

2095 2426 2310 2482 etenim
2327 2430 2589 2498 tempore
2609 2431 2666 2482 et
2685 2427 2959 2499 deinceps
2975 2426 3082 2482 viri
3107 2425 3380 2500 religiosi
3401 2446 3544 2485 non
3599 2431 3786 2488 solum

2095 2513 2497 2588 possessiones
2519 2519 2575 2570 et
2595 2515 2814 2587 praedia
2835 2532 2966 2586 quas
2985 2517 3415 2588 possederant,
3441 2520 3562 2574 sed
3614 2520 3788 2575 etiam

2098 2603 2318 2676 seipsos
2354 2602 2598 2659 Domino
2617 2606 3058 2672 consecrarunt,
3079 2604 3467 2661 aediﬁcantes
3501 2605 3790 2663 basilicas

2097 2693 2154 2747 in
2190 2693 2312 2749 suis
2344 2692 2544 2748 fundis
2575 2691 2634 2746 in
2666 2691 2887 2748 honore
2911 2696 3258 2748 sanctorum
3293 2699 3666 2767 martyrum
3701 2715 3788 2768 per

2101 2779 2364 2835 civitates
2393 2795 2458 2834 ac
2489 2779 2867 2845 monasteria,
2899 2778 2959 2833 in
2990 2779 3212 2850 quibus
3270 2785 3482 2838 catus
3537 2783 3788 2840 Domino

2097 2866 2474 2922 servientium
2505 2853 2858 2922 conveniret.
2891 2867 3365 2941 Denique,reges
3399 2875 3468 2925 et
3503 2874 3790 2943 praesides

2096 2971 2163 3010 ac
2197 2954 2579 3028 magistratus
2611 2972 2727 3010 non
2758 2955 2953 3011 solum
3007 2955 3164 3012 hanc
3223 2955 3567 3016 licentiam
3629 2965 3790 3018 attri-

2097 3044 2374 3110 buerunt,
2407 3044 2508 3100 sed
2539 3043 2714 3099 etiam
2771 3043 2884 3116 ipsi
2934 3044 3176 3116 propria
3223 3043 3446 3119 largiti
3483 3056 3648 3106 sunt
3701 3067 3790 3123 per

2095 3131 2368 3187 universa
2396 3145 2574 3202 regna
2603 3135 2916 3198 terrarum,
2941 3133 3097 3188 unde
3155 3132 3484 3190 alerentur
3549 3145 3788 3212 egentes

2095 3219 2195 3294 qui
2226 3219 2310 3275 nil
2339 3220 2400 3274 in
2431 3219 2650 3275 mundo
2683 3219 3089 3292 possidebant,
3108 3219 3522 3296 ecclesiasque
3543 3227 3790 3284 fabrica-

2095 3313 2295 3366 rentur
2314 3312 2486 3380 atque
2503 3309 3234 3381 restaurarentur,Deoque
3255 3315 3318 3366 et
3337 3312 3646 3371 Ecclesiae
3667 3319 3788 3388 ejus

2095 3398 2203 3453 rite
2233 3395 2654 3453 famulantium
2683 3413 3106 3470 servorumque
3129 3397 3295 3454 illius
3344 3402 3792 3475 supplementa

2095 3487 2317 3558 absque
2346 3485 2687 3540 necessitate
2715 3484 3115 3542 tribuerentur
3165 3489 3254 3553 ut,
3287 3487 3422 3544 haec
3491 3493 3792 3566 accipien-

2095 3579 2202 3639 tes,
2228 3574 2550 3629 secundum
2581 3573 2804 3629 monita
2830 3573 3115 3646 Apostoli,
3151 3581 3408 3646 possent
3443 3581 3790 3648 orationes,

2097 3661 2539 3736 postulationes,
2595 3661 3051 3731 obsecrationes,
3106 3663 3456 3738 gratiarum
3519 3671 3794 3727 actiones

2098 3751 2222 3807 ﬁeri
2254 3767 2357 3823 pro
2389 3749 2664 3806 omnibus
2693 3749 3058 3818 hominibus,
3091 3767 3199 3822 pro
3251 3755 3516 3827 regibus
3583 3764 3650 3815 et
3701 3763 3796 3832 qui

2099 3840 2158 3895 in
2191 3839 2552 3896 sublimitate
2604 3843 2762 3908 sunt,
2822 3843 2888 3894 ut
2937 3839 3200 3910 quietam
3251 3846 3310 3897 et
3371 3847 3800 3919 tranquillam

2098 3929 2277 3984 vitam
2298 3927 2551 3984 habeant
2583 3945 2596 3996 ;
2631 3927 2816 3984 ethoc
2835 3928 3058 3984 bonum
3089 3933 3148 3984 et
3179 3935 3512 4004 acceptum
3547 3953 3700 3994 esse
3719 3955 3804 3993 co-

2101 4033 2227 4073 ram
2258 4016 2374 4072 Deo
2403 4015 2452 4086 (I
2477 4017 2616 4073 Tim.
2658 4033 2722 4086 ιι,
2759 4017 2898 4089 1-3),
2959 4017 3118 4072 idem
3163 4019 3456 4091 Magister
3515 4027 3804 4098 gentium

2101 4107 2476 4179 protestetur,
2501 4108 2558 4160 et
2589 4103 2680 4159 cui
2711 4103 3042 4160 sollicitudo
3063 4107 3340 4163 omnium
3369 4109 3806 4172 Ecclesiarum

2102 4193 2481 4250 incumbebat
2502 4192 2578 4264 (II
2595 4192 2714 4249 Cor.
2745 4210 2824 4262 χι,
2854 4193 2967 4265 28),
2993 4195 3220 4267 quique
3259 4196 3602 4272 episcopos
3639 4221 3808 4278 rege-

2103 4298 2165 4339 re
2197 4298 2299 4354 per
2329 4279 2613 4354 Spiritum
2643 4287 2912 4338 sanctum
2955 4283 3263 4339 constituit
3305 4285 3676 4348 Ecclesiam
3717 4294 3808 4350 Dei

2105 4371 2240 4444 (Act.
2271 4387 2368 4440 xx,
2395 4371 2511 4443 28),
2543 4370 2760 4442 quibus
2791 4370 2871 4426 ait
2902 4386 2915 4425 :
2950 4393 2978 4421 «
3011 4372 3247 4430 Pascite
3277 4373 3384 4446 qui
3448 4381 3560 4433 est.
3601 4381 3674 4437 in
3713 4399 3806 4438 vo-

2103 4459 2195 4517 bis
2223 4475 2458 4533 gregem
2488 4459 2611 4529 Dei,
2643 4459 3012 4531 providentes
3043 4477 3162 4516 non
3195 4467 3422 4533 coacte,
3459 4469 3585 4524 sed
3627 4487 3806 4544 spon-

2105 4553 2164 4606 te
2195 4550 2516 4605 secundum
2548 4548 2755 4616 Deum,
2788 4565 2978 4621 neque
3013 4551 3207 4624 turpis
3239 4552 3397 4608 lucri
3429 4560 3684 4630 gratia,
3711 4563 3806 4618 sed

360 4641 554 4698 chiam
584 4643 641 4695 et
671 4639 731 4693 in
781 4638 1003 4694 caeteris
1053 4637 1365 4709 provinciis
1411 4636 1708 4710 privilegia
1766 4637 2000 4710 propria
2027 4658 2070 4722 Ι)
2103 4638 2425 4694 voluntarie
2453 4639 2502 4710 (Ι
2527 4639 2676 4694 Petr.
2707 4655 2762 4708 v,
2792 4639 2871 4709 2).
2903 4639 3085 4695 Nemo
3117 4639 3394 4698 militans
3419 4643 3560 4703 Deo
3597 4648 3806 4723 impli-

359 4732 684 4786 reservetur
711 4726 1171 4798 metropolitanis
1201 4725 1491 4782 Ecelesiis.
1529 4747 1556 4774 ››
1604 4725 1782 4782 Porro
1841 4725 1996 4796 quod

363 4817 610 4874 decretis
635 4817 1028 4872 Romanorum
1053 4815 1394 4887 pontificum
1418 4815 1701 4870 inscrtum
1723 4815 1794 4870 de
1823 4814 1996 4870 rebus

362 4911 418 4961 et
450 4903 697 4976 negotiis
719 4902 1128 4959 ecclesiasticis
1147 4903 1453 4976 reperitur,
1480 4903 1574 4958 hic
1598 4919 1827 4976 quoque
1844 4903 1994 4958 inse-

366 4993 610 5048 rendum
633 4993 1003 5046 arbitramur.
1027 4991 1185 5054 Quod
1213 4991 1326 5048 tale
1357 4996 1468 5048 est.
1501 4993 1679 5048 Nemo
1705 4991 1804 5064 qui
1843 4991 1996 5047 Scri-

366 5085 567 5152 pturas
591 5079 816 5134 divinas
839 5079 980 5147 legit
1001 5080 1231 5153 ignorat
1265 5081 1441 5152 quod,
1473 5081 1530 5136 in
1557 5080 1841 5153 principio
1863 5097 1995 5136 nas-
2017 5119 2028 5127 -
2051 5078 2054 5080 ’

367 5167 550 5224 centis
580 5165 870 5236 Ecclesiae,
918 5167 1221 5238 discipulis
1279 5167 1339 5223 in
1399 5184 1584 5222 unum
1639 5167 1999 5240 congregatis

369 5275 502 5315 cum
551 5254 926 5312 multitudine
957 5257 1345 5322 credentium,
1375 5256 1434 5309 in
1465 5257 1680 5326 quibus
1727 5261 1850 5312 erat
1904 5273 2002 5313 cor

365 5363 512 5402 unm
547 5349 601 5401 et
619 5345 815 5399 anima
835 5361 952 5399 una
973 5345 1105 5416 (Act.
1134 5361 1208 5412 ιν,
1261 5345 1373 5415 32),
1422 5344 1638 5415 quique
1685 5346 1998 5400 vendentes

365 5435 584 5508 praedia
614 5437 669 5488 et
699 5434 1092 5504 possessiones
1127 5449 1264 5487 suas
1323 5431 1659 5502 efferebant,
1682 5437 1739 5488 et
1785 5434 2000 5490 divide-

364 5525 538 5576 batur
559 5521 1042 5594 singulishprout,
1065 5521 1274 5591 cuique
1293 5535 1440 5592 opus
1461 5525 1583 5576 erat
1611 5521 1744 5592 (Act.
1795 5539 1856 5576 ιι.
1884 5523 1994 5594 45).

371 5608 649 5660 Futuram
669 5625 920 5680 namque
952 5607 1270 5664 Ecclesiam
1299 5608 1362 5666 in
1419 5609 1694 5679 gentibus
1752 5610 1998 5681 apostoli

377 5693 786 5764 praevidebant,
811 5697 1195 5768 maximeque,
1227 5696 1366 5768 quia
1394 5695 1674 5754 Dominus
1701 5697 1815 5754 illis
1855 5715 1999 5771 prea-

2107 4731 2199 4784 cat
2227 4743 2289 4782 se
2320 4725 2565 4799 negotiis
2596 4725 2976 4784 saecularibus
3007 4727 3078 4800 (II
3114 4730 3261 4784 Tim.
3297 4747 3365 4797 ιι,
3399 4733 3494 4804 4).
3545 4759 3580 4786 ››

2177 4816 2311 4879 Qua).
2332 4814 2490 4870 enim
2517 4819 2657 4870 sunt
2685 4815 2919 4888 negotia
2975 4815 3304 4884 saecularia,
3341 4825 3558 4880 sancti
3631 4843 3806 4884 cano-

2105 4919 2212 4960 nes
2231 4903 2606 4960 manit‘estant
2626 4907 2682 4958 et
2697 4903 2965 4960 inhibent
2994 4904 3079 4960 sic
3109 4922 3121 4960 :
3145 4928 3174 4956 ‹‹
3203 4907 3360 4964 Dum
3385 4915 3808 4988 perspicuum

2105 4993 2184 5048 sit
2206 4991 2360 5064 quod
2383 4993 2643 5064 quidam,
2669 4991 2768 5064 qui
2785 4993 2842 5048 in
2862 4991 3015 5048 clero
3035 4993 3314 5051 videntur
3335 4997 3529 5057 electi
3559 5013 3808 5080 propter

2103 5081 2269 5137 lucra
2295 5081 2510 5154 turpia,
2544 5081 2926 5137 conductores
2949 5081 3277 5139 alienarum
3315 5095 3804 5158 possessionum

2107 5169 2252 5225 ﬂant
2282 5173 2339 5226 et
2367 5168 2672 5226 saecularia
2693 5170 2924 5242 negotia
2953 5171 3062 5226 sub
3095 5187 3239 5228 cura
3269 5189 3389 5231 sua
3421 5183 3804 5256 suscipiant,

2105 5257 2207 5314 Dei
2222 5257 2458 5330 quidem
2472 5257 2864 5314 ministerium
2879 5259 3381 5333 parvipendentes
3400 5271 3805 5328 saecularium

2103 5361 2239 5402 vero
2261 5347 2467 5404 domos
2489 5347 2887 5403 discurrentes
2907 5351 3231 5422 et,propter
3252 5353 3806 5434 avaritiam,patri—

2107 5435 2438 5492 moniorum
2451 5435 2906 5493 sollicitudinem
2921 5442 3246 5506 sumentes,
3273 5441 3578 5507 decrevit
3605 5467 3804 5525 supra-

2106 5524 2263 5615 dicta
2287 5527 2547 5598 synodus
2577 5523 2807 5582 nullum
2837 5525 3114 5599 deinceps
3145 5527 3448 5591 clericum
3521 5545 3648 5598 aut
3683 5523 3800 5615 pos-

2107 5614 2398 5672 sessiones
2437 5615 2780 5684 conducere,
2813 5619 2915 5671 aut
2969 5616 3222 5689 negotiis
3284 5614 3734 5690 saecularibus

2109 5700 2372 5774 miscere,
2405 5707 2610 5778 praeter
2639 5703 2996 5778 pupillorum
3023 5708 3080 5763 et
3127 5707 3582 5780 orphanorum
3621 5739 3696 5781 ac
3739 5721 3802 5778 vi-
