3864 6356
113 434 265 493 1153

690 431 1100 494 ADVERSUS
1146 429 1621 493 SlMONlACOS
1667 425 1872 493 LIBRI
1916 426 2139 492 TRES.
2177 465 2253 476 —
2284 431 2515 493 LIBER
2560 433 2922 496 TERTIUS.

3353 433 3508 494 “54

107 567 383 632 duarum,
418 571 516 622 aut
547 565 595 622 si
628 567 773 623 forte
797 565 1376 640 episcopuslcivitatis
1396 563 1748 621 ecclesiasti-
1782 566 1836 633 Α
1864 564 2131 620 habitum
2165 565 2428 622 deferens
2479 568 2550 622 ad
2611 565 3007 622 ecclesiastica
3061 565 3254 621 ofﬁcia
3315 568 3508 622 venire

110 672 313 710 carum
349 671 542 710 rerum
565 654 1024 711 sollicitudinem
1047 654 1257 711 habere
1289 653 1603 726 praecipiat.
1639 653 1748 708 Ubi

111 744 337 816 liquido
361 749 516 816 patet
547 745 687 817 quia
716 743 829 800 alia
858 748 996 799 sunt
1025 743 1256 816 negotia
1284 743 1604 810 saecularia,
1637 742 1751 798 alia

110 833 526 888 ecclesiastica.
563 857 589 881 ι)
619 834 818 888 Nonne
857 833 1082 905 Moyses
1113 832 1171 887 in
1201 832 1410 888 seculo
1441 838 1587 899 erat,
1616 849 1750 889 cum

108 923 312 977 crebro
361 923 418 976 in
451 921 824 977 tabernaculo
855 922 1096 977 intraret
1131 925 1187 977 et
1224 921 1424 988 exiret,
1454 921 1556 994 qui
1587 921 1747 978 intus

112 1011 166 1064 in
200 1011 752 1083 contemplationem
784 1014 1006 1083 raptus,
1041 1010 1177 1066 foris
1207 1009 1635 1066 infirmantium
1661 1028 1754 1066 ne-

110 1101 285 1172 goliis
300 1102 636 1172 urgebatur;
660 1101 816 1155 intus
839 1100 938 1155 Dei
962 1116 1173 1155 arcana
1193 1099 1593 1167 considerans,
1614 1100 1753 1156 foris

105 1191 432 1246 carnalium
465 1207 642 1246 onera
663 1189 1133 1263 portabat(E.rod.
1159 1206 1346 1256 xxxw,
1381 1190 1469 1256 34,
1494 1190 1603 1261 35).
1637 1190 1749 1245 Cu-

94 1281 197 1349 jus
230 1284 433 1353 typum
466 1281 524 1334 in
559 1279 810 1335 Ecclesia
832 1279 1161 1334 sacerdotes
1193 1293 1362 1350 agere
1394 1278 1626 1345 debent,
1661 1283 1747 1346 ut,

105 1370 249 1423 dum
283 1370 436 1424 foras
458 1373 667 1424 exeunt
687 1369 758 1423 ad
780 1368 1099 1423 exercenda
1119 1367 1352 1440 negotia
1372 1384 1474 1439 pro
1497 1368 1749 1423 necessi-

109 1458 334 1513 tatibus
367 1458 754 1525 subditorum,
789 1457 948 1512 intus
981 1456 1051 1511 ad
1097 1472 1159 1512 se
1191 1456 1430 1510 redeant
1471 1473 1573 1528 per
1615 1473 1752 1512 con-

108 1547 547 1618 templationem
591 1547 1025 1601 mandatorum.
1057 1544 1220 1600 Sicut
1255 1543 1472 1599 Paulus
1504 1545 1603 1617 qui
1636 1561 1750 1600 cce-

112 1636 355 1692 lcstibus
387 1637 627 1693 secretis
647 1636 944 1701 inseritur,
973 1638 1030 1689 et
1058 1637 1252 1689 tamen
1276 1649 1377 1705 per
1402 1635 1751 1690 condescen-

110 1727 289 1781 sionis
311 1727 534 1780 viscera
564 1724 887 1780 carnalium
910 1722 1103 1778 cubile
1125 1726 1440 1778 scrutatur.
1467 1723 1629 1778 Sicut
1656 1722 1752 1778 Ja-

111 1815 218 1870 cob
251 1816 625 1869 ascendentes
657 1819 714 1869 et
742 1812 1160 1868 descendentes
1191 1811 1426 1882 angelos
1455 1811 1600 1866 vidit
1619 1812 1757 1883 quia

113 1903 380 1958 videlicet
427 1908 676 1958 rectores
719 1901 985 1956 Ecclesia:
1019 1918 1134 1956 non
1174 1899 1363 1955 solum
1411 1900 1595 1956 Deum
1627 1917 1757 1957 con-

114 1993 450 2064 templanda
473 1994 774 2064 appetunt,
799 1991 899 2045 sed
926 1989 1199 2044 deorsum
1232 2006 1465 2060 quoque
1484 1991 1554 2044 ad
1575 2007 1755 2045 mem-

117 2084 222 2137 bra
252 2081 410 2135 illius
444 2080 774 2135 miserando
808 2079 1188 2134 descendunt.
1225 2078 1292 2132 Et
1317 2079 1457 2133 dum
1491 2079 1755 2134 sacerdo-

115 2177 200 2225 tes
234 2170 445 2224 horum
481 2169 632 2224 facta
662 2169 989 2234 imitantur,
1021 2171 1079 2222 et
1109 2184 1169 2222 se
1201 2167 1539 2222 custodiunt
1578 2172 1633 2222 et
1664 2184 1759 2223 su-

112 2260 408 2314 bditorum
441 2274 614 2312 onera
637 2260 890 2328 portant.
912 2260 978 2311 Et
1001 2255 1268 2310 videntur
1292 2255 1436 2311 tales
1459 2273 1587 2311 esse
1610 2273 1760 2327 qua-

109 2349 193 2403 les
225 2348 382 2402 idem
417 2347 684 2418 egregius
715 2346 931 2401 Paulus
962 2343 1246 2417 praecipit,
1292 2349 1356 2400 ut
1387 2347 1484 2416 qui
1527 2349 1763 2401 utuntur

108 2440 204 2491 hoc
235 2437 442 2491 mundo
465 2441 730 2508 tanquam
765 2451 869 2490 non
893 2438 1140 2500 utantur,
1161 2439 1212 2488 et
1235 2437 1332 2505 qui
1354 2434 1612 2506 gaudent,
1636 2439 1760 2490 tan-

107 2545 271 2600 quam
311 2543 427 2580 non
457 2526 769 2596 gaudentes,
801 2529 851 2579 et
882 2526 975 2595 qui
1002 2531 1190 2580 emunt
1217 2527 1478 2596 tanquam
1509 2540 1620 2580 non
1640 2540 1766 2595 pos-

114 2617 351 2672 sidentes
384 2616 429 2686 (ι
458 2618 578 2670 Cor.
613 2633 712 2681 vu,
745 2615 835 2682 30,
868 2615 980 2684 3|).

752 2721 988 2776 CAPUT
1038 2721 1132 2776 IX.

123 2814 196 2869 De
244 2814 555 2884 (li/Ieremia
593 2812 915 2884 clericorum
940 2817 1008 2884 hct
1037 2809 1342 2884 rtaicorum,
1391 2815 1442 2866 et
1490 2809 1555 2866 de
1582 2809 1762 2866 studio

553 2885 696 2937 beati
727 2882 970 2952 Gregorii
1021 2883 1079 2935 in
1114 2881 1337 2936 tatibus.

196 2975 276 3030 Ex
306 2975 522 3046 quibus
555 2973 771 3045 pariter
799 2973 1130 3037 edocemur,
1172 2971 1324 3043 quod
1375 2970 1528 3026 sicut
1575 2970 1767 3026 clerici

124 3062 423 3118 saecularia
455 3061 707 3133 negotia,
737 3061 820 3116 sic
851 3065 907 3116 et
937 3059 1069 3115 laici
1107 3059 1504 3116 ecclesiastica
1555 3077 1770 3132 praesu-

128 3170 282 3208 mere
315 3151 718 3224 prohibentur.
753 3151 818 3204 Et
841 3149 993 3204 sicut
1015 3147 1208 3204 clerici
1239 3165 1273 3203 a
1302 3147 1490 3216 laicis,
1524 3149 1606 3204 sic
1639 3149 1768 3204 laici

130 3244 499 3297 removentur
527 3257 560 3294 a
588 3238 833 3302 clericis,
863 3242 983 3294 tam
1007 3254 1074 3292 ex
1096 3236 1329 3294 licentia
1349 3242 1567 3294 mutuae
1601 3255 1770 3294 accu-

1861 656 2116 724 t’estinat,
2153 672 2265 710 non
2300 655 2628 728 relinquere
2667 655 2830 728 cupit
2874 655 3176 724 saeculum,
3229 657 3329 710 sed
3380 673 3508 711 mu-

1859 748 1981 800 tare
2013 768 2037 794 n
2076 745 2179 800 Hic
2211 762 2443 817 quoque
2475 748 2683 801 beatus
2707 744 2966 816 pontifex
2989 744 3377 800 nihilominus
3413 763 3510 816 per

1860 833 2120 888 diversas
2151 833 2500 904 provincias,
2539 851 2640 905 pro
2687 833 2954 888 custodia
2993 851 3173 889 sacrae
3215 834 3514 906 religionis

1861 924 2152 994 rebusque
2177 938 2497 994 pauperum
2531 927 2768 978 strenue
2798 922 3221 994 gubernandis,
3256 921 3510 978 ecclesiae

1861 1030 1978 1069 suae
2008 1012 2161 1067 viros
2193 1012 2514 1068 industrios
2544 1017 2796 1067 rectores
2828 1012 3315 1084 patrimoniorum
3362 1015 3510 1069 asci-

1858 1100 1971 1156 vit:
2005 1098 2299 1170 inquibus
2328 1099 2676 1171 Cyprianum
2716 1099 3030 1154 Diaconum
3065 1099 3404 1172 patrimonii
3427 1101 3508 1155 Si-

1863 1189 2016 1245 culi:
2052 1189 2459 1244 Pantaleonem
2504 1188 2798 1244 notarium
2829 1189 3200 1261 Syracusani,
3235 1195 3292 1245 et
3341 1197 3508 1247 caete-

1865 1296 1960 1334 ros
2001 1279 2102 1350 qui
2137 1277 2352 1333 ibidem
2401 1279 2779 1334 nominantur
2818 1296 3004 1350 usque
3053 1279 3123 1333 ad
3175 1279 3506 1336 Candidum

1862 1369 2292 1442 presbyterum,
2328 1366 2632 1422 Gallicani.

1933 1459 2099 1515 Unde
2119 1458 2293 1514 etiam
2311 1455 2588 1511 Januario
2607 1455 2934 1512 Calaritano
2954 1457 3105 1513 inter
3129 1463 3334 1514 caetera
3364 1459 3507 1514 scri-

1862 1548 1966 1614 bit,
1999 1547 2203 1603 dicens
2237 1563 2250 1601 :
2287 1544 2616 1600 Indieatum
2667 1545 2835 1600 nobis
2865 1550 2954 1601 est
2984 1548 3136 1618 quod
3186 1547 3352 1602 laicis
3383 1549 3506 1619 qui-

1862 1638 2111 1693 busdam
2137 1651 2335 1691 curam
2361 1634 2535 1689 vestri
2561 1633 2898 1706 patrimonii
2923 1635 3322 1691 commisistis.
3348 1637 3508 1702 Quod

1863 1727 1934 1782 de
1965 1731 2168 1781 caetero
2219 1724 2544 1780 cavendum
2595 1741 2628 1778 a
2670 1724 3030 1780 fraternitate
3083 1729 3274 1780 vestra
3315 1731 3403 1781 est
3444 1743 3512 1781 ne

1865 1813 2241 1870 saecularibus
2291 1812 2450 1877 viris,
2502 1816 2676 1883 atque
2731 1829 2844 1867 non
2897 1813 3008 1867 sub
3059 1815 3260 1885 regula
3325 1819 3515 1870 vestra

1867 1903 2232 1975 degentibus,
2277 1900 2592 1972 cujuslibet
2623 1917 2713 1955 res
2746 1900 3008 1956 Ecclesia:
3041 1904 3508 1970 committantur,

1869 1994 1968 2048 sed
2002 1991 2258 2064 probatis
2298 1992 2368 2046 de
2397 1995 2584 2045 vestro
2617 1990 2804 2045 officio
2856 1991 3079 2046 clericis
3115 1991 3171 2045 in
3204 1993 3416 2064 quibus
3462 1993 3512 2048 si

1868 2082 2006 2153 quid
2065 2079 2300 2152 reperiri
2358 2079 2567 2151 poterit
2625 2080 2945 2151 pravitatis,
3009 2085 3073 2134 ut
3140 2081 3198 2134 in
3257 2082 3510 2138 subditis

1868 2170 2178 2225 emendare
2228 2169 2379 2241 quod
2421 2168 2690 2222 illicitum
2744 2172 2971 2239 gestum
3037 2171 3212 2225 fuerit
3248 2171 3509 2228 valeatis.

1869 2260 2023 2323 Quos
2048 2258 2314 2312 videlicet
2346 2257 2498 2328 apud
2528 2274 2629 2312 vos
2660 2257 2896 2312 habitus
2927 2259 3296 2314 suiofﬁcium
3325 2261 3512 2332 magis

1869 2348 2172 2404 conveniet
2202 2363 2382 2418 quam
2414 2351 2669 2401 excuset.
2707 2369 2733 2394 »
2764 2346 2870 2412 Qui
2902 2346 3100 2415 etiam,
3133 2348 3202 2402 de
3251 2351 3519 2406 sacerdo-

1870 2437 2030 2493 tibus
2062 2436 2341 2492 Mauricis
2363 2435 2700 2507 imperatori
2728 2436 3008 2502 scribens,
3031 2436 3183 2491 inter
3204 2442 3410 2494 caetera
3440 2440 3522 2496 sic

1871 2527 1953 2582 ait
1986 2545 1998 2582 :
2030 2548 2050 2577 ¢
2083 2526 2496 2582 Sacerdotibus
2527 2529 2747 2589 autem,
2778 2541 2893 2579 non
2917 2541 2985 2580 ex
3006 2530 3238 2581 terrena
3268 2533 3517 2599 potesta-

1871 2620 1927 2672 te
1958 2615 2238 2671 dominus
2260 2617 2454 2670 noster
2475 2613 2650 2669 citius
2689 2613 3028 2685 indignetur
3052 2632 3066 2682 ;
3101 2615 3198 2670 sed
3222 2616 3522 2673 excellenti

1872 2705 2362 2769 consideratione,
2387 2706 2624 2774 propter
2643 2719 2777 2758 eum
2811 2704 2979 2773 cujus
2997 2703 3147 2758 servi
3171 2710 3309 2760 sunt
3330 2706 3412 2761 eis
3442 2706 3525 2762 ita

1872 2793 2210 2849 dominetur
2239 2797 2303 2847 ut
2334 2792 2510 2847 etiam
2549 2791 2804 2846 debitam
2855 2793 3233 2847 reverentiam
3287 2793 3520 2866 impen-

1873 2884 1990 2938 dat.
2025 2883 2172 2938 Nam
2206 2882 2264 2936 in
2298 2880 2511 2936 divinis
2542 2879 2792 2951 eloquiis
2826 2880 3154 2936 sacerdotes
3199 2880 3514 2953 aliquando

1875 2971 1978 3038 dii,
2011 2971 2329 3044 aliquando
2362 2969 2553 3041 angeli
2583 2973 2882 3036 vocantur,
2907 2973 3040 3040 etc.,
3073 2986 3243 3042 usque
3272 2971 3343 3026 ad
3372 2971 3518 3044 lupi-

1879 3061 2002 3116 deis
2034 3060 2384 3116 serviebant.
2419 3081 2444 3107 »
2477 3056 2873 3113 Nihilominus
2904 3073 2974 3112 ex
3004 3057 3133 3115 aliis
3163 3059 3349 3130 ipsius
3384 3078 3527 3134 pon-

1878 3149 2050 3205 tificis
2080 3149 2252 3204 dictis
2304 3147 2651 3215 ostenditur,
2687 3147 2843 3218 quod
2874 3148 3002 3217 ejus
3027 3148 3249 3218 judicio
3296 3155 3353 3206 et
3383 3168 3522 3206 con-

1881 3255 2058 3294 sensu
2122 3237 2519 3294 ordinationes
2577 3236 2983 3308 episcoporum
3037 3236 3518 3310 celebrabantur;

132 3330 372 3386 sationis
405 3346 582 3400 quam
606 3333 661 3382 et
691 3326 1138 3383 testilicationis.
1173 3327 1242 3382 Et
1273 3328 1770 3398 quemadmodum
1802 3307 1845 3374 C
1882 3327 2036 3400 quod
2069 3344 2136 3382 ex
2167 3327 2397 3382 duobus
2428 3307 2834 3380 incunctanter
2863 3330 3119 3396 apparet,
3159 3343 3261 3397 pro
3311 3307 3523 3399 quibus

132 3419 320 3474 clerici
354 3435 388 3473 a
420 3417 583 3472 laicis
608 3416 809 3471 habitu
837 3420 892 3471 et
914 3415 1294 3487 professione,
1321 3417 1404 3470 sic
1426 3415 1662 3472 discreti
1686 3417 1779 3472 de-

136 3508 272 3563 bent
324 3524 452 3562 esse
484 3511 614 3562 actu
649 3510 702 3560 et
734 3504 1168 3560 conversatione
1215 3509 1279 3559 ut
1322 3509 1528 3560 neuter
1571 3522 1774 3560 eorum

136 3596 394 3652 officium
418 3595 660 3651 alterius
684 3600 784 3650 aut
805 3593 1234 3649 hzereditariam
1262 3598 1476 3649 sortem
1500 3594 1611 3650 sibi
1636 3612 1777 3667 prae-

135 3686 336 3758 ripiat;
373 3686 472 3739 sed
509 3690 751 3756 uterque
781 3683 1062 3738 terminos
1087 3699 1122 3738 a
1161 3682 1379 3738 sanctis
1421 3683 1689 3739 Patribus
1720 3688 1776 3739 et

133 3775 469 3830 orthodoxis
501 3773 862 3846 principibus
892 3772 1111 3844 positos
1133 3771 1413 3826 attendat.
1448 3772 1594 3827 Nam
1627 3773 1777 3829 sicut

133 3862 322 3918 clerici
357 3880 389 3917 a
421 3861 585 3916 laicis
615 3861 789 3917 etiam
823 3860 974 3915 intra
1004 3860 1251 3932 parietes
1281 3859 1658 3916 basilicarum
1691 3861 1773 3916 lo-

133 3953 214 4008 cis
232 3958 287 4008 ct
302 3951 510 4008 officiis
533 3952 614 4006 sic
636 3956 692 4007 et
708 3957 867 4007 extra
889 3950 1166 4023 separiari
1191 3954 1247 4005 et
1267 3950 1537 4021 cognosci
1560 3951 1775 4008 debent

132 4041 396 4114 negotiis.
430 4042 557 4096 ldeo
582 4041 710 4097 laici
737 4058 843 4095 sua
865 4044 1114 4107 tantum,
1134 4039 1190 4093 id
1205 4038 1636 4095 estsaecularia:
1667 4039 1775 4096 cle-

130 4130 228 4185 rici
262 4135 457 4186 autem
491 4148 598 4185 sua
628 4133 880 4197 tantum,
906 4128 962 4184 id
987 4133 1075 4183 est
1097 4126 1489 4184 ecclesiastica
1513 4129 1768 4201 negotia,

129 4219 447 4292 disponant
475 4224 531 4274 et
561 4219 923 4290 provideant.
961 4219 1188 4274 Habent
1217 4218 1352 4273 inde
1381 4217 1617 4289 utrique
1660 4217 1770 4273 sibi

129 4308 358 4385 regulas
391 4308 653 4380 praeﬁxas
683 4312 801 4362 tam
830 4324 864 4362 a
894 4310 1093 4362 sancto
1112 4323 1262 4379 papa
1290 4311 1348 4363 et
1369 4311 1622 4379 martyre
1648 4308 1772 4364 Ste-

127 4397 340 4466 phano,
375 4397 713 4468 caeterisque
751 4395 1126 4468 pontificibus
1165 4402 1619 4469 sanctorumque
1661 4401 1772 4453 Pa-

126 4489 282 4541 trum
336 4485 622 4552 conciliis,
669 4503 844 4557 quam
885 4489 940 4540 et
968 4502 1002 4540 a
1031 4484 1392 4557 principibus
1441 4485 1763 4542 catholicis.

125 4575 286 4639 Quod
319 4575 462 4630 satis
494 4575 551 4630 in
586 4575 736 4630 beati
770 4573 1029 4646 Gregorii
1056 4574 1246 4629 Gestis
1277 4574 1626 4640 ostenditur,
1661 4575 1761 4630 ubi

1889 3416 1971 3471 sic
2001 3414 2215 3487 populo
2237 3419 2294 3470 et
2328 3413 2480 3469 clero
2513 3413 2795 3478 scribens,
2820 3413 2990 3484 jubet
3024 3429 3036 3466 :
3071 3435 3099 3461 «
3132 3415 3361 3480 Quanto
3391 3434 3526 3489 apo-

1887 3503 2092 3560 stolica
2123 3505 2310 3570 sedes,
2336 3503 2450 3557 Deo
2484 3505 2736 3567 auctore,
2772 3500 2996 3556 cunctis
3027 3500 3264 3573 praelata
3295 3511 3527 3562 constat

1887 3592 2170 3660 ecclesiis,
2203 3595 2362 3647 tanto
2393 3590 2545 3645 inter
2575 3587 2931 3661 multiplices
2963 3607 3133 3646 curas
3171 3596 3229 3646 et
3276 3593 3378 3649 illa
3422 3613 3526 3651 nos

1885 3681 2049 3738 valde
2080 3679 2376 3748 sollicitat,
2412 3679 2512 3734 ubi
2562 3679 2633 3734 ad
2685 3681 3144 3735 consecrandum
3207 3683 3526 3740 antistitem

1887 3775 2152 3826 nostrum
2209 3772 2576 3840 exspectatur
2622 3767 2952 3824 arbitrium.
3013 3769 3298 3827 Defuncto
3346 3772 3527 3844 igitur

1887 3859 2215 3928 Laurentio,
2249 3857 2513 3913 Ecclesia:
2546 3855 2996 3913 Medionalensis
3047 3859 3350 3931 episcopo,
3386 3867 3520 3930 etc.,

1885 3965 2054 4020 usque
2082 3965 2198 4002 non
2233 3948 2479 4002 minuat.
2519 3969 2545 3994 ››
2579 3947 2686 4001 Sed
2719 3963 2852 4002 cum
2885 3951 3017 4018 post
3047 3964 3273 4003 annuos
3304 3950 3528 4023 aliquot

1884 4038 2280 4107 Constantius,
2315 4037 2512 4092 functo
2529 4035 2839 4107 insigniter
2857 4036 3173 4108 pontiﬁcio,
3195 4038 3256 4093 in
3277 4040 3524 4097 Domino

1883 4127 2218 4194 dormisset,
2241 4127 2430 4182 clerus
2447 4131 2502 4182 et
2524 4125 2686 4198 plebs
2704 4125 3180 4196 Mediolanensis,
3210 4129 3530 4188 Deusdedit

1883 4219 2186 4275 diaconem
2236 4217 2535 4290 eligentes,
2590 4215 2662 4270 ab
2702 4214 2953 4288 Agilulfo
3002 4234 3135 4290 rege
3177 4223 3530 4277 terrerentur

1882 4312 2173 4380 quatenus
2226 4305 2393 4360 illum
2441 4304 2723 4378 eligerent
2772 4321 2947 4376 quem
3009 4307 3524 4380 Langobardorum

1881 4397 2166 4454 barbarus
2196 4394 2512 4461 voluisset;
2547 4399 2606 4448 at
2627 4392 2731 4461 illi,
2765 4393 3063 4449 decretum
3095 4412 3271 4452 suum
3304 4396 3521 4471 Grego-

1881 4487 1965 4543 rio
1997 4486 2333 4559 dirigentes,
2369 4482 2686 4539 concilium
2723 4486 2928 4554 petunt
2974 4483 3191 4554 quibus
3221 4485 3345 4557 ipse
3375 4487 3528 4542 inter

1881 4579 2085 4632 caetera
2114 4575 2197 4630 sic
2230 4572 2529 4644 rescripsit
2561 4587 2572 4624 :
2610 4569 2759 4625 Illud
2784 4571 2936 4641 quod
2970 4572 3132 4626 vobis
3166 4573 3238 4627 ab
3269 4573 3521 4645 Agilulfo

123 4663 204 4717 sic
237 4663 449 4736 legitur
480 4681 493 4719 :
528 4664 708 4719 Nemo
741 4663 1022 4719 laicorum
1046 4663 1350 4734 quodlibet
1379 4665 1529 4719 sacri
1563 4664 1763 4736 palatii
1801 4684 1848 4748 D
1878 4663 2152 4720 indicatis
2191 4663 2476 4734 scriptum
2529 4658 2897 4714 dilectionem
2950 4666 3202 4716 vestram
3252 4679 3367 4718 non
3403 4680 3522 4718 mo-

125 4751 532 4808 Lateranensis
580 4753 995 4821 ministerium,
1041 4751 1130 4808 vel
1179 4751 1638 4808 ecclesiasticum
1671 4770 1770 4825 pa-

121 4839 463 4896 trimonium
484 4842 838 4914 procurabit;
860 4841 959 4896 sed
993 4840 1193 4896 omnia
1212 4840 1590 4897 ecclesiastici
1613 4842 1768 4913 juris

123 4930 327 4984 munia
356 4929 737 4986 ecclesiastici
770 4929 1156 4985 nihilominus
1184 4930 1289 4984 viri
1333 4929 1640 4998 subibant;
1674 4930 1763 4986 ni-

124 5017 337 5072 mirum
369 5017 534 5074 laicis
566 5020 638 5074 ad
670 5036 965 5074 armorum
989 5018 1169 5074 telam
1199 5018 1469 5074 militiam
1492 5017 1579 5074 vel
1603 5035 1766 5092 agro-

122 5121 253 5160 rum
284 5123 488 5162 curam
539 5107 878 5163 continuam
910 5107 1220 5179 deputatis.
1253 5107 1337 5163 0b
1368 5107 1475 5163 hoc
1507 5125 1569 5164 se
1616 5124 1765 5163 non-

121 5193 264 5248 nulli
289 5211 597 5266 procerum
623 5197 731 5252 sub
755 5200 987 5252 ostentu
1021 5195 1317 5269 religionis
1349 5197 1536 5268 primo
1559 5201 1763 5252 tonsu-

120 5297 245 5337 rare
276 5289 596 5355 coeperunt.
640 5287 896 5350 Quorum
942 5285 1404 5357 tergiversationi
1446 5285 1764 5342 Mauricius

129 5369 448 5443 imperator
472 5376 788 5446 prudenter
815 5375 1287 5442 occurrens,data
1308 5391 1410 5447 per
1431 5375 1765 5447 Longinum

115 5463 435 5517 Stratorem
470 5463 594 5536 lege
628 5464 897 5536 praecepit
926 5467 990 5519 ut
1017 5463 1286 5536 quisquis
1330 5463 1541 5520 fuisset
1573 5465 1762 5520 admi-

118 5546 567 5608 nistrationibus
597 5552 955 5625 implicatus,
992 5552 1043 5609 ei
1072 5553 1144 5608 ad
1176 5551 1635 5609 ecclesiasticum
1665 5569 1761 5608 ve-

117 5635 240 5693 nire
270 5638 534 5697 officium
569 5659 684 5699 non
733 5641 947 5700 liceret.
982 5641 1166 5711 Quam
1215 5642 1402 5716 legem
1447 5642 1760 5720 Gregorius

117 5739 292 5802 super
320 5726 431 5787 hoc
461 5729 626 5792 valde
647 5731 922 5804 laudavit,
955 5731 1156 5793 dicens
1189 5749 1203 5792 :
1229 5731 1389 5804 «Qui
1420 5731 1756 5793 secularem

1877 4759 2025 4820 veat,
2058 4758 2190 4821 etc.,
2224 4767 2393 4823 usque
2423 4749 2748 4806 ordinatus.
2789 4770 2816 4797 ››
2849 4749 2915 4802 Et
2946 4753 3077 4820 post
3121 4767 3309 4822 pauca
3343 4770 3354 4808 :
3390 4775 3418 4803 «
3455 4753 3529 4809 Ut

1878 4843 2057 4916 igitur
2086 4842 2146 4897 in
2179 4840 2526 4906 ordinando,
2559 4842 2692 4903 etc.,
2724 4854 2891 4910 usque
2932 4841 3283 4896 consecrari.
3315 4863 3342 4892 »

2513 4945 2744 5000 CAPUT
2795 4945 2864 5001 X.

1873 5045 2092 5112 Quanto
2123 5039 2349 5094 liberior
2383 5038 2456 5091 sit
2487 5035 3085 5112 errorumﬂcclesia
3113 5054 3282 5109 quam
3319 5041 3534 5096 Latino-

2290 5126 2418 5164 rum
2447 5125 2488 5164 α
2513 5111 2774 5180 potestate
2807 5107 3136 5164 laicoru-m.‘
3477 5155 3479 5157 ,

1948 5201 2155 5274 Igitur,
2196 5204 2260 5254 ut
2290 5197 2633 5271 praedictum
2650 5201 2761 5263 est,
2782 5195 2903 5251 haec
2921 5202 3256 5254 sanctorum
3293 5201 3527 5256 Patrum

1876 5294 1932 5346 et
1963 5289 2365 5361 religiosorum
2409 5285 2743 5358 principum
2795 5290 3016 5342 statuta
3056 5288 3125 5342 de
3166 5290 3429 5360 personis
3471 5295 3526 5344 et

1875 5379 2052 5434 rebus
2087 5375 2496 5432 ecclesiasticis
2536 5373 2949 5430 inviolabiliter
2976 5375 3254 5430 hactenus
3286 5377 3343 5430 in
3369 5381 3526 5432 tran-

1873 5467 2133 5523 smarino
2156 5464 2402 5538 imperio
2417 5465 2883 5533 observantur,et
2895 5463 3033 5519 solis
3055 5464 3519 5536 metropolitanis

1868 5555 1958 5612 vel
1973 5555 2261 5628 episcopis
2280 5552 2502 5610 caeteris
2515 5552 2890 5624 diSponendaa
2913 5550 3522 5623 relinquuntur.Unde

1869 5643 2142 5721 quaelibet
2172 5642 2437 5700 Ecclesiae
2470 5641 2899 5699 administratio
2935 5639 3055 5696 solo
3085 5657 3290 5698 eorum
3325 5644 3522 5718 dispo-

1869 5734 2031 5796 nitur
2052 5733 2312 5804 arbitrio,
2339 5732 2458 5792 sive
2473 5731 2655 5808 gratis
2677 5729 2792 5789 sive
2811 5745 2926 5788 non
2957 5730 3142 5804 gratis
3181 5731 3363 5796 velint
3392 5750 3517 5803 eam
