3864 6350
330 377 488 442 “55

1371 369 1778 434 HUMBERTI
1823 371 1887 432 S.
1933 371 2006 432 R.
2053 369 2125 432 E.
2171 368 2666 434 CARDINALIS.

3647 362 3801 427 “56

329 507 695 567 committere
726 503 966 560 cuilibet
995 502 1230 570 clerico;
1267 519 1389 569 nec,
1425 503 1533 556 nisi
1569 520 1601 557 a
1635 500 1962 572 metropoli-
1998 505 2046 568 Α
2078 497 3801 573 quondamtyrannidis.NequeenimLangobardi,quam-

332 597 486 654 tanis
518 599 620 650 aut
649 593 938 666 episcopis
969 607 1288 662 eorumque
1333 589 1742 657 familiaribus,
1792 588 1960 644 vendi

333 685 478 742 solet
506 682 842 754 aliquando.
876 681 1059 748 Quod,
1093 679 1358 751 quamvis
1387 695 1452 733 ex
1483 677 1606 733 sola
1633 677 1964 732 venditione

332 773 410 830 sit
457 771 793 828 hmreticum
842 773 899 824 et
945 767 1192 824 nimium
1243 766 1601 833 detestabile,
1653 770 1739 821 est
1767 769 1962 822 tamen

329 860 602 918 Ecclesiis
655 858 756 914 Dei
807 856 924 912 illis
977 855 1160 928 magis
1198 855 1499 910 tolerabile
1541 871 1717 925 quam
1748 855 1964 910 nostris

331 967 480 1022 quae,
529 952 594 1002 ut
630 945 900 1018 superius
946 943 1292 1007 ostenditur,
1365 942 1582 1014 jugiter
1636 942 1964 998 vendantur

338 1041 559 1110 quater.
581 1036 777 1106 Neque
789 1033 944 1089 enim
957 1031 1356 1103 arrogantiaet
1371 1029 1610 1086 avaritia
1633 1030 1960 1102 principum

332 1125 516 1182 nostri
555 1121 749 1179 saeculi
796 1125 852 1176 et
897 1119 1124 1192 imperii
1157 1118 1378 1192 patitur
1416 1118 1682 1173 terminis
1715 1117 1962 1190 praeﬁxis

329 1213 598 1278 coerceri,
631 1211 752 1276 sed,
788 1208 1172 1281 transgressis
1203 1207 1416 1262 divinis
1439 1211 1494 1262 et
1529 1206 1802 1262 humanis
1831 1205 1963 1278 legi-

334 1305 466 1371 bus,
497 1319 623 1374 qnae
652 1299 804 1354 inter
842 1314 1006 1353 arma
1043 1296 1235 1362 silent,
1277 1295 1506 1350 etiamsi
1551 1294 1960 1360 ecclesiastica,

327 1391 524 1447 omnia
553 1388 663 1445 sibi
696 1389 1112 1459 prtesumentes
1139 1384 1452 1455 possident.
1477 1387 1542 1437 ut
1563 1383 1618 1436 in
1645 1383 1730 1437 eis
1758 1382 1961 1454 degere

329 1484 430 1536 aut
457 1495 525 1534 ex
554 1477 637 1533 eis
665 1475 852 1530 vivere
883 1472 1008 1528 sine
1053 1471 1307 1526 ullorum
1355 1471 1586 1526 datione
1627 1476 1726 1526 aut
1770 1471 1964 1526 vendi-

326 1567 483 1622 tione
534 1563 832 1634 contingat
860 1559 1200 1614 clericorum
1245 1558 1558 1614 neminem.
1609 1561 1730 1626 Quo
1763 1559 1827 1612 fit
1875 1563 1958 1624 ut,

327 1655 427 1726 qui
451 1651 748 1708 liberiores
771 1649 1051 1704 omnibus
1076 1663 1205 1702 esse
1227 1647 1502 1702 deberent
1522 1647 1877 1714 hominibus,
1899 1651 1963 1702 ut

328 1747 468 1814 puta
498 1755 746 1813 quorum
779 1753 912 1810 pars
943 1736 1248 1792 hereditas
1273 1741 1362 1790 est
1385 1735 1507 1807 ipse
1541 1736 1707 1801 Deus,
1743 1734 1960 1806 quique

326 1829 581 1886 vicissim
624 1832 762 1883 sunt
801 1841 926 1881 sors
959 1823 1078 1891 Dei,
1127 1823 1378 1878 existant
1407 1823 1959 1894 contemptibiliores

326 1917 620 1974 omnibus.
645 1916 788 1970 Nam
823 1912 1148 1986 quamlibet
1167 1911 1298 1968 vilis
1326 1911 1605 1967 laicorum
1631 1929 1832 1967 servus
1856 1917 1957 1967 aut

326 2005 738 2073 mercenarius,
773 2001 938 2070 nulli,
967 2005 1174 2074 praeter
1201 2017 1334 2056 cum
1363 2002 1530 2072 cujus
1553 2005 1659 2066 est,
1686 2000 1956 2056 famulari

326 2095 572 2166 cogitur,
605 2093 770 2163 eique
792 2089 896 2146 soli
921 2090 1202 2160 subjacet,
1220 2093 1346 2144 tum
1361 2089 1484 2144 suis
1499 2089 1692 2150 rebus.
1727 2091 1797 2144 ab
1827 2088 1958 2145 aliis

325 2183 678 2238 liberrimus.
729 2179 823 2236 Sic
873 2179 1275 2248 cujuscunque
1313 2177 1442 2232 laici
1503 2177 1809 2233 mediocris
1857 2181 1958 2232 aut

326 2270 522 2326 divitis
551 2266 841 2342 possessio
867 2267 992 2336 ejus
1018 2269 1246 2320 tantum
1275 2267 1444 2337 cujus
1466 2271 1553 2320 est
1574 2267 1836 2337 subjacet
1855 2267 1956 2321 do-

335 2359 514 2425 mino,
565 2373 669 2412 nec
715 2355 1030 2420 invaditur,
1081 2370 1184 2407 nec
1240 2355 1510 2408 venditur
1561 2372 1594 2408 a
1625 2355 1954 2426 principum

337 2447 551 2518 aliquo.
599 2443 715 2502 Soli
756 2448 894 2498 sunt
924 2441 1136 2508 clerici,
1171 2441 1292 2497 sola
1323 2447 1406 2497 est
1438 2442 1708 2508 Ecclesia,
1742 2443 1954 2514 quibus

323 2535 583 2591 omnium
617 2531 864 2588 incurrit
893 2529 1206 2597 calumnia,
1251 2531 1541 2599 violentia,
1593 2533 1868 2603 potentia,
1901 2537 1957 2588 et

323 2624 548 2694 rapina,
583 2621 640 2676 in
676 2615 1032 2694 tantum,|ut
1081 2621 1127 2676 si
1175 2619 1310 2692 quid
1359 2621 1501 2674 forte
1550 2619 1810 2676 ecclesiis
1855 2619 1956 2674 Dei

319 2712 448 2767 laici
462 2711 812 2766 contulerint
827 2728 926 2783 pro
939 2711 1266 2766 animarum
1283 2725 1519 2764 suarum
1537 2709 1952 2780 redemptione,

321 2817 455 2855 mox
485 2799 586 2854 ﬁat
605 2799 1030 2855 calumniosum
1055 2797 1344 2865 etvenale,
1365 2797 1514 2868 quod
1541 2795 1702 2868 prius
1717 2797 1784 2852 ad
1809 2797 1955 2869 ipsis

319 2887 700 2942 donatoribus
734 2889 1140 2958 possidebatnr
1169 2886 1424 2958 pacifice.
1450 2887 1515 2940 Et
1537 2901 1569 2940 a
1591 2886 1804 2956 quibus
1837 2903 1955 2941 ma-

321 2974 476 3029 xime
501 2975 870 3030 vindicantur
895 2979 951 3030 et
978 2975 1328 3040 venduntur,
1376 2975 1487 3029 nisi
1521 2975 1592 3029 ab
1633 2975 1716 3030 eis
1763 2975 1860 3046 qui
1894 2992 1954 3030 se

323 3061 696 3118 ecclesiarum
733 3062 831 3117 Dei
865 3063 1170 3118 advocatos
1199 3061 1286 3118 vel
1319 3063 1649 3118 defensores
1681 3065 1954 3134 proﬁten-

323 3149 571 3204 tur?Ab
604 3149 746 3220 ipsis
779 3148 999 3205 scilicet
1028 3150 1493 3220 imperatoribus,
1527 3151 1598 3204 ab
1630 3150 1770 3222 ipsis
1793 3155 1951 3225 prin-

2069 590 2156 646 vis
2185 597 2322 645 tunc
2353 590 2584 646 barbari
2617 595 2674 645 et
2701 589 2918 657 Ariani,
2953 590 3058 645 sed
3089 605 3202 644 nec
3237 603 3484 645 eorum
3523 603 3643 642 rex
3661 591 3794 659 Agi-

2071 677 2275 748 lulfus,
2308 679 2573 751 quamvis
2622 679 2894 735 Romana
2925 678 3190 734 libertati
3217 681 3286 734 et
3341 675 3672 750 dignitati
3704 677 3788 731 ni-

2073 766 2258 822 mium
2301 766 2586 835 infensus,
2621 765 2892 822 resistere
2921 766 3192 822 Romano
3241 763 3561 838 pontiﬁci
3599 767 3792 820 tenta-

2070 859 2296 923 verunt,
2331 857 2472 928 quin
2520 854 2974 910 Mediolanensis
3012 854 3308 910 Ecclesia:
3355 853 3793 926 metropolita-

2072 961 2234 1010 num,
2253 945 2422 1014 juxta
2443 961 2559 998 suaa
2582 943 2911 1016 apostolica
2930 943 3090 999 sedis
3109 943 3389 1014 antiqua
3405 947 3476 999 et
3489 941 3793 998 canonica

2071 1031 2388 1105 privilegia,
2424 1031 2846 1088 substituisset.
2879 1032 2996 1087 Nec
3025 1031 3481 1104 praejudicavit
3529 1047 3788 1087 consen-

2071 1137 2172 1175 sus
2193 1121 2345 1192 regis
2365 1124 2422 1176 et
2441 1121 2570 1192 ejus
2583 1120 2774 1191 gentis
2790 1119 3176 1188 desiderium,
3201 1137 3320 1176 nec
3347 1120 3635 1176 extorsit
3656 1135 3784 1192 apo-

2071 1207 2274 1264 stolico
2306 1207 2537 1280 praesuli
2571 1225 2745 1263 suum
2775 1225 2952 1280 super
2980 1207 3635 1281 metrOpolitanorum
3667 1207 3778 1264 ele-

2071 1296 2260 1352 ctione
2285 1297 2595 1366 judicium,
2620 1296 2754 1351 licet
2769 1297 3030 1368 potentia
3046 1313 3377 1353 armorum
3410 1302 3482 1353 et
3515 1296 3782 1353 crudeli-

2069 1387 2186 1439 tate
2208 1385 2496 1440 barbariei
2525 1403 2644 1442 suae
2674 1383 3194 1456 depopularentur,
3229 1389 3294 1440 et
3329 1386 3784 1456 [uerter-refece-

2071 1482 2200 1529 rent
2229 1490 2398 1528 omne
2431 1473 2694 1529 Italicum
2727 1472 2939 1541 solum,
2973 1477 3051 1539 et,
3087 1473 3254 1544 quod
3307 1473 3534 1530 adhuc
3581 1475 3783 1544 majus

2069 1566 2175 1629 est,
2211 1562 2416 1618 Ariana
2443 1562 2680 1618 vesania
2707 1578 2942 1618 omnem
2986 1569 3532 1634 persequerentur
3563 1562 3778 1618 catho-

2070 1651 2269 1706 licum.
2303 1651 2461 1716 Quod
2496 1667 2636 1706 sane
2655 1649 3020 1722 privilegium
3064 1665 3185 1705 non
3223 1649 3444 1705 solum
3487 1650 3553 1706 in
3585 1651 3778 1719 Italia,

2070 1745 2210 1794 tunc
2241 1756 2272 1793 a
2301 1738 2566 1794 barbaris
2593 1742 2648 1794 et
2675 1737 2904 1793 Arianis
2933 1753 3184 1808 pervasa
3215 1738 3515 1808 retinuit,
3567 1756 3779 1796 verum

2070 1831 2126 1883 et
2155 1828 2215 1882 in
2257 1826 2568 1882 Germania
2599 1825 2851 1898 totisque
2881 1825 3108 1894 Galliis,
3145 1825 3313 1882 sicut
3349 1824 3529 1884 clare
3563 1828 3782 1900 pradi-

2067 1919 2232 1970 catur
2260 1914 2317 1970 in
2343 1917 2471 1986 ejus
2502 1913 2682 1987 gestis
2717 1918 2774 1970 et
2802 1913 2999 1970 dictis.
3161 1905 3165 1908 ’

2697 2055 2926 2110 CAPUT
2970 2055 3066 2112 XI.

2137 2164 2387 2231 Qualiter
2425 2166 2477 2217 et
2527 2178 2625 2234 per
2679 2177 2811 2236 quos
2855 2163 3102 2220 ecclesiae
3157 2165 3282 2218 suis
3341 2164 3705 2236 privilegii:

2672 2235 2908 2304 privat?
2936 2241 3088 2288 sunt.

2133 2359 2202 2414 Et
2231 2357 2351 2412 haec
2381 2357 2657 2413 canonica
2680 2357 2998 2412 auctoritas
3030 2357 3226 2414 solida
3255 2363 3320 2414 et
3344 2359 3660 2432 specialis
3690 2377 3773 2418 re-

2065 2449 2291 2502 servata
2310 2450 2398 2501 est
2420 2445 2696 2500 Romanis
2717 2445 3098 2516 pontificibus
3115 2445 3178 2500 in
3203 2445 3522 2504 omnibus
3543 2455 3770 2505 metro-

2069 2534 2356 2606 politanis;
2380 2531 2840 2604 metropolitanis
2863 2549 3098 2604 quoque
3116 2533 3423 2591 omnibus
3450 2535 3520 2590 in
3557 2553 3768 2592 eorum

2065 2622 2472 2694 suifraganeis,’
2501 2621 2654 2675 sicut
2681 2619 2738 2674 in
2771 2620 2962 2676 Gestis
2995 2621 3056 2674 Β.
3077 2620 3382 2677 Bonifacii
3409 2624 3769 2696 Maguntini

2064 2709 2482 2782 archiepiscopi
2513 2707 2759 2779 reperiet
2787 2707 3058 2780 quisquis
3079 2709 3424 2780 qumsierit.
3467 2713 3603 2770 Nec
3636 2714 3761 2786 ipse

2062 2806 2201 2854 tunc
2229 2798 2512 2869 Pippinus
2545 2812 2664 2862 rex,
2694 2812 2800 2850 nec
2824 2795 3006 2851 Filius
3036 2797 3168 2868 ejus
3202 2797 3462 2870 primus
3501 2801 3765 2858 Franco-

2065 2904 2193 2944 rum
2225 2887 2540 2958 imperator
2570 2901 2818 2957 magnus
2839 2885 3082 2942 Carolus
3113 2884 3280 2941 hunc
3311 2903 3646 2946 canonem
3680 2890 3762 2946 in-

2064 2977 2312 3047 fringere
2345 2973 2453 3029 fuit
2491 2989 2824 3045 aggressus,
2865 2972 2966 3029 sed
3015 2989 3122 3030 nec
3168 2981 3611 3048 pronepotum
3667 2995 3764 3034 seu

2063 3066 2248 3120 haered
2261 3081 2356 3118 um
2372 3062 2530 3134 regni
2554 3066 2609 3116 et
2631 3061 2860 3133 imperii
2875 3077 3076 3116 eorum
3093 3061 3254 3118 ullus
3269 3080 3487 3136 usque
3501 3067 3587 3122 ad
3610 3067 3765 3123 Otto-

2063 3171 2206 3209 num
2238 3156 2490 3222 tempus.
2525 3150 2672 3222 ipsis
2702 3149 2859 3204 enim
2885 3149 2956 3204 ad
2981 3149 3304 3222 imperium
3337 3152 3763 3210 adolescenti-

325 3235 550 3309 eipibus
574 3253 890 3309 eorumque
921 3237 1290 3293 satellitibus.
1329 3239 1440 3310 Ipsi
1472 3239 1580 3293 sub
1629 3222 1862 3298 nomine
1894 3249 1952 3300 et
1981 3222 2024 3288 Ο
2064 3245 2171 3299 bus
2201 3245 2256 3296 et
2275 3238 3139 3313 proﬁcientibus,Romanorum
3160 3239 3551 3310 pontificum
3569 3243 3764 3299 decre-

323 3325 560 3382 obtentu
591 3326 944 3382 defensionis
976 3332 1334 3398 praesumunt
1374 3327 1504 3395 sibi,
1557 3327 1830 3397 alienant,
1864 3332 1949 3388 vel

321 3415 581 3470 vendunt
609 3431 724 3469 non
748 3413 938 3470 solum
973 3415 1268 3482 ecclesias,
1315 3415 1413 3469 sed
1445 3420 1502 3470 et
1547 3417 1832 3490 quidquid
1865 3427 1952 3477 est

323 3518 518 3558 earum
548 3503 720 3574 juris,
752 3507 872 3558 tam
920 3501 979 3558 in
1011 3503 1186 3558 rebus
1217 3509 1270 3581 et
1301 3504 1565 3574 personis
1598 3521 1771 3574 quam
1811 3514 1866 3562 et
1893 3509 1949 3564 in

325 3589 550 3645 officiis.
578 3589 836 3646 Undevel
859 3591 1105 3662 correpti
1137 3592 1604 3647 animadvertant
1621 3611 1770 3665 quan
1784 3598 1951 3652 tomi-

327 3694 438 3732 nus
469 3678 650 3734 Deum
683 3684 1049 3735 revereantur
1077 3695 1252 3751 quam
1287 3680 1396 3733 sub
1426 3697 1625 3735 eorum
1673 3687 1953 3754 potestate

325 3765 673 3822 constitutos
699 3767 1097 3838 cujuscunque
1127 3766 1473 3824 conditionis
1493 3768 1779 3846 homines,
1811 3791 1952 3845 quo-

327 3869 455 3909 rum
493 3859 763 3911 verentur
791 3861 848 3912 et
878 3861 1080 3911 cavent
1101 3855 1368 3910 invadere
1389 3859 1807 3927 possessiones.
1843 3869 1953 3918 Ar-

326 3943 616 3998 bitrantur
645 3944 966 3999 cedendum
1003 3942 1338 3999 hominibus
1391 3945 1499 3999 sub
1539 3962 1622 4011 se,
1669 3963 1798 4003 cum
1839 3968 1954 4006 non

325 4035 594 4102 reputent
622 4031 942 4088 cedendum
967 4031 1082 4086 Deo
1110 4048 1288 4104 supra
1309 4048 1392 4086 se.
1427 4033 1708 4090 Verentur
1737 4042 1794 4092 et
1823 4055 1954 4094 eru-

325 4118 574 4173 bescunt
601 4118 888 4186 homines,
930 4119 1144 4190 quibus
1197 4124 1481 4174 terrenum
1528 4122 1610 4176 vel
1659 4124 1822 4181 civile
1853 4129 1954 4198 jus

327 4210 688 4274 conservant,
719 4222 849 4261 cum
885 4222 988 4262 nec
1016 4212 1404 4275 revereantur,
1461 4225 1564 4265 nec
1611 4214 1957 4270 erubescant

327 4297 530 4360 Deum,
562 4295 654 4349 eui
680 4311 782 4350 nec
811 4299 1103 4350 terrenum
1127 4295 1248 4365 jus,
1274 4313 1378 4352 nec
1395 4299 1624 4354 emlesto
1655 4301 1740 4356 fas
1772 4319 1956 4358 reser-

327 4385 484 4437 vant.
519 4383 586 4438 Et
616 4399 746 4438 cum
780 4401 894 4440 non
935 4383 1201 4440 dubitent
1239 4401 1300 4440 se
1343 4385 1656 4458 sacrilegos
1685 4391 1958 4462 .prmbere

327 4471 464 4539 Deo,
500 4473 668 4543 cujus
694 4471 1087 4528 hereditatem
1121 4473 1231 4528 sibi
1261 4473 1576 4542 vindicant,
1617 4475 1867 4550 religiosi
1901 4485 1958 4535 et

2059 3347 2221 3388 scere
2243 3335 2298 3386 et
2317 3329 2560 3384 deﬁcere
2582 3325 2949 3399 ccepitvirtus
2979 3327 3122 3382 adeo
3152 3331 3242 3394 ut,
3259 3344 3389 3400 prae
3421 3329 3685 3402 ignavia
3713 3337 3764 3388 et

2059 3416 2392 3490 insipientia
2407 3420 2924 3486 eorum,atquepro
2939 3415 3280 3487 arrogantia
3293 3419 3765 3492 neophytorum

2061 3507 2389 3582 principum
2410 3519 2580 3559 omne
2601 3501 3060 3558 ecclesiasticum
3085 3503 3360 3559 officium
3390 3509 3596 3579 etjus
3618 3526 3763 3582 pan-

2061 3595 2224 3652 latim
2239 3592 2638 3664 subriperetur
2656 3595 2712 3646 et
2723 3594 3168 3662 extorqueretur
3187 3607 3410 3649 eorum
3430 3598 3760 3666 manibus,

2058 3685 2151 3741 vix
2163 3684 2334 3738 inane
2346 3677 2917 3753 pristinaedignitatis
2935 3695 3301 3748 nomen,non
3317 3687 3547 3740 autem
3563 3686 3761 3758 ipsam

2064 3789 2231 3830 suam
2264 3769 2626 3842 dignitatem,
2662 3768 2909 3823 retinere
2932 3767 3375 3826 laborantibus.
3404 3772 3518 3830 Sic
3543 3775 3761 3832 debili-

2063 3867 2180 3918 tato
2209 3866 2264 3917 et
2293 3861 2516 3930 abjecto
2547 3857 2736 3928 capite
2767 3856 3054 3912 clericalis
3084 3858 3344 3925 ordinis,
3385 3876 3590 3920 omne
3625 3881 3762 3920 mox

2063 3967 2274 4021 corpus
2304 3947 2436 4013 sibi,
2467 3963 2570 4018 pro
2599 3945 2764 4000 libito
2787 3961 2894 4000 suo
2916 3945 3466 4018 substernendum,
3497 3951 3759 4026 impune

2067 4037 2362 4110 usurpavit
2394 4037 2648 4107 potestas
2683 4031 3016 4102 saacularis;
3053 4051 3208 4106 quae,
3230 4037 3444 4108 primo
3470 4042 3757 4112 quidem,

2064 4145 2179 4182 non
2214 4123 2515 4198 praeripuit
2545 4126 2754 4177 cuncta
2783 4121 3180 4178 ecclesiastica
3207 4123 3402 4184 simul
3428 4132 3495 4182 et
3520 4131 3758 4200 statim,

2065 4215 2188 4282 sed,
2213 4216 2549 4268 casterarum
2572 4209 2966 4280 nequitiarum
2989 4227 3174 4278 more,
3197 4217 3552 4285 separatim
3577 4225 3641 4276 et
3661 4237 3761 4293 pe-

2065 4299 2515 4358 detentim.Nam
2530 4297 2718 4370 primo
2735 4298 3064 4354 ambitiosis
3077 4299 3502 4362 ecclesiastica
3514 4323 3660 4364 rum
3683 4309 3768 4364 di-

2066 4390 2354 4464 gnitatum
2385 4386 2472 4442 vel
2504 4385 2945 4458 possessionum
2975 4387 3209 4460 cupidis
3252 4389 3516 4450 favebat
3565 4413 3764 4468 prece,

2067 4479 2199 4534 dein
2233 4477 2433 4542 minis,
2463 4475 2736 4547 deinceps
2765 4474 2960 4532 verbis
2991 4478 3352 4534 concessivis
3383 4498 3399 4548 ;
3435 4481 3508 4538 in
3536 4487 3766 4558 quibus

327 4559 592 4616 catholici
627 4560 916 4633 principes
948 4561 1020 4617 ab
1051 4561 1388 4618 hominibus
1411 4563 1524 4618 dici
1557 4568 1616 4620 et
1642 4564 1853 4621 habere
1875 4569 1958 4622 al-
1989 4581 2036 4646 ι)
2067 4565 2341 4622 omnibus
2364 4563 3106 4631 cernenscontradictorem
3129 4564 3244 4621 sibi
3268 4567 3633 4639 neminem,
3661 4591 3767 4631 nec

327 4648 560 4716 fectant,
594 4665 724 4704 cum
759 4666 888 4705 vere
919 4649 1038 4704 sint
1066 4649 1286 4705 inimici
1320 4651 1440 4721 Dei,
1475 4652 1752 4709 adversus
1783 4671 1954 4726 quem

327 4735 683 4792 unanimiter
709 4739 1064 4809 conspirant,
1097 4741 1161 4792 ut
1195 4739 1527 4795 haereditate
1558 4743 1958 4798 sanetuarium

328 4823 456 4894 ejus
485 4825 842 4896 possideant.
893 4825 1074 4894 Unde,
1099 4826 1270 4908 juxta
1307 4828 1460 4898 quod
1512 4827 1822 4886 I‘salmista
1850 4830 1960 4886 im-

330 4912 618 4982 precanrio
661 4913 984 4984 prophetat,
1019 4915 1269 4986 ponendi
1315 4921 1455 4970 sunt
1485 4916 1639 4972 sicut
1668 4918 1876 4985 Horeb,
1909 4925 1963 4976 et

329 4998 462 5062 Zeb,
493 5001 549 5054 et
576 5000 754 5055 Zebee
785 5003 840 5055 et
859 5001 1131 5058 Salmana
1159 5005 1257 5075 qui
1282 5003 1480 5076 utique
1505 5005 1962 5080 alienigenarum

331 5086 622 5158 principes
651 5087 1113 5146 etlsraelitarum
1140 5091 1334 5147 hostes
1355 5097 1520 5148 erant
1550 5093 1719 5164 (Psal.
1756 5113 1962 5165 Lxxxn,

331 5177 444 5245 42).
495 5177 751 5242 Quorum
801 5178 1084 5234 malitiam
1128 5181 1311 5235 nostri
1360 5183 1641 5252 temporis
1677 5184 1964 5258 principes

331 5263 515 5320 secuti
544 5264 774 5320 videant
816 5283 930 5338 quo
966 5269 1086 5322 sint
1133 5267 1418 5338 perducti.
1473 5269 1749 5342 Denique,
1803 5277 1868 5328 ut
1897 5290 1965 5330 ex

331 5353 792 5424 praecedentibus
835 5355 984 5411 beati
1032 5355 1287 5427 Gregorii
1337 5355 1506 5412 dictis
1549 5357 1842 5415 evidenter
1869 5379 1965 5434 ap-

333 5444 516 5512 paret,
546 5442 617 5497 ad
648 5441 756 5498 hoc
775 5460 873 5500 eos
893 5445 1018 5516 jam
1053 5443 1320 5515 perduxit
1344 5444 1584 5500 ambitio
1631 5449 1834 5518 perfidi
1881 5449 1968 5505 Si-

335 5527 548 5594 monis,
596 5532 662 5584 ut
702 5530 1122 5588 intolerabilior
1159 5547 1314 5587 nunc
1358 5547 1560 5589 eorum
1603 5533 1966 5610 principatus

336 5611 638 5673 incumbat
652 5617 948 5680 catholicis
964 5617 1234 5680 Ecclesiis
1257 5635 1433 5696 quam
1453 5621 1965 5698 Langobardorum

2068 4655 2168 4728 qui
2189 4657 2442 4710 moveret
2472 4668 2746 4724 pennam,
2768 4650 2854 4707 vel
2879 4652 3133 4723 aperiret
3151 4671 3218 4710 os
3242 4660 3304 4710 et
3324 4659 3662 4730 ganniret,
3695 4665 3766 4720 ad

2068 4744 2286 4814 majora
2319 4740 2724 4812 progreditur;
2757 4743 2814 4795 et
2835 4739 2985 4810 jam,
3029 4741 3142 4796 sub
3190 4743 3450 4802 nomine
3510 4749 3766 4809 investi-

2069 4837 2234 4898 turae,
2267 4829 2401 4884 dare
2435 4827 2621 4900 primo
2650 4827 2914 4896 tabellas,
2945 4827 3034 4884 vel
3065 4830 3554 4908 qualescunque
3579 4843 3768 4912 porri-

2071 4936 2204 4992 gere
2231 4915 2486 4998 virgulas
2517 4915 2650 4972 dein
2678 4915 2920 4972 baculos
2941 4916 3128 4984 laicis,
3161 4921 3560 4996 tandemque
3579 4930 3769 4986 eccle-

2073 5006 2344 5064 siasticis.
2379 5005 2540 5069 Quod
2571 5005 2892 5060 maximum
2914 5005 3078 5062 nefas
3109 5007 3196 5062 sic
3218 5009 3350 5080 jam
3384 5011 3686 5087 inolevit,
3707 5023 3767 5075 ut

2071 5097 2128 5151 id
2170 5095 2360 5152 solum
2401 5092 2746 5150 canonicum
2797 5094 3088 5160 credatur,
3131 5112 3241 5152 nec
3273 5114 3414 5170 quce
3449 5103 3548 5160 sit
3580 5107 3766 5163 eccle-

2073 5183 2309 5240 siastica
2340 5181 2539 5256 regula
2580 5181 2804 5236 sciatur
2845 5187 2946 5237 aut
2974 5185 3338 5242 attendatur.
3380 5187 3464 5245 Et
3512 5196 3765 5265 quidem

2073 5271 2312 5328 memini
2345 5287 2438 5326 me
2466 5270 2682 5326 vidisse
2711 5287 2745 5325 a
2777 5269 3160 5327 saecularibus
3209 5273 3629 5349 principibus
3677 5283 3767 5339 ali-

2075 5377 2220 5434 quos
2251 5359 2642 5432 pastoralibus
2691 5359 2916 5415 baculis
2964 5364 3023 5415 et
3065 5361 3310 5418 annulis
3355 5363 3660 5428 investiri
3703 5374 3766 5429 de

2073 5447 2505 5521 episcopatibus
2527 5452 2584 5503 et
2601 5447 2872 5516 abbatiis,
2896 5449 3528 5527 metrOpolitanosque
3559 5476 3762 5518 eorum

2075 5542 2133 5594 et
2161 5537 2460 5610 primates,
2493 5535 2762 5610 quamvis
2810 5540 3127 5610 praesentes
3176 5546 3414 5612 essent,
3453 5561 3584 5604 nec
3631 5550 3762 5610 inde

2075 5624 2406 5704 requisitas,
2435 5641 2540 5685 nec
2561 5623 2784 5707 aliquid
2797 5629 2999 5686 contra
3023 5624 3256 5691 hiscere
3279 5645 3502 5694 ausos.
3530 5637 3762 5713 Quibus
