3864 6396
95 449 251 509 “57

681 448 1094 514 ADVERSUS
1142 448 1609 514 SIMONIACOS
1656 446 1863 512 LIBRI
1908 446 2130 510 TRES.
2162 481 2237 494 --
2268 444 2501 508 LIBER
2544 448 2906 511 TERTIUS.

3337 448 3490 513 1158

93 581 206 635 sub
245 583 407 635 tanto
456 580 741 636 adulterio
788 598 1033 638 uxorum
1071 588 1125 639 et
1155 599 1293 640 nece
1344 583 1600 640 ﬁliorum
1648 584 1745 639 de-
1772 581 1830 650 Α
1859 584 2103 635 matrem
2125 578 2258 652 plus
2280 594 2460 650 quam
2484 593 2596 646 me,
2618 594 2733 633 non
2756 582 2844 634 est
2865 593 2956 633 me
2977 578 3192 651 dignus
3213 579 3416 651 (Matth.
3440 600 3496 650 x,

94 870 121 896 ‹‹
160 846 407 902 Uxorem
440 847 714 919 accipies,
736 852 792 903 et
822 847 974 903 alius
1003 865 1196 904 coram
1243 854 1299 906 te
1337 851 1587 906 dormiet
1615 867 1748 905 cum

92 952 163 990 ea
193 937 373 1006 (Deut.
398 952 597 1002 xxvm,
620 937 733 1008 30).
762 959 790 985 »
814 938 959 1004 Quo,
998 941 1064 993 ut
1096 937 1303 995 beatus
1339 938 1749 1011 Hieronymus,

94 1024 155 1079 in
209 1024 643 1080 Commentario
702 1024 993 1080 Zacharias
1054 1026 1370 1099 prepheta,
1419 1031 1749 1095 attestatur,

95 1112 245 1167 nihil
278 1112 595 1179 crudelius,
630 1112 775 1168 nihil
826 1112 1103 1169 miserius
1150 1113 1395 1170 inveniri
1447 1119 1639 1187 potest
1668 1118 1751 1182 ut,

94 1203 308 1258 timore
341 1201 547 1258 mortis
600 1203 867 1275 propria,
898 1219 1005 1259 nec
1043 1202 1294 1259 salutem
1343 1204 1621 1270 filiorum,
1654 1220 1756 1259 nec

94 1307 345 1346 uxorum
379 1290 720 1363 pudicitiam
752 1291 1060 1347 defendere
1090 1291 1197 1347 viri
1228 1292 1501 1348 audeant.

170 1381 287 1436 ΙΙοο
319 1381 511 1452 ipsum
545 1386 601 1435 et
634 1382 810 1436 Amos
844 1381 1149 1453 propheta,
1190 1382 1262 1437 ad
1311 1381 1611 1437 Amasiam
1644 1381 1754 1435 im-

94 1470 261 1540 pium
297 1470 658 1525 sacerdotem
693 1471 1079 1537 comminans,
1111 1470 1375 1543 loquitur
1396 1488 1445 1526 :«
1474 1470 1624 1526 Uxor
1654 1474 1756 1525 tua

94 1558 157 1612 in
190 1557 419 1614 civitate
451 1558 857 1625 fornicabitur,
880 1563 934 1613 et
967 1558 1073 1613 ﬁlii
1104 1559 1188 1614 tui
1216 1563 1272 1615 et
1302 1558 1438 1615 ﬁlia
1468 1558 1527 1614 in
1559 1558 1753 1632 gladio

94 1646 305 1701 cadent
337 1651 395 1701 et
426 1647 645 1701 humus
696 1652 801 1702 tua
832 1646 1087 1703 funiculo
1131 1649 1405 1704 metietur
1426 1649 1626 1719 (Amos.
1650 1664 1751 1714 vn,

94 1736 209 1806 17).
239 1758 265 1785 ››
297 1737 710 1791 incunctanter
752 1736 909 1792 enim
970 1737 1288 1792 sacerdotis
1337 1754 1481 1793 uxor
1509 1737 1581 1792 ab
1626 1735 1757 1792 aliis

89 1823 365 1891 violatur,
398 1824 869 1896 quandocunque
916 1824 1174 1881 Ecclesia
1220 1843 1255 1881 a
1303 1825 1492 1892 laicis,
1543 1825 1757 1897 quibus

101 1929 218 1967 non
272 1913 542 1984 pertinet,
596 1913 1047 1969 administratur
1092 1912 1179 1969 vel
1228 1914 1547 1969 ordinatur.
1581 1914 1758 1984 Cujus
1789 1950 1835 2014 Β

92 2001 271 2055 etiam
319 2001 537 2056 humus
590 2001 848 2057 funiculo
899 2003 1189 2067 metietur,
1218 2002 1316 2057 ubi
1364 2002 1757 2058 ecclesiastica

98 2090 393 2162 possessio
425 2107 458 2144 a
490 2096 646 2145 sorte
690 2090 980 2145 Dominici
1024 2091 1330 2146 sacerdotii
1364 2091 1669 2161 alienatur,
1702 2096 1758 2148 et

95 2180 171 2234 ad
203 2178 481 2233 laicorum
518 2184 735 2233 sortem
764 2186 822 2235 et
851 2179 1180 2235 dominium
1216 2186 1535 2235 revocatur.
1566 2181 1673 2247 Qui
1704 2177 1756 2236 si

95 2269 434 2323 defensores
466 2268 757 2335 Ecclesia,
781 2273 975 2323 etnon
1006 2270 1308 2341 pradones
1338 2268 1425 2324 vel
1458 2271 1754 2325 invasores

94 2361 312 2423 essent,
346 2357 547 2429 procul
593 2357 771 2411 dubio
822 2374 923 2429 pro
975 2356 1371 2428 qualicunque
1426 2357 1599 2429 culpa
1649 2374 1751 2412 seu

98 2446 458 2517 negligentia
486 2446 853 2501 sacerdotum
894 2462 961 2501 ea
1005 2446 1315 2502 defendere
1348 2463 1460 2501 non
1495 2446 1751 2519 neglige-

98 2541 250 2599 rent,
284 2551 386 2589 nec
429 2536 532 2605 jus
565 2534 718 2589 illius
750 2534 860 2589 sibi
906 2535 1287 2591 vindicarent.
1322 2536 1562 2591 Factum
1592 2536 1750 2591 enim

97 2640 384 2696 persona,
420 2629 482 2677 ut
516 2623 719 2677 beatus
766 2622 1081 2694 Gregorius
1130 2623 1322 2691 docet,
1348 2640 1464 2679 non
1495 2627 1585 2679 est
1614 2640 1749 2679 con-

92 2713 443 2767 vertendum
480 2711 537 2765 in
570 2712 850 2766 damnum
884 2711 1179 2781 Ecclesia;
1213 2712 1315 2769 sed
1347 2713 1431 2769 sic
1456 2716 1545 2768 est
1573 2713 1747 2768 casti-

93 2802 292 2873 ganda
324 2818 572 2872 persona
604 2805 666 2855 ut
698 2818 799 2872 per
824 2801 1022 2857 omnia
1052 2800 1347 2857 indemnis
1377 2807 1749 2857 conservetur

93 2888 346 2945 facultas
376 2889 791 2944 ecclesiastica.
817 2890 1001 2944 Habet
1029 2890 1185 2945 enim
1217 2889 1470 2946 Ecclesia
1499 2908 1637 2946 suas
1668 2889 1747 2945 le-

93 2994 222 3050 ges,
246 2978 651 3048 suosjudices,
676 2977 894 3049 quibus
918 2994 1050 3032 cum
1077 2977 1323 3033 consilio
1345 2978 1745 3051 religiosorum

92 3073 157 3123 et
175 3067 505 3138 sapientum
530 3071 630 3121 aut
648 3065 1169 3138 corripiantur,aut
1186 3067 1552 3138 corrigantur
1569 3066 1749 3139 culpa

96 3156 548 3228 prapositorum
588 3160 644 3209 et
687 3154 1094 3210 ministrorum
1126 3157 1273 3226 ejus.
1308 3156 1460 3219 Quas
1489 3156 1537 3211 si
1570 3154 1748 3212 eccle-

93 3245 320 3300 siastici
383 3242 757 3298 dieslmulant
809 3249 911 3298 aut
957 3243 1201 3298 minime
1249 3250 1479 3312 curant,
1509 3244 1747 3300 demum

34 662 35 671 “
97 668 433 740 prehensis,
458 686 579 724 sua
625 668 988 741 negligentia
1020 676 1077 727 et
1106 673 1594 744 pravaricationis
1625 688 1750 729 me-
1855 669 1967 741 37),
1996 692 2022 717 ››
2049 669 2349 741 quoniam,
2383 667 2615 723 etiamsi
2645 666 2701 722 in
2728 667 2821 723 via
2846 667 3135 740 spirituali
3158 674 3350 740 patres
3373 687 3502 725 con-

34 780 35 783 η
93 759 206 812 rito
250 758 461 813 accidit
505 757 648 813 illud
699 758 1075 815 maledictum
1125 760 1468 832 Mosaicum,
1501 762 1700 817 dicens
1732 778 1747 817 :
1855 757 2066 813 trarios
2097 757 2409 823 habemus,
2431 756 2626 811 odisse
2656 759 2713 810 et
2742 756 2940 829 fugere
2969 756 3272 812 debemus.

2489 861 2718 918 CAPUT
2757 862 2876 918 XII.

1858 955 1931 1009 De
1956 954 2388 1025 prasumptione
2423 954 2761 1022 feminarum
2788 954 2838 1008 et
2866 952 3138 1021 dignitate
3164 963 3508 1011 sacratarum

2576 1039 2779 1079 rerum.

1931 1112 2147 1168 Verum
2179 1129 2284 1167 cur
2311 1111 2433 1166 hac
2463 1116 2693 1168 tantum
2725 1112 2793 1168 de
2823 1111 2962 1168 viris
2999 1112 3166 1169 laicis
3196 1116 3505 1188 conqueri-

1864 1218 2018 1267 mur,
2050 1217 2185 1255 cum
2217 1200 2352 1272 ipsa
2402 1217 2635 1273 quoque
2681 1199 2839 1255 laica
2872 1200 3116 1271 femina,
3150 1203 3364 1275 quibus
3395 1219 3505 1260 nec

1863 1288 2026 1361 loqui
2076 1290 2132 1344 in
2183 1288 2434 1344 Ecclesia
2464 1290 2818 1361 permittitur
2865 1290 2912 1360 (Ι
2938 1290 3057 1346 Cor.
3102 1308 3218 1360 XIV,
3248 1293 3358 1364 34),
3395 1310 3502 1349 nec

1863 1378 2152 1433 dominari
2186 1378 2245 1433 in
2274 1378 2463 1432 virum
2495 1378 2540 1450 (ι
2570 1379 2702 1433 Tim.
2736 1396 2797 1445 ιι,
2829 1378 2939 1451 12),
2969 1396 3083 1434 non
3115 1380 3303 1437 solum
3336 1380 3502 1438 laicis

1863 1483 1956 1523 res
2001 1465 2423 1522 ecclesiasticas
2478 1466 2908 1538 dispensandas
2955 1470 3349 1539 committunt,
3398 1471 3503 1527 sed

1862 1554 2104 1627 insuper
2134 1554 2527 1627 pastoralibus
2549 1555 2775 1610 baculis
2792 1560 2849 1611 et
2871 1556 3101 1612 annalis
3123 1559 3192 1613 de
3213 1559 3507 1632 episcOpa-

1864 1642 2022 1698 tibus
2053 1646 2109 1699 ct
2138 1642 2390 1698 abbatiis
2439 1642 2679 1699 clericos
2722 1643 3053 1713 investiant,
3087 1663 3233 1718 quos
3277 1648 3362 1703 eis
3407 1652 3509 1705 aut

1864 1732 2024 1787 favor
2044 1737 2145 1787 aut
2173 1732 2521 1803 obsequium
2553 1733 2850 1800 saculare,
2879 1751 2982 1789 seu
3013 1736 3266 1806 pretium
3294 1740 3511 1810 tempo-

1867 1820 2006 1887 rale,
2040 1819 2309 1876 conciliat
2338 1824 2394 1875 et
2424 1822 2819 1877 commendat.
2849 1822 3262 1895 Principantur
3288 1831 3343 1881 et
3372 1826 3511 1899 ipsa

1866 1908 2252 1964 nihilominus
2284 1909 2441 1965 omni
2463 1909 2990 1966 ecclesiasticorum
3014 1913 3256 1970 concilio
3278 1920 3336 1971 et
3356 1914 3513 1986 judi-

1864 1998 2218 2065 cio,dum,ad
2238 2001 2447 2053 nutum
2472 1997 2705 2053 illarum
2722 1998 2898 2054 etiam
2917 2000 3352 2072 absentum,alii
3375 2022 3511 2078 pra-

1864 2090 2182 2158 ponuntur,
2207 2085 2304 2141 alii
2328 2087 2720 2158 deponuntur,
2739 2086 2857 2154 alii,
2876 2091 3143 2160 quamvis
3165 2092 3509 2168 culpabiles,

1864 2179 1964 2231 aut
1993 2174 2538 2247 pratermiltuntur,
2564 2181 2662 2231 aut
2690 2176 3106 2234 defenduntur.
3129 2181 3221 2236 Sic
3252 2181 3358 2238 hac
3385 2202 3511 2256 per-

1862 2263 2200 2320 versissima
2231 2264 2529 2332 abusione,
2573 2265 2742 2336 juxta
2781 2267 2938 2338 quod
2986 2267 3203 2341 impius
3250 2271 3509 2349 Porphy-

1863 2351 1985 2406 rius
2033 2350 2446 2421 calumniatur,
2481 2358 2721 2409 senatus
2780 2362 2979 2411 noster
3032 2362 3171 2413 sunt
3215 2360 3442 2418 femina
3475 2380 3510 2421 a

1863 2440 2078 2513 quibus
2111 2440 2353 2513 insuper
2398 2441 2614 2497 dantur
2662 2444 3047 2502 sacerdotalia
3093 2447 3370 2522 insignia,
3405 2470 3509 2508 nec

1860 2529 1995 2585 licet
2044 2528 2490 2597 ecclesiasticos,
2527 2531 2639 2585 nisi
2687 2532 2755 2588 de
2785 2549 2986 2589 carum
3036 2536 3205 2605 dono,
3240 2555 3348 2594 sua
3394 2539 3507 2597 sibi

1860 2635 2180 2685 assumere,
2212 2635 2337 2689 qua:
2369 2635 2471 2673 nec
2504 2619 2693 2675 dicam
2725 2620 2975 2689 femina,
3004 2625 3103 2679 scd
3136 2642 3241 2681 nec
3272 2644 3506 2684 mascu-

1858 2706 2049 2762 lorum
2103 2706 2420 2778 quispiam,
2455 2707 2568 2763 nisi
2615 2707 2882 2774 clericus,
2929 2712 3099 2784 debpt
3144 2714 3501 2789 contingere,

1858 2795 2024 2850 beato
2082 2794 2375 2866 Stephano
2429 2813 2579 2867 papa
2627 2802 2879 2869 martyre
2929 2798 3011 2853 sic
3058 2800 3441 2860 denuntiante
3483 2824 3497 2862 :

1858 2908 1885 2933 κ
1910 2884 2274 2939 Vestimenta
2305 2883 2710 2951 ecclesiastica,
2734 2887 2948 2957 quibus
2970 2888 3083 2944 Deo
3105 2890 3499 2965 ministratur,

1858 2977 1914 3027 et
1945 2977 2173 3028 sacrata
2202 2973 2415 3028 debent
2461 2989 2589 3028 esse
2618 2978 2673 3029 et
2700 2974 2964 3044 honesta,
2997 2978 3213 3049 quibus
3261 2980 3322 3036 in
3371 2981 3503 3039 aliis

1860 3061 2065 3116 usibus
2097 3078 2267 3116 nemo
2299 3061 2469 3116 debet
2519 3061 2630 3116 frui
2675 3079 2854 3134 quam
2903 3064 2958 3119 in
3008 3066 3419 3126 ecclesiasticis
3450 3076 3507 3128 et

1860 3150 1975 3205 Deo
2005 3150 2202 3222 dignis
2232 3150 2462 3217 ofﬁciis,
2486 3167 2611 3222 qua
2636 3169 2739 3206 nec
2760 3153 2831 3208 ab
2855 3154 2986 3209 aliis
3016 3155 3228 3213 debent
3248 3160 3506 3234 contingi

1860 3243 1961 3293 aut
1992 3238 2148 3308 ferri,
2184 3238 2293 3293 nisi
2327 3256 2360 3293 a
2393 3240 2636 3295 sacratis
2685 3245 2799 3296 Deo
2830 3241 3188 3313 hominibus,
3220 3264 3293 3303 ne
3341 3248 3505 3317 ultio,

96 3330 408 3388 saculares
442 3333 732 3404 principes
762 3337 820 3387 et
850 3332 1048 3387 fideles
1097 3332 1252 3401 laici,
1284 3350 1387 3405 pro
1416 3334 1751 3390 defensione
1782 3314 1825 3382 (ἶ
1862 3344 1989 3399 quae
2016 3326 2323 3383 Ballhaza!‘
2349 3330 2656 3400 percussit.
2680 3346 2858 3401 super
2881 3330 3001 3387 hinc
3033 3314 3508 3408 transgredienti;

94 3426 159 3478 et
190 3420 838 3493 recuperatione,quam
863 3421 1034 3476 matri
1067 3439 1183 3477 sua
1220 3421 1483 3477 Ecclesia
1518 3422 1750 3490 debent,

99 3526 342 3566 necesse
372 3517 460 3565 est
492 3510 786 3575 insistant,
816 3526 1031 3581 eosque
1065 3515 1389 3582 opportune
1419 3510 1752 3582 importune

92 3599 449 3655 conveniant
478 3603 534 3653 et
568 3603 860 3665 moneant,
888 3614 959 3653 ne
990 3599 1453 3654 destructoribus
1478 3597 1749 3654 ecclesia-

90 3704 229 3744 rum
255 3686 353 3742 Dei
391 3692 446 3742 et
478 3686 930 3758 indisciplinatis
961 3687 1203 3742 tacendo
1234 3692 1290 3742 et
1318 3686 1748 3743 dissimulando

90 3779 347 3843 faveant,
366 3778 466 3832 sed
493 3793 690 3831 secum
714 3776 786 3831 ad
811 3776 1209 3844 reformandos
1230 3775 1313 3831 eis
1334 3792 1474 3832 suos
1494 3791 1748 3832 canones

85 3870 431 3937 exsurgant.
466 3866 627 3931 Quod
669 3864 717 3919 si
780 3882 883 3920 nec
933 3864 1174 3919 monitis
1232 3864 1499 3920 resistere
1552 3864 1747 3937 pravis

83 3952 443 4022 curaverint,
478 3954 653 4010 faciat
688 3952 838 4008 laica
868 3958 1123 4025 potestas
1151 3953 1386 4008 tandem
1417 3954 1571 4025 quod
1605 3953 1747 4010 libe-

82 4061 168 4100 ra
203 4047 260 4098 et
288 4042 509 4098 dilecta
542 4042 746 4098 matris
776 4042 1095 4114 degeneres
1133 4041 1258 4111 filii,
1292 4043 1461 4113 cujus
1493 4042 1542 4099 si
1572 4043 1746 4115 pudi-

82 4132 291 4189 citiam
314 4132 689 4204 cognoverint
705 4132 777 4186 ab
801 4130 1081 4187 adulteris
1104 4131 1412 4203 captivari;
1433 4148 1538 4187 nec
1560 4149 1743 4201 mora,

79 4219 484 4292 accinguntur
499 4218 870 4287 vindicaturi,
886 4220 1119 4275 etiamsi
1143 4225 1308 4292 pater
1328 4237 1528 4276 eorum
1551 4222 1748 4277 admo-

78 4308 256 4366 nitus
288 4307 544 4381 negligat
574 4315 694 4364 tam
726 4307 1097 4364 intolerabile
1128 4308 1237 4365 sibi
1287 4307 1508 4365 malum
1552 4309 1745 4367 ultum

79 4396 183 4453 iri.
218 4397 497 4453 Caventes
528 4397 685 4453 enim
717 4396 1013 4454 maculam
1041 4415 1148 4454 suo
1178 4398 1375 4470 generi
1409 4398 1744 4456 infamiam-

79 4501 207 4559 que
230 4503 343 4542 non
368 4487 663 4542 modicum
683 4503 789 4542 suo
812 4485 1058 4553 nomini,
1078 4487 1255 4542 etiam
1279 4491 1441 4558 patre
1458 4493 1741 4557 cessante,

79 4591 209 4632 non
241 4580 475 4631 cessant
511 4574 643 4630 boni
680 4574 783 4629 filii
816 4575 1022 4631 matris
1070 4591 1188 4631 sua
1236 4574 1484 4645 injurias
1515 4575 1743 4633 ulcisci.

1861 3416 1972 3471 bus
1993 3422 2049 3471 et
2066 3415 2207 3471 talia
2231 3418 2720 3489 prasumentibus
2736 3419 2928 3475 veniat
2943 3420 3220 3491 divina,et
3239 3442 3507 3486 corruere

1860 3522 1957 3560 eos
1988 3504 2163 3560 faciat
2192 3505 2263 3559 ad
2298 3505 2435 3561 ima.
2458 3528 2486 3555 »
2514 3506 2591 3560 Ex
2611 3523 2726 3577 quo
2753 3508 2897 3562 tanti
2930 3510 3222 3581 pontificis
3252 3514 3502 3586 decreto,

1860 3609 2096 3648 necesse
2126 3596 2215 3648 est
2244 3597 2485 3648 caveant
2513 3592 2645 3649 laici
2676 3599 2732 3650 et
2763 3595 2918 3651 laica
2954 3598 3348 3659 ecclesiastica
3378 3623 3504 3661 vcs-

1858 3680 2104 3737 timenta
2133 3698 2240 3737 suo
2262 3686 2533 3738 contactu
2564 3687 2866 3754 temerare,
2890 3690 2947 3741 et
2974 3703 3007 3741 a
3028 3687 3346 3748 misoribus
3376 3711 3505 3765 pro-

1857 3768 2044 3824 hibita
2075 3769 2300 3841 majora
2347 3770 2457 3826 sibi
2505 3788 2876 3843 prasumere.
2909 3775 3132 3839 Quibus
3177 3779 3330 3835 enim
3384 3800 3500 3839 non

1856 3858 2195 3914 conceditur
2224 3858 2561 3915 claviculam
2596 3860 2819 3917 ostiarii
2865 3880 2982 3935 qua
3012 3871 3168 3921 serat
3195 3872 3250 3923 et
3280 3875 3500 3927 reserat

1853 3945 2048 4002 valvas
2071 3945 2273 4018 templi
2296 3946 2605 4015 sancti,vel
2629 3949 2956 4006 funiculum
2979 3951 3358 4011 tintinnabuli
3381 3975 3497 4030 quo

1856 4034 2149 4107 significat
2168 4041 2354 4091 certas
2386 4036 2560 4094 horas
2579 4039 2771 4110 operis
2792 4040 2911 4110 Dei,
2935 4042 3119 4097 multo
3141 4044 3337 4101 minus
3360 4064 3500 4103 con-

1855 4123 2081 4179 ceditur
2108 4123 2443 4196 contingerc
2487 4126 2764 4182 baculum
2800 4135 2857 4184 et
2884 4130 3170 4188 annulum
3219 4135 3499 4209 episcopi,

1855 4214 2072 4287 quibus
2102 4214 2502 4287 principaliter
2530 4215 2868 4289 insignitus,
2891 4236 3005 4275 non
3028 4221 3184 4279 solos
3207 4226 3500 4296 ostiarios,

1855 4304 1954 4359 sed
1990 4303 2245 4376 reliquos
2286 4303 2522 4360 ordines
2561 4305 3005 4377 ecclesiasticos,
3027 4310 3340 4385 ipsumque
3361 4320 3505 4372 tem-

1852 4390 2015 4464 plum
2038 4409 2171 4447 cum
2194 4392 2352 4448 omni
2378 4409 2489 4448 sua
2514 4394 2886 4466 supellectili,
2912 4398 3091 4456 altare
3113 4418 3344 4474 quoque
3364 4421 3499 4461 cum

1854 4481 2128 4538 omnibus
2147 4482 2270 4538 suis
2290 4482 2638 4540 utensilibus
2651 4484 2764 4540 Deo
2778 4487 3162 4558 omnipotenti
3179 4498 3496 4550 consecrat.

1853 4571 1984 4627 Pari
2016 4572 2188 4627 modo
2218 4572 2435 4643 quibus
2483 4587 2597 4627 non
2628 4572 2763 4628 licet
2809 4576 3145 4650 contingere
3191 4579 3496 4652 cingulum

77 4662 201 4731 Qui
234 4664 283 4719 si
314 4679 468 4728 eam,
500 4662 781 4719 adulteris
813 4668 1096 4735 ereptam,
1119 4680 1226 4719 suo
1254 4662 1515 4735 legitimo
1540 4666 1739 4721 matri-
1771 4681 1819 4747 D
1854 4665 1957 4716 aut
1986 4659 2324 4733 mappulam
2349 4660 2709 4731 subdiaconi,
2732 4662 2955 4720 hostias
2985 4666 3056 4721 ad
3087 4665 3268 4724 altare
3298 4667 3493 4738 laturi,

78 4753 290 4810 monio
321 4770 435 4808 non
461 4751 855 4819 restituerent,
876 4752 977 4808 sed
1007 4769 1124 4807 sua
1154 4751 1382 4806 libidini
1414 4758 1741 4811 maternam
1854 4749 2039 4805 multo
2065 4750 2262 4807 minus
2284 4749 2414 4805 licet
2433 4750 2715 4806 annulum
2736 4752 2991 4825 episcopi
3015 4770 3128 4826 quo
3152 4754 3494 4829 insignitur,

76 4931 326 4987 biliores
348 4929 709 5002 quibuslibet
739 4928 1021 4986 adulteris
1047 4929 1281 4985 essent?
1304 4928 1506 4986 Nonne
1536 4931 1742 4989 tolera-

34 4836 35 4921 ,
75 4839 435 4917 pudicitiam
462 4840 914 4913 prostituerent;
940 4858 1131 4896 nonne
1163 4842 1387 4912 pejores
1409 4846 1468 4897 et
1491 4842 1743 4900 detesta-
1851 4839 1992 4892 dum
2010 4836 2235 4893 assistit
2253 4836 2417 4892 altari
2428 4842 2505 4905 ,ct
2526 4838 2848 4894 sanctificat
2870 4840 3249 4914 imniolatque
3265 4845 3497 4916 Agnum

1850 4926 1971 4995 Dei,
1993 4926 2081 4982 vel
2105 4927 2245 4982 dum
2270 4932 2570 4982 consecrat
2595 4926 2852 4984 chrisma
2873 4925 3136 5002 Spiritus
3159 4933 3370 5000 sancti,
3393 4951 3497 4990 seu

74 5019 268 5076 bilius
293 5019 482 5074 fuerat
503 5020 576 5074 ab
596 5018 727 5075 aliis
747 5036 862 5074 non
885 5018 1419 5089 defendisse,quam
1439 5018 1739 5076 defensam
1848 5018 1989 5073 dum
2012 5016 2302 5071 benedicit
2322 5014 2598 5086 populum
2627 5016 2867 5073 Dei.Nec
2889 5019 3102 5074 mirum
3123 5019 3172 5075 si
3195 5026 3499 5095 tantopere

34 5170 37 5199 l

34 5530 39 5567 ἱ

33 5786 43 5857 l

72 5109 170 5165 sic
204 5107 318 5163 sibi
351 5124 634 5180 usurpare
683 5113 740 5162 et
788 5107 1102 5162 addicere?
1158 5106 1315 5178 Rogo
1371 5107 1741 5165 considerent

70 5198 195 5253 hoc
217 5195 550 5251 Christiana
582 5196 799 5268 pietate
835 5194 1125 5268 principes
1152 5193 1465 5249 Christiani
1495 5200 1553 5251 et
1580 5195 1735 5265 laici,

71 5290 139 5342 et
184 5285 426 5340 tandem
472 5289 826 5357 cognoscant
878 5288 1096 5356 quanto
1146 5281 1462 5355 flagitiores
1511 5284 1652 5355 sint,
1686 5286 1735 5342 si

71 5371 455 5444 spiritualem
486 5378 734 5428 matrem
778 5388 948 5429 suam
983 5370 1067 5427 sic
1117 5371 1449 5440 defendant,
1484 5388 1555 5428 ne
1583 5375 1735 5445 patri

70 5479 192 5519 suo
224 5461 557 5528 restituant,
583 5462 684 5517 sed
724 5461 838 5517 sibi
887 5460 1033 5532 ipsis
1079 5464 1310 5516 tantum
1357 5460 1732 5531 prostituant.

1845 5106 2147 5162 veritatem
2178 5104 2387 5160 Christi
2418 5105 2477 5158 in
2509 5104 2664 5160 Novo
2697 5106 3071 5164 Testamento
3106 5126 3494 5180 revereamur,

1847 5211 1980 5251 cum
2012 5195 2138 5265 ejus
2172 5193 2438 5248 umbram
2471 5193 2529 5248 in
2554 5194 2745 5250 Veteri
2768 5195 3088 5253 decreverit
3107 5198 3387 5256 Dominus
3410 5201 3495 5256 sic

1845 5285 2222 5342 reverendam
2240 5291 2296 5339 et
2311 5282 2736 5353 honorandam,
2751 5291 2854 5341 aut
2871 5286 2930 5341 in
2946 5286 3339 5345 libroNumeri
3358 5290 3490 5345 inde

1844 5391 1947 5446 per
1975 5373 2211 5445 Moysen
2243 5371 2399 5427 dicat
2423 5388 2436 5425 :
2461 5395 2488 5421 «
2514 5373 2696 5428 Erunt
2725 5375 2836 5430 sub
2865 5376 3129 5432 custodia
3160 5377 3486 5433 Levitarum

1843 5460 2055 5518 tabula
2086 5458 2469 5527 tabernaculi,
2494 5465 2552 5515 et
2580 5466 2786 5529 vectes,
2821 5467 2878 5519 et
2907 5463 3207 5531 columna,
3233 5468 3288 5519 et
3316 5464 3486 5521 bases

68 5552 153 5610 Et
182 5550 280 5606 cui
302 5550 493 5623 patri?
514 5549 603 5605 llli
628 5550 909 5607 nimirum
939 5548 1033 5605 cui
1055 5548 1257 5605 nullus
1278 5548 1526 5605 carnalis
1545 5555 1730 5622 pater,
1842 5553 2128 5615 earum,et
2147 5547 2348 5604 omnia
2377 5565 2505 5621 qua
2536 5550 2607 5605 ad
2638 5550 2860 5606 cultum
2891 5551 3180 5624 pertinent
3209 5551 3485 5624 hujusce-

69 5656 156 5699 ne
186 5638 381 5696 dicam
412 5640 829 5712 praeferendus,
844 5640 944 5699 sed
965 5655 1072 5697 nec
1093 5638 1333 5713 quidem
1358 5640 1448 5698 est
1475 5639 1730 5717 aquipa-
1841 5637 2031 5707 modi;
2064 5639 2468 5712 columnaque
2499 5638 2631 5696 atrii
2652 5655 2785 5696 cum
2816 5639 3055 5697 basibus
3080 5642 3208 5698 suis
3238 5659 3343 5716 per
3371 5642 3483 5701 cir-

68 5727 516 5805 randus,Juxta
543 5729 701 5807 quod
729 5729 944 5793 dicitur
970 5744 1021 5789 :«
1050 5727 1160 5802 Qui
1191 5731 1349 5792 amat
1374 5730 1598 5809 patrem
1629 5734 1732 5792 aut
1838 5729 2061 5793 auitam
2092 5730 2151 5790 et
2178 5725 2380 5805 paxilli
2428 5743 2563 5788 cum
2609 5728 2868 5790 funibus.
2901 5728 3483 5799 Castrametabuntur
