3864 6418
350 385 504 447 1159

350 520 482 573 ante
511 511 951 570 tabernaculum
1002 511 1250 577 foederis,
1285 510 1342 564 id
1389 515 1475 565 est
1523 510 1590 563 ad
1642 508 1978 564 orientalem
2011 513 2064 576 Α

348 603 582 678 plagam
615 602 839 674 Moyses
869 603 926 655 et
950 603 1140 654 Aaron
1171 614 1304 654 cum
1354 596 1490 652 filiis
1539 597 1690 663 suis;
1707 596 1986 652 habentes

349 689 676 747 custodiam
701 685 1018 744 sanctuarii
1038 685 1097 740 in
1121 685 1309 740 medio
1334 684 1582 740 filiorum
1608 683 1986 748 Israel,Quis-

349 779 484 851 quis
505 777 730 834 alienus
757 773 1066 832 accesserit
1101 772 1383 828 morietur
1403 773 1584 844 (Nam.
1611 791 1694 839 ιιι,
1719 772 1928 843 36-38).
1953 793 1982 823 ››

347 867 564 923 Deinde
596 882 732 922 vasa
763 863 961 919 altaris
988 863 1046 916 in
1073 865 1292 932 quanta
1309 861 1555 918 voluerit
1584 860 1866 916 Dominus
1897 877 1984 916 re-

345 954 599 1012 verentia
621 951 840 1020 haberi,
857 954 988 1022 post
1008 949 1206 1022 aliqua
1229 949 1447 1005 ibidem
1470 949 1726 1004 ostendit
1745 947 1946 1004 dicens
1969 963 1983 1002 :

351 1066 377 1094 «
402 1042 628 1116 Ignium
653 1039 1037 1112 receptacula,
1064 1036 1388 1094 fuscinulas
1413 1054 1479 1092 ac
1507 1037 1808 1102 tridentes,
1831 1035 1989 1092 unci-

345 1133 450 1188 dos
481 1135 537 1187 et
558 1128 778 1198 batilla,
802 1131 1128 1198 cunctaque
1149 1143 1288 1181 vasa
1308 1124 1509 1182 altaris
1529 1125 1789 1197 operient
1809 1123 1985 1180 simul

343 1219 629 1275 velamine
650 1216 1058 1289 janthinarum
1087 1214 1349 1286 pellium,
1382 1218 1439 1269 et
1467 1213 1749 1268 inducent
1777 1220 1982 1268 vectes.

341 1308 602 1379 Cumque
627 1303 974 1360 involverint
996 1305 1184 1358 Aaron
1213 1307 1268 1357 et
1297 1301 1401 1356 filii
1433 1303 1561 1373 ejus
1587 1300 1984 1357 sanctuarium

342 1399 400 1450 et
429 1395 627 1450 omnia
652 1409 792 1449 vasa
823 1393 951 1463 ejus
978 1391 1036 1445 in
1060 1389 1450 1446 commotione
1477 1393 1820 1457 castrorum,
1845 1393 1986 1444 tunc

341 1485 650 1540 intrabunt
698 1480 804 1536 ﬁlii
837 1477 1012 1534 Caath
1065 1483 1130 1534 ut
1180 1482 1411 1550 portent
1461 1477 1736 1544 involuta,
1770 1482 1826 1534 et
1870 1493 1985 1532 non

341 1576 587 1644 tangant
631 1585 770 1626 vasa
819 1566 1157 1632 sanctuarii,
1199 1583 1272 1622 ne
1321 1565 1645 1622 moriantur
1691 1567 1869 1638 (Nam.
1907 1583 1985 1635 Iv,

346 1661 554 1728 14-15).
584 1681 611 1707 »

416 1751 672 1814 Quorum
702 1743 1023 1818 periculum
1053 1745 1240 1800 denuo
1265 1743 1585 1798 cavendum
1609 1743 1983 1809 denuntians,

343 1837 420 1892 sit
475 1834 656 1907 Moysi
715 1835 1020 1938 et.Aa'ron.
1049 1851 1060 1888 :
1087 1855 1115 1882 «
1164 1831 1644 1938 Nolite‘p‘erdere
1683 1829 1984 1930 OpOpulum
2015 1873 2062 1938 Β

341 1923 519 1980 Caath
552 1923 622 1978 de
651 1921 845 1977 medio
893 1921 1253 1988 Levitarum;
1289 1920 1388 1975 sed
1431 1919 1540 1976 hoc
1589 1919 1757 1974 facite
1787 1918 1890 1986 eis,
1925 1923 1989 1974 ut

342 2013 533 2068 vivant
552 2016 608 2066 et
630 2028 743 2066 non
767 2009 1111 2076 moriantur,
1137 2011 1183 2065 si
1209 2008 1505 2081 tetigerint
1529 2012 1733 2064 sancta
1755 2011 1984 2063 sancto-

341 2118 492 2156 rum.
516 2102 702 2155 Aaron
725 2103 782 2154 et
803 2097 903 2152 filii
925 2099 1053 2169 ejus
1076 2098 1400 2167 intrabunt,
1423 2095 1649 2168 ipsique
1673 2097 1986 2168 disponent

339 2206 514 2261 opera
559 2186 947 2259 singulorum,
978 2190 1034 2241 et
1083 2185 1343 2241 divident
1391 2185 1530 2256 quid
1577 2189 1806 2256 portare
1852 2184 1984 2256 quis

341 2278 565 2332 debeat.
589 2275 700 2331 Alii
751 2273 914 2330 nulla
961 2273 1292 2329 curiositate
1322 2273 1554 2328 videant
1585 2289 1710 2344 qua:
1758 2273 1876 2328 sint
1923 2272 1982 2327 in

342 2364 695 2426 sanctuario,
727 2363 1072 2434 priusquam
1126 2362 1512 2429 involvantur,
1547 2360 1804 2432 alioquin
1856 2377 1982 2416 mo-

343 2453 565 2508 rientur
584 2453 764 2522 (Num.
792 2467 868 2515 ιν,
894 2451 977 2516 18,
1005 2451 1112 2520 19).
1144 2471 1170 2497 ››
1193 2449 1352 2512 Quod
1376 2447 1547 2518 longo
1571 2453 1702 2520 post
1725 2453 1982 2519 tempore

343 2541 456 2596 Oza
486 2541 708 2595 Levites
739 2537 1002 2608 incurrit,
1028 2537 1124 2592 ubi
1155 2553 1349 2592 arcam
1383 2535 1609 2592 Domini
1641 2536 1979 2591 inclinatam

342 2633 668 2685 sustentare
709 2627 968 2695 tentavit,
1002 2643 1178 2696 quam
1230 2626 1369 2681 solis
1417 2625 1814 2681 sacerdotibus
1844 2641 1978 2680 con-

339 2717 562 2790 tingere
595 2715 886 2771 licuit.'Ex
923 2715 1138 2786 quibus
1170 2713 1528 2786 perpendant
1556 2713 1696 2786 quid
1725 2729 1980 2768 merean-

337 2810 434 2861 tur
473 2805 571 2877 qui
611 2803 735 2860 sola
763 2804 1088 2860 temeritate
1117 2806 1369 2858 tractant
1397 2807 1452 2858 et
1482 2803 1676 2858 ferunt
1705 2807 1892 2858 vestes
1922 2805 1979 2857 et

337 2911 477 2950 vasa
505 2892 880 2950 ecclesiastici
929 2891 1256 2959 ministerii,
1279 2891 1328 2946 si
1375 2892 1721 2947 occiduntur
1751 2889 1976 2946 caelitus

343 2982 441 3053 qui
467 2981 590 3036 sola
619 2981 951 3036 curiositate
981 2979 1161 3046 ducti,
1185 2979 1304 3035 haec
1326 2983 1554 3034 tantum
1584 2979 1852 3044 viderint,
1875 2982 1977 3034 aut

341 3068 536 3124 subita
565 3067 905 3124 necessitate
953 3067 1196 3138 permoti
1227 3071 1554 3122 sustentare
1605 3067 1972 3122 tentaverint.

341 3157 410 3212 Et
437 3161 589 3212 certe
620 3156 820 3212 Levita:
851 3159 907 3210 et
941 3153 1263 3210 consecrati
1285 3160 1450 3210 erant
1479 3171 1626 3226 quos
1660 3159 1820 3210 tanta
1849 3155 1971 3209 ani-

341 3245 666 3301 madversio
715 3244 1050 3311 cohibebat;
1085 3247 1302 3316 quanta
1351 3247 1625 3315 putamus
1675 3245 1978 3300 severitate
2007 3229 2052 3296 C

339 3331 518 3390 laicos
547 3334 618 3388 ab
649 3332 742 3388 his
775 3330 1144 3388 deterrebat?
1185 3332 1295 3386 Sed
1349 3349 1419 3386 ne
1470 3332 1666 3387 forsan
1715 3336 1981 3388 autumet

339 3423 473 3494 quis
502 3422 624 3478 haec
655 3425 882 3476 tantum
917 3419 1131 3492 populo
1175 3420 1285 3474 sub
1317 3419 1441 3490 lege
1487 3421 1891 3489 custodienda,
1924 3427 1981 3478 et

340 3527 456 3566 non
486 3510 652 3566 nobis
682 3509 792 3566 sub
817 3509 1022 3582 gratia,
1045 3507 1386 3580 Apostolum
1423 3509 1708 3564 dicentem
1740 3509 1976 3566 audiat:

343 3619 371 3647 ‹‹
403 3599 767 3668 Οιιωοιιιιῳιθ
815 3596 1031 3669 scripta
1059 3600 1198 3652 sunt
1245 3596 1316 3651 ad
1366 3600 1624 3650 nostram
1655 3597 1978 3652 doctrinam

339 3686 558 3758 scripta
605 3690 742 3741 sunt
764 3686 939 3758 (Rom.
963 3702 1052 3750 xv,
1087 3685 1173 3754 2);
1199 3700 1302 3739 nec
1333 3701 1444 3740 non
1479 3685 1714 3740 beatum
1766 3701 1976 3756 papam

339 3775 720 3847 Stephanum,
753 3772 1080 3830 consimilia
1107 3772 1200 3828 his
1232 3772 1500 3844 superius
1532 3773 1974 3841 decernentem;

337 3862 652 3919 Dominum
684 3867 951 3918 nostrum
993 3878 1224 3933 quoque
1272 3861 1329 3915 in
1381 3861 1706 3934 Evangelio,
1740 3861 1978 3933 majoris

259 4012 275 4032 ο
329 3951 578 4022 justitiae
607 3950 1013 4024 perfectionem
1059 3948 1183 4005 suis
1214 3947 1625 4018 inculcantem,
1651 3951 1864 4022 quibus
1894 3951 1977 4008 sic

339 4039 617 4110 prmmisit
649 4057 662 4094 :
689 4061 716 4088 «
749 4039 872 4096 Nisi
902 4037 1282 4094 abundaverit
1315 4037 1546 4107 justitia
1574 4044 1766 4094 vestra
1810 4039 1978 4111 plus-

339 4143 516 4200 quam
565 4127 899 4183 Scribarum
946 4129 1004 4182 et
1046 4125 1488 4194 Pharisaeorum,
1520 4144 1632 4182 non
1684 4127 1978 4184 intrabitis

339 4215 400 4270 in
457 4231 702 4287 regnum
760 4214 1034 4270 caelorum
1085 4214 1304 4283 (Matth.
1340 4232 1424 4283 ιιι,
1453 4216 1564 4287 20).
1600 4237 1628 4265 η
1661 4216 1726 4270 Et
1781 4233 1980 4273 revera

341 4302 434 4359 lex
464 4319 568 4360 nec
595 4303 742 4359 iram
775 4319 880 4358 nec
909 4303 1448 4371 subsannationem,
1473 4321 1577 4360 nec
1601 4304 1758 4360 verbi
1792 4305 1979 4361 convi-

340 4391 496 4448 cium
527 4391 584 4446 in
617 4392 851 4448 fratrem
901 4395 1082 4448 morte
1128 4392 1318 4463 punit,
1352 4391 1465 4448 nisi
1516 4391 1706 4448 solum
1754 4391 1979 4448 actuale

341 4479 754 4549 homicidium;
788 4480 886 4535 sed
928 4478 1346 4552 [Evangelium]
1380 4481 1508 4552 ejus
1551 4496 1781 4552 quoque
1813 4480 1978 4536 fomi-

338 4573 454 4626 tem
487 4574 544 4624 et
572 4569 970 4638 seminarium,
1019 4569 1168 4624 iram
1219 4567 1442 4624 scilicet
1489 4567 1980 4640 manifestumque
2009 4589 2056 4654 D

340 4657 689 4722 convicium,
723 4662 780 4713 et
825 4661 986 4712 tanto
1017 4655 1265 4728 graviori
1299 4660 1482 4711 morte
1521 4660 1736 4728 quanto
1777 4657 1980 4712 melior

339 4750 528 4802 exstat
573 4747 771 4802 anima
817 4762 1086 4818 corpore;
1117 4745 1286 4816 cujus
1333 4749 1537 4811 morte,
1571 4761 1748 4816 quam
1797 4745 1980 4802 solam

341 4833 670 4889 sentiebant
699 4834 803 4901 illi,
835 4834 992 4890 velut
1024 4833 1192 4899 servi,
1223 4833 1514 4904 perterriti
1545 4833 1618 4888 ab
1649 4835 1982 4891 excessibus

345 4921 828 4991 reprimebantur,
852 4939 986 4978 cum
1017 4939 1123 4978 nos
1153 4921 1309 4977 velut
1340 4920 1526 4990 liberi,
1550 4920 1674 4976 sola
1703 4923 1982 4978 charitate

346 5008 540 5062 aeterni
574 5009 762 5064 Patris
784 5010 1077 5080 justitiam
1118 5011 1342 5082 operari
1386 5010 1722 5066 debeamus.
1755 5012 1896 5078 Qua,
1931 5011 1982 5066 si

347 5098 411 5150 ut
429 5099 566 5167 puta
583 5097 948 5170 disciplinam
967 5099 1093 5170 ejus
1106 5099 1416 5169 abjicimus
1433 5098 1982 5171 indisciplinatoque

345 5182 504 5240 illius
537 5183 817 5242 voluntati
850 5187 1202 5257 resistimus,
1225 5202 1340 5240 non
1371 5184 1562 5240 solum
1594 5186 1980 5243 exharedabi-

346 5287 500 5338 mur,
515 5272 616 5328 sed
641 5271 880 5346 insuper
900 5277 1082 5328 morte
1099 5271 1308 5327 animis
1332 5273 1606 5342 perpetuo
1630 5271 1979 5343 plectemur;

347 5377 525 5433 quam
557 5361 724 5417 nobis
757 5360 1062 5416 imminere
1091 5359 1388 5414 credentes
1419 5357 1598 5413 vitare
1629 5359 1981 5432 contempsi-

349 5465 502 5504 mus.
527 5449 596 5504 Et
614 5455 808 5506 tamen
831 5449 891 5505 in
916 5449 1025 5504 hoc
1048 5462 1275 5518 quoque
1297 5445 1369 5501 ab
1390 5444 1504 5500 illis
1523 5445 1830 5516 distamus,
1845 5449 1986 5520 quia

352 5536 541 5603 nobis,
563 5541 841 5611 tanquam
866 5535 1087 5601 liberis,
1108 5533 1275 5606 copia
1294 5531 1712 5592 satistactionis
1727 5550 1982 5594 reserva-

353 5625 478 5692 tur;
511 5621 628 5682 illis
656 5630 870 5700 autem,
894 5629 1172 5701 tanquam
1193 5620 1396 5692 servis,
1418 5635 1521 5680 nec
1537 5637 1720 5695 mora,
1733 5623 1986 5686 vindicta

1395 377 1804 442 HUMBERTI
1849 379 1912 440 S.
1961 377 2034 438 R.
2079 379 2149 440 E.
2196 377 2682 442 CARDINALIS.

3674 376 3792 440 1160

2095 509 2430 580 temporalis
2463 511 2664 566 mortis
2713 511 3113 568 adhibebatur
3153 526 3309 583 quae
3367 508 3604 582 procul
3655 509 3788 565 dubi»:

2095 597 2303 653 umbra
2331 601 2621 670 perpetua
2663 599 3011 656 habebatur.
3047 601 3310 672 Itaque,
3341 601 3421 654 ut
3453 596 3552 653 ait
3580 603 3788 670 Aposto-

2094 683 2210 754 lus,
2242 685 2302 740 in
2328 685 2658 742 libertatem
2687 687 2874 744 vocati
2917 687 3063 760 (Gal.
3098 705 3163 756 v,
3203 685 3344 760 13),
3382 701 3472 742 ne
3508 685 3792 741 abutamur

2094 770 2379 842 libertate,
2403 791 2508 830 nec
2537 777 2842 832 tardemus
2863 775 3076 832 reverti
3099 777 3183 833 ad
3214 775 3498 832 Patrem
3533 778 3788 831 nostrum.

2095 877 2199 916 nec
2228 862 2611 934 desperando,
2645 869 2747 920 aut
2783 863 3039 920 nimium
3081 863 3433 938 sperando
3473 863 3790 920 differamus

2093 948 2164 1004 de
2194 949 2286 1006 die
2314 949 2374 1006 in
2405 950 2582 1021 diem,
2606 951 2764 1024 quia,
2791 952 2946 1008 sicut
2975 953 3082 1025 qui
3113 953 3468 1026 desperat,
3506 951 3604 1009 sic
3636 957 3690 1008 et
3710 968 3792 1008 ma-

2093 1037 2340 1095 ledictus
2371 1043 2459 1095 est
2487 1039 2588 1112 qui
2618 1039 2678 1096 in
2707 1057 2812 1114 spe
2840 1044 3066 1114 peccat.

2693 1146 2926 1202 CAPUT
2980 1147 3133 1204 XIII.

2091 1232 2166 1288 De
2193 1231 2460 1302 dignitate
2485 1234 2776 1291 sacerdotii
2801 1235 3000 1309 veteris
3028 1235 3228 1309 tegis,
3245 1239 3314 1290 et
3351 1237 3792 1309 praetemptatis:

2444 1313 2495 1360 et
2519 1322 2682 1377 poma
2713 1322 2905 1377 regum
2930 1305 3174 1362 Judz’et
3205 1305 3437 1362 Israel.

2164 1391 2558 1449 Nihilominus
2588 1397 2647 1450 et
2675 1394 3040 1466 perpendant
3059 1393 3230 1466 quia,
3255 1395 3588 1468 quamvis
3610 1395 3792 1452 duode-

2096 1479 2210 1535 cim
2242 1479 2432 1536 tribus
2460 1479 2637 1537 Israel
2669 1480 2914 1538 totidem
2941 1487 3085 1538 tunc
3114 1481 3455 1540 haberent
3485 1484 3790 1558 principes,

2093 1566 2153 1622 in
2187 1568 2401 1638 quibus
2423 1573 2479 1624 et
2501 1569 2825 1638 Nahasson,
2849 1571 2922 1626 de
2951 1571 3110 1627 tribu
3141 1571 3345 1640 Juda,
3387 1572 3505 1628 cui
3543 1591 3668 1630 non
3696 1581 3792 1630 erat

2093 1656 2470 1712 auferendum
2501 1659 2798 1729 sceptrum
2822 1661 2880 1714 et
2908 1658 3028 1715 dux
3047 1659 3124 1715 de
3153 1659 3413 1717 femore
3449 1661 3600 1733 ejus
3631 1679 3788 1735 usque

2095 1743 2167 1798 ad
2201 1743 2414 1815 Regem
2446 1759 2670 1816 regum,
2711 1744 3011 1802 Christum
3049 1747 3217 1818 (Gen.
3241 1765 3432 1818 xux,
3463 1750 3590 1822 10),
3614 1749 3790 1806 nullus

2096 1835 2290 1888 tamen
2322 1831 2579 1901 illorum,
2620 1833 2734 1890 nisi
2766 1833 2930 1891 solus
2959 1835 3217 1908 Moyses,
3266 1839 3699 1912 presumpsit
3739 1857 3791 1895 ει

2093 1919 2518 1976 contribulibus
2549 1921 2672 1976 suis
2702 1922 2973 1978 ordinare
3016 1924 3418 1996 pontificem,
3459 1929 3789 1984 sacerdotes

2094 2013 2151 2064 et
2183 2007 2428 2076 Levitas,
2456 2013 2811 2082 cunctasque
2845 2010 3008 2068 illius
3035 2015 3345 2086 temporis
3383 2015 3720 2073 instituere
3747 2025 3789 2072 et

2092 2097 2398 2169 disponere
2429 2099 2824 2155 caeremonias.
2857 2099 3168 2172 Siquidem
3202 2103 3372 2175 ipse,
3407 2104 3552 2161 vice
3586 2108 3786 2162 summi

2095 2185 2384 2256 pontiﬁcis
2404 2189 2452 2240 et
2487 2185 2722 2242 maximi
2747 2187 3258 2259 primatis,Aaron
3294 2191 3575 2248 fratrem
3605 2210 3786 2254 suum.

2093 2277 2148 2326 et
2181 2271 2330 2328 ﬁlios
2368 2274 2516 2344 ejus,
2550 2274 2842 2331 inferioris
2885 2277 3106 2348 gradus
3153 2280 3567 2354 sacerdotes,
3603 2281 3787 2337 infulis

2094 2361 2554 2417 sacerdotalibus
2593 2363 2806 2432 induit,
2839 2365 3207 2421 consecravit
3236 2370 3306 2422 et
3352 2367 3641 2426 inunxit.
3676 2370 3784 2442 Ipse

2092 2465 2323 2521 quoque
2375 2449 2818 2506 tabernaculum
2875 2455 3204 2525 utrumque
3267 2456 3509 2524 erexit,
3551 2463 3612 2514 et
3667 2476 3784 2514 cum

2090 2537 2364 2592 omnibus
2384 2537 2732 2595 utensilibus
2751 2539 3333 2614 suis,a]taribusque
3357 2549 3427 2600 et
3439 2547 3615 2602 vasis
3634 2548 3784 2602 inun-

2089 2625 2296 2696 gendo,
2320 2629 2376 2681 et
2407 2643 2559 2698 aqua
2589 2644 2722 2682 cum
2753 2627 3006 2703 hyssopo
3037 2633 3440 2704 aspergendo
3476 2634 3782 2705 dedicavit,

2087 2729 2202 2785 qua
2221 2713 2397 2770 etiam
2429 2714 2711 2788 populum
2743 2734 3050 2790 aspersum
3083 2721 3518 2779 sanetificavit
3544 2743 3602 2781 :«
3626 2725 3780 2780 Lecto

2086 2801 2265 2871 enim,
2296 2807 2360 2858 ut
2397 2803 2477 2860 ait
2526 2804 2840 2877 Apostolus
2896 2807 2968 2862 ad
3027 2807 3342 2879 Hebraeos,
3381 2812 3574 2868 omni
3629 2830 3778 2870 man-

2085 2891 2220 2946 dato
2245 2890 2388 2964 legis
2418 2909 2453 2948 a
2482 2893 2677 2966 Moyse
2708 2894 2978 2952 universo
3008 2896 3255 2969 populo,
3289 2901 3631 2974 accipiens
3657 2919 3773 2958 san-

2083 2979 2319 3052 guinem
2347 2979 2664 3036 vitulorum
2704 2985 2763 3038 et
2791 2983 3093 3040 hircorum
3125 3001 3270 3042 cum
3305 3005 3492 3060 aqua
3549 2995 3612 3046 et
3659 2991 3775 3047 lana

2083 3067 2348 3124 coccinea
2377 3071 2434 3124 et
2462 3067 2736 3142 hyssopo,
2770 3069 2968 3142 ipsum
2998 3089 3240 3145 quoque
3280 3073 3543 3134 librum
3576 3083 3638 3135 et
3666 3096 3772 3135 om-

2085 3173 2217 3211 nem
2258 3156 2538 3230 populum
2569 3159 2840 3230 aspersit,
2872 3160 3118 3217 dicens:
3153 3161 3264 3218 Hic
3299 3167 3590 3239 sanguis
3621 3173 3773 3225 testa-

2089 3245 2269 3300 menti
2300 3245 2453 3316 quod
2485 3246 2784 3303 mandavit
2811 3247 2886 3302 ad
2911 3265 3012 3304 vos
3043 3249 3226 3306 Deus.
3251 3251 3472 3310 Etiam
3510 3257 3774 3314 taberna-

2088 3332 2284 3388 culum
2317 3337 2372 3389 et
2401 3333 2599 3390 omnia
2627 3351 2766 3391 vasa
2796 3335 3112 3393 ministerii
3143 3340 3466 3412 sanguine
3514 3345 3777 3401 similiter

2089 3421 2338 3494 aspersit
2371 3439 2384 3477 :
2420 3423 2486 3477 Et
2515 3423 2713 3478 omnia
2741 3440 2889 3496 pene
2933 3424 2994 3480 in
3037 3427 3342 3500 sanguine
3373 3433 3780 3502 mundantur,

2087 3509 2408 3564 secundum
2443 3509 2650 3582 legem,
2682 3515 2740 3568 et
2766 3513 2894 3568 sine
2925 3513 3240 3587 sanguinis
3274 3516 3546 3578 fusione
3580 3540 3700 3580 non
3731 3523 3782 3576 ﬁt

2090 3597 2357 3654 remissio
2415 3599 2614 3668 (Hebr.
2674 3617 2750 3672 1x,
2813 3601 3026 3674 49-22).
3079 3602 3187 3660 Hic
3247 3605 3490 3666 deinde
3557 3618 3780 3668 mortuo

2086 3687 2272 3741 Aaron
2306 3686 2479 3742 fratre
2524 3704 2652 3757 suo,
2686 3687 2874 3744 ﬁlium
2923 3691 3056 3762 ejus
3104 3691 3481 3753 Eleazarum
3517 3700 3779 3756 vestibus

2086 3774 2269 3861 patris
2299 3774 2490 3830 induit
2533 3776 2592 3831 in
2639 3781 2854 3845 monte,
2889 3783 2954 3834 ut
2995 3781 3361 3851 pontificatu
3421 3785 3781 3861 fungeretur

2087 3859 2244 3916 illius
2273 3861 2395 3916 vice
2419 3864 2602 3930 (Nam.
2633 3879 2728 3932 xx,
2761 3866 3030 3938 27-29).»
3066 3867 3366 3942 Nunquid
3401 3859 3654 3933 θ.ιίοᾶδί
3705 3895 3776 3934 rc-

2087 3948 2306 4019 pcritur
2351 3949 2642 4023 principes
2697 3955 2800 4008 aut
2854 3953 3105 4026 populos
3163 3957 3442 4018 aliarum
3509 3967 3776 4024 tribuum

2087 4037 2446 4109 designasse,
2479 4044 2579 4094 aut
2621 4039 2947 4098 instituisse
2997 4044 3343 4117 pontifices,
3379 4066 3459 4107 ac
3519 4054 3777 4128 reliquos

2087 4124 2387 4181 ministros
2405 4127 2766 4184 tabernaculi
2787 4128 2874 4185 vel
2893 4130 3184 4203 templum
3203 4133 3492 4211 Domini,
3509 4157 3629 4200 seu
3653 4124 3779 4217 pre-

2089 4213 2412 4305 sumpsisse
2442 4214 2768 4305 quidquam
2816 4217 2991 4274 sortis
3021 4235 3089 4276 ac
3109 4221 3276 4292 juris
3329 4241 3573 4286 eorum
3592 4232 3626 4287 ?
3654 4213 3778 4305 Ipsi

2087 4301 2262 4369 enim,
2295 4318 2398 4374 per
2427 4319 2489 4359 se
2517 4307 2574 4359 et
2602 4304 2756 4361 inter
2783 4322 2868 4372 se,
2901 4323 3042 4362 suas
3079 4309 3522 4374 ordinationes
3559 4326 3624 4376 et
3653 4301 3779 4376 can-

2089 4405 2206 4457 sas,
2239 4394 2411 4461 prout
2439 4391 2522 4448 eis
2566 4391 2892 4460 videbatur,
2939 4397 3224 4468 agebant;
3279 4405 3344 4456 et
3399 4407 3546 4462 tota
3599 4409 3777 4465 tribus

2090 4477 2340 4569 Levitica
2359 4479 2486 4569 suis
2505 4483 2733 4569 tantum
2756 4483 3134 4555 pontiﬁcibus
3158 4486 3574 4560 disponenda
3597 4499 3780 4569 subja‘

2088 4565 2272 4633 cebat,
2304 4566 2533 4624 nemine
2561 4568 2896 4642 principum
2927 4577 3031 4628 aut
3059 4572 3256 4646 plebis
3287 4565 3777 4652 contradicente,

2088 4654 2188 4710 sed
2219 4654 2416 4726 potius
2445 4657 2670 4713 cunctis
2713 4659 2784 4714 ad
2814 4665 3172 4734 praeceptum
3203 4668 3268 4720 et
3299 4673 3550 4728 nutum
3583 4690 3777 4731 eorum

2092 4743 2630 4814 pendentibus,tam
2651 4762 2720 4802 ex
2758 4747 3157 4807 oblationibus
3179 4767 3377 4824 quam
3399 4774 3483 4815 ex
3507 4762 3778 4820 observa-

2088 4830 2345 4888 tionibus
2373 4832 2636 4905 reliquis.
2661 4837 2818 4902 Quos
2857 4837 3201 4912 quicunque
3243 4859 3375 4900 non
3407 4850 3686 4918 audiret,
3718 4851 3778 4906 de

2089 4919 2278 4976 medio
2309 4920 2505 4992 populi
2539 4921 2632 4978 sui
2659 4923 2944 4982 interiret.
2975 4928 3046 4982 Et
3069 4927 3183 4985 hoe
3212 4929 3590 5004 legitimum
3625 4939 3774 4996 Levi-

2091 5007 2216 5064 ticze
2246 5008 2424 5065 tribui
2448 5026 2482 5065 a
2502 5012 2724 5067 caeteris
2748 5012 3166 5073 inviolabiliter
3182 5026 3441 5080 constat
3474 5028 3774 5085 redditum

2090 5112 2278 5168 usque
2303 5097 2374 5152 ad
2403 5098 2725 5170 pessimum
2753 5118 2957 5175 regum
2977 5104 3453 5183 Jeroboam,qui
3480 5131 3604 5173 suo
3635 5117 3774 5174 schi-

2091 5189 2278 5240 smate
2309 5201 2552 5277 regnum
2572 5191 2638 5277 et
2667 5191 3062 5277 sacerdotium
3093 5193 3433 5266 bipertitus
3466 5209 3592 5277 est,
3617 5204 3773 5261 insti-

2089 5276 2263 5366 tuens
2284 5272 2398 5329 alia
2417 5271 2624 5366 altaria
2643 5275 2907 5366 aliosque
2928 5281 3266 5340 sacerdotes
3291 5271 3770 5366 idolis,quorum

2093 5361 2293 5433 utique
2322 5363 2649 5421 sacerdotes
2679 5365 2917 5438 ﬁebant,
2953 5385 3070 5426 non
3115 5370 3410 5442 Mosaice,
3449 5361 3569 5438 sed
3601 5381 3773 5438 Simo-

2093 5449 2446 5540 niace.‘Nam
2477 5451 2909 5526 quicunque,ut
2928 5455 3180 5515 historia
3208 5463 3514 5540 testatur,
3533 5469 3772 5530 volebat.

2091 5536 2374 5611 implebat
2395 5555 2638 5629 manum
2657 5549 2914 5615 suam,et
2933 5545 3114 5604 ﬁebat
3131 5550 3430 5611 sacerdos
3446 5536 3672 5615 eorum
3693 5553 3773 5629 qui

2093 5642 2210 5685 non
2230 5630 2368 5686 sunt
2401 5628 2502 5688 dii.
2527 5628 2703 5694 Porro
2731 5635 2766 5694 J
2772 5633 2917 5696 udas
2945 5640 3004 5696 et
3031 5635 3379 5716 Beniamin,
3405 5659 3566 5707 cum
3597 5646 3772 5726 alian
