3922 6448
222 490 336 554 249

1498 494 1920 558 EXPOSITIO
1967 495 2476 562 PSALMORUM.

3550 505 3670 571 250

233 640 461 701 semper
505 622 870 702 apponitur.
894 623 1195 703 Signiﬁcat
1240 622 1395 683 enim
1418 640 1623 684 rerum
1655 632 1828 701 caput
1856 633 1912 686 et
1939 627 1995 697 Α
2025 628 2097 687 de
2126 646 2239 704 quo
2270 636 2332 689 et
2358 629 2498 690 alibi
2526 630 2759 707 legitur,
2786 630 3009 709 pupillo
3040 638 3096 691 et
3124 633 3401 693 viduata
3429 637 3543 695 eris
3572 640 3669 696 ad-

246 715 517 774 aternale
548 717 955 791 paincipium,
979 717 1132 774 sicut
1152 716 1282 790 ipse
1306 712 1452 772 dixit
1476 716 1539 772 in
1568 712 1874 791 Evangelia
1900 735 1914 773 :

246 807 393 879 Ergo
450 804 827 878 principium
875 807 1223 876 (loan.vui).
1267 804 1314 860 li
1366 804 1659 868 Psalmus,
1710 822 1917 879 opera;

242 893 533 951 canticum
568 890 1047 967 intelligentiam
1096 892 1310 949 mentis
1356 892 1668 965 significat.
1691 897 1731 948 C
1761 894 1919 950 Psal-

239 994 368 1035 mus
400 980 606 1035 autem
640 979 869 1036 cantici
902 984 991 1035 est
1014 983 1103 1049 (ut
1122 980 1250 1050 jam
1278 979 1499 1034 dictum
1532 985 1665 1052 est),
1688 983 1787 1055 qui
1820 981 1923 1036 hu-

251 1073 426 1123 mana
452 1070 693 1122 tantum
726 1065 883 1123 solet
910 1083 1047 1123 voce
1077 1067 1323 1122 cantari.

286 1157 309 1211 1
386 1154 668 1227 assurgat
696 1159 845 1212 Deus
874 1163 926 1212 et
953 1156 1287 1228 dissipentur
1320 1155 1543 1210 inimici
1570 1156 1686 1228 ejus
1716 1176 1734 1213 :

386 1245 454 1300 Et
477 1245 709 1315 fugiant
737 1245 840 1316 qui
869 1243 1103 1299 oderunt
1130 1259 1256 1299 eum
1288 1259 1321 1297 a
1349 1244 1493 1314 facie
1520 1244 1658 1315 ejus.

324 1333 370 1387 Α
400 1331 557 1388 Petit
584 1331 885 1405 Propheta
924 1330 1407 1387 resurrectionem
1449 1330 1684 1396 Christi,
1718 1332 1776 1387 in
1808 1348 1925 1404 qua

244 1420 687 1493 dissiparentur
733 1419 1080 1486 adversarii,
1136 1418 1354 1475 scilicet
1399 1419 1607 1475 Judaei.
1649 1420 1926 1494 Sequitur

233 1508 673 1565 inaestimabilis
704 1522 886 1581 pmna
923 1507 1372 1578 maledictionis,
1411 1511 1478 1562 ut
1517 1508 1589 1563 ab
1620 1510 1749 1579 ejus
1777 1511 1924 1565 facie

234 1596 487 1671 fugiant,
512 1597 690 1668 cujus
721 1597 950 1669 ubique
968 1600 1200 1653 constat
1219 1612 1349 1653 esse
1382 1591 1925 1667 pcenitentiamﬂui

231 1685 490 1742 oderunt
515 1701 680 1753 eum,
712 1701 818 1742 eos
872 1684 1169 1757 significat
1197 1684 1297 1757 qui
1347 1683 1409 1739 in
1463 1701 1572 1740 sua
1607 1684 1928 1758 pertinacia

251 1774 673 1831 constiterant.

287 1865 326 1918 2
396 1863 559 1918 Sicut
588 1861 775 1931 deﬁcit
798 1863 994 1933 fumus
1024 1861 1280 1933 deﬁciant
1307 1879 1328 1917 :

382 1949 544 2006 Sicut
567 1950 702 2022 ﬂuit
730 1966 860 2006 cera
899 1967 933 2005 a
955 1951 1099 2023 facie
1127 1952 1276 2021 ignis
1301 1952 1381 2005 sic
1403 1959 1634 2022 pereant
1672 1959 1917 2023 peccato-

396 2055 487 2095 res
514 2038 729 2110 a~faeie
756 2039 884 2095 Dei.

307 2129 349 2183 C
370 2116 610 2183 Fumus
638 2130 734 2183 est
763 2143 835 2182 ex
865 2126 1105 2183 ﬂamma
1144 2142 1395 2200 surgens
1439 2126 1801 2200 corruptibili
1834 2133 1918 2185 te-

254 2217 516 2272 nebrosa
543 2214 947 2288 conglobatio,
986 2232 1112 2287 qua:
1145 2219 1436 2287 quantum
1468 2215 1603 2289 plus
1631 2216 1924 2273 extollitur

228 2308 469 2360 tantum
489 2303 795 2376 perinane
830 2302 1240 2359 tenuaturzsic
1262 2308 1593 2375 peccatores
1616 2305 1921 2377 producun

230 2391 554 2449 fumiferas
574 2391 868 2457 actiones,
886 2406 1014 2463 qua:
1044 2390 1179 2447 licet
1200 2392 1275 2447 ad
1298 2390 1504 2447 altiora
1518 2394 1804 2464 superbia
1822 2394 1922 2449 'fa-

232 2482 435 2539 ciente
458 2482 856 2552 consurgant,
879 2495 1115 2536 necesse
1136 2484 1225 2535 est
1246 2482 1313 2534 ut
1341 2480 1401 2534 in
1428 2496 1537 2535 sua
1565 2480 1812 2538 elatione
1829 2482 1925 2538 de-

235 2568 464 2627 ficiant.
487 2569 591 2624 Sic
628 2569 812 2624 etiam
846 2568 907 2623 in
930 2567 1155 2639 judicio
1186 2567 1507 2640 depereunt
1536 2573 1864 2641 peccatores
1892 2587 1927 2626 a

234 2658 386 2715 facie
425 2658 584 2729 ejus,
613 2656 1121 2730 quemadmodum
1146 2672 1278 2711 cera
1302 2673 1337 2711 a
1362 2655 1508 2711 facie
1536 2656 1691 2729 ignis
1718 2673 1928 2715 censu-

244 2747 456 2803 mitur.
480 2745 620 2802 Non
654 2745 799 2800 dicit
839 2749 1034 2800 autem
1065 2760 1166 2801 eos
1194 2744 1662 2816 consumiposse
1693 2746 1928 2818 penitus

237 2835 345 2907 qui
387 2839 683 2907 perpetuo
722 2832 867 2905 igne
913 2832 1219 2905 torquendi
1270 2836 1427 2897 sunt,
1454 2833 1555 2888 sed
1588 2850 1622 2887 a
1651 2832 1795 2888 facie
1826 2833 1928 2890 Dei

240 2922 571 2979 tollendos.
596 2921 643 2977 li
667 2922 813 2977 Cera
836 2920 1016 2988 enim,
1038 2914 1174 2976 licet
1204 2921 1279 2976 ab
1308 2920 1440 2992 igne
1463 2920 1739 2987 solvatur,
1763 2925 1930 2977 natu-

240 3025 376 3068 ram
413 3027 537 3067 non
570 3007 787 3083 perdit,
800 3008 897 3064 ita
925 3013 1257 3081 peccatores
1287 3007 1631 3064 mollescant
1652 3026 1685 3064 a
1710 3010 1929 3082 peccati

236 3098 471 3155 duritia
499 3103 562 3155 et
586 3098 923 3169 panitentia
960 3097 1166 3164 ﬂuant,
1193 3101 1262 3152 ut
1291 3094 1608 3152 salvantur.

271 3188 309 3244 3
385 3188 459 3243 Et
491 3186 642 3259 justi
669 3187 967 3258 epulentur
993 3189 1046 3240 et
1067 3186 1343 3241 exsultent
1371 3186 1750 3257 in'conspectu
1784 3188 1890 3243 Dei
1909 3225 1929 3263 ε

389 3275 459 3331 Et
489 3274 839 3331 delectentur
865 3275 927 3329 in
955 3275 1178 3331 laetitia.

2018 722 2186 793 jutor
2215 722 2386 791 (Psal.
2419 726 2519 790 lx).

2062 810 2098 863 6
2167 813 2313 865 Deus
2342 812 2403 865 in
2434 812 2545 866 loco
2564 820 2759 867 saneto
2787 828 2903 867 suo.

2166 898 2650 954 Deus'inhabitare
2676 902 2811 971 facit
2840 901 3004 957 unius
3026 903 3199 957 moris
3228 903 3287 956 in
3315 901 3492 959 domo.

2099 988 2139 1038 C
2168 985 2318 1041 Deus
2349 985 2407 1041 in
2441 986 2566 1041 loco
2610 992 2810 1043 sancto
2859 1004 2987 1055 suo,
3039 989 3509 1047 subaudiendum
3559 997 3666 1059 est,

2030 1070 2131 1142 qui
2158 1068 2586 1129 immutabilem
2620 1078 2809 1131 servat
2826 1076 3201 1145 sententiam,
3224 1081 3291 1132 ut
3320 1082 3557 1135 sanctus
3578 1080 3670 1135 fir-

2032 1160 2441 1228 mus‘dicatur,
2467 1161 2565 1233 qui
2610 1167 2796 1217 mutat
2828 1167 3110 1236 tempora,
3143 1181 3258 1221 non
3302 1170 3493 1222 mutat
3530 1184 3668 1226 con-

2032 1244 2181 1302 silia.
2207 1247 2251 1303 H
2282 1246 2383 1304 Vel
2418 1253 2565 1305 Deus
2602 1249 2661 1305 in
2708 1249 2833 1306 loco
2862 1255 3065 1307 sancto
3094 1268 3220 1318 suo,
3251 1252 3308 1309 id
3338 1259 3430 1309 est
3474 1257 3670 1312 anima

2033 1334 2207 1405 fideli,
2230 1336 2565 1409 ubicunque
2594 1338 2751 1393 enim
2800 1338 3083 1395 sanctitas
3111 1343 3218 1405 est,
3240 1339 3321 1397 ibi
3367 1342 3669 1400 habitacu-

2031 1421 2155 1477 lum
2188 1423 2284 1479 Dei
2330 1428 2438 1480 est.
2462 1423 2567 1489 Qui
2617 1424 2946 1482 inhabitare
3003 1427 3143 1482 facit
3195 1428 3256 1483 in
3299 1429 3573 1497 Ecclesia,
3608 1432 3669 1487 in

2034 1526 2150 1583 qua
2178 1510 2424 1567 ﬁdeliter
2449 1511 2925 1581 consistentibus,
2951 1512 3220 1586 spiritum
3251 1514 3555 1573 charitatis‘
3586 1519 3674 1575 in-

2033 1598 2245 1667 fundit,
2276 1599 2376 1672 qui
2417 1600 2594 1657 unius
2640 1600 2821 1656 moris
2879 1605 3036 1667 sunt,
3068 1605 3125 1657 et
3179 1619 3296 1659 non
3347 1608 3669 1675 mutantur,

2035 1686 2335 1759 Siquidem
2358 1688 2562 1759 justus
2584 1705 2699 1744 non
2726 1692 3008 1750 mutatur.
3031 1689 3170 1761 quia
3190 1690 3368 1747 semel
3390 1693 3675 1764 judicavit

2033 1773 2093 1829 in
2118 1774 2353 1846 justitia
2376 1792 2484 1831 sua
2507 1778 2866 1847 permanere.
2890 1776 2954 1832 In
2974 1776 3212 1833 Hebrazo
3235 1792 3368 1833 vero
3385 1778 3670 1837 habetur:

2037 1862 2321 1918 Dominus
2351 1861 2676 1918 inhabitare
2717 1862 2857 1918 facit
2898 1863 3215 1920 monachos
3246 1865 3323 1937 (id
3354 1870 3447 1923 est
3474 1868 3673 1924 solita-

2037 1950 2175 2016 rios,
2208 1950 2330 2022 qui,
2362 1949 2584 2006 scilicet
2611 1950 2740 2015 soli,
2772 1951 3061 2023 segregati
3089 1957 3230 2009 sunt
3256 1970 3292 2009 a
3318 1954 3497 2022 vitiis,
3527 1961 3586 2012 et
3604 1954 3673 2013 ‘in

2029 2037 2247 2110 quibus
2277 2053 2391 2094 non
2428 2037 2656 2094 habitat
2695 2041 3018 2111 peccatum)
3050 2040 3109 2095 in
3140 2042 3334 2097 domo.
3364 2042 3673 2101 Solitarius

2028 2125 2185 2181 enim
2238 2126 2536 2182 monachus
2591 2127 3025 2199 interpretatur,
3056 2132 3124 2184 ut
3178 2129 3256 2185 sit
3311 2129 3473 2187 solus
3512 2136 3569 2188 et
3600 2133 3673 2189 ab

2030 2214 2188 2269 omni
2220 2218 2453 2287 peccato
2484 2214 2727 2271 divisus.

2054 2303 2100 2356 7
2168 2309 2223 2368 -ξ-
2260 2303 2367 2371 Qui
2406 2308 2422 2369 ς
2462 2303 2645 2358 educit
2670 2304 2876 2358 vinctos
2902 2305 2964 2359 in
2989 2305 3318 2375 fortitudine
3348 2324 3366 2361 :

2172 2390 2441 2447 Similiter
2465 2406 2551 2447 eos
2579 2392 2676 2464 qui
2718 2396 3050 2464 exasperant
3077 2395 3176 2464 qui
3200 2394 3448 2451 habitant
3494 2397 3557 2452 in
3598 2412 3680 2453 se-

2244 2480 2472 2550 pulcris.
3110 2534 3120 2543 ,

2105 2565 2146 2621 C
2172 2566 2383 2622 Eduxit
2424 2566 2668 2633 vinctos,
2711 2566 2850 2639 quia
2901 2566 3134 2643 alligato
3183 2569 3412 2626 diabolo
3456 2571 3679 2629 vinctos

2035 2655 2109 2709 ab
2161 2654 2390 2711 inferno
2444 2653 2729 2722 liberavit,
2753 2658 2811 2710 et
2872 2656 2943 2711 ad
2997 2655 3213 2729 gaudia
3263 2659 3460 2714 aeterni
3518 2662 3680 2733 regni

2036 2742 2295 2799 elevavit.
2340 2741 2626 2799 Similiter
2675 2759 2774 2799 eos
2827 2744 2927 2815 qui
2988 2751 3349 2818 exasperant,
3382 2747 3439 2803 id
3484 2753 3575 2803 est
3621 2749 3680 2804 in

2038 2831 2183 2887 iram
2227 2835 2543 2904 provocant
2588 2831 2899 2887 Dominum
2960 2831 3345 2906 blasphemia.
3379 2835 3494 2909 Ipsi
3540 2841 3683 2893 sunt

2037 2920 2137 2992 qui
2168 2919 2437 2975 habitant
2459 2916 2540 2974 lin
2590 2918 2894 2990 sepulcris.
2927 2919 2988 2975 id
3018 2924 3109 2976 est
3145 2921 3247 2994 qui
3296 2921 3356 2978 in
3406 2924 3584 2982 fetida
3618 2929 3684 2981 et

2037 3006 2255 3063 carnali
2285 3006 2509 3061 actione
2532 3005 2743 3077 sepulti
2768 3009 2925 3063 sunt.
2948 3006 2995 3062 Η
3022 3007 3119 3063 Vel
3140 3008 3453 3067 vincteslin
3484 3028 3684 3084 pecca-

2036 3092 2113 3150 tis
2144 3095 2353 3167 ligatos
2384 3093 2600 3165 accipe.

2042 3196 2047 3199 ‘
2069 3184 2104 3238 8
2170 3184 2337 3247 Deus,
2358 3197 2483 3237 cum
2507 3181 2801 3249 egredieris
2826 3184 2891 3238 in
2918 3193 3201 3256 conspectu
3224 3189 3419 3259 populi
3444 3189 3533 3245 tui
3556 3207 3574 3244 :

2156 3271 2314 3326 ‘Cum
2337 3271 2727 3342 pertransieris
2758 3272 2814 3324 in
2838 3271 3070 3328 deserto.
3101 3275 3205 3329 Dia
3214 3276 3444 3346 psalmo.

308 3364 357 3419 11
392 3362 730 3436 Epulentur
754 3360 905 3434 justi
932 3361 1032 3432 qui
1067 3365 1415 3434 permanent
1444 3361 1503 3417 in
1540 3378 1649 3418 sua
1670 3362 1926 3443 justitia,
1957 3334 2002 3409 Β
2111 3361 2153 3415 C
2182 3334 2488 3431 Egreditur
2529 3359 2687 3413 enim
2734 3374 2929 3415 coram
2978 3334 3468 3434 populo,'quando
3510 3380 3683 3422 resu-

238 3457 299 3509 et
329 3451 439 3525 qui
469 3452 621 3508 vitia
647 3467 770 3507 non
802 3449 1043 3505 habent.
1071 3451 1172 3505 Del
1186 3458 1430 3505 ectentur
1458 3451 1519 3505 in
1546 3452 1792 3507 Domino.
1826 3451 1933 3507 Ex-

2034 3447 2329 3503 scitantnr
2374 3446 2475 3518 qui
2519 3447 2580 3501 in
2628 3446 2914 3518 sepulcris
2962 3447 3245 3505 habitant.
3277 3451 3475 3525 Ipsum
3518 3454 3681 3509 enim

239 3541 483 3596 sultent
510 3539 573 3594 in
605 3542 929 3611 conspectu
952 3537 1073 3593 Dei.
1097 3538 1140 3593 Ο
1163 3537 1237 3593 Ut
1265 3538 1434 3593 illum
1462 3554 1638 3609 quem
1668 3538 1763 3595 hic
1771 3539 1937 3611 jnste
2036 3540 2349 3592 contuetur
2377 3532 2588 3600 fidelis,
2618 3536 2853 3607 quando
2896 3535 2957 3591 in
2987 3537 3263 3609 operibus
3294 3541 3526 3613 magnis
3552 3543 3682 3613 ejus

234 3631 549 3692 metuunt,
582 3626 779 3700 ipsius
810 3636 1055 3682 munere
1088 3622 1345 3691 liberari,
1369 3620 1480 3680 sub
1516 3626 1643 3697 ejus
1673 3628 1935 3700 potentia
2036 3625 2314 3698 pietatem
2372 3623 2688 3695 cognoscit.
2735 3623 3164 3698 Transgressus
3226 3632 3318 3684 est
3368 3629 3430 3684 in
3487 3630 3683 3687 deser-

239 3706 582 3790 gaudeant;
600 3716 667 3772 In
692 3711 920 3780 laetitia,
938 3712 1077 3785 quia
1096 3713 1239 3768 dum
1261 3712 1524 3769 lmtitiam
1548 3728 1716 3770 suam
1739 3716 1936 3771 sciunt
2038 3718 2189 3781 tum,
2222 3712 2457 3785 quando
2482 3712 2555 3767 ad
2598 3714 2800 3785 gentes
2840 3714 3017 3782 venit,
3051 3728 3200 3787 qua,
3230 3715 3389 3773 velut
3427 3733 3680 3786 oremus,

236 3804 411 3861 nullo
445 3803 565 3860 fine
595 3801 1018 3867 claudendum,
1043 3800 1286 3857 suavius
1316 3805 1378 3857 in
1409 3817 1475 3857 ea
1506 3800 1888 3859 delectantur.

244 3892 325 3950 ⁸4·
345 3880 1059 3962 σαηιαισίῡσονρςὰιιητιπι
1087 3888 1255 3945 dicite
1283 3890 1502 3945 nomini
1528 3889 1646 3960 ejus
1676 3907 1695 3943 :

379 3982 501 4037 Iter
527 3979 705 4050 facite
739 3979 794 4033 ei
824 3978 926 4050 qui
954 3976 1201 4033 ascendit
1227 3993 1393 4049 super
1422 3993 1671 4033 occasum
1698 3996 1717 4032 :
1749 3979 1930 4035 Domi-

468 4083 580 4122 nus
610 4081 816 4123 nomen
845 4065 958 4120 illi.

307 4159 355 4215 ϐ
382 4155 603 4213 Cautat
620 4153 783 4212 enim
805 4150 1076 4221 Domino,
1099 4151 1202 4224 qui
1219 4157 1349 4224 ejus
1369 4151 1918 4225 contemplationem

234 4261 391 4319 puro
414 4250 663 4317 semper
680 4246 741 4299 et
765 4240 926 4298 iideli
948 4240 1148 4297 animo
1170 4244 1500 4296 contuetur.
1522 4240 1824 4297 Psalmum
1848 4242 1932 4297 di-

235 4330 341 4400 cit,
375 4334 480 4406 qui
513 4345 696 4404 opera
726 4326 868 4387 facit
898 4346 1026 4402 qua:
1056 4328 1163 4386 ille
1176 4328 1477 4401 praecepit.
1505 4328 1618 4384 Iter
1649 4329 1818 4386 facite
1851 4331 1926 4410 ei,

236 4421 297 4477 id
331 4424 429 4477 est
458 4418 644 4475 corda
671 4421 872 4474 vestra
902 4414 1211 4489 puriﬁcata
1229 4416 1552 4488 praeparate
1568 4432 1702 4488 quas
1729 4417 1929 4491 digne-

234 4514 337 4565 tur
371 4510 532 4564 Deus
562 4506 835 4571 introire,
860 4505 962 4577 qui
1012 4500 1278 4562 ascendit
1318 4519 1498 4575 super
1543 4516 1841 4562 occasum.
1874 4505 1921 4562 Η

233 4597 485 4654 Scilicet
512 4595 752 4662 mortis,
778 4598 838 4650 et
864 4592 1050 4649 victor
1089 4592 1369 4649 remeavit
1398 4607 1465 4647 ex
1496 4592 1742 4650 inferno.
1764 4594 1808 4650 Ο
1833 4594 1926 4649 Di-

2032 3796 2311 3858 iiesolatas
2342 3818 2376 3856 a
2402 3801 2576 3856 verbo
2625 3800 2727 3856 Dei
2752 3801 3169 3860 reddebantur
3206 3803 3427 3873 alienae,
3454 3811 3517 3863 et
3543 3812 3683 3865 mne

2032 3888 2454 3964 (supplendum
2500 3890 2612 3960 est)
2649 3890 2886 3962 quando
2935 3890 3056 3947 haec
3103 3892 3328 3962 feceris,
3371 3910 3682 3967 cognosce-

2039 3995 2143 4035 1⁵18.

2073 4066 2110 4121 9
2185 4067 2347 4122 Terra
2372 4074 2520 4122 mota
2546 4073 2625 4121 est
2653 4073 2745 4131 εαξ-
2779 4067 2981 4122 etenim
3022 4072 3036 4131 ζ
3070 4070 3193 4124 cati
3214 4068 3624 4130 'distillaverunt
3647 4090 3684 4129 α

2248 4155 2392 4225 facie
2418 4153 2519 4207 Dei
2542 4151 2703 4208 Sinni
2732 4172 2749 4207 ε

2177 4242 2218 4298 Α
2247 4243 2392 4314 facie
2421 4242 2523 4296 Dei
2550 4241 2739 4296 Israel.

2107 4330 2150 4387 Ο
2169 4332 2347 4387 Terra
2367 4332 2525 4384 mota
2547 4332 2655 4393 est,
2676 4328 2734 4384 id
2767 4332 2858 4384 est
2886 4330 3099 4385 terreni
3130 4330 3400 4390 homines
3430 4332 3680 4393 videndo

2038 4425 2157 4477 tam
2189 4434 2405 4491 magna
2443 4416 2727 4472 miracula
2770 4416 3161 4474 crediderunt.
3183 4419 3319 4476 Coeli
3356 4421 3678 4480 distillave-

2036 4512 2193 4566 runt.
2215 4506 2262 4562 Η
2283 4505 2515 4562 Scilicet
2535 4520 2771 4560 manna.
2793 4504 2975 4573 Sinai,
2996 4505 3415 4579 interpretatur
3431 4515 3675 4570 mutatio.

2033 4597 2076 4654 Ο
2108 4598 2216 4669 Qui
2256 4596 2516 4668 firmavit,
2548 4593 2767 4665 quando
2792 4595 2873 4649 ibi
2901 4594 3098 4667 Moyses
3132 4597 3193 4651 in
3220 4596 3455 4655 duabus'
3478 4602 3679 4657 tabulis

236 4684 357 4742 cit:
383 4683 682 4742 Dominus
702 4697 924 4738 nomen
947 4679 1054 4748 illi,
1078 4684 1148 4736 ut
1177 4680 1697 4761 nemo-dubitaret,
1720 4681 1915 4737 Domi-
1947 4699 1997 4765 ι)
2025 4692 2196 4760 legem
2222 4686 2446 4756 accepit.
2478 4682 2527 4739 H
2548 4682 2615 4738 Et
2653 4682 2749 4738 ille
2782 4684 2885 4754 qui
2923 4691 3053 4739 tunc
3096 4684 3389 4741 Iudaicum
3412 4689 3679 4761 populum

236 4788 401 4831 num
421 4786 557 4828 esse
574 4768 944 4827 Salvatorem
968 4773 1025 4824 et
1044 4767 1253 4834 Deum,
1266 4782 1444 4839 quem
1466 4754 1657 4823 Judaei
1676 4773 1745 4825 ut
1763 4782 1918 4826 com-

239 4874 497 4919 munem
528 4858 837 4916 hominem
867 4855 1252 4914 occidendum
1286 4857 1591 4929 putabant.

2016 4775 2297 4849 praecessit
2323 4775 2385 4828 in
2421 4771 2644 4839 deserto,
2678 4769 2836 4827 hodie
2875 4772 2939 4826 in
2978 4771 3285 4842 Evangelia
3303 4774 3517 4831 deserta
3543 4790 3677 4846 gen-

2032 4864 2173 4919 tium
2198 4861 2466 4926 uisitauit,
2495 4865 2548 4915 et
2574 4860 2672 4931 qui
2707 4864 2836 4915 tunc
2872 4875 3101 4929 manna,
3128 4861 3233 4917 ille
3254 4862 3414 4919 hodie
3439 4867 3678 4937 corporis

246 4951 308 5007 ‘6
488 4948 559 5004 Et
588 4954 609 5013 ς
649 4946 926 5003 exsatiate
970 4947 1032 5001 in
1058 4950 1341 5020 contpectu
1365 4946 1593 5017 ἠως-Ξ-
1628 4944 1925 5002 turbabun—
2030 4950 2419 5023 Sanguinisq-ue
2445 4952 2654 5003 manna
2683 4946 2850 5003 dedit.

464 5033 953 5107 turafaeieejus
989 5036 1062 5100 1':

384 5124 577 5184 Patris
605 5122 989 5195 orphanorum
1018 5126 1070 5177 et
1082 5119 1295 5193 judicia
1321 5119 1636 5175 viduarum.

304 5215 351 5273 C
382 5211 701 5270 Exsultare
731 5225 855 5267 non
893 5209 967 5266 in
1009 5208 1190 5281 hujus
1220 5207 1418 5264 saeculi
1449 5206 1670 5264 caduca
1700 5207 1920 5278 laetitia,

236 5303 338 5361 sed
369 5303 799 5374 in’conspectu
831 5298 984 5368 ejus,
1016 5297 1115 5352 ubi
1157 5302 1249 5353 est
1284 5295 1508 5369 jugiter
1534 5311 1670 5381 vera
1698 5296 1919 5355 latitia.

243 5390 495 5451 Turbati
528 5388 833 5449 autemet
871 5384 1122 5441 nimium
1148 5384 1558 5456 formidantes,
1580 5400 1615 5441 a
1644 5385 1789 5441 facie
1819 5385 1921 5443 Dei

240 5480 621 5557 expelluntur
634 5476 767 5552 (qui
790 5473 1089 5547 orphanos
1109 5477 1167 5531 et
1182 5472 1415 5539 viduas,
1434 5480 1585 5530 sauia
1603 5473 1921 5545 cupiditate

236 5569 585 5643 dilacerant)
615 5582 767 5625 cum
812 5563 1148 5619 audierint:
1177 5563 1263 5619 ite
1293 5561 1353 5617 in
1382 5562 1581 5636 ignem
1614 5565 1914 5619 mternum.

236 5659 368 5727 Quis
387 5664 593 5719 autem
628 5656 715 5714 sit
744 5654 888 5718 iste,
911 5668 947 5707 a
972 5653 1142 5726 cujus
1171 5651 1318 5709 facie
1336 5650 1725 5722 expelluntur,
1748 5666 1918 5724 expc-

229 5749 331 5824 nit,
352 5752 411 5811 id
442 5756 549 5809 est
572 5740 1221 5824 patds'orphanorum
1240 5745 1302 5797 et
1334 5738 1571 5811 judicis'
1584 5738 1912 5797 viduarum.

2033 5039 2102 5095 10
2172 5039 2426 5094 Pluviam
2456 5035 3173 5106 voluntariamsegregabis,
3196 5038 3339 5094 Deus
3365 5039 3678 5098 hereditati

2243 5134 2407 5182 tuae:
2442 5128 2573 5189 v-I-et
2612 5130 2628 5188 ζ
2665 5123 3095 5193 inﬁrmataest:

2174 5217 2331 5280 Τεισᾷ
2364 5226 2491 5268 vero
2530 5213 2927 5283 iper/misti+
2959 5220 3191 5281 canit:

2100 5301 2143 5358 C
2172 5300 2416 5374 Exponit
2463 5296 2607 5353 illud
2657 5299 2813 5370 quod
2852 5299 2980 5370 jam
3030 5299 3219 5358 dixit:
3252 5303 3670 5360 cali-distilla-

2026 5395 2253 5448 verunt.
2287 5387 2488 5444 Pluvia
2526 5386 2867 5443 voluntaria
2922 5388 3069 5462 ipsa,
3096 5390 3221 5446 'mn
3264 5407 3514 5460 manna,
3555 5408 3670 5448 non

2025 5479 2142 5536 ista
2182 5490 2308 5552 quas
2355 5474 2702 5548 generaliter
2745 5474 2961 5547 ubique
3007 5477 3373 5534 diti'uuditur.
3396 5480 3559 5544 Quod
3585 5494 3673 5534 se-

2025 5564 2303 5641 gregavit,
2337 5564 2475 5637 quia
2519 5576 2633 5618 non
2683 5563 2794 5618 hoc
2841 5560 2975 5645 aliis
3018 5565 3290 5635 gentibus
3337 5565 3513 5620 dedit.
3542 5563 3665 5618 Haa-

2025 5655 2241 5711 reditas
2280 5652 2469 5726 ipsius
2513 5650 2643 5715 fuit,
2692 5649 3382 5722 populus'Hebreorum,
3413 5664 3543 5719 quas
3590 5648 3661 5703 ad

2022 5747 2256 5817 tempus
2288 5739 2583 5798 infirmata
2627 5741 2735 5805 est,
2769 5736 3016 5794 Domino
3063 5737 3305 5795 minime
3352 5735 3660 5801 credendo,
