3864 6386
116 479 271 538 1161

700 477 1108 542 ADVERSUS
1155 479 1627 541 SIMONIACOS
1672 479 1881 540 LIBRI
1928 479 2148 540 TRES.
2187 514 2263 524 —
2298 479 2526 541 LIBER
2570 482 2933 543 TERTIUS.

3353 483 3509 544 1162

107 615 284 681 parte
304 612 564 668 Leviticzc
585 614 795 679 tribus,
819 613 1319 668 retinueruntsuin
1339 611 1762 684 sortialiquan-
1794 612 1848 677 Α
1878 613 2232 683 protegebat.
2276 612 2359 666 Ob
2390 630 2513 667 eam
2564 630 2685 668 rem
2737 618 2901 669 terra:
2951 617 3176 669 motum
3212 614 3270 668 in
3301 614 3515 686 templo

106 702 218 755 diu
255 701 669 769 sacerdotium,
701 702 969 773 quamvis
1010 701 1386 756 exorbitando
1422 702 1714 756 interdum
1745 718 1758 767 ;

105 792 274 845 unde
299 796 354 845 et
384 790 670 862 templum
692 795 747 844 et
774 790 951 845 altare
984 807 1403 862 nonnunquam
1428 790 1761 861 aliquorum

102 881 486 934 sacerdotum
522 884 577 933 et
610 896 813 950 regum
846 878 1072 933 malitia
1106 880 1467 950 profanahat,
1492 895 1762 933 nonnun-

102 984 296 1039 quam
329 985 740 1023 successorum
771 984 972 1022 eorum
996 969 1221 1023 devotio
1251 968 1537 1038 expiabat.
1566 969 1625 1021 In
1660 984 1765 1021 cu-

93 1057 206 1126 jus
258 1060 421 1129 regni
456 1058 751 1129 primitiva
793 1058 1009 1112 unione
1040 1061 1095 1111 et
1128 1061 1417 1127 postremo
1450 1055 1766 1111 schismate

104 1148 429 1202 concordia
461 1147 882 1202 catholicorum
927 1146 1330 1217 discordiaque
1363 1146 1759 1199 haereticorum

108 1238 608 1307 praefigurabatur
638 1253 813 1307 quam
849 1235 1121 1299 maxime,
1157 1240 1211 1289 et
1234 1235 1494 1305 paucitas
1526 1232 1765 1288 catholi-

106 1342 321 1380 corum
356 1326 412 1379 in
445 1325 662 1380 JtItICDIS
692 1324 1225 1395 Jerosolymitanis,
1282 1323 1585 1395 pluralitas
1633 1338 1764 1376 vero

106 1414 523 1470 lizereticorum
557 1415 614 1468 in
658 1414 935 1469 Israelitis
968 1412 1378 1468 Bethavenitis.

184 1509 253 1557 In
288 1506 504 1575 quibus
528 1504 744 1575 pariter
774 1504 948 1557 etiam
983 1502 1472 1557 considerandum
1507 1504 1595 1555 est
1625 1500 1765 1570 quia

103 1594 209 1662 qui
249 1611 364 1648 non
405 1592 519 1647 nisi
552 1592 763 1647 falsum
819 1591 1209 1647 sacerdotium
1251 1591 1362 1645 sibi
1398 1590 1765 1643 retinuerunt

102 1698 245 1736 cum
280 1683 406 1753 ipsa
438 1681 564 1751 lege
598 1681 851 1735 Mosaica
881 1698 1057 1751 quam
1092 1681 1310 1734 frustra
1349 1679 1638 1749 legebant,
1670 1681 1760 1731 at-

104 1787 224 1840 que
243 1787 375 1824 cum
400 1769 644 1841 psalmis
662 1770 950 1824 Davidicis
969 1786 1115 1840 quos
1129 1768 1432 1823 daemoniis
1450 1771 1506 1822 et
1520 1784 1633 1821 non
1649 1766 1763 1821 Deo

105 1859 524 1923 decantabant,
560 1858 721 1929 prius
748 1857 1182 1912 irrevocabilem
1206 1863 1261 1912 et
1293 1861 1632 1928 perpetuam
1665 1872 1762 1909 ca-

106 1948 441 2020 ptivitatem
474 1948 878 2012 incurrerunt;
917 1946 999 2000 illi
1023 1951 1216 2001 autem
1240 1946 1337 2017 qui
1362 1946 1640 1999 divinitus
1671 1944 1759 1999 in-
1794 1982 1840 2046 Β

108 2038 392 2092 stitutum
412 2036 799 2091 sacerdotium
818 2036 929 2090 sibi
951 2036 1337 2099 retinuerunt,
1361 2034 1493 2089 licet
1509 2034 1764 2090 cadendo

110 2133 167 2183 et
189 2127 569 2196 resurgendo,
588 2143 700 2179 non
723 2125 831 2179 nisi
851 2125 1380 2195 septuagenariam,
1401 2129 1456 2179 et
1478 2124 1627 2178 hanc
1650 2123 1766 2178 lon-

109 2234 183 2288 go
212 2223 345 2288 post
372 2216 501 2270 illos
524 2220 822 2284 tempore;
858 2232 926 2267 ex
955 2230 1070 2283 qua
1091 2218 1371 2283 tanquam
1397 2212 1678 2267 meliorati
1710 2217 1766 2267 et

111 2305 398 2369 renovati,
451 2320 584 2358 cum
627 2303 750 2373 lege
781 2307 837 2357 et
868 2302 1130 2373 psalmis,
1181 2320 1315 2358 eum
1365 2301 1763 2358 sacerdotibus

106 2396 236 2449 suis
285 2400 341 2449 et
387 2393 705 2465 prOphetis,
739 2408 872 2447 cum
913 2392 1058 2463 ipsis
1090 2409 1319 2463 quoque
1352 2394 1532 2449 sacris
1583 2396 1762 2459 vasis,

110 2484 512 2556 plurimisque
546 2482 910 2537 ethnicorum
943 2482 1274 2553 principum
1324 2484 1581 2537 donariis
1626 2488 1765 2539 sunt

108 2573 355 2641 reversi,
391 2570 675 2642 templum
710 2576 763 2626 et
784 2576 1051 2625 sanctam
1078 2570 1368 2626 civitatem
1394 2573 1759 2627 restructuri.

108 2664 177 2717 Et
210 2662 456 2734 quidem
491 2661 629 2726 illis,
658 2666 935 2731 tanquam
971 2661 1134 2714 uxori
1167 2660 1539 2731 pertinaciter
1578 2678 1763 2716 mere-

106 2751 375 2815 tricanti,
405 2750 566 2805 dedit
604 2750 886 2804 Dominus
912 2749 1090 2804 semel
1124 2748 1385 2804 libellum
1419 2751 1662 2821 repudii,
1699 2755 1764 2806 ut

102 2842 232 2912 jam
261 2839 537 2894 libidines
571 2855 707 2893 suas
730 2838 952 2908 expleat
976 2838 1098 2892 sine
1129 2836 1322 2907 aliquo
1343 2842 1607 2908 respectu
1639 2854 1761 2892 ma-

112 2929 307 2985 ritalis
342 2927 443 2983 zeli
472 2947 484 2995 ;
528 2927 657 2983 istis
693 2932 909 2997 autem,
952 2931 1230 2996 tanquam
1265 2925 1401 2980 tiliis
1448 2925 1679 2981 lascivis
1709 2931 1765 2981 et

109 3016 441 3084 dissolutis,
478 3022 540 3071 ut
573 3016 998 3086 resipiscerent,
1046 3020 1287 3085 paterna
1337 3014 1564 3086 flagella
1599 3015 1763 3070 adhi-

112 3109 261 3175 buit,
304 3108 477 3176 juxta
528 3106 681 3177 quod
738 3122 837 3176 per
884 3104 1221 3159 Zachariam
1264 3104 1441 3158 dicit:
1477 3128 1501 3153 ‹‹
1538 3104 1765 3159 Zelatus

113 3214 246 3253 sum
267 3196 405 3251 Sion
431 3194 549 3249 zelo
569 3211 799 3264 magno,
817 3198 873 3247 et
894 3193 1295 3261 indignatione
1310 3210 1521 3263 magna
1544 3192 1765 3247 zelatus

109 3303 245 3341 sum
268 3302 421 3339 eam.
455 3284 581 3338 llaec
612 3283 752 3336 dicit
774 3281 1453 3335 Dominusexercituum.
1482 3282 1763 3337 Reversus

1872 698 1972 753 Dei
1992 704 2252 754 exortum
2272 705 2520 768 constat,
2542 700 2713 769 cujus
2726 702 2903 757 etiam
2920 702 3227 758 Zacharias
3238 702 3519 775 propheta

1872 792 1927 841 et
1956 788 2159 843 titulus
2186 795 2362 843 Amos
2396 791 2683 845 meminit.
2727 791 2862 846 Fuit
2883 808 3021 864 ergo
3044 791 3312 863 leprosus
3335 808 3523 863 usque

1874 877 1942 929 ad
1976 876 2123 931 diem
2158 879 2364 933 mortis
2395 896 2534 945 sum,
2566 884 2620 933 et
2650 879 2930 935 habitavit
2954 881 3014 935 in
3046 882 3223 936 domo
3253 884 3522 953 separata

1878 982 2164 1033 seorsum,
2202 967 2319 1021 {ilio
2351 986 2456 1022 suo
2497 984 2739 1038 regnum
2773 970 3093 1025 obtinente.
3146 971 3270 1033 Quo
3313 969 3515 1042 utique

1875 1053 2100 1124 leproso
2132 1055 2374 1123 vivente,
2409 1061 2463 1110 et
2495 1062 2775 1128 quantum
2808 1058 2867 1112 in
2898 1073 2959 1112 re
2990 1061 3080 1113 est
3121 1058 3519 1118 sacerdotium

1878 1143 2221 1215 dissipante,
2258 1145 2436 1199 Isaias
2466 1146 2743 1200 visionem
2794 1146 2891 1202 Dei
2932 1147 3127 1201 videre
3157 1164 3272 1202 non
3304 1146 3517 1219 potuit.

1878 1234 2147 1297 Quandiu
2197 1233 2291 1288 ille
2341 1251 2583 1305 regnum
2622 1236 2808 1289 tenuit
2860 1235 2919 1290 in
2966 1236 3188 1303 Judzea,
3232 1236 3521 1308 propheta

1880 1321 2081 1376 oculos
2113 1340 2227 1376 non
2259 1322 2466 1377 levavit
2495 1324 2564 1377 ad
2596 1322 2824 1392 ecelum,
2853 1341 2969 1379 non
3009 1325 3059 1379 ei
3092 1328 3229 1380 sunt
3258 1329 3514 1381 reserata

1882 1410 2159 1477 cmlestia,
2194 1428 2307 1465 non
2347 1412 2614 1481 apparuit
2641 1412 2692 1466 ei
2726 1412 3009 1468 Dominus
3039 1413 3432 1482 Sabaoth,nec
3458 1414 3516 1470 in

1879 1499 2204 1555 ministerio
2237 1500 2371 1553 ﬁdei
2408 1506 2491 1555 ter
2530 1506 2798 1555 sanctum
2834 1517 3045 1556 nomen
3095 1503 3360 1558 auditum
3407 1506 3515 1559 est.

1874 1590 2112 1654 Quando
2159 1606 2293 1644 vero
2325 1588 2423 1644 ille
2458 1594 2728 1645 mortuus
2749 1595 2856 1659 est,
2882 1591 3155 1647 universa
3173 1592 3295 1648 haec
3321 1596 3518 1666 aperto

1875 1695 2000 1732 sese
2028 1678 2248 1733 lumine
2271 1679 2671 1749 prodiderunt.
2700 1703 2726 1729 υ
2754 1685 2820 1735 Et
2849 1687 2981 1753 post
3003 1698 3189 1753 pauca
3218 1697 3232 1737 :
3267 1704 3297 1733 ‹‹
3328 1683 3519 1740 Donec

1873 1768 2037 1823 Ozias
2086 1769 2247 1833 vivit,
2297 1786 2410 1823 non
2442 1770 2742 1841 intelligis,
2777 1772 2946 1840 Isaia,
2980 1777 3035 1827 te
3068 1773 3351 1829 miserum
3400 1791 3515 1830 non

1872 1858 2303 1929 compungeris,
2339 1876 2452 1914 non
2503 1860 2789 1927 moveris;
2833 1861 2932 1915 sed
2966 1862 3200 1932 quando
3229 1861 3327 1917 ille
3356 1878 3510 1919 mor-

1871 1951 2010 2002 tuus
2058 1952 2164 2013 est,
2211 1951 2350 2001 tunc
2400 1948 2811 2003 animadvertis
2858 1949 3166 2005 immunda
3211 1954 3268 2006 te
3298 1951 3510 2008 habere

1873 2035 2046 2102 labia,
2079 2041 2215 2090 tunc
2247 2026 2547 2107 indignum
2566 2042 2619 2091 te
2650 2054 2777 2092 esse
2800 2038 3101 2110 cognoscis
3130 2038 3354 2095 visione
3383 2040 3504 2096 Dei.

1876 2126 2268 2196 Isaiasjustus
2290 2129 2353 2180 ut
2374 2131 2599 2182 tantum
2624 2127 2683 2181 in
2707 2144 2969 2182 sermone
2987 2133 3355 2200 peccaverat;
3380 2129 3510 2186 ideo

1874 2214 1997 2270 sola
2028 2215 2179 2269 labia
2209 2215 2457 2270 habebat
2491 2217 2815 2283 immunda,
2859 2220 3170 2287 quantum,
3219 2234 3325 2289 ego
3359 2218 3518 2275 arbi-

1872 2308 2013 2373 tror,
2046 2304 2183 2375 quia
2209 2304 2403 2359 Oziam
2435 2305 2493 2359 in
2524 2304 2810 2375 templum
2836 2305 3158 2361 irruentem
3191 2323 3308 2363 non
3339 2308 3517 2364 corri-

1874 2399 2102 2464 puerat,
2135 2410 2235 2447 nec
2261 2394 2431 2463 juxta
2461 2393 2591 2447 Eliae
2624 2394 2956 2465 exemplum
3002 2393 3187 2451 libera
3231 2412 3370 2452 voce
3411 2396 3521 2452 im-

1875 2481 2039 2553 pium
2075 2481 2499 2553 designaverat.
2536 2504 2561 2531 ››

2494 2571 2724 2627 CAPUT
2768 2571 2911 2626 XIV.

2157 2662 2230 2715 De
2265 2663 2701 2731 prwsumptione
2746 2661 2931 2715 Saulis
2960 2666 3011 2717 et
3047 2679 3229 2733 praua.

1942 2749 2077 2805 Saul
2111 2767 2365 2821 quoque,
2391 2756 2450 2803 ut
2476 2750 2705 2819 legitur,
2730 2754 2852 2805 erat
2872 2751 2954 2806 vir
2973 2750 3193 2809 electus
3213 2769 3279 2809 ac
3302 2753 3513 2823 bonus,

1874 2843 1930 2893 et
1959 2856 2074 2893 non
2107 2843 2229 2893 erat
2258 2839 2329 2892 de
2374 2838 2507 2892 tiliis
2541 2837 2719 2893 Israel
2751 2838 2954 2895 melior
2984 2842 3033 2912 (Ι
3065 2842 3189 2910 Reg.
3224 2860 3301 2909 Ix,
3331 2846 3409 2912 2),
3457 2847 3516 2900 et

1873 2927 2149 2999 parvulus
2181 2928 2237 2981 in
2270 2927 2455 2982 oculis
2486 2927 2609 2982 suis
2642 2944 2655 2982 :
2690 2945 2881 2984 nonne
2912 2947 3016 3001 pro
3067 2936 3352 3003 usurpato
3400 2932 3515 2989 sibi

1876 3017 2197 3071 sacerdotio
2247 3016 2610 3087 reprobatus,
2662 3034 2902 3087 regnum
2952 3020 3107 3089 quod
3153 3018 3204 3073 ei
3235 3020 3521 3077 Dominus

1877 3106 2260 3177 praeparabat,
2284 3105 2342 3159 in
2368 3105 2789 3177 sempiternum
2815 3106 3088 3178 perdidit,
3114 3112 3289 3181 atque
3318 3114 3525 3166 semet-

1877 3196 2071 3266 ipsum
2124 3194 2449 3249 interfecit?
2487 3194 2650 3258 Quod
2693 3199 2888 3250 tamen
2921 3201 3143 3267 quanta
3177 3199 3519 3270 necessitate

1878 3284 2262 3355 usurpaverit,
2297 3283 2638 3353 istic,juxta
2670 3283 3005 3352 Historiam,
3041 3303 3146 3340 nos
3177 3287 3515 3343 meminisse

111 3393 243 3431 sum
296 3374 371 3429 ad
402 3374 539 3428 Sion
573 3377 627 3427 et
658 3372 934 3425 habitabo
985 3370 1041 3424 in
1078 3371 1267 3425 medio
1306 3369 1655 3435 Jerusalem,
1707 3375 1764 3426 et
1795 3349 1837 3415 C
1878 3391 1990 3427 non
2026 3349 2211 3443 piguit
2246 3349 2311 3425 έα
2335 3349 2652 3437 Philistini,
2689 3372 2896 3442 inquit,
2922 3349 3417 3444 congregatisunt
3437 3375 3511 3430 ad

109 3463 417 3519 vocabitur
444 3460 770 3517 Jerusalem
795 3460 1006 3513 Civitas
1027 3458 1306 3524 veritatis,
1334 3458 1499 3513 Mons
1536 3459 1761 3514 Domini

111 3552 498 3617 exercituum,
533 3552 697 3605 Mons
729 3549 1126 3603 sanctiticatus
1158 3548 1339 3617 (Zach.
1380 3565 1501 3613 VIII,
1531 3551 1585 3614 2,
1618 3549 1694 3617 3).
1732 3570 1759 3596 υ

113 3643 276 3706 Quod
311 3658 447 3697 cum
481 3658 549 3695 ex
580 3639 781 3694 multis
812 3638 963 3702 aliis,
998 3643 1137 3691 tunc
1168 3654 1235 3691 ex
1268 3636 1373 3691 hoc
1410 3654 1521 3692 uno
1554 3642 1760 3707 paten-

118 3736 207 3786 ter
238 3730 435 3801 colligi
468 3734 676 3801 potest,
702 3728 841 3799 quia
862 3726 1128 3798 quamvis
1159 3726 1469 3781 Jeroboam
1502 3727 1762 3782 sacerdo-

116 3822 266 3876 tium
307 3820 510 3874 decem
546 3817 829 3884 tribuum,
865 3816 1077 3887 quibus
1106 3820 1402 3887 praeesset,
1450 3816 1561 3871 sibi
1612 3833 1761 3887 pree-

115 3909 461 3982 sumpserit,
494 3923 672 3979 super
701 3906 884 3961 altare
918 3904 1113 3959 Bethel
1149 3906 1358 3960 stando
1388 3911 1444 3959 et
1475 3905 1649 3960 thura
1670 3906 1761 3975 ja-

117 3999 324 4054 ciendo
353 3998 448 4068 (III
476 4000 600 4066 Reg.
635 4012 759 4063 χιιι,
795 3995 873 4064 1),
911 3992 1072 4048 nulla
1108 3998 1302 4049 tamen
1347 3992 1563 4049 visibili
1593 3993 1765 4066 plaga

114 4104 436 4159 percussus
467 4084 667 4141 evasit.

185 4177 362 4233 Porro
412 4175 599 4241 Ozias,
628 4191 725 4229 rex
755 4173 929 4242 Juda,
961 4190 1096 4228 cum
1140 4171 1220 4241 id,
1273 4188 1609 4244 quanquam
1642 4170 1763 4228 zelo

114 4265 212 4321 Dei
238 4264 550 4321 indiscrete
570 4261 1316 4333 fervens,attentaret,lepra
1329 4278 1640 4333 percussus
1655 4265 1761 4330 est,

113 4355 291 4410 etiam
320 4353 665 4427 priusquam
700 4352 769 4406 ad
807 4351 985 4406 altare
1016 4349 1238 4405 incensi
1273 4367 1407 4405 cum
1438 4351 1762 4417 thuribulo,

116 4444 267 4514 quod
304 4442 495 4499 solum
515 4443 635 4511 jam
659 4441 1004 4512 arripuerat,
1030 4440 1331 4494 accederet
1354 4440 1428 4508 (II
1446 4441 1576 4495 Par.
1610 4458 1761 4509 xxvr,

116 4532 226 4601 19).
261 4554 289 4582 ‹‹
324 4531 453 4601 Qui,
480 4535 545 4585 ut
568 4531 771 4585 beatus
800 4529 1209 4599 Hieronymus,
1230 4531 1396 4599 juxta
1426 4528 1763 4598 Historiam,

124 4621 356 4686 asserit,
388 4620 497 4675 fuit
526 4619 612 4674 vir
634 4620 945 4691 justus,.et
967 4618 1101 4672 lecit
1121 4622 1341 4672 rectum
1367 4617 1425 4672 in
1449 4624 1763 4690 conspectu

1872 3461 2146 3533 prmliand
2160 3478 2253 3514 um
2270 3464 2469 3514 contra
2492 3459 2664 3514 Israel
2689 3459 2926 3530 triginta
2946 3460 3131 3515 millia
3150 3478 3431 3516 curruum
3453 3466 3512 3519 et

1871 3567 1969 3604 sex
2000 3548 2186 3603 millia
2216 3548 2500 3618 equitum,
2533 3552 2589 3602 et
2620 3548 2905 3618 reliquum
2938 3547 3146 3621 vulgus
3165 3549 3317 3605 sicut
3335 3567 3514 3607 arena

1872 3656 1998 3711 quas
2046 3642 2133 3692 est
2166 3637 2224 3692 in
2254 3636 2444 3692 littore
2476 3637 2659 3691 maris
2706 3636 2978 3708 plurima.
3014 3639 3084 3694 Et
3127 3640 3511 3698 ascendentes

1872 3726 2263 3783 castrametati
2295 3731 2432 3780 sunt
2463 3726 2519 3779 in
2551 3725 2849 3781 Machmas
2880 3727 2951 3781 ad
2998 3727 3281 3784 orientem
3313 3729 3517 3786 Betha-

1872 3834 1999 3872 ven.
2024 3816 2184 3881 Quod
2208 3832 2342 3869 cum
2362 3814 2645 3870 vidissent
2665 3814 2771 3869 viri
2790 3816 2964 3870 Israel
2986 3833 3045 3871 se
3064 3816 3123 3871 in
3160 3822 3317 3873 arcto
3347 3817 3514 3887 sitos,

1873 3905 2146 3977 (afﬂictus
2168 3908 2257 3959 est
2277 3904 2431 3959 enim
2450 3903 2743 3975 populus),
2773 3904 3282 3962 absconderantse
3303 3907 3363 3961 in
3386 3923 3516 3980 spe-

1872 3994 2062 4051 luncis
2091 3999 2146 4049 et
2176 3994 2234 4047 in
2267 3993 2505 4060 abditis,
2536 3993 2595 4047 in
2628 3996 2806 4064 petris
2838 4010 3070 4066 quoque
3100 4016 3128 4045 »
3157 3996 3203 4067 (ι
3230 4001 3357 4068 Reg.
3388 4014 3514 4066 xm,

1871 4085 1926 4155 5)
1957 4087 2091 4151 etc.,
2122 4099 2287 4154 usque
2322 4105 2342 4132 α
2379 4086 2434 4137 et
2462 4099 2578 4137 non
2610 4081 2753 4137 vidit
2782 4083 3018 4139 Samuel
3063 4085 3218 4141 ultra
3246 4084 3386 4142 Saul
3418 4103 3519 4143 us-

1874 4190 1986 4246 que
2016 4173 2086 4227 ad
2118 4172 2271 4227 diem
2318 4170 2523 4227 mortis
2570 4189 2688 4226 suae
2724 4173 2772 4242 (Ι
2797 4174 2925 4242 Reg.
2956 4191 3051 4241 xv,
3083 4175 3196 4245 35).
3232 4197 3259 4224 »
3292 4174 3358 4230 In
3407 4191 3524 4248 qua

1873 4268 1990 4318 tam
2012 4261 2275 4317 districta
2296 4260 2627 4316 Divinitatis
2654 4261 2710 4315 in
2734 4265 3049 4335 utrumque
3072 4280 3265 4336 regem
3285 4269 3514 4322 senten-

1873 4352 1956 4406 tia
1986 4350 2450 4406 animadvertant
2471 4349 2783 4405 Christiani
2810 4350 3104 4424 principes
3136 4369 3240 4408 nec
3261 4354 3517 4411 devotio-

1874 4458 2029 4507 nem,
2064 4457 2167 4494 nec
2186 4438 2591 4494 necessitatem
2612 4439 2791 4494 fuisse
2812 4446 3167 4511 excusatam,
3195 4444 3336 4515 quin
3361 4449 3514 4502 uter-

1876 4547 1988 4602 que-
2015 4529 2295 4584 divinitus
2312 4528 2381 4583 ob
2407 4528 2794 4583 sacerdotium
2817 4529 2929 4584 sibi
2951 4537 3373 4604 praesumptum
3401 4552 3511 4607 pu-

1877 4619 2193 4675 niretur.Et
2210 4618 2375 4673 Ozias
2389 4617 2622 4688 quidem
2638 4618 2895 4689 corporis
2908 4620 2996 4674 sui
3011 4620 3259 4678 salutem
3274 4628 3329 4680 et
3341 4642 3514 4682 mun-

129 4708 384 4777 Domini,
436 4708 734 4763 azditicans
778 4705 1088 4778 templum,
1136 4707 1546 4777 aquaeductum
1597 4707 1771 4763 fabri-
1802 4718 1850 4782 Β
1883 4708 2086 4764 ditiam
2116 4712 2291 4777 atque
2322 4723 2565 4778 regnum
2598 4706 2839 4775 amittit;
2866 4708 3002 4763 Saul
3023 4713 3519 4784 verospirituine-

129 4814 291 4865 cans,
326 4798 574 4853 otl‘erens
602 4814 759 4863 vasa,
793 4800 849 4851 et
878 4812 980 4868 pro
1010 4795 1118 4850 hoc
1152 4796 1358 4850 merito
1408 4796 1770 4853 adversarios

130 4902 440 4957 superans,
490 4886 642 4959 quod
682 4885 1003 4940 maximum
1039 4883 1269 4956 pietatis
1312 4884 1594 4940 indicium
1646 4892 1772 4955 est;

130 4975 356 5031 habens
376 4977 591 5033 multos
617 4976 672 5031 in
689 4993 794 5031 suo
819 4974 1059 5045 imperio
1082 4974 1418 5047 prophetas.
1447 4974 1569 5038 Hic,
1594 4994 1776 5048 quan-

133 5065 230 5120 diu
263 5066 405 5122 vixit
449 5066 757 5123 Zacharias
797 5064 1088 5130 sacerdos,
1130 5068 1515 5135 cognomento
1563 5065 1778 5121 Intelli-

134 5169 299 5225 gens,
333 5156 555 5228 placuit
584 5156 719 5222 Deo,
753 5159 809 5209 et
849 5170 978 5209 cum
1028 5154 1187 5208 omni
1221 5154 1585 5209 veneratione
1616 5154 1777 5210 delu-

136 5242 308 5300 brum
340 5247 469 5317 ejus
499 5247 801 5317 ingrcssus
834 5248 942 5298 est.
978 5243 1291 5313 Postquam
1316 5260 1447 5298 vero
1476 5243 1781 5299 Zacharias

136 5332 301 5399 obiit,
334 5335 532 5392 volens
554 5352 655 5407 per
672 5334 1055 5404 semetipsum
1084 5334 1286 5386 otl‘errc
1310 5332 1572 5398 donaria,
1599 5350 1785 5387 sacer-

137 5420 390 5478 dotalem
425 5425 710 5493 ordinem,
744 5440 858 5477 non
893 5428 1010 5476 tam
1038 5421 1130 5492 pic
1163 5438 1337 5492 quam
1363 5423 1657 5487 audacter,
1692 5422 1781 5477 in-

137 5509 306 5578 vasit,
340 5516 399 5567 et
434 5512 888 5569 reclamantibus
933 5510 1147 5566 Levitis
1179 5516 1234 5565 et
1264 5511 1483 5565 caeteris
1515 5512 1783 5565 sacerdo-
1836 5518 1843 5523 '

138 5596 296 5654 tibus
326 5617 339 5656 :
375 5601 578 5658 Nonne
625 5607 685 5657 tu
718 5619 802 5668 es,
834 5600 1021 5667 Ozias,
1058 5617 1173 5670 rex,
1208 5604 1265 5654 et
1309 5616 1420 5654 non
1463 5599 1784 5655 sacerdos?

140 5687 342 5744 audire
373 5691 583 5760 noluit,
619 5691 933 5762 statimque
964 5688 1125 5762 lepra
1158 5706 1467 5763 percussus
1495 5688 1555 5745 in
1591 5689 1785 5747 fronte

141 5781 247 5834 est.
282 5777 467 5846 Quam
508 5781 767 5856 corporis
814 5783 1038 5855 partem
1090 5779 1355 5837 sacerdos
1396 5778 1521 5836 auri
1562 5777 1787 5837 lamina

466 5910 727 5975 ΡΑσι-ιιηι..
776 5906 1033 5973 CXLIII.

1881 4814 2058 4869 quam
2089 4797 2362 4864 traditur,
2397 4795 2675 4866 Spiritum
2707 4801 2972 4853 sanctum
3012 4800 3284 4871 perdidit,
3334 4808 3391 4860 et
3432 4822 3521 4862 re-

1887 4903 2066 4959 gnum
2101 4888 2461 4954 mortomque
2486 4883 3055 4957 animaeetcorporis,
3083 4894 3139 4944 et
3159 4908 3192 4945 a
3210 4894 3527 4968 semetipso

1887 4976 2242 5039 interfectus,
2260 4973 2553 5043 totiusque
2575 4974 2785 5029 domus
2808 4992 2925 5029 suze
2952 4976 3176 5034 invenit
3196 4980 3523 5041 interitum.

1889 5065 1954 5119 Et
1968 5070 2118 5117 certe
2139 5067 2338 5116 neuter
2352 5079 2597 5132 pra'sum
2612 5062 2724 5132 psit
2742 5064 2850 5118 sibi
2873 5070 2973 5118 aut
2994 5068 3278 5126 rationale
3292 5076 3393 5127 aut
3414 5076 3535 5129 sto-

1889 5152 2004 5207 lam
2021 5156 2302 5219 sanctam,
2319 5150 2404 5204 vel
2426 5151 2702 5206 laminam
2720 5170 3091 5223 aurcam,seu
3112 5160 3436 5230 quamlibet
3451 5180 3540 5218 sa-

1892 5240 2271 5297 ccrdotalium
2306 5241 2574 5309 vestium,
2608 5241 2718 5296 nisi
2756 5245 2908 5314 quod
2948 5248 3107 5317 prior
3135 5250 3346 5306 obtulit
3374 5250 3534 5306 holo-

1893 5335 2186 5398 caustum,
2221 5330 2530 5389 alter,vero
2552 5331 2800 5402 arripuit
2834 5334 3201 5391 thuribulum
3224 5339 3291 5393 ad
3316 5338 3535 5393 thuriﬁ-

1894 5420 2167 5474 candum.
2205 5419 2538 5474 Notandum
2564 5438 2796 5491 quoque
2822 5428 3038 5493 quanto
3069 5425 3457 5482 excusabilius
3477 5429 3538 5482 et

1892 5507 2255 5562 tolerabilius
2279 5509 2431 5578 quod
2457 5510 2775 5565 necessitas
2799 5512 2952 5581 cogit
2972 5528 3147 5582 quam
3170 5512 3323 5583 quod
3339 5512 3540 5571 volun-

1894 5602 1983 5653 tas
2016 5597 2338 5667 praesumit.
2370 5598 2513 5651 Nam
2535 5600 2799 5669 quamvis
2827 5599 2982 5665 Saul,
3013 5601 3358 5657 necessitate
3380 5618 3542 5659 com-

1893 5685 2582 5762 pellente,holocaustum
2597 5688 2883 5759 obtulerit,
2897 5705 3009 5744 non
3025 5691 3545 5752 tamenDominum

1894 5780 1993 5834 aut
2023 5774 2369 5854 prophetam
2394 5776 2481 5833 six
2499 5776 2856 5844 exacerbavit
2881 5781 2942 5836 ut
2964 5777 3208 5839 omnino
3232 5779 3546 5851 derelictus

3147 5906 3225 5977 37
