3864 6386
271 398 428 460 1163
1306 382 1706 448 ΗΠΜΒΕΒΊῚ
1755 383 1794 441 S

2218 369 2595 434 RDINALIS.
3568 351 3744 414 “64

267 533 422 587 esset
447 529 520 583 ab
549 525 655 593 eis,
685 522 820 596 quia
850 525 1050 594 postea
1085 521 1143 575 in
1176 517 1376 574 multis
1411 531 1546 572 cum
1586 509 1900 582 triumphis
1925 507 1982 575 Α
2011 509 2075 562 ut
2102 503 2376 560 ecclesias
2398 502 2726 567 instituant,
2750 503 2806 554 et
2829 497 2913 553 vel
2945 512 3068 564 eas,
3097 491 3188 548 vel
3222 487 3471 562 aliquid
3498 499 3744 541 earum

273 616 553 676 Dominus
577 591 928 680 clarificavit,
951 607 1302 680 etpropheta
1323 601 1616 659 multoties
1638 599 1804 654 illum
1825 597 1902 651 vi-
2015 593 2380 650 sanctiﬁcent
2409 594 2510 646 aut
2541 591 2926 662 praesumant.

270 661 828 774 sigma-salutavit:
844 661 1286 755 ’invserr‘none
1326 689 1549 746 Domini
1580 689 1650 744 ad
1673 685 1906 742 Amalec
2085 682 2245 746 Quod
2277 681 2326 736 si
2348 661 2920 734 alicubizediticanda
2947 677 3089 730 sunt
3111 669 3292 727 ovilia
3323 661 3752 722 intellectua-

273 749 1097 862 deletuin-ire'przecep'ianbi
1124 749 1322 839 autem
1349 779 1647 834 voluntate
1674 775 1733 830 id
1767 791 1908 846 prai-
2015 771 2170 826 libus
2200 769 2423 837 ovibus,
2452 767 2570 822 sint
2591 763 2924 838 pastoribus
2941 777 3144 817 earum
3168 756 3372 814 devoti
3394 758 3464 810 et
3487 749 3749 809 strenui

275 881 548 955 sumpsit,
571 843 771 936 statim
795 843 875 932 at;
897 891 962 930 eo
983 871 1223 944 spiritus
1253 867 1483 926 Domini
1505 868 1694 922 bonus
1725 843 1909 918 reces-
2019 859 2332 928 adjutores,
2361 871 2476 910 non
2499 857 2564 908 ut
2583 853 2830 909 aliarum
2851 850 3003 906 lacte
3031 853 3091 905 et
3121 846 3304 912 lanis,
3330 843 3450 900 sed
3480 843 3749 896 tantum

1850 951 1880 955 _.
2023 946 2077 955 ...
2572 941 2582 952 ο
2637 945 2645 955 .
2790 944 2800 955 .
2921 939 3032 955 vn-
3055 953 3066 955 μ
3097 939 3220 955 .ι,--
3255 951 3267 955 -
3371 929 3495 955 nn:
3538 928 3716 955 ...ιε-..ιι

278 928 408 940 "um
453 928 548 948 "v,
571 928 771 936 ‘vw—-——‘
796 928 859 932 ν.-
905 928 920 930 _
941 928 951 930 ἡ
1016 928 1033 944 ι

278 973 378 1042 sit,
409 928 764 1042 spiritusque
787 962 1009 1020 Domini
1032 959 1224 1016 malus
1245 973 1379 1014 eum
1401 955 1690 1026 exagitare
1720 951 1910 1022 ccepit,
2020 946 2254 1000 illarum
2287 959 2537 1016 quarum
2571 941 2829 1008 interest,
2853 939 3221 995 aedificentur
3255 951 3269 988 :
3305 955 3336 982 ‹‹
3370 929 3500 998 Qui
3536 928 3744 993 enim,

1689 1039 1700 1042 ’
1870 1036 1882 1042 ⁸
2072 1039 2080 1042 -
2121 1033 2152 1042 Α·
2241 1032 2251 1042 ο
2423 1031 2454 1042 ι.
2571 1029 2650 1042 ..Α
2734 1033 2744 1042 .
2791 1029 2805 1042 ς
3054 1041 3057 1042 ν
3132 1039 3211 1042 774A
3245 1017 3575 1042 !“__‘-:-

281 1015 378 1042 νη,
409 1015 436 1026 ..
457 1015 762 1038 ,ηπ--.ιη
788 1015 1007 1020 --ηπ
1507 1015 1541 1026 υ
1809 1015 1826 1022 -
2310 1015 2317 1016 ,

281 1075 386 1114 nec
416 1015 614 1129 plostea
640 1051 940 1107 victoriam
989 1046 1216 1116 habuit,
1249 1060 1434 1116 neque
1471 1039 1800 1096 Samnelem
1833 1036 1917 1091 vi-
2025 1039 2091 1088 ut
2120 1032 2363 1104 Sapiens
2385 1031 2484 1096 ait,
2505 1029 2755 1084 aediﬁcat
2774 1029 3016 1083 domum
3047 1039 3220 1080 suam
3244 1017 3576 1092 impensis
3603 1015 3752 1072 alie-

2071 1123 2080 1129 .
2325 1121 2334 1129 .
2452 1119 2462 1129 .
2567 1117 2624 1129 ...
2712 1117 2775 1129 ,ι
2861 1115 2915 1129 οι
3193 1112 3240 1129 ογ
3285 1109 3504 1129 L2-..._
3550 1105 3725 1129 ΙΠ-..1

416 1105 613 1129 rm"
1199 1105 1214 1116 ι
1343 1105 1356 1116 ⁸
2025 1123 2138 1189 nis,
2171 1121 2335 1192 quasi
2365 1119 2464 1191 qui
2498 1117 2732 1189 colligat
2762 1115 2987 1184 lapides
3017 1129 3158 1170 suos
3192 1112 3251 1166 in
3285 1109 3511 1164 hieme
3547 1105 3747 1177 (Eccl.

2027 1227 2142 1276 xxi,
2165 1209 2240 1278 9).
2276 1210 2345 1262 Et
2374 1211 2526 1261 certe
2558 1205 2759 1277 quanti
2783 1203 3059 1276 penditur
3088 1201 3198 1255 hoc
3221 1216 3256 1252 a
3277 1198 3433 1263 Deo,
3472 1198 3544 1249 et
3577 1210 3749 1250 sana:

2031 1299 2242 1354 mentis
2273 1296 2628 1361 hominibus,
2654 1294 2702 1348 si
2735 1293 2922 1348 solius
2953 1288 3326 1346 eleemosinze
3351 1285 3579 1357 gratia
3610 1283 3751 1355 qui-

919 1224 1146 1281 CAPUT
1184 1221 1294 1278 XV.

287 1311 497 1379 Quanta
537 1303 755 1372 ﬂagella
792 1300 1042 1379 premant
1079 1295 1351 1379 principes
1399 1306 1532 1379 eam.
1566 1287 1781 1358 populgs
1827 1299 1922 1348 pro

659 1362 962 1444 sumptionc
987 1362 1334 1422 sacerdotalis
1363 1362 1552 1432 ofﬁcii.

354 1485 512 1552 Quod
577 1497 790 1541 acesse
819 1483 909 1534 est
939 1475 1241 1532 attendant
1268 1467 1577 1526 Christiani
1617 1464 1926 1536 principes,

287 1571 770 1646 etZsaccruotalis
823 1565 998 1624 officii
1055 1561 1354 1636 quidpiam
1411 1555 1523 1612 sibi
1582 1566 1928 1626 praesumere

289 1681 448 1721 nunc
460 1665 787 1725 cessent,ne
799 1673 913 1712 non
929 1657 1150 1710 tantum
1175 1646 1494 1720 simplicem
1507 1643 1625 1711 ,scd
1641 1639 1930 1712 duplicem

292 1769 525 1826 quoque
541 1747 939 1806 confusionem
962 1743 1112 1799 sicut
1127 1737 1440 1810 diploidem
1459 1733 1722 1788 induant.
1739 1730 1933 1799 Neque

287 1817 448 1900 enim
475 1836 932 1907 Deus,ultionum
964 1827 1264 1894 Dominus,
1291 1831 1438 1880 Deus
1463 1821 1751 1878 ultionum
1775 1817 1936 1874 fortis

293 1938 349 1988 et
374 1931 618 1995 zelotes,
655 1930 882 1980 tantum
916 1921 1079 1976 nefas
1110 1915 1360 1971 inultum
1389 1909 1822 1984 praetermittere
1844 1922 1934 1959 so-

293 2020 412 2088 let;
444 2018 544 2074 sed
578 2020 678 2071 aut
706 2013 764 2068 in
797 2007 1063 2084 praesenti
1094 2003 1326 2068 saeculo,
1363 2004 1462 2056 aut
1491 2000 1548 2054 in
1591 1997 1803 2059 futuro,
1837 1998 1938 2048 aut

295 2081 447 2165 certe
477 2106 535 2161 in
568 2081 814 2174 utroque
843 2097 1152 2154 vindicare.
1177 2091 1420 2148 Proinde
1450 2086 1755 2144 attendant
1788 2081 1939 2137 bella

297 2203 552 2262 externa,
579 2190 894 2249 seditiones
921 2186 1202 2247 internas,
1223 2184 1455 2252 gentem
1483 2192 1658 2248 super
1685 2176 1937 2244 gentem,

298 2300 542 2356 regnum
564 2283 764 2336 contra
787 2273 1385 2347 regnum,tcraunotus
1408 2280 1652 2332 magnos
1676 2277 1776 2332 per
1795 2259 1938 2325 loca,

298 2349 547 2432 terrores
565 2369 637 2424 de
653 2365 793 2423 ccelo
809 2369 865 2420 et
883 2353 1636 2432 tempestates,pestilentias
1657 2354 1713 2404 et
1739 2349 1941 2414 fames,

301 2479 427 2536 qua)
458 2463 584 2516 sine
615 2450 1046 2511 intermissione
1092 2445 1448 2502 Christianos
1497 2439 1856 2513 perturbant,
1889 2440 1946 2490 et

303 2524 438 2608 ante
459 2549 579 2604 haec
599 2542 796 2602 omnia
817 2537 1086 2611 injecisse
1109 2550 1318 2590 manus
1339 2529 1616 2604 apostolis
1639 2526 1737 2582 Dei
1759 2530 1815 2582 et
1835 2524 1945 2579 mi-

304 2638 529 2704 nistris,
561 2639 620 2691 et
647 2631 733 2689 vel
766 2634 850 2686 tot
878 2625 1124 2699 ﬂagellis
1159 2620 1405 2693 correpti
1436 2619 1671 2675 tandem
1704 2630 1946 2686 cognos-

305 2731 460 2796 cant,
511 2741 584 2780 ne
631 2723 776 2777 forte
828 2717 1005 2774 etiam
1036 2717 1168 2786 post
1205 2708 1435 2782 ﬂagella
1465 2710 1709 2764 mortem
1753 2717 1950 2776 perpe-

306 2791 470 2874 tuam
501 2813 822 2870 incurrant.
855 2807 1042 2876 Super
1061 2803 1182 2858 hinc
1212 2799 1534 2864 attendant,
1567 2795 1706 2867 quia
1735 2810 1867 2848 cum
1889 2791 1947 2848 in

311 2907 668 2963 Francorum
698 2904 851 2954 terra
877 2909 1040 2966 reges
1061 2908 1128 2948 ex
1156 2905 1364 2962 genere
1383 2885 1684 2958 prodeant,
1713 2883 1846 2954 quis
1871 2896 1952 2936 re-

313 3009 453 3068 gum
481 2996 517 3046 a
545 2992 779 3045 centum
795 2988 853 3039 et
871 2979 1124 3053 amplius
1145 2978 1313 3033 annis
1331 2973 1602 3030 recolitur
1619 2990 1653 3028 a
1673 2971 1807 3026 filiis
1829 2971 1953 3026 suis

317 3059 404 3140 vel
434 3093 620 3150 usque
649 3077 707 3131 in
737 3074 1006 3142 quartam
1054 3067 1482 3139 generationem
1513 3061 1832 3134 regnasse?
1861 3059 1954 3116 Si-

319 3170 556 3244 quidem
601 3167 860 3226 Ottones,
893 3175 1007 3230 prae
1037 3155 1309 3212 omnibus
1339 3155 1470 3208 ante
1501 3168 1564 3206 se
1607 3151 1839 3222 regibus
1871 3166 1956 3205 εει-

2033 1389 2173 1443 libet
2208 1387 2444 1440 divitem
2483 1383 2569 1438 vel
2617 1382 2970 1437 mediocrem
3021 1378 3256 1450 spoliet,
3315 1379 3433 1430 aut
3491 1371 3754 1428 occidat

2035 1475 2354 1548 quemlibet
2401 1473 2720 1541 hominem,
2752 1475 2819 1525 ut
2848 1469 3078 1524 nudum
3109 1465 3348 1534 vestiat,
3385 1467 3508 1519 aut
3555 1460 3754 1517 mori-

2036 1565 2300 1620 bundum
2354 1560 2640 1617 viviﬁcet?
2685 1563 2742 1614 et
2773 1561 2992 1630 quanto
3021 1553 3389 1611 laudabilior
3449 1552 3649 1615 foret,
3705 1549 3758 1606 si

2039 1653 2284 1709 miseros
2315 1649 2649 1722 negligeret,
2674 1663 2850 1720 quam
2874 1650 2941 1701 ut
2961 1645 3045 1701 eis
3068 1643 3476 1698 misereretur
3508 1639 3754 1696 taliter.

2041 1745 2398 1814 Quapropter
2427 1737 2778 1794 szeculariter
2807 1739 3095 1808 potentes,
3145 1749 3220 1788 ne
3265 1735 3574 1804 potenter
3629 1734 3759 1785 tor-

2047 1834 2240 1886 menta
2269 1828 2564 1900 patiantur
2593 1824 2748 1896 (Sap.
2783 1839 2858 1889 v1,
2879 1821 2960 1892 7),
2994 1820 3148 1875 inter
3167 1815 3760 1874 aliaecclesiastica

2044 1919 2425 1981 sacramenta,
2459 1917 2696 1968 caveant
2727 1909 2964 1966 annalis
2995 1907 3257 1980 etvirgis
3289 1903 3756 1962 ecclesiasticis

2045 2006 2360 2078 quemlibet
2390 2002 2688 2076 insignire,
2716 2000 2964 2056 scientes
2981 1997 3091 2053 hoc
3116 2013 3235 2052 non
3263 1994 3615 2062 suiofficii,
3649 1995 3757 2049 sed

2045 2095 2410 2152 sacerdotum
2441 2108 2587 2147 esse.
2624 2089 2738 2162 Ipsi
2763 2087 2942 2152 enim,
2976 2090 3041 2142 ut
3071 2085 3225 2140 servi
3257 2083 3630 2149 domestici,
3659 2083 3762 2154 ju-

2047 2191 2143 2240 xta
2193 2180 2581 2252 evangelicam
2633 2176 2992 2250 parabolam,
3017 2174 3200 2246 jussu
3263 2171 3758 2244 patrisfamilias

2049 2274 2288 2348 prodigo
2325 2269 2438 2324 lilio
2461 2266 2766 2324 revertenti
2791 2265 3094 2336 proferunt
3115 2261 3338 2318 stolam
3363 2261 3679 2334 primam,
3701 2261 3760 2316 id

2050 2368 2138 2420 est
2166 2358 2528 2416 catechizant
2550 2373 2562 2410 :
2583 2355 2690 2426 ipsi
2715 2370 2851 2409 eum
2873 2352 3150 2416 induunt,
3175 2349 3238 2404 id
3261 2354 3358 2404 est
3390 2349 3758 2420 baptizant;

2049 2451 2160 2523 ipsi
2194 2448 2584 2504 calceamenta
2613 2441 2961 2498 imitationis
2990 2439 3257 2512 priorum
3286 2442 3553 2510 patrum
3575 2437 3644 2492 in
3669 2454 3764 2510 pe-

2052 2539 2225 2594 dibus
2247 2537 2394 2606 ejus,
2414 2533 2526 2606 ipsi
2549 2530 2732 2586 multo
2755 2529 2945 2602 magis
2967 2526 3260 2584 annulum
3285 2525 3764 2598 praedicationis

2054 2643 2156 2683 seu
2188 2622 2591 2681 ecclesiastica:
2612 2615 3070 2691 dispensationis
3100 2615 3250 2671 dant
3279 2614 3346 2669 in
3372 2631 3585 2671 manu
3605 2616 3762 2688 ejus.

2055 2718 2308 2782 Quorum
2341 2711 2497 2766 enim
2527 2725 2642 2764 non
2665 2711 2755 2763 est
2771 2704 3067 2778 baptizare
3087 2709 3146 2759 et
3163 2703 3538 2776 praedicare,
3567 2703 3766 2760 multo

2058 2805 2254 2864 minus
2275 2803 2364 2856 est
2393 2797 2674 2854 annulum
2707 2795 2864 2862 dare,
2893 2809 3012 2865 quo
3047 2790 3378 2864 specialius
3434 2808 3768 2848 commen-

2059 2894 2231 2948 datur
2261 2885 2591 2962 przedicatio
2605 2889 2660 2940 et
2676 2881 3078 2956 magisterium
3106 2884 3418 2936 rectorum
3449 2881 3766 2937 Ecclesia.

2059 2983 2316 3046 Quorum
2357 2980 2446 3032 est
2476 2975 2652 3031 etiam
2688 2971 2932 3027 vitulum
2965 2970 3310 3043 saginatum
3353 2969 3689 3026 adducere
3715 2976 3772 3026 et

2063 3068 2339 3132 occidere,
2372 3066 2735 3120 sacramenta
2773 3059 2992 3115 scilicet
3022 3058 3288 3130 corporis
3319 3063 3384 3113 et
3431 3059 3771 3131 sanguinis

2062 3155 2276 3214 Christi
2309 3151 2538 3210 familia:
2569 3152 2696 3221 ejus
2727 3147 3044 3220 epulaturaa
3075 3163 3444 3220 praeparare.
3496 3147 3684 3212 Quod
3724 3148 3770 3204 si

319 3253 624 3316 cerdotalis
655 3247 828 3308 officii
855 3247 1327 3320 praesumptores,
1351 3240 1444 3295 vix
1464 3237 1700 3310 attigere
1720 3237 1950 3293 tertiam
1981 3231 2024 3297 C
2061 3241 2351 3318 principes
2381 3238 2575 3296 smmi
2609 3237 2858 3292 mercedi
2891 3235 3226 3290 animarum
3250 3251 3528 3290 suarum
3561 3237 3632 3291 in
3666 3237 3770 3292 αθ-

318 3348 453 3404 Post
482 3359 628 3416 quos
650 3339 877 3414 primus
903 3331 1182 3390 Henricus
1203 3327 1445 3384 nullam.
1475 3326 1635 3392 Quod
1657 3329 1714 3381 et
1741 3326 1797 3380 in
1825 3324 1954 3380 aliis

322 3413 518 3508 regnis
545 3436 602 3488 et
631 3413 1048 3502 principatibus
1077 3419 1390 3490 contigisse
1435 3415 1534 3487 qui
1574 3413 1952 3486 disquisierit,

318 3501 574 3580 invenire
624 3501 848 3590 poterit.
881 3513 950 3566 Et
977 3516 1168 3566 tamen
1215 3505 1466 3562 mirabili
1497 3503 1751 3559 caecitate
1799 3501 1953 3557 arbi-

318 3613 548 3668 trantur
591 3602 926 3677 hujusmodi
963 3598 1252 3672 principes
1301 3612 1361 3650 sc
1391 3591 1736 3664 obsequium
1785 3607 1954 3662 praes-

318 3705 438 3757 tare
467 3698 616 3764 Deo;
647 3694 698 3750 si
725 3709 794 3748 ex
826 3687 1107 3763 pecuniis,
1140 3684 1225 3740 vel
1259 3682 1490 3756 prmdiis
1521 3679 1712 3734 taliter
1757 3678 1954 3750 acqui-

317 3787 447 3845 sitis
479 3783 838 3842 constituant
867 3793 1044 3833 novas
1079 3772 1352 3829 ecclesias
1399 3768 1487 3825 vel
1531 3768 1646 3823 alia
1687 3767 1781 3838 pia
1809 3766 1950 3833 loca,

316 3893 450 3934 cum
481 3890 597 3930 non
627 3869 820 3928 solum
851 3864 997 3923 nihil
1018 3863 1101 3920 eis
1132 3861 1332 3933 prosit,
1356 3859 1455 3914 sed
1481 3857 1794 3928 plurimum
1818 3873 1956 3927 quo-

316 3981 430 4038 que
459 3961 631 4026 obsit,
679 3958 830 4014 sicut
865 3971 936 4010 ex
981 3951 1170 4008 verbis
1210 3947 1359 4004 beati
1389 3945 1646 4018 Gregorii
1685 3945 1956 4016 superius

319 4033 679 4109 monstratur
697 4045 859 4102 satis.
879 4043 944 4098 Et
959 4055 1154 4096 revera
1169 4037 1308 4109 quid
1332 4035 1566 4108 prodest
1595 4033 1954 4106 principibus

319 4139 479 4198 mille
507 4134 780 4193 ecclesias
793 4132 1112 4193 destruere,
1141 4131 1197 4180 et
1219 4141 1394 4180 unam
1416 4125 1748 4178 construere
1767 4137 1957 4177 exom-

320 4228 416 4303 plo
446 4223 778 4298 principum
809 4219 1042 4273 illorum
1073 4229 1221 4286 quos
1259 4209 1827 4284 praenominavimus,
1855 4209 1955 4282 qui

322 4297 394 4372 de
421 4297 624 4387 spoliis
641 4308 956 4366 multarum
978 4300 1373 4363 ecclesiarum.
1397 4304 1454 4356 et
1482 4297 1801 4371 praesertim
1825 4315 1954 4370 pro-

319 4403 648 4462 vinciarum
665 4397 890 4454 miserae
909 4391 1102 4459 Italica,
1135 4391 1280 4446 duos
1301 4389 1670 4461 episcopatus
1691 4391 1956 4442 constru-

320 4509 473 4562 xere,
507 4493 575 4546 nt
601 4487 689 4544 vel
727 4485 810 4542 sic
840 4483 1097 4540 humano
1115 4478 1336 4550 judicio
1369 4477 1826 4550 approbarentur
1856 4474 1954 4546 qui

321 4580 514 4639 divino
545 4575 960 4649 reprobantur;
991 4575 1048 4627 et
1075 4567 1244 4640 quasi
1267 4581 1542 4639 magnum
1565 4563 1785 4652 aliquid
1805 4563 1954 4619 fecc-
1991 4587 2033 4652 Π

321 4673 458 4739 rint,
489 4667 724 4724 nomine
747 4668 918 4719 tenus
931 4659 1051 4732 juri
1074 4655 1418 4713 tradiderint
1437 4651 1760 4725 apostolicae
1778 4651 1955 4718 sedis,

321 4776 457 4816 cum
501 4757 612 4814 sibi
641 4760 835 4810 tamen
866 4755 921 4806 et
951 4746 1386 4806 successoribus
1417 4744 1542 4798 suis
1574 4759 1744 4798 omne
1777 4741 1960 4796 domi-

323 4849 488 4904 nium
519 4845 654 4900 inde
685 4837 1075 4898 retinuerint?
1107 4835 1393 4890 Nimirum
1419 4833 1535 4888 sive
1567 4829 1809 4900 isti,sive
1838 4830 1961 4902 qui-

321 4949 554 5005 cunque
572 4932 892 4985 imitatores
911 4943 1132 4990 eorum,
1157 4929 1255 4978 aut
1287 4922 1510 4987 fallunt,
1537 4925 1638 4975 aut
1660 4918 1956 4986 falluntur,

321 5025 371 5081 si
403 5021 648 5078 credunt
679 5015 922 5088 Principi
940 5013 1332 5087 apostolorum
1356 5016 1557 5066 contra
1587 5026 1754 5064 suam
1776 5007 1832 5062 in
1865 5008 1959 5063 Si-

325 5126 557 5171 monem
591 5121 826 5178 magum
858 5103 1204 5159 sententiam
1228 5100 1373 5156 tales
1403 5098 1723 5153 oblationes
1753 5096 1840 5150 vel
1874 5113 1964 5168 pe-

325 5201 530 5260 cunias
551 5199 676 5270 jam
701 5211 868 5268 posse
883 5193 1123 5266 placere,
1143 5189 1309 5261 quasi
1342 5203 1474 5243 eum
1495 5185 1825 5256 paenituerit
1846 5201 1962 5240 sua:

327 5291 539 5365 prioris
569 5285 886 5344 sententiae.
919 5283 985 5336 Et
1009 5297 1113 5336 cur
1144 5295 1256 5333 non
1294 5275 1656 5347 perpendunt
1695 5290 1806 5328 non
1836 5289 1963 5329 esse

329 5362 505 5438 suum
525 5376 797 5434 ecclesias
817 5371 918 5426 Dei
943 5370 1149 5434 facere,
1173 5366 1271 5420 sed
1301 5365 1481 5418 factas
1496 5362 1801 5417 defendere
1820 5363 1846 5416 ‘i
1877 5363 1962 5418 Ad

333 5469 445 5524 hoc
472 5467 629 5520 enim
657 5462 918 5535 gladium
939 5475 972 5513 a
1001 5454 1214 5512 Christi
1233 5450 1628 5508 sacerdotibus
1649 5449 1960 5522 accipiunt,

339 5554 412 5610 ad
441 5552 551 5608 hoc
571 5553 951 5623 inunguatur,
979 5549 1044 5601 ut
1083 5560 1185 5616 pro
1216 5538 1606 5597 Ecclesiarum
1639 5537 1738 5594 Dei
1769 5537 1964 5596 defen-

339 5638 503 5702 sione
534 5635 798 5708 militent,
819 5640 876 5693 et
899 5633 1230 5707 ubicunque
1251 5643 1398 5702 opus
1427 5629 1518 5684 est
1541 5629 1819 5700 pugnent,
1849 5643 1963 5690 non

2065 3333 2322 3390 fensione
2351 3335 2408 3385 et
2430 3326 2836 3400 procuratione
2873 3323 3426 3380 ecclesiasticarum
3465 3341 3770 3396 persona-

2063 3439 2190 3478 rum
2215 3425 2271 3476 et
2289 3417 2629 3474 facultatum
2653 3411 3390 3486 cupiuntprospicere,per
3402 3414 3772 3470 sacerdotes

2063 3507 2446 3566 sacerdottales
2467 3505 2640 3566 vices,
2661 3501 2995 3558 habitacula
3015 3504 3072 3556 et
3089 3504 3378 3570 sumptus
3406 3501 3773 3558 conservari

2062 3599 2474 3668 suffragantur,
2494 3593 2828 3662 ubicunque
2848 3587 3287 3644 ecclesiasticus
3300 3593 3522 3644 status
3535 3589 3775 3646 incolu-

2065 3687 2176 3742 mis
2191 3683 2668 3749 invenitur,exem
2678 3678 2770 3750 plo
2786 3675 3146 3734 sanctissimi
3162 3675 3321 3746 regis
3335 3675 3696 3752 David,qui
3711 3683 3775 3735 ut

2064 3771 2520 3832 sacerdotalibus
2550 3769 2806 3824 sortibus
2836 3763 3232 3820 sacerdotium
3253 3767 3408 3819 tunc
3445 3765 3772 3824 incolume

2065 3880 2166 3936 per
2195 3876 2452 3934 congrua
2491 3864 2549 3913 et
2578 3855 2776 3912 debita
2803 3853 3000 3910 ofﬁcia
3032 3852 3280 3908 Domino
3313 3852 3776 3926 disponeretur

2062 3949 2293 4016 institit,
2324 3954 2380 4004 et
2407 3948 2478 4002 de
2507 3945 2766 4001 hostium
2787 3941 3020 3998 Domini
3053 3940 3382 4009 manubiis,
3419 3944 3776 4017 suiqueju.

2062 4041 2142 4095 ris
2174 4036 2549 4094 facultatibus
2579 4033 2650 4088 ad
2681 4031 2968 4102 templum
3019 4028 3266 4084 Domino
3311 4029 3774 4090 adiﬁcandum

2062 4142 2344 4200 expensas
2385 4121 2678 4178 Salomoni
2726 4118 2844 4174 ﬁlio
2876 4117 3130 4190 providit
3159 4121 3218 4173 et
3247 4123 3666 4194 praeparavit,
3702 4123 3779 4180 si-

2063 4221 2160 4272 cut
2192 4213 2324 4270 ﬁnis
2353 4211 2485 4268 libri
2518 4207 2691 4283 primi
2713 4207 3198 4280 Paralipomenon
3231 4206 3650 4270 enucleatius
3683 4229 3776 4270 o-

2061 4304 2267 4361 tendit.

2672 4384 2903 4442 CAPUT
2948 4383 3092 4440 XVI.

2065 4488 2141 4540 De
2165 4480 2342 4552 studio
2371 4485 2897 4552 sanctorumfegum
2943 4489 3074 4552 erga
3119 4473 3386 4552 divinum
3439 4479 3686 4536 cultum
3729 4483 3780 4535 ει

2345 4545 2808 4612 remuneratione,
2825 4550 2875 4602 et
2908 4545 3150 4602 vindicta
3165 4545 3457 4616 plebium.

2137 4656 2526 4716 Nihilominus
2577 4653 2909 4724 ubicunque
2955 4651 3405 4710 ecclesiasticus
3456 4660 3680 4715 status
3722 4669 3780 4720 et

2067 4749 2298 4806 divinus
2328 4745 2521 4802 cultus
2551 4743 2902 4798 imminutus
2933 4744 3042 4808 est,
3073 4748 3173 4796 aut
3203 4741 3617 4814 annullatus,
3656 4747 3778 4803 zelo

2067 4843 2123 4896 et
2152 4837 2321 4893 modo
2353 4835 2504 4906 regis
2535 4832 2705 4888 Josiae
2737 4831 2808 4886 ad
2841 4829 3310 4902 recuperandum
3345 4836 3413 4886 et
3445 4833 3773 4892 vindicano

2069 4929 2208 4984 dum
2241 4924 2636 4995 accinguntur,
2656 4919 2866 4992 piaque
2899 4918 3206 4974 devotione
3235 4921 3621 4980 sacerdotes
3644 4927 3774 4996 ejus

2069 5005 2294 5062 etiamsi
2314 5019 2485 5058 suum
2503 4999 2789 5072 negligere
2811 4997 3069 5053 officium
3089 5013 3206 5054 non
3237 4995 3546 5072 timeant,
3572 5021 3772 5060 exem-

2072 5095 2166 5168 plo
2197 5091 2444 5149 Ezechiae
2470 5108 2482 5158 ;
2518 5088 2770 5143 humiles
2792 5087 2905 5159 piis
2927 5083 3183 5158 querelis
3205 5090 3261 5142 et
3289 5087 3778 5149 admotionibus

2072 5178 2501 5254 aggrediantur.
2535 5175 2629 5230 Sic
2658 5172 2812 5229 enim
2829 5173 2900 5228 de
2928 5171 3104 5228 illoin
3119 5171 3306 5228 altero
3339 5174 3776 5253 Paralipome-

2073 5287 2185 5325 non
2219 5268 2366 5322 libro
2397 5265 2716 5321 referturm
2752 5260 3026 5316 Ezechias
3048 5277 3204 5316 anno
3229 5265 3291 5316 et
3314 5277 3552 5322 mense
3589 5269 3776 5341 primo

2073 5356 2234 5429 regni
2263 5355 2378 5423 sui,
2411 5351 2638 5425 aperuit
2667 5349 2857 5406 valvas
2884 5350 3096 5404 domus
3127 5347 3400 5418 Domini,
3439 5358 3510 5408 et.
3543 5355 3777 5413 instau-

2073 5445 2218 5502 ravit
2246 5461 2373 5511 eas;
2421 5440 2776 5512 adduxitque
2806 5439 3140 5496 sacerdotes
3180 5443 3368 5510 atque
3405 5441 3697 5516 Levites,
3725 5450 3779 5502 et

2072 5531 2441 5609 congregavit
2469 5546 2568 5588 eos
2597 5529 2655 5585 in
2681 5526 2934 5604 plateam
2963 5524 3338 5597 orientalem,
3371 5529 3684 5612 dixitqce
3711 5535 3778 5594 ad

2072 5640 2170 5690 eos
2198 5639 2212 5686 ς
2243 5621 2450 5682 Audite
2479 5635 2591 5698 me,
2615 5617 2842 5693 Levita,
2861 5621 2920 5678 et
2939 5616 3436 5682 sanotiﬂoamini.
3453 5624 3779 5690 Mundate.
