3864 6382
78 484 235 548 1169

668 484 1074 549 ADVERSUS
1121 483 1593 549 SIMONIACOS
1638 479 1844 546 LIBRI
1887 480 2107 546 TRES.
2150 480 2486 544 -—LIBER
2528 479 2888 544 TERTIUS.

3321 477 3475 544 1170

74 625 177 677 aut
207 620 350 677 velle
393 624 601 693 potest,
661 621 771 675 nisi
824 625 889 676 ut
935 621 1287 677 contribules
1334 638 1473 678 suos
1518 622 1722 693 utique
1751 615 1807 683 Α
1836 616 2022 673 solum
2055 617 2195 690 quia
2226 616 2475 691 pecunia
2505 615 2900 674 sacerdotium
2932 612 3204 683 obtinuit,
3224 613 3326 670 sed
3342 613 3479 685 quia

73 711 439 765 Christianos
489 712 555 765 ad
610 710 885 781 gentilem
936 712 1111 766 ritum
1162 713 1472 767 transferat
1516 712 1717 783 :quod

74 805 229 855 certe
264 800 546 854 nefarium
588 805 645 854 et
683 800 1010 854 inauditum
1071 801 1260 856 scelus
1301 818 1426 856 esse
1469 807 1716 855 constat.

74 889 239 944 Unde
260 890 412 943 idem
435 890 611 944 Jason
640 906 752 943 non
777 891 1067 949 sacerdos,
1085 892 1181 943 sed
1200 890 1411 961 impius
1434 891 1718 959 arguitur,

72 979 441 1049 quonomine
488 996 749 1049 paganus
801 978 1027 1049 proprie
1050 979 1723 1049 ostenditunSimulque

75 1068 551 1137 consideraquod
577 1068 682 1121 hac
702 1068 889 1137 prima
914 1068 1340 1138 conspiratione
1366 1068 1722 1122 Simouiaco-

75 1174 231 1221 rum,
267 1156 533 1210 Antiochi
567 1156 1089 1221 scilicet,Jasouis,
1124 1161 1295 1227 atque
1330 1157 1591 1221 Menelai,
1627 1157 1723 1227 qui

20 1306 21 1311 η
76 1245 148 1298 de
184 1245 333 1299 tribu
386 1245 688 1314 Benjamin
723 1251 915 1309 natus,
953 1247 1215 1315 pawnnia
1259 1248 1492 1316 praefato
1524 1246 1721 1300 Jasoni

77 1352 381 1388 summum
419 1336 809 1388 sacerdotium
846 1340 1184 1397 extorserat,
1220 1336 1511 1403 octoginta
1544 1334 1726 1387 millia

72 1424 411 1477 Judzcorum
436 1424 489 1476 iu
509 1424 866 1477 Ilierusalem
888 1425 1445 1493 carsa,quallraginta
1464 1426 1579 1477 duo
1604 1424 1724 1477 mil-

75 1512 381 1586 liagincta
416 1513 740 1565 nouminus
767 1514 999 1565 fuerunt
1032 1514 1359 1566 venundata
1384 1515 1451 1581 ill
1475 1514 1641 1567 .lllll'll.
1672 1531 1721 1575 ν,

80 1601 189 1663 II}.
222 1602 382 1654 Tunc
416 1618 647 1671 quoque
679 1602 998 1655 Antiochus
1034 1602 1290 1655 Menelao
1328 1604 1565 1655 ductore
1599 1608 1724 1655 tan-

75 1706 256 1759 quam
290 1690 682 1743 Antichristus
732 1690 979 1745 ducibus
1026 1691 1397 1755 Simoniaeis,
1443 1690 1726 1760 templum

75 1780 233 1849 quod
264 1796 396 1832 cum
431 1780 948 1833 sacramentissuis
984 1780 1363 1849 portendebat
1385 1779 1728 1833 catholicam

76 1868 416 1933 Ecclesium,
461 1873 514 1922 et
560 1874 926 1923 sacramenta
956 1870 1082 1938 ejus
1132 1870 1455 1937 ingressus,
1509 1869 1729 1939 accepit

75 1956 281 2020 altare,
316 1973 558 2011 aureum
608 1958 1023 2012 candelabrum
1069 1957 1332 2025 luminis,
1374 1964 1429 2013 et
1461 1957 1730 2012 universa
1764 1987 1810 2051 B

75 2062 216 2099 vasa
247 2046 391 2112 ejus,
434 2063 698 2099 mensam
734 2047 1171 2117 prepositionis,
1211 2047 1497 2113 libatoria,
1534 2047 1719 2113 tialas,

20 2154 21 2165 π
78 2134 415 2188 mortariola
448 2152 643 2199 aurea,
680 2135 892 2199 velum,
930 2153 1193 2201 coronas,
1231 2140 1285 2189 et
1317 2141 1726 2189 ornamentum

78 2240 322 2278 aureum
360 2225 511 2293 quod
548 2225 601 2277 in
641 2224 780 2277 facie
814 2224 1013 2295 templi
1050 2226 1356 2295 pendebat,
1401 2230 1456 2279 et
1486 2223 1727 2279 commi-

20 2324 21 2335 ‘
79 2314 210 2367 nuit
230 2314 681 2381 omnia,jubens
705 2314 913 2367 deinde
939 2314 1220 2383 templum
1247 2315 1653 2377 contaminari,
1674 2316 1726 2367 et

76 2402 477 2471 cognominari
512 2403 671 2456 Jovis
703 2402 948 2473 tllympii
975 2406 1043 2470 (ll
1076 2404 1241 2457 .lluclz.
1265 2422 1338 2467 vx,
1363 2408 1437 2473 ἓξ).
1470 2405 1535 2457 Et
1562 2420 1725 2457 acce-

78 2493 168 2563 pit
200 2497 505 2560 argentum
538 2498 593 2544 et
626 2509 855 2555 aurum,
892 2500 946 2545 et
979 2510 1112 2545 vasa
1144 2493 1639 2563 coucupiseibilia,
1674 2496 1728 2545 et

20 2600 21 2623 ῖ
78 2582 387 2635 thesauros
416 2581 673 2634 occultos
706 2599 852 2651 quos
885 2581 1120 2645 invenit,
1156 2588 1211 2636 et
1249 2582 1496 2636 sublatis
1538 2581 1723 2635 omni-

20 2680 21 2711 i
78 2671 193 2723 bus
225 2670 365 2723 abiit
396 2669 453 2722 in
489 2675 699 2723 terram
721 2688 907 2724 suam.
942 2678 1073 2733 Quae
1100 2672 1298 2736 utique
1323 2670 1726 2741 singulaillius

77 2758 284 2829 templi
334 2765 676 2812 ornamenta
728 2761 1176 2829 prmiigurabant
1222 2762 1485 2817 Eeclesim
1538 2781 1726 2818 sacra-

82 2854 299 2911 menta,
334 2849 484 2902 sicut
514 2849 966 2903 orthodoxorum
1001 2855 1227 2920 patrum
1263 2852 1611 2922 multiplicia
1644 2859 1724 2908 te-

82 2941 314 2992 stantur
361 2938 596 3007 scripta.
635 2939 711 2991 lix
745 2939 957 3007 quibus
991 2946 1399 2995 ornamentum
1444 2942 1584 2995 illud
1620 2961 1725 2996 au-

81 3042 249 3080 reum
281 3028 432 3096 quod
468 3026 523 3079 iu
560 3027 700 3081 facie
730 3028 927 3097 templi
969 3034 1111 3095 erat,
1146 3030 1380 3084 titulum
1433 3033 1585 3093 ti-lei,
1616 3050 1729 3102 qua

85 3120 266 3168 Deum
299 3134 426 3169 esse
458 3116 889 3183 cognoscimus,
916 3124 969 3171 et
995 3135 1109 3188 qua
1136 3120 1204 3172 ad
1240 3120 1419 3173 Deum
1458 3120 1726 3187 intratur,

84 3201 281 3266 aperte
315 3196 698 3264 signiﬁcabat.

161 3288 293 3347 Qua:
327 3285 579 3354 profecto
612 3302 712 3355 per
742 3285 1039 3340 haereticos
1072 3289 1141 3341 ab
1189 3290 1542 3343 Antichristo
1574 3308 1729 3345 com-

1827 707 2064 779 insuper
2090 725 2257 762 sacra
2286 713 2506 771 vasa,et
2527 705 2950 778 supellectilem
2974 704 3299 762 sanctuarii
3321 704 3473 761 furto

1828 797 2183 867 exportavit;
2220 798 2373 867 quod
2408 796 2601 851 scelus
2644 795 3115 851 Limoniacorum
3158 793 3477 867 specialius

1830 902 1955 940 esse
1985 903 2153 939 nemo
2188 886 2448 955 ambigit.
2484 887 2606 939 Non
2643 885 2833 940 solum
2869 885 3025 939 enim
3078 883 3477 940 sacerdotium

1832 980 2089 1044 emptum
2138 975 2218 1028 ire
2268 975 2706 1045 aggrediuntur,
2740 969 2839 1028 sed
2872 974 3161 1045 quidquid
3211 973 3480 1029 ecclesiis

1834 1062 1933 1116 Dei
1957 1080 2260 1133 superesse
2283 1064 2787 1134 potuitdiripiunt,
2810 1069 2866 1118 et
2888 1065 3178 1121 furantur.
3213 1064 3328 1118 Nec
3350 1080 3483 1118 ven-

1836 1152 1993 1205 ditur
2042 1168 2270 1221 quoque
2321 1152 2647 1222 impunitus
2691 1153 2893 1220 evasit,
2936 1153 3033 1224 qui
3066 1151 3386 1207 insanabili
3421 1154 3480 1207 et

1836 1240 2112 1293 invisibili
2170 1239 2337 1311 plaga
2376 1258 2707 1310 percussus,
2738 1241 3031 1297 vermibus
3061 1244 3477 1312 consumptus,

1836 1332 2010 1398 atque
2028 1330 2202 1381 fetore
2226 1330 2495 1382 exercitui
2520 1330 2648 1399 ejus
2669 1330 2895 1401 sibique
2914 1329 3263 1385 intolerabili
3284 1329 3474 1401 reple—

1836 1423 1951 1481 tus,
1989 1433 2223 1487 peregre
2248 1417 2564 1470 miserabili
2593 1418 2750 1472 obitu
2782 1423 2869 1473 est
2889 1420 3196 1474 defunctus
3224 1418 3286 1473 in
3313 1435 3476 1473 mon-

1836 1506 2015 1571 tibus,
2071 1511 2130 1558 ut
2180 1510 2321 1575 puta
2360 1510 2533 1575 typus
2576 1507 2705 1575 ejus
2746 1523 2918 1577 quem
2964 1507 3021 1561 in
3054 1510 3247 1561 monte
3279 1510 3477 1562 sancto

1829 1595 1998 1663 juxta
2034 1594 2287 1649 Itanielis
2320 1595 2706 1666 prophetiam,
2741 1595 2951 1667 spiritu
2996 1595 3112 1651 oris
3142 1594 3233 1651 sui
3262 1595 3480 1651 interﬁ-

1838 1685 1947 1739 ciet
1979 1686 2263 1738 Dominus
2291 1686 2486 1739 Jesus.

2449 1793 2685 1849 CAPUT
2735 1792 2877 1847 XIX.

1842 1883 1955 1949 Qua
1967 1880 2094 1936 lilcr
2116 1884 2221 1951 ipsi
2248 1882 2546 1936 sacerdotes
2570 1882 2667 1936 sub
2700 1883 2813 1953 lege
2830 1884 3269 1938 communionem
3286 1885 3485 1954 impio-

1911 1970 2037 2035 rum
2082 1957 2446 2021 m’tavcrz‘nt,et
2493 1956 2560 2008 ab
2605 1956 2685 2009 eis
2737 1956 3111 2010 contaminata
3148 1956 3481 2027 puri/imre-

1912 2034 2047 2079 rint.

1908 2136 2045 2187 Ecce
2068 2136 2124 2187 et
2137 2132 2217 2186 sic
2232 2133 2524 2206 perierunt
2538 2136 2673 2187 tunc
2692 2133 3229 2206 pseudoprophetis,
3244 2138 3482 2205 etpseu-

1837 2222 2114 2277 doehristi
2163 2221 2628 2277 Simoniacorum
2688 2223 2865 2277 etiam
2920 2223 3028 2277 sub
3080 2224 3290 2278 umbra
3331 2222 3478 2295 legis

1837 2311 2041 2381 Moysi,
2077 2317 2428 2382 putamuan
2450 2312 2699 2383 qualiter
2728 2316 2975 2382 pereunt
3004 2329 3160 2366 nunc
3192 2313 3301 2366 sub
3332 2311 3478 2367 veri-

1837 2405 1953 2454 tate
1980 2400 2266 2471 Evangelii
2290 2402 2428 2455 Jesu
2452 2401 2713 2455 Christi?
2734 2401 2991 2463 Quorum
3012 2400 3483 2456 communionem

1838 2495 2056 2559 quanto
2090 2507 2331 2543 suorum
2364 2507 2674 2560 corporum
2708 2490 2984 2561 periculo,
3022 2490 3485 2560 facultatumque

1835 2578 2535 2649 diSpendio.Mathathias
2564 2583 2621 2633 et
2652 2578 2753 2634 lilii
2775 2581 2901 2650 ejus
2924 2578 3189 2636 nonnulli
3212 2579 3310 2636 alii
3332 2579 3487 2635 devi-

1837 2672 1984 2726 tant.
2004 2670 2059 2721 in
2084 2669 2247 2723 libris
2269 2670 2729 2724 Machabmorum
2754 2687 3101 2742 cognoscere
3124 2668 3485 2742 possuntqui

1837 2758 2449 2828 volucriut.Siquidem
2469 2758 2645 2812 multa
2661 2760 2965 2814 hominum
2980 2759 3163 2815 millia
3176 2758 3487 2830 utriusque

1836 2862 2008 2899 sexus
2042 2864 2153 2899 non
2185 2852 2414 2900 tantum
2449 2847 2505 2900 in
2539 2848 2889 2915 civitatibus,
2920 2865 3121 2903 verum
3154 2849 3290 2904 etin
3313 2866 3480 2905 mon-

1838 2935 1989 2987 tanis
2005 2935 2151 2989 etsol
2166 2936 2173 2987 i
2188 2936 2488 2991 tudinibus
2502 2936 2752 3007 glorioso
2774 2942 2909 2992 tunc
2928 2938 3207 3010 martyrio
3228 2955 3330 3011 pro
3352 2937 3480 3011 lege

1839 3024 1935 3078 Dei
1972 3042 2147 3094 quam
2182 3025 2446 3079 zelabant
2474 3031 2748 3080 coronata
2771 3031 2931 3083 sunt.
2965 3030 3088 3093 Quo
3111 3027 3231 3083 zelo
3254 3018 3484 3084 Mathe-

1838 3114 1992 3167 thias
2026 3131 2256 3185 quoque
2294 3116 2564 3170 sacerdos
2594 3119 2650 3170 et
2690 3115 2792 3171 ﬁlii
2834 3118 2963 3187 ejus
2997 3116 3278 3188 quinque.
3310 3116 3487 3172 relin-

1841 3208 2083 3273 quentes
2118 3220 2480 3275 quaecunque
2514 3205 2805 3260 habebant
2828 3207 2887 3260 in
2921 3207 3173 3274 civitate,
3206 3206 3486 3282 fugerunt

1843 3292 1899 3345 iu
1933 3297 2155 3346 montes
2182 3298 2239 3347 et
2260 3299 2625 3348 secesserunt
2645 3294 2701 3347 iu
2728 3295 3019 3349 desertum
3048 3295 3262 3362 locum;
3286 3293 3482 3366 ibique

88 3373 319 3428 minuta
363 3378 418 3426 et
468 3373 773 3443 captivata,
808 3374 864 3427 in
898 3377 1356 3431 comminutione
1388 3384 1441 3432 et
1482 3380 1728 3449 eaptiva-
1761 3353 1803 3419 (ἶ
1844 3379 1997 3433 inter
2027 3382 2177 3435 feras
2208 3382 2381 3435 vitam
2418 3381 2475 3436 in
2500 3383 2799 3438 montibus
2820 3384 3084 3454 agebant,
3118 3387 3173 3437 et
3204 3382 3318 3437 feni
3349 3383 3479 3438 cibo

86 3463 246 3517 tione
289 3460 445 3516 illius
492 3464 816 3517 ornamenti
854 3464 1009 3519 aurei
1046 3472 1562 3536 prmmonstratur;
1614 3485 1730 3538 qua

85 3550 380 3621 captivata
413 3551 637 3621 repellit
664 3553 940 3606 Dominus
965 3556 1401 3609 tabernaculum
1429 3575 1602 3611 suum
1632 3556 1729 3611 ubi

87 3640 370 3695 habitavit
400 3638 456 3692 in
492 3639 849 3705 hominibus,
875 3642 1227 3713 tradiditque
1252 3646 1307 3697 in
1338 3646 1731 3716 captivitatem

87 3729 363 3783 virtutem
387 3744 610 3791 eorum,
633 3730 1199 3800 etpulchritudinmu
1220 3751 1419 3787 eorum
1448 3736 1502 3789 in
1522 3754 1732 3792 manus

87 3816 336 3883 inimici,
388 3822 445 3871 et
475 3818 771 3872 concludit
802 3820 858 3872 in
900 3821 1089 3890 gladio
1124 3822 1401 3893 populum
1451 3842 1644 3892 suum,
1680 3832 1736 3881 et

85 3908 485 3963 hazreditatem
521 3925 686 3964 suam
722 3910 964 3980 spernit.
989 3912 1239 3965 Juvencs
1262 3930 1463 3967 eorum
1487 3916 1738 3970 comedit

87 3997 267 4068 ignis,
303 4001 359 4050 et
391 3996 641 4066 virgines
665 4015 865 4051 eorum
891 4016 1002 4053 non
1026 3998 1439 4056 lamentantur.
1466 4004 1738 4058 Sacerdo-

82 4091 178 4139 tes
209 4101 409 4140 eorum
447 4086 503 4138 in
558 4084 751 4156 gladio
784 4088 1017 4151 cadunt,
1061 4095 1113 4141 et
1144 4090 1329 4143 viduae
1374 4108 1573 4145 eorum
1624 4111 1737 4147 non

89 4173 401 4246 plorantur
449 4176 615 4241 (l’sul.
661 4178 891 4245 axxvu),
941 4182 1029 4245 tit),
1062 4180 1174 4247 (Si).
1222 4182 1335 4233 Cur
1383 4179 1527 4235 hoc?
1574 4182 1738 4249 Quia,

91 4262 421 4318 secundum
442 4262 1210 4333 lamentantemJeremiam,
1233 4268 1441 4338 repulit
1460 4270 1743 4326 Dominus

91 4352 540 4407 tabernaculum
575 4370 772 4422 suum,
798 4353 1099 4409 maledixit
1131 4359 1575 4413 sanetilicationi
1627 4378 1743 4414 sua)

90 4442 317 4512 (Τὴν-οη.
352 4458 413 4507 ιι,
445 4443 519 4511 7).
548 4442 707 4496 Unde
732 4460 833 4497 nec
855 4443 1048 4515 ipsum
1074 4447 1357 4516 templum
1380 4449 1505 4517 jam
1530 4466 1744 4519 cogno—

90 4529 357 4584 minatur
407 4530 661 4597 Domini,
714 4533 815 4586 sed
859 4533 1016 4587 Jovis
1049 4533 1322 4605 Olympii,
1360 4541 1417 4589 ut
1461 4538 1748 4592 indicetur

90 4618 346 4691 principi
391 4620 540 4674 aeris
590 4621 768 4691 hujus
799 4622 1043 4676 cessisse
1094 4623 1381 4694 quidquid
1430 4626 1744 4682 visibilium

1840 3472 2135 3524 vescentes
2167 3470 2639 3534 demorabantur,
2672 3487 2743 3525 ne
2775 3471 3082 3542 participes
3114 3475 3310 3528 essent
3330 3470 3484 3527 coin-

1843 3558 2220 3627 quinationis.
2258 3563 2323 3611 Et
2355 3559 2407 3611 in
2433 3576 2544 3629 quo
2578 3560 2702 3629 jam
2739 3559 2830 3614 isti
2862 3559 3049 3613 adhuc
3082 3560 3139 3615 in
3168 3558 3482 3616 Judaismo

1847 3650 1964 3705 min
1976 3666 2042 3703 us
2061 3647 2279 3701 sanctis
2293 3648 2559 3701 l’atribus
2580 3648 2799 3702 nostris
2814 3647 3489 3704 iuChristianismocom-

1847 3738 2184 3793 munionem
2237 3736 2641 3790 luereticorum
2688 3736 2993 3791 vitarunt?
3040 3736 3225 3792 Simul
3260 3753 3491 3809 qquue

1846 3827 2288 3883 consideremus
2320 3826 2473 3895 quia,
2507 3826 2692 3879 donec
2724 3826 3111 3880 sacerdotium
3152 3825 3490 3881 Judaeorum

1848 3916 2051 3988 viguit,
2086 3914 2247 3968 nulla
2280 3913 2551 3969 utensilia
2572 3914 2657 3970 vel
2692 3913 2933 3986 pecunia
2965 3913 3166 3986 templi
3208 3912 3491 3985 angelicis

1849 4004 2108 4061 excubiis
2138 4002 2359 4057 defensi
2392 4007 2627 4072 potuere
2657 4002 2829 4073 diripi
2852 4007 2952 4058 aut
2975 4002 3249 4073 captivari
3279 4019 3492 4075 quam-

1852 4094 1938 4148 vis
1966 4094 2020 4148 id
2052 4093 2344 4146 obstinato
2377 4092 2573 4146 animo
2605 4092 2948 4147 Heliodorus
2980 4093 3089 4148 sub
3120 4091 3269 4148 Onia
3300 4091 3491 4163 ponti-

1855 4184 1959 4237 fice
1996 4197 2308 4253 aggressus
2355 4180 2547 4235 fuerit.
2599 4180 2761 4245 Quod
2819 4180 2943 4236 sine
2990 4180 3189 4252 aliqua
3241 4180 3497 4236 vindicta

1854 4276 2079 4327 constat
2125 4275 2263 4324 tunc
2294 4272 2561 4324 effectum
2608 4271 2679 4324 ob
2730 4269 3119 4325 sacerdotium
3171 4269 3496 4340 venditum,

1856 4360 1945 4416 vel
1981 4377 2011 4413 a
2041 4375 2151 4413 non
2183 4376 2291 4413 sua
2320 4359 2594 4413 tribu.....
2633 4358 2742 4413 fuit
2769 4358 3212 4430 prmsumptum.

1930 4449 2043 4503 Nec
2089 4446 2287 4501 minus
2326 4446 2817 4501 considerandum
2849 4446 3019 4501 estin
3065 4446 3211 4501 facto
3242 4444 3501 4517 legitimo

1860 4537 2229 4593 sacerdotum
2250 4534 2406 4589 illius
2426 4534 2703 4606 temporis
2725 4539 2943 4605 quanto
2962 4533 3154 4589 studio
3172 4536 3229 4588 et
3249 4533 3502 4605 qualiter

1860 4645 1893 4682 a
1924 4623 2222 4681 catholicis
2255 4625 2539 4696 expianda
2570 4628 2723 4691 sunt,
2757 4641 2881 4694 qua:
2914 4622 3315 4678 contaminata
3342 4622 3498 4677 inve-

87 4713 596 4765 sacramentorum
616 4710 670 4763 iu
699 4710 795 4765 illo
820 4711 1043 4765 solebat
1062 4728 1188 4767 esse
1214 4714 1465 4781 Domini,
1492 4716 1746 4771 sedtanti
1783 4726 1825 4789 ι)
1861 4714 2054 4770 nerint
2083 4714 2156 4768 ab
2187 4713 2492 4768 haereticis.
2528 4713 2621 4767 Sic
2652 4711 2807 4767 enim
2838 4711 2982 4766 inibi
3013 4711 3295 4767 docemur
3324 4726 3502 4783 super

89 4801 298 4852 auctor
328 4797 564 4852 sceleris
592 4798 793 4864 Jason,
824 4816 857 4853 a
888 4799 1146 4854 Menelao
1177 4801 1455 4871 expulsus
1487 4805 1747 4859 sacerdo-

88 4886 197 4953 tio,
232 4884 462 4957 fugiens
486 4887 556 4941 de
586 4887 818 4942 civitate
850 4887 908 4941 in
941 4886 1258 4955 civitatem,
1282 4892 1557 4946 omnibus
1589 4893 1747 4948 odio-

90 4990 222 5042 sus,
256 4979 322 5029 ut
363 4976 565 5046 refuga
596 4976 787 5046 legum
822 4978 1220 5041 exsecrabilis,
1253 4984 1317 5032 ut
1361 4981 1554 5049 patria:
1586 4986 1641 5035 ot
1671 4981 1748 5035 ci-

88 5063 256 5117 vium
289 5062 463 5131 hosti,
493 5069 550 5119 et
580 5065 679 5136 qui
705 5064 921 5119 multos
952 5066 1022 5119 de
1046 5066 1233 5136 patria
1251 5067 1557 5137 expulerat
1586 5086 1747 5141 pere-

87 5168 198 5225 gre
252 5153 463 5223 periit;
511 5158 568 5209 et
607 5154 705 5224 qui
755 5153 1080 5225 insepultos
1126 5156 1415 5223 abjecerat
1450 5157 1663 5213 multos
1694 5163 1751 5213 et

95 5242 225 5313 ipse
258 5239 677 5307 illamentatus,
701 5246 757 5296 et
784 5242 1113 5313 insepultus
1131 5242 1420 5311 abjicitur,
1446 5245 1749 5316 sepultura

98 5345 291 5399 neque
315 5331 617 5401 peregrina
640 5348 999 5401 usus,neque
1022 5332 1207 5401 patrio
1232 5331 1499 5401 sepulcro
1515 5336 1748 5405 partici-

95 5435 268 5488 pans.
290 5418 471 5488 Cujus
494 5419 1367 5490 supplantatorMenelaus,post
1387 5423 1599 5475 easdem
1622 5440 1749 5478 san-

94 5505 317 5560 tissimi
350 5508 665 5562 sacerdotis
688 5508 848 5563 Onize
870 5508 1232 5579 aliorumque
1260 5508 1579 5564 multorum
1613 5530 1747 5567 san-

94 5600 351 5662 ctorum,
385 5612 418 5649 a
450 5597 625 5651 fratre
657 5613 763 5651 suo
798 5596 1141 5668 Lysimacho
1176 5596 1605 5667 supplantatur,
1632 5618 1745 5655 non

97 5682 290 5739 multo
322 5687 453 5753 post
473 5684 641 5753 juxta
662 5686 929 5740 aerarium
954 5684 1153 5755 templi
1180 5685 1459 5739 seditione
1482 5688 1744 5745 s:eculari

94 5772 471 5842 interempto.
488 5774 669 5838 Quem
682 5774 1029 5844 sacrilegum
1056 5774 1352 5845 Scriptura
1374 5777 1608 5847 astruit,
1628 5795 1742 5833 non

1859 4806 1950 4860 his
1987 4823 1998 4860 :
2033 4827 2061 4853 «
2094 4804 2325 4876 ElegitJ
2333 4804 2477 4858 udas
2501 4803 2825 4858 sacerdotes
2848 4803 2973 4858 sine
2996 4800 3501 4857 maculavolunta-

1860 4900 1971 4949 tem
1998 4892 2279 4947 habentes
2305 4892 2362 4946 in
2386 4891 2509 4962 lege
2523 4892 2642 4948 Dei.
2666 4895 2733 4946 Et
2755 4891 3185 4946 mandaverunt
3203 4893 3428 4960 sancta,
3449 4893 3508 4946 et

1859 4982 2121 5037 tulerunt
2149 4980 2370 5052 lapides
2401 4980 2915 5036 contaminationis
2944 4978 3002 5034 in
3028 4978 3222 5034 locum
3251 4979 3506 5035 immun-
3586 5052 3595 5058 ἢ

1860 5072 2023 5126 dum.
2051 5074 2113 5123 Et
2131 5069 2401 5140 cogitavit
2416 5071 2487 5125 de
2506 5069 3348 5141 altariholocaustorum,quod
3372 5086 3509 5141 pro-

1861 5160 2181 5231 phanatum
2217 5162 2357 5225 erat,
2384 5158 2524 5230 quid
2558 5160 2627 5213 de
2657 5176 2722 5214 eo
2755 5159 2986 5214 faceret.
3028 5159 3100 5212 Et
3137 5156 3346 5212 incidit
3391 5156 3510 5213 illis
3558 5144 3567 5147 ’

1860 5248 2171 5303 consilium
2232 5249 2471 5311 bonum,
2500 5254 2563 5302 ut
2618 5249 2991 5303 destruerent
3038 5246 3206 5311 illud,
3247 5262 3318 5301 ne
3363 5245 3508 5300 forte

1859 5341 2014 5391 esset
2049 5337 2162 5390 illis
2216 5337 2270 5389 in
2323 5337 2727 5408 opprobrium,
2780 5337 2921 5407 quia
2978 5334 3510 5390 contaminaverant

1857 5425 2001 5479 illud
2029 5430 2273 5495 gentes;
2309 5430 2366 5479 et
2400 5426 2663 5480 demoliti
2688 5430 2827 5481 sunt
2854 5424 3018 5491 illud,
3038 5428 3095 5478 et
3120 5424 3507 5492 reposuerunt

1857 5513 2082 5583 lapides
2134 5513 2192 5567 in
2228 5521 2421 5567 monte
2454 5516 2666 5569 domus
2699 5515 2756 5568 in
2785 5513 2908 5568 loco
2940 5515 3070 5581 apto
3120 5508 3506 5580 quoadusque

1854 5600 2075 5655 veniret
2107 5601 2391 5672 propheta
2421 5608 2478 5657 et
2511 5604 2883 5675 responderet
2912 5600 2983 5653 de
3014 5597 3118 5651 eis.
3152 5598 3223 5652 Et
3253 5602 3504 5670 purgato

1855 5696 1907 5744 te
1918 5689 2094 5760 mplo,
2111 5697 2460 5761 acceperunt
2476 5691 2695 5762 lapides
2711 5692 2961 5760 integros
2974 5686 3300 5742 secundum
3315 5684 3502 5759 legem

1853 5781 1908 5835 et
1936 5778 2367 5834 {editicaverunt
2398 5779 2575 5834 altare
2599 5794 2807 5835 novum
2831 5775 3153 5832 secundum
3172 5773 3321 5830 illud
3346 5775 3499 5848 quod
