3864 6370
403 462 552 534 11⁸71

1445 475 1852 542 HUMBERTI
1897 477 1960 540 S.
2010 477 2082 539 R.
2128 476 2198 539 E.
2245 473 2731 542 CARDINALIS.

3739 475 3843 536 “7:

401 607 591 667 fuerat
620 611 801 686 prius,
835 607 892 671 et
921 611 1346 670 cediﬁcaverunt
1386 613 1603 678 sancta,
1635 615 1692 665 et
1721 627 1846 681 qua:
1877 608 2029 664 intra
2058 613 2110 677 Α
2139 615 2502 666 sacramenta
2517 611 2849 676 denudavit,
2868 625 3076 668 eorum
3099 606 3567 667 sacerdotium
3599 623 3840 664 cumam

401 697 612 753 domus
634 701 1004 766 intrinsecus,
1038 707 1092 755 et
1129 699 1328 762 mdem,
1361 704 1417 753 et
1447 697 1594 752 atria
1631 697 2027 752 sanctiﬁeave-

401 790 556 840 runt.
604 789 670 842 Et
715 790 972 843 fecerunt
1017 805 1152 842 vasa
1190 805 1350 841 sacra
1397 803 1560 853 nova,
1611 791 1665 840 et
1712 785 2032 839 intulerunt

401 875 812 930 candelabrum
845 881 900 930 et
943 876 1116 929 altare
1149 877 1538 939 incensorum,
1571 879 1627 928 et
1663 891 1924 930 mensam
1969 873 2027 926 in

399 963 637 1034 templo,
671 969 726 1019 et
757 967 1054 1019 incensum
1089 970 1402 1034 posuerunt
1436 980 1609 1034 super
1631 963 1830 1024 altare,
1855 967 1911 1014 et
1935 977 2028 1015 ac-

402 1053 720 1106 cenderunt
750 1054 1014 1106 lucernas
1045 1071 1171 1123 quae
1193 1071 1366 1124 super
1397 1051 1809 1107 candelabrum
1843 1055 2024 1113 erant,

401 1147 453 1194 el
482 1140 752 1196 lucebunt
783 1142 837 1194 in
877 1141 1107 1211 templo.
1129 1143 1195 1195 Et
1219 1145 1537 1212 posuerunt
1559 1157 1732 1210 super
1765 1154 2022 1192 mensam

399 1245 575 1299 panes
609 1230 1037 1300 propositionis,
1070 1233 1122 1283 et
1155 1230 1555 1300 appenderunt
1586 1228 1728 1292 vela,
1763 1243 2029 1280 consum-

399 1318 686 1388 matisque
717 1319 990 1372 omnibus
1021 1323 1152 1372 ante
1178 1317 1525 1370 matutinum
1550 1318 1944 1378 surrexerunt,
1975 1318 2031 1367 et

395 1405 464 1460 de
488 1405 684 1475 ignitis
712 1405 1002 1476 lapidibus
1027 1406 1155 1475 igne
1179 1411 1450 1475 concepto
1497 1403 1830 1458 obtulerunt
1851 1402 2029 1455 sacri-

397 1487 592 1548 ficium
619 1496 940 1548 secundum
958 1493 1139 1561 legem
1163 1509 1337 1562 super
1355 1491 1532 1546 altare
1560 1491 2027 1545 holocaustorum

395 1599 612 1637 novum
666 1583 817 1654 quod
855 1582 1110 1636 fecerunt
1140 1583 1186 1651 (1
1213 1581 1378 1634 .llarh.
1429 1597 1502 1642 ιν,
1556 1581 1754 1645 42-50).
1806 1578 2028 1640 Quibus

396 1669 563 1737 actis,
587 1671 870 1740 rogabant
891 1669 1196 1724 Dominum
1217 1668 1482 1739 prostrati
1503 1668 1559 1720 in
1577 1671 1886 1729 terram,nc
1907 1682 2030 1720 am-

396 1758 551 1830 plius
569 1758 737 1812 malis
760 1757 974 1812 talibus
997 1758 1331 1820 inciderent,
1355 1758 1476 1820 sed,
1496 1761 1549 1808 et
1579 1756 1624 1809 si
1649 1755 1880 1825 quando
1903 1771 2031 1824 pec-

397 1852 647 1915 cassent,
695 1853 757 1902 ut
805 1848 874 1901 ab
919 1847 1044 1918 ipso
1096 1847 1294 1900 mitius
1339 1845 1788 1914 corriperentur,
1831 1847 2030 1896 etnon

397 1935 756 2006 blasphemis
781 1935 1152 1990 antbarbaris
1167 1934 1498 1988 nationibus
1516 1933 2032 1996 traderentur.Qua

397 2023 490 2079 die
521 2028 715 2078 autem
753 2023 1030 2094 templum
1059 2024 1126 2077 ab
1145 2021 1484 2092 alienigenis
1509 2020 1794 2091 pollutum
1824 2020 2026 2084 fuerat,

397 2111 636 2184 contigit
655 2113 853 2166 eadem
869 2112 958 2166 die
977 2111 1378 2182 purgationem
1401 2109 1519 2164 ﬁeri
1538 2109 1811 2163 vicesima
1825 2107 2027 2178 quinta

397 2201 528 2256 novi
565 2201 780 2256 mensis
813 2200 1034 2262 Caslen,
1059 2205 1114 2254 ct
1135 2216 1264 2253 eum
1293 2199 1489 2252 lietitia
1518 2198 1724 2252 diebus
1745 2201 1872 2251 octo
1897 2211 2024 2266 ege-

397 2293 535 2344 runt
567 2289 623 2342 in
675 2289 910 2342 modum
961 2287 1484 2342 tabernaculorum.
1537 2287 1606 2340 Et
1653 2287 2028 2340 decreverunt

396 2375 690 2432 communi
710 2381 984 2447 przecepto
1007 2381 1063 2430 et
1083 2375 1306 2429 decreto
1321 2375 1596 2428 universaa
1623 2372 1779 2443 genti
1797 2372 2025 2426 Judzeo-

396 2481 526 2520 rum
542 2464 814 2520 omnibus
831 2465 997 2518 annis
1021 2465 1305 2534 agendum
1334 2481 1431 2534 per
1451 2463 1572 2516 dies
1587 2463 1950 2532 octo(ll1llac.
1966 2477 2020 2524 x,

395 2554 446 2620 4,
471 2554 547 2622 8),
580 2555 648 2608 Et
675 2557 1024 2607 ornaverunt
1048 2552 1248 2606 faciem
1283 2551 1479 2622 templi
1514 2550 1738 2605 coronis
1762 2550 1950 2604 aureis
1969 2554 2023 2604 ct

392 2641 660 2708 scutulis,
696 2645 750 2694 et
773 2641 1182 2695 dedicaverunt
1208 2645 1403 2710 portas
1421 2643 1475 2694 et
1496 2638 1808 2710 pastol'nria
1825 2643 1880 2691 et
1909 2638 2021 2692 im-

393 2734 712 2802 posuerunt
742 2731 825 2784 eis
850 2731 1082 2799 januas,
1117 2734 1172 2782 et
1203 2730 1348 2783 facta
1378 2731 1464 2782 est
1497 2727 1690 2780 laetitia
1722 2726 1777 2779 in
1811 2725 2020 2796 populo

391 2835 604 2889 magna
632 2817 816 2872 valde.
854 2822 920 2871 Et
949 2833 1213 2871 aversum
1245 2821 1333 2871 est
1361 2815 1732 2887 opprobrium
1758 2814 2020 2885 gentium

393 2909 439 2976 (Ι
468 2909 596 2961 Illac.
622 2923 698 2972 ιν,
719 2907 809 2969 57,
830 2907 940 2972 58),
970 2904 1379 2976 nquaslcgalis
1401 2904 1618 2957 umbra:
1643 2902 1824 2956 lineas
1846 2919 2020 2956 evan-

393 2994 577 3066 gelica
606 2997 759 3048 recto
782 2993 925 3063 pede
948 2993 1222 3063 resculpit
1243 2992 1469 3056 veritas,
1492 2991 1632 3044 dum
1657 3007 1798 3061 pene
1819 2991 2020 3044 eodem

395 3081 567 3136 modo
599 3079 864 3135 catholici
896 3084 1089 3151 patres
1131 3097 1231 3151 pro
1262 3096 1320 3134 re
1351 3085 1406 3133 et
1436 3079 1714 3148 temporis
1753 3078 1843 3132 sui
1877 3095 2020 3149 qua-

394 3168 555 3224 litate
585 3168 817 3239 expiant
847 3169 1266 3222 contaminatas
1298 3169 1367 3222 ab
1401 3167 1682 3220 luereticis
1712 3165 2018 3232 ecclesias;

397 3259 548 3330 quod
582 3257 760 3312 studii
791 3257 970 3311 nostri
999 3257 1107 3311 erit
1137 3257 1248 3310 alio
1280 3255 1402 3312 loco
1433 3259 1488 3310 et
1516 3254 1876 3310 evidentibus
1923 3257 2020 3310 de~

399 3349 725 3402 monstrare
751 3344 1049 3416 exemplis.

469 3471 734 3525 Attamen
766 3473 822 3524 et
853 3468 992 3523 illud
1022 3468 1253 3523 interim
1287 3468 1684 3523 consideretur
1713 3466 1865 3538 quod
1895 3470 2028 3522 ante

397 3559 648 3630 primam
702 3557 1091 3629 captivitatem
1137 3558 1246 3612 sub
1297 3555 1715 3622 sacerdotibus,
1760 3554 2026 3626 quamvis

395 3645 558 3702 male‘
596 3646 942 3712 viventibus,
977 3663 1079 3700 nec
1111 3646 1290 3701 altare
1336 3643 1584 3709 Domini,
1619 3660 1720 3698 nec
1753 3641 2024 3698 utensilia

394 3736 542 3806 ejus,
579 3734 840 3806 necignis
861 3734 978 3790 sint
1001 3733 1536 3805 pcnitusinnovata,
1571 3733 1671 3786 sed
1693 3733 1764 3787 ab
1787 3730 2022 3786 idolola-

391 3824 513 3880 triae
564 3823 853 3889 sordibus,
904 3821 1260 3894 reliquisque
1302 3819 1893 3877 contaminationibus
1923 3835 2024 3890 per

393 3928 602 3966 manus
632 3909 1023 3982 legitimorum
1048 3911 1411 3965 sacerdotum
1437 3909 1560 3964 sola
1573 3925 1725 3979 aqua
1745 3907 2018 3979 expiatio-

391 3999 485 4054 nis
516 3997 837 4070 purificata.
872 3999 1032 4064 Quod
1065 4015 1234 4053 secus
1267 3999 1480 4052 factum
1511 4014 1638 4052 esse
1681 3999 1810 4068 post
1846 3995 2020 4066 capti-

388 4085 627 4142 vitatem
658 4085 956 4140 occasione
973 4086 1275 4140 sacerdotii
1298 4084 1516 4140 venalis
1537 4082 1806 4154 superius
1822 4085 2017 4137 osten-

390 4173 572 4239 ditur,
605 4172 662 4226 in
697 4176 921 4227 tantum
943 4177 1006 4227 ut
1024 4172 1244 4244 lapides
1265 4190 1495 4244 quoque
1517 4171 1698 4227 sancti
1723 4171 2017 4242 quondam

391 4259 739 4317 altarisinde
753 4259 957 4314 remoti
974 4261 1204 4326 fuerint;
1223 4261 1489 4332 ignisque
1505 4277 1686 4314 novus
1705 4261 2018 4329 conceptus

389 4365 459 4406 ex
489 4348 686 4421 ignitis
718 4346 1429 4420 lapidibusfuitUlMacnx.
1453 4351 1676 4420 3),cum
1701 4347 2016 4402 asacerdo-

387 4437 468 4494 tio
487 4443 674 4492 Aaron
691 4454 875 4508 usque
897 4437 966 4492 ad
991 4438 1553 4509 perﬁdumJasonem
1573 4436 1722 4507 ignis
1745 4435 1816 4490 ab
1836 4433 2015 4490 altare

385 4527 858 4584 holocaustorum
908 4544 1020 4582 non
1079 4527 1370 4593 defecerit,
1420 4543 1522 4580 nec
1562 4523 2015 4579 abominandum

383 4615 605 4671 idolum
628 4612 1000 4670 desolationis
1021 4631 1195 4686 super
1217 4613 1356 4668 illud
1391 4629 1590 4686 regum
1611 4612 1920 4684 quisquam
1942 4628 2013 4665 ze-

2139 699 2312 753 nibus
2343 699 2465 755 suis
2504 701 2885 768 caeremoniis,
2923 705 2980 756 et
3012 701 3144 772 lege
3195 695 3666 771 spiritualiter
3699 698 3773 752 ad
3807 716 3843 752 si:

2138 791 2195 842 et
2216 789 2284 841 ad
2309 805 2445 843 suos
2467 788 2793 842 cohmredes
2811 789 2965 843 velut
2986 789 3058 842 ad
3083 789 3340 843 tribum
3370 787 3631 841 Judam
3681 804 3836 841 nom:

2136 875 2262 945 ejus
2283 876 2990 943 confitentemtranstulit,
3011 875 3385 948 reprobatis
3409 875 3551 929 illis
3580 893 3598 942 ;
3625 876 3736 947 qui
3763 892 3844 930 eu:

2138 968 2423 1034 negarunt
2453 964 2829 1019 exclamando
2859 983 2872 1020 :
2907 988 2936 1015 ‹‹
2971 966 3100 1020 Non
3137 965 3489 1020 habemus
3518 980 3740 1036 regem
3774 965 3842 1019 uis

2139 1052 2421 1107 Caesarem
2453 1055 2639 1119 (Joan.
2674 1071 2790 1116 xxx,
2829 1055 2938 1124 15).
2977 1076 3004 1101 ››

2209 1141 2465 1212 Denique
2487 1141 2772 1212 quidquid
2800 1141 3189 1196 sacerdotalis
3216 1141 3434 1198 officii
3475 1147 3727 1214 postea,
3760 1149 3844 1197 tam

2137 1229 2208 1283 ah
2229 1229 2342 1284 illis
2361 1247 2535 1300 quam
2557 1231 2628 1284 ala
2643 1246 2844 1284 eorum
2863 1229 3166 1285 similibus
3195 1235 3266 1285 et.
3285 1233 3726 1302 sequacibus,
3745 1251 3833 1304 ρτιι

2137 1322 2435 1388 sumptum
2468 1317 2584 1371 illic
2614 1321 2669 1370 et
2690 1321 2884 1371 actum
2906 1317 3034 1387 fuit,
3067 1318 3317 1373 diaboli
3347 1323 3417 1374 et
3441 1335 3574 1374 non
3603 1320 3714 1375 Dei
3745 1322 3844 1375 cul-

2139 1411 2232 1460 tus
2250 1405 2485 1471 exstitit,
2503 1406 2672 1474 juxta
2693 1407 2846 1477 quod
2871 1407 2932 1460 B.
2952 1423 3106 1478 papa
3129 1412 3188 1462 et
3213 1408 3462 1484 doctor
3490 1411 3622 1464 Leo
3639 1413 3828 1464 asserit

2141 1517 2168 1543 ‹‹
2203 1494 2653 1548 reclamantibus
2705 1511 2935 1565 quoque
2968 1495 3409 1566 potestatibus
3449 1497 3781 1569 angelicis.
3807 1515 3839 1553 ε’

2141 1583 2497 1638 dicentibus:
2524 1584 2920 1638 Transeamus
2951 1584 3025 1637 ab
3061 1583 3162 1640 his
3195 1586 3512 1640 sedibus.
3551 1609 3585 1636 »ι
3623 1587 3723 1642 Sic
3744 1589 3841 1657 λος

2139 1671 2422 1726 sacrificio
2441 1671 2652 1735 ablato,
2677 1687 2863 1742 usque
2890 1671 2948 1726 in
2977 1673 3157 1727 tinem
3184 1679 3577 1745 perseverat
3597 1675 3746 1730 inibi
3764 1680 3842 1730 ab-

2141 1759 2414 1814 ominatio
2447 1765 2503 1813 et
2532 1759 2844 1826 desolatio;
2870 1762 3206 1816 secundum
3233 1764 3427 1834 quod
3466 1765 3539 1819 Β.
3579 1765 3841 1837 Hierony-

2142 1865 2274 1901 mus
2299 1848 2369 1901 de
2399 1847 2586 1902 tribus
2618 1852 2868 1918 quatuor
2891 1848 3224 1906 sceleribus
3259 1853 3714 1922 quarumdam
3745 1855 3842 1909 dis.

2141 1953 2340 1990 serens
2374 1936 2699 2005 nationum,
2725 1936 2839 1990 ait:
2866 1959 2895 1985 «
2933 1943 3116 1993 Amos
3151 1940 3486 2011 propheta
3518 1943 3586 1996 in
3611 1960 3717 1998 eas
3734 1961 3839 2015 gen-

2139 2028 2222 2078 tes
2269 2042 2394 2095 quaa
2444 2024 2686 2079 lectione
2735 2025 2865 2095 ejus
2897 2027 3368 2098 comprehensas
3428 2035 3615 2096 sunt,
3650 2034 3726 2088 ob
3759 2050 3833 2086 ea.-

2137 2130 2345 2168 causas
2364 2130 2508 2184 quas
2526 2119 2830 2176 memorat,
2845 2115 3160 2170 affuturam
3184 2115 3355 2172 iram
3377 2118 3494 2174 Dci
3515 2121 3834 2176 denuntia‘.

2137 2202 2202 2256 Et
2234 2201 2372 2273 quia
2392 2201 2448 2256 in
2473 2202 2856 2272 sequentibus
2877 2203 2992 2257 ait:
3016 2205 3079 2259 In
3105 2205 3318 2262 tribus
3343 2207 3836 2280 impietatibuse:

2135 2307 2201 2344 su
2215 2307 2313 2362 per
2342 2294 2592 2360 quatuor
2623 2307 2736 2344 non
2771 2296 3106 2347 convertam
3135 2309 3312 2365 eum,
3345 2297 3549 2352 tertio
3587 2305 3836 2371 peccato-

2134 2394 2262 2432 rum
2278 2377 2698 2450 indulgentiam
2716 2380 2899 2434 Deum
2920 2381 3060 2436 dare
3087 2398 3271 2452 posse
3292 2383 3657 2458 significat;
3683 2406 3830 2460 ques:

2132 2471 2338 2537 quarto
2389 2467 2589 2522 eadem
2624 2470 2858 2538 peccata
2889 2469 3468 2544 committentibus,
3521 2493 3642 2532 nec
3674 2477 3833 2549 pceui-

2128 2555 2394 2622 tentiam,
2416 2571 2520 2610 nec
2541 2555 2966 2628 indulgentiam
2989 2557 3277 2614 daturum
3306 2561 3682 2620 denuntiat.
3706 2565 3828 2619 Nam

2133 2659 2234 2714 per
2262 2644 2412 2713 ignis
2443 2643 2915 2714 similitudinem,
2948 2663 3124 2717 quem
3160 2647 3222 2703 in
3261 2651 3623 2721 praedictas
3645 2661 3826 2726 gentes

2133 2731 2482 2787 mittendum
2534 2733 2820 2805 praedixit,
2854 2750 3092 2806 gravem
3125 2740 3182 2791 et
3215 2736 3715 2797 irrevocabilem
3747 2743 3824 2798 Dei

2130 2819 2301 2886 iram,
2321 2821 3072 2895 animadversationemque
3095 2824 3289 2880 voluit
3313 2827 3775 2886 demonstrare.
3806 2855 3822 2874 δ

2131 2909 2252 2972 Quo
2287 2909 2429 2964 tanti
2449 2910 2550 2964 viri
2579 2910 2912 2966 testimonio
2935 2913 3460 2984 expergiscantur
3487 2919 3818 2980 Simoniaci,

2131 3001 2188 3052 et
2216 2998 2445 3052 discant
2475 3003 2692 3069 quanto
2725 2999 2922 3055 minus
2954 3000 3076 3056 sint
3106 3001 3224 3073 ipsi
3257 3009 3708 3076 convertendi,
3741 3010 3817 3080 qui

2132 3102 2244 3139 non
2292 3085 2482 3141 solum
2532 3090 2618 3142 ter
2664 3092 2765 3142 aut
2812 3093 3040 3160 quater,
3075 3091 3180 3146 sed
3229 3092 3432 3149 etiam
3473 3097 3710 3153 centies
3738 3108 3813 3152 aut

2133 3173 2343 3229 millies
2377 3176 2751 3231 committunt
2781 3177 2984 3232 eadem
3017 3178 3267 3248 scelera,
3322 3180 3814 3255 impraatermisse

2132 3263 2478 3334 negotiando
2510 3264 2580 3318 de
2609 3264 2861 3336 Spiritus
2882 3266 3071 3321 sancti
3093 3267 3317 3339 gratia.
3357 3272 3519 3337 Quae
3557 3275 3809 3346 quamvis

2061 3326 2104 3392 (ἶ
2139 3350 2391 3421 graviter
2418 3351 2711 3422 punienda
2732 3352 2850 3408 sint
2879 3353 2938 3409 in
2956 3326 3364 3428 emptoribus,
3395 3326 3616 3418 ωυιῶ
3647 3368 3814 3418 tamen

2135 3437 2368 3510 gravius
2399 3439 2458 3494 in
2480 3440 2903 3507 venditoribus,
2933 3442 3077 3514 quia
3107 3444 3313 3500 evenit
3347 3465 3815 3524 nonnunquam,

2138 3530 2201 3580 ut
2230 3531 2456 3600 emptor
2483 3529 2728 3584 emendo
2761 3530 2998 3586 nonnisi
3028 3531 3217 3588 semel
3269 3534 3644 3610 delinquat,
3697 3542 3814 3596 dum

2135 3615 2324 3670 denuo
2354 3615 2592 3671 cuilibet
2620 3619 2868 3673 vendere
2900 3620 3058 3690 quod
3091 3622 3415 3694 accepisse
3451 3633 3718 3698 putatur
3745 3646 3814 3684 re-

2133 3707 2316 3790 cusat.
2333 3704 2626 3759 Venditori
2649 3709 2844 3761 autem
2862 3723 2988 3778 quae
3009 3709 3205 3780 gratia
3228 3720 3559 3782 remanet,
3584 3724 3690 3772 aut
3711 3736 3812 3790 qua

2130 3789 2216 3846 ira
2237 3809 2350 3846 non
2375 3792 2662 3860 imminet,
2685 3793 2785 3865 qui
2810 3796 3089 3851 nonnnisi
3111 3799 3380 3856 vendere
3400 3789 3739 3862 soletZ’Sed
3762 3825 3811 3861 ue

2131 3880 2200 3934 dc
2214 3879 2342 3934 aliis
2365 3885 2591 3936 tantum
2616 3883 2958 3948 sceleribus,
2981 3887 3039 3940 et
3061 3902 3178 3940 non
3207 3887 3284 3943 de
3309 3889 3686 3950 Simoniaca
3716 3896 3808 3951 her-

2131 3968 2240 4022 resi
2271 3968 2488 4024 dictum
2507 3973 2760 4040 putetur,
2786 3973 3167 4030 attendamus
3183 3975 3337 4046 quid
3374 3979 3459 4034 de
3483 3981 3697 4050 Israel,
3728 4001 3807 4038 cu-

2120 4055 2546 4124 jusambitioin
2563 4061 2697 4130 typo
2731 4057 3125 4116 hereticorum
3159 4079 3434 4136 regnum
3463 4069 3804 4142 bipartitum

2125 4145 2331 4211 effecit,
2363 4145 2434 4200 ab
2455 4147 2656 4200 eodem
2687 4147 2970 4218 propheta
2999 4149 3274 4220 dicatur;
3315 4159 3381 4209 et
3417 4159 3560 4214 sole
3613 4160 3804 4217 clarius

2127 4237 2396 4287 cernetnr
2423 4232 2656 4288 illorum
2691 4235 2853 4306 prius
2897 4237 3226 4310 negotium,
3263 4257 3393 4313 quo
3433 4245 3658 4320 inique
3687 4267 3802 4305 ven-

2125 4321 2346 4410 duntﬁet
2367 4320 2608 4376 alterum
2635 4340 2750 4394 quo
2771 4323 2883 4378 sibi
2905 4323 3141 4398 linguas
3154 4336 3629 4404 correptorum,
3653 4339 3799 4410 quasi

2126 4409 2560 4480 prophetarum,
2586 4411 2848 4482 iniquius
2867 4413 3188 4478 redimunt.
3212 4417 3318 4473 Ait
3339 4423 3562 4482 enim:
3588 4409 3798 4482 Haicdi-

2122 4497 2199 4552 cit
2228 4497 2547 4552 Dominus:
2577 4500 2764 4570 Super
2794 4500 2982 4556 tribus
3013 4503 3353 4563 sceleribus
3391 4511 3618 4584 Israel,
3641 4521 3698 4572 et
3725 4534 3796 4572 su-

2124 4601 2226 4674 per
2255 4587 2502 4674 quatuor
2532 4603 2644 4640 non
2680 4594 3010 4644 convertam
3035 4607 3199 4660 eum,
3238 4611 3352 4667 pro
3388 4615 3467 4654 eo
3496 4605 3662 4674 quod
3684 4623 3795 4660 ven-

383 4704 716 4761 dificavcrit.
753 4704 884 4768 Quae
934 4672 1251 4774 tertia‘jam
1295 4672 1682 4759 reconciliatio
1730 4672 1930 4756 altaris
1959 4706 2016 4756 et
2050 4697 2092 4761 D
2123 4672 2331 4774 ﬁdem
2357 4675 2928 4774 argento-luftumft
2947 4695 3276 4774 P3_“Pe"em
3306 4701 3426 4756 PFO
3448 4672 3794 4749 calceamen-

380 4793 581 4865 templi
607 4809 705 4864 per
721 4791 940 4864 aliquot
961 4792 1252 4864 legitimos
1271 4793 1618 4857 sacerdotes,
1644 4789 1834 4862 qualis
1851 4788 2012 4844 Chri-

381 4881 455 4936 sti
471 4881 843 4952 przecursoris
860 4881 1418 4953 genitorZacharias,
1433 4882 1606 4938 etiam
1624 4882 1896 4950 regnante
1911 4877 2013 4932 He-

381 4968 538 5032 rode,
571 4967 806 5035 exstitit,
841 4973 1174 5024 consecrata
1225 4970 1348 5038 fuit,
1383 4970 1585 5034 donec,
1624 4969 1749 5038 jam
1805 4963 2009 5038 prmdi-

379 5058 542 5110 cante
567 5053 810 5108 Domino
834 5060 1026 5112 nostro
1047 5059 1177 5113 Iesu
1202 5057 1448 5122 Christo,
1471 5058 1666 5111 Annus
1688 5060 1742 5111 et
1763 5053 2009 5125 Caiphae

379 5159 494 5198 non
527 5139 714 5196 solum
745 5143 962 5209 venale,
995 5145 1093 5200 sed
1123 5150 1180 5201 et
1203 5145 1451 5200 annuale
1483 5143 1868 5199 sacerdotium
1900 5157 2007 5197 sua

377 5230 693 5288 ambitione
724 5233 779 5284 et
817 5233 1060 5302 pecunia
1091 5251 1330 5305 prorsus
1361 5233 1690 5288 etl‘ercrunt.
1745 5231 2002 5294 Quorum

374 5318 584 5390 suique
613 5316 896 5374 similium
927 5321 1154 5390 negotio
1185 5321 1394 5374 domus
1425 5317 1699 5373 orationis
1729 5317 2005 5388 spelunca

370 5408 385 5462 l
462 5420 669 5461 ronnm
713 5407 894 5478 (Math.
943 5426 1060 5471 xxi,
1098 5409 1184 5476 i3)
1226 5407 1412 5462 fuerat
1452 5406 1619 5470 facta,
1655 5411 2004 5477 protestante

376 5495 646 5556 Domino,
663 5510 806 5564 quos
820 5494 992 5566 paulo
1009 5501 1135 5566 post
1157 5495 1211 5548 in
1235 5511 1402 5549 cruce
1422 5497 1698 5564 tanquam
1716 5494 1768 5547 in
1797 5494 2001 5549 throno

377 5579 574 5650 μνιὶίἰῖ
601 5577 692 5630 tali
725 5582 1004 5636 exaltatus
1036 5584 1092 5637 dz
1113 5596 1172 5640 ω
1193 5583 1353 5645 iuvit,
1385 5585 1440 5634 et
1482 5581 2002 5650 irrecupcrabiliter

379 5665 670 5731 deposui-1,
692 5669 851 5737 dum,
875 5669 995 5723 velo
1017 5670 1215 5740 templi
1240 5686 1290 5722 a.
1318 5685 1514 5722 nmmo
1534 5669 1999 5737 usquedeorsum

379 5767 480 5823 per
508 5753 764 5826 medium
787 5758 965 5812 scisso
989 5758 1169 5825 (ναίὴ.
1209 5773 1376 5822 xxvii,
1408 5755 1518 5823 5|),
1551 5755 1745 5810 omnia
1771 5755 1998 5812 illorum

2125 4761 2219 4826 tis,
2270 4765 2325 4816 et
2359 4778 2536 4833 super
2567 4765 2928 4821 vestimentis
2977 4767 3316 4839 pigneratis
3361 4779 3790 4847 accubuerunt,

2113 4848 2284 4919 juxta
2315 4865 2484 4904 omne
2514 4849 2714 4916 altare,
2737 4857 2790 4907 et
2813 4853 3014 4909 vinum
3046 4855 3501 4920 damnatorum
3532 4867 3790 4926 bibebant

2122 4935 2180 4990 in
2213 4937 2384 4991 domo
2405 4937 2504 4991 Dci
2525 4937 2614 4991 sui
2646 4939 2858 5008 (κήποις,
2893 4943 2961 5008 ll,
2996 4943 3050 5008 4,
3083 4943 3162 5012 8).
3201 4949 3272 5002 Et
3303 4953 3620 5012 suscitari
3650 4960 3714 5013 de
3741 4959 3787 5012 li-

2119 5021 2214 5077 liis
2243 5024 2448 5080 vestris
2474 5023 2532 5078 in
2565 5026 2894 5097 prephetas.
2930 5032 2988 5084 et
3019 5031 3092 5086 de
3114 5032 3468 5102 juvenibus
3503 5046 3711 5102 vestris
3737 5047 3780 5100 ia

2116 5109 2432 5178 Nazarzros,
2465 5117 2522 5167 et
2543 5115 2945 5186 prepinabatis
2969 5117 3266 5178 Nazaraais
3298 5125 3562 5202 vinum,
3593 5141 3648 5191 et
3675 5153 3776 5208 pm-

2116 5198 2658 5296 phetisminabitis,
2704 5203 2963 5261 dicentes
2996 5222 3010 5260 :
3039 5207 3129 5266 Ne
3170 5198 3575 5284 prophetetis
3623 5198 3773 5296 (liii,

2119 5287 2202 5342 11.
2238 5291 2345 5342 12).
2386 5310 2414 5338 ››

2184 5328 2202 5356 ,
2238 5293 2345 5355 r2).
2386 5310 2414 5338 υ

2737 5361 2966 5418 CAPUT
3015 5365 3132 5422 ΧΧ.

2110 5428 2186 5482 De
2221 5430 2468 5500 periculo
2509 5430 2848 5514 sacerdotum
2895 5438 2944 5514 et
2981 5437 3432 5514 indisciplinata
3502 5456 3769 5512 ambition:

2673 5506 2847 5557 nostri
2900 5507 3188 5578 temporis.

2179 5589 2286 5686 Sed
2336 5605 2436 5686 vae,
2469 5605 2549 5643 vae
2577 5589 2751 5686 nobis
2800 5595 3212 5656 sacerdotibus
3246 5609 3308 5657 et
3342 5606 3620 5683 clericis,
3663 5616 3764 5687 quia

2110 5691 2213 5728 nos
2247 5675 2356 5746 ipsi
2387 5675 2696 5732 audacium
2719 5681 2775 5734 et
2791 5679 3057 5751 gladium
3081 5685 3157 5741 ad
3189 5675 3698 5759 prazsumenduui
3725 5707 3760 5756 et

2109 5761 3756 5864 invadendumecclesiasticasubministramuslaicisqus
3809 5825 3811 5840 ε
