3864 6382
72 445 226 522 lm

656 453 1070 518 ADVERSUS
1114 451 1579 517 SIMUNIACOS
1621 450 1832 514 LIBRI
1875 451 2100 514 TRES.
2137 484 2214 499 --
2247 452 2481 514 LIBER
2524 449 2884 514 TERTIUS.

3318 445 3470 509 H78

34 610 35 629 ι
73 588 318 661 angelus
350 585 946 644 Deminiexercitunm
968 588 1222 658 estptlal.
1245 604 1306 653 ιι,
1332 588 1409 657 7).
1435 609 1459 634 ››
1491 586 1561 641 Et
1581 602 1711 657 spe-
1748 591 1795 656 Α
1829 584 2071 651 rientur,
2089 585 2136 641 si
2159 585 2550 641 velintrantes
2566 580 3476 651 tabernaculumDei,velexeun-

34 682 35 719 1
73 678 301 735 0010101
334 678 505 732 (10108
541 696 574 732 0
603 677 849 732 Domino
880 676 1079 730 domui
1112 676 1304 730 Israel.
1354 678 1389 730 A
1423 675 1591 744 cujus
1622 689 1718 729 ore

34 782 35 805 ³
72 766 680 838 requireturdectrina
701 771 755 819 et
780 765 1117 835 increpatio,
1144 764 1255 819 nisi
1290 762 1722 818 annuntiaverit

34 864 35 897 1
64 858 231 927 jucte
257 873 326 910 ne
350 858 565 927 peccet,
600 859 775 923 atque
806 852 1027 922 injuste
1061 858 1123 906 ut
1146 856 1553 918 convertatur;
1587 867 1720 903 san-

73 946 207 1017 guis
240 944 546 999 amborum
581 942 650 996 de
684 959 857 995 manu
892 940 1105 1011 lingua:
1140 940 1297 994 illius
1336 939 1685 1010 requiratur.

147 1034 273 1096 Qua
303 1031 809 1087 animadversione
844 1030 889 1083 si
930 1030 1219 1083 feriuntur
1240 1029 1395 1083 labia
1417 1046 1483 1082 ex
1503 1027 1625 1081 sele
1649 1025 1725 1079 81-

74 1122 255 1177 100110
292 1120 512 1191 iniqua,
546 1138 660 1191 qua
692 1125 864 1190 putas
898 1119 1178 1173 ferientur
1200 1117 1400 1172 dolosa
1430 1135 1579 1188 qum,
1612 1135 1726 1171 non

76 1211 271 1267 Solum
305 1189 547 1264 10110001
578 1226 752 1280 quam
788 1210 1077 1278 corripere
1114 1209 1401 1277 jubentur
1450 1206 1727 1276 iniquita-

76 1306 217 1365 tem,
254 1300 353 1353 sed
388 1299 628 1369 insuper
653 1298 985 1351 mentiendo
1018 1296 1283 1351 laborant
1323 1297 1625 1351 ostendere
1656 1314 1726 1348 ae-

76 1388 417 1459 quitatem?
453 1388 631 1453 l'udc,
658 1412 683 1435 ‹‹
716 1387 806 1439 Va:
832 1387 995 1440 vobis
1015 1386 1111 1456 qui
1136 1385 1329 1439 dicitis
1361 1386 1577 1439 bonum
1608 1402 1728 1439 ma-

77 1478 225 1542 lum,
258 1482 314 1531 et
346 1476 565 1531 malum
592 1479 830 1540 bonum,
858 1482 1137 1547 ponentes
1163 1473 1656 1540 tenebraslucem,
1676 1478 1732 1528 et

77 1566 269 1620 lucem
303 1566 595 1631 tenebras,
630 1569 911 1636 ponentes
949 1580 1215 1619 amarum
1252 1564 1417 1617 dulce
1465 1568 1519 1617 et
1563 1562 1731 1616 dulce

77 1672 371 1709 amarum.
396 1654 489 1707 Vae
513 1655 611 1725 qui
646 1655 938 1724 sapientes
962 1654 1101 1707 estis
1126 1653 1180 1705 in
1215 1652 1399 1707 oculis
1422 1651 1649 1718 vestris,
1674 1656 1731 1705 et

75 1760 276 1799 ceram
309 1743 740 1813 vebismctipsis
766 1744 1081 1813 prudentes
1107 1759 1118 1794 :
1143 1740 1595 1812 quijustiticatis
1620 1739 1729 1794 im-

76 1831 242 1904 pium
278 1821 757 1925 prgq'ﬁ'peribns
788 1837 843 1885 et
867 1832 1161 1901 justitiam
1186 1830 1333 1899 justi
1390 1829 1628 1883 aufertis
1661 1830 1731 1883 ab

78 1938 144 1975 ee
178 1922 305 1990 (lsa.
338 1896 418 1994 ἒν
448 1892 662 1994 :1323).
700 1944 726 1969 ›ι
760 1921 866 1983 Qui
895 1920 1071 1983 enim,
1107 1924 1167 1972 ut
1202 1918 1281 1972 ait
1312 1918 1609 1984 Salomon,
1646 1918 1730 1971 di-

88 2010 165 2063 cit
193 1978 690 2079 impieli’qtljustus
724 2026 805 2073 es,
843 2007 1191 2062 malediccnt
1218 2008 1265 2061 ei
1302 2006 1521 2079 populi,
1554 2011 1610 2061 et
1643 2007 1737 2060 de-

73 2098 451 2152 testabuntur
496 2114 629 2151 eum
684 2098 896 2151 tribus.
930 2098 1083 2159 Quos
1118 2098 1400 2168 propheta
1447 2097 1734 2150 cavendes

78 2186 460 2253 denuntians,
495 2186 573 2240 ait
611 2204 622 2240 :
652 2210 677 2233 ‹‹
710 2185 924 2256 Populo
958 2203 1141 2249 meus,
1178 2188 1275 2255 qui
1303 2186 1535 2239 beatum
1571 2190 1622 2239 te
1654 2184 1735 2238 di-

79 2280 241 2339 cunt,
277 2275 387 2345 ipsi
418 2280 471 2328 te
506 2275 826 2345 decipiunt,
862 2280 917 2328 et
950 2276 1099 2328 viam
1143 2292 1452 2344 gressuum
1498 2279 1732 2328 tuorum

79 2363 388 2434 dissipant.
426 2364 552 2417 Stat
584 2363 652 2416 ad
678 2362 1067 2433 judicandum
1104 2364 1408 2425 Dominus,
1433 2369 1487 2417 et
1518 2368 1631 2417 stat
1662 2364 1732 2416 ad

72 2452 466 2523 judicandum
502 2452 768 2523 populos.
806 2452 1087 2506 Dominus
1120 2453 1190 2506 ad
1226 2453 1515 2523 judicium
1546 2452 1737 2506 veniet

80 2558 213 2596 cum
264 2541 506 2596 senibus
550 2540 748 2612 pepuli
800 2541 888 2594 sui
935 2545 989 2594 et
1031 2540 1393 2612 principibus
1439 2543 1585 2611 ejus.
1619 2540 1736 2595 Ves

79 2632 234 2685 enim
259 2629 485 2700 depasti
521 2630 661 2683 estis
694 2629 922 2683 vineam
955 2646 1169 2696 meam,
1196 2633 1252 2683 et
1290 2629 1494 2699 rapina
1518 2645 1733 2699 paupe-

79 2719 160 2774 ris
195 2719 251 2773 in
274 2720 449 2771 deme
468 2723 659 2771 vestra
682 2721 808 2788 (Im.
838 2736 921 2787 lu,
955 2719 1162 2788 12-14).
1190 2740 1216 2765 ››
1250 2718 1408 2781 Quod
1444 2718 1734 2788 nequissi-

82 2825 244 2864 mum
288 2806 642 2861 adulationis
675 2808 881 2861 vitium
915 2824 1149 2861 necesse
1181 2813 1269 2861 est
1301 2812 1461 2861 tante
1507 2806 1736 2861 anime-

81 2899 204 2953 sius
228 2900 608 2963 inscctemur,
641 2902 856 2968 quanto
877 2897 1262 2967 perniciosius
1296 2896 1569 2951 omnibus
1595 2912 1737 2967 pene

80 2988 237 3042 vitiis
263 2986 671 3057 intelligimus.
701 2986 896 3057 Ipsum
920 2986 1076 3040 enim
1111 2985 1529 3040 sacerdotalem
1552 2988 1742 3039 aucte-

79 3078 335 3142 ritatem,
372 3076 569 3146 ipsum
606 3076 858 3144 regalem
895 3080 1241 3147 potestatem
1290 3079 1345 3129 et
1395 3075 1738 3129 modestiam

76 3165 347 3232 destruit,
403 3166 617 3235 ipsum,
653 3181 723 3218 ne
757 3165 870 3218 Dee
903 3169 959 3219 et
998 3164 1338 3218 hominibus
1382 3164 1577 3218 debita
1608 3164 1740 3217 red-

74 3255 309 3323 dantur,
339 3255 548 3324 fasque
574 3256 851 3324 nefasque
871 3253 1195 3308 cenfundit.
1226 3252 1506 3306 Adulater
1526 3252 1742 3324 quippe

1830 677 1915 729 tes
1946 674 2014 729 de
2045 692 2105 729 80
2137 676 2392 729 sonitum
2419 693 2529 729 non
2558 672 3348 729 reddiderint.Nihilominus
3372 672 3477 728 mi-

1832 762 1999 817 nistri
2034 764 2248 819 diaboli
2268 764 2504 836 parasiti
2530 769 2587 817 et
2610 764 2979 834 ventriloqni,
3007 764 3377 834 maximeque
3395 779 3481 818 er-

1833 852 1988 906 ronei
2024 853 2210 907 clerici
2242 854 2511 907 desinant
2543 852 2863 921 majoribus
2884 852 2969 907 vel
3005 852 3335 907 minoribus
3360 851 3483 906 suis

1837 940 2079 1011 placere,
2101 944 2235 995 dum
2260 943 2451 997 favent
2470 942 2705 997 maliset
2720 942 3039 996 detrahunt
3059 942 3251 998 bonis.
3276 940 3362 996 Illi
3392 941 3481 997 lo-

1838 1030 1937 1099 qui
1974 1039 2345 1101 prresumant,
2380 1032 2472 1087 isti
2506 1037 2693 1086 tacere
2724 1031 2969 1085 discant.
3015 1030 3291 1102 Alioquin
3329 1053 3356 1081 «
3389 1032 3485 1086 de-

1840 1118 2049 1172 selabit
2073 1120 2351 1175 Dominus
2382 1121 2642 1192 linguam
2668 1121 2844 1175 maris
2865 1120 3091 1193 lligypti
3116 1122 3251 1189 (lsai
3273 1139 3332 1183 ιι,
3370 1121 3480 1191 15),

1840 1212 1897 1260 01
1926 1213 2095 1262 01001
2127 1210 2221 1279 qui
2258 1210 2587 1263 beatificant
2618 1210 2980 1273 scducentes,
3012 1215 3069 1265 et
3098 1210 3196 1281 qui
3249 1210 3481 1265 beatifi-

1841 1298 2564 1369 000101011001011011(18(ιί
2596 1318 2671 1363 ix,
2692 1300 2795 1369 Ili).
2822 1322 2846 1347 ››
2868 1303 3124 1366 Quorum
3158 1299 3476 1370 nequitiam

1842 1391 1897 1440 et
1914 1387 2276 1457 prenaml’sal
2290 1389 2456 1441 mista
2473 1388 2528 1441 in
2543 1392 2966 1460 transgressere
2980 1388 3205 1460 psalmo
3222 1388 3475 1457 intimat,

1843 1476 2047 1529 dicens
2082 1494 2094 1531 :
2132 1501 2157 1525 ‹‹
2191 1477 2353 1530 Vana
2384 1476 2559 1531 locuti
2593 1483 2729 1531 sunt
2758 1478 3164 1548 unusquisque
3193 1478 3262 1531 ad
3296 1479 3481 1550 proxi-

1843 1584 2005 1620 mum
2038 1584 2237 1632 suum,
2256 1566 2408 1620 labia
2435 1566 2635 1621 dolosa
2654 1567 2709 1620 in
2736 1568 2905 1621 corde
2926 1570 2981 1621 et
3004 1584 3101 1622 ore
3121 1566 3295 1622 locuti
3325 1572 3481 1622 sunt.

1843 1656 2148 1725 Dispcrdat
2180 1655 2464 1710 Dominus
2483 1657 2751 1711 universa
2767 1655 2920 1711 labia
2942 1656 3143 1711 dolosa
3160 1656 3487 1729 etlinguam

1842 1744 2754 1816 1000011000010.0011010010οω
2782 1746 3064 1817 Linguam
3082 1749 3344 1801 nostram
3367 1763 3490 1801 ma-

1840 1833 2271 1904 gnificabimus,
2304 1833 2457 1889 labia
2481 1839 2680 1889 nostra
2709 1852 2743 1889 a
2774 1834 2941 1889 nobis
2973 1839 3139 1900 sunt,
3189 1834 3322 1907 quis
3354 1853 3488 1893 nes-

1841 1928 1928 1977 ter
1959 1922 2241 1979 Dominus
2272 1924 2592 1995 est?(Psal.
2626 1942 2701 1989 x1,
2726 1927 2781 1990 3,
2811 1924 2893 1995 5.)
2918 1946 2945 1973 ››
2969 1924 3283 1997 Sicutergo
3304 1924 3491 1980 male-

1841 2012 2032 2066 dictus
2048 2013 2146 2084 qui
2172 2014 2437 2084 prohibet
2458 2014 2714 2085 gladium
2741 2031 2915 2068 suum
2940 2032 2972 2069 a
2992 2014 3299 2086 sanguine,
3327 2016 3411 2070 sic
3432 2018 3489 2070 et

1845 2118 1925 2155 va:
1938 2102 1987 2156 ei
2007 2104 2105 2173 qui
2131 2102 2305 2157 lactat
2329 2104 2581 2158 amicum
2602 2121 2800 2169 suum,
2823 2108 2880 2159 et
2896 2104 3055 2159 ducit
3072 2105 3162 2158 via
3178 2121 3290 2159 non
3311 2104 3482 2159 bona!

1842 2193 2223 2263 Quapropter,
2260 2194 2328 2247 ad
2341 2198 2604 2248 monente
2624 2194 2923 2265 propheta,
2954 2193 3156 2278 lingua
3178 2193 3483 2249 balberum

1842 2280 2114 2335 velociter
2141 2281 2416 2352 loquatur
2444 2285 2580 2350 (lsai
2606 2300 2782 2349 xxxii,
2817 2284 2867 2354 4)
2894 2288 2979 2349 ;01
2998 2281 3168 2353 plane
3188 2287 3361 2356 atque
3391 2300 3489 2339 cer

1848 2370 2093 2426 stultum
2130 2370 2417 2442 intelligat
2436 2372 2763 2439 scientiam,
2788 2378 2843 2427 et
2867 2372 3230 2427 mutilateres
3260 2373 3492 2427 discant

1844 2459 2054 2531 legem,
2091 2477 2161 2515 ne
2189 2460 2333 2514 forte
2365 2460 2471 2525 illi,
2521 2463 2676 2532 quod
2714 2461 2900 2516 absit!
2937 2462 3208 2517 divisioni
3260 2478 3385 2533 quae
3433 2462 3493 2516 in

1822 2549 2029 2604 .Deum
2064 2566 2176 2604 non
2199 2550 2372 2617 cadit,
2398 2550 3110 2617 tacendecensentientes,
3143 2555 3201 2606 et
3230 2550 3327 2605 isti
3360 2551 3497 2607 adu-

1845 2637 2018 2693 lando
2053 2639 2388 2693 insistentes
2419 2644 2475 2693 et
2505 2640 2781 2709 faventes,
2815 2657 2848 2694 a
2879 2645 2991 2696 Dee
3024 2645 3087 2694 ut
3135 2639 3494 2695 schismatici

1845 2736 1901 2783 et
1932 2729 2183 2783 haeretici
2217 2729 2552 2784 dividantur
2596 2730 2829 2801 pariter.
2884 2730 3286 2786 Indubitanter
3336 2730 3493 2786 enim

1846 2818 2104 2874 schisma
2132 2817 2218 2872 vel
2251 2818 2489 2873 bzercsis
2524 2822 2612 2873 est
2645 2824 2819 2872 Deum
2864 2822 2921 2873 et
2950 2836 3089 2873 8008
3127 2820 3200 2873 ab
3244 2818 3490 2875 invicem

1848 2908 2040 2961 conari
2064 2907 2341 2970 dividere,
2361 2908 2527 2962 beato
2550 2907 2727 2962 Paule
2741 2907 3055 2963 Corinthiis
3076 2908 3161 2962 sic
3180 2912 3497 2979 protestan-

1852 3001 1907 3050 te
1941 3014 1953 3050 :
1992 2997 2241 3051 Obsecro
2272 3014 2393 3061 vos,
2425 2998 2631 3052 fratres
2661 3013 2762 3068 per
2793 3014 3005 3051 nomen
3037 2996 3269 3052 Domini
3314 2997 3495 3053 nostri

1848 3085 1988 3140 Jesu
2023 3084 2259 3149 Christi,
2296 3090 2358 3139 ut
2381 3085 2639 3157 idipsum
2680 3086 2886 3140 dicatis
2920 3103 3115 3153 omne,
3149 3090 3205 3141 et
3236 3103 3351 3141 non
3385 3086 3503 3142 sint

1852 3174 1908 3227 in
1939 3175 2099 3227 vobis
2130 3174 2469 3229 schismata.
2506 3175 2646 3229 Sitis
2690 3180 2887 3230 autem
2922 3175 3155 3247 perfecti
3204 3174 3263 3230 in
3296 3176 3498 3230 eodem

1851 3279 2024 3317 sensu
2059 3266 2115 3317 et
2146 3262 2203 3316 in
2237 3264 2438 3317 eadem
2472 3263 2733 3318 scientia.
2788 3263 3191 3336 Significatum
3213 3249 3313 3320 est
3342 3264 3496 3319 enim

72 3344 326 3399 blandus
350 3342 633 3397 immicus
657 3347 764 3409 θεῖ»
791 3343 1061 3412 PCPJUI‘US
1087 3342 1472 3413 Ρΐίοοίβίδυδν
1496 3342 1733 3412 quibus,
1766 3338 1809 3403 C
1850 3352 1993 3407 mihi
2017 3352 2087 3405 de
2118 3352 2300 3421 vobis,
2336 3352 2542 3407 fratres
2574 3352 2709 3417 mei,
2733 3352 2806 3407 ab
2834 3352 2925 3408 his
2957 3353 3057 3424 qui
3098 3356 3237 3407 sunt
3267 3352 3494 3417 Chloes,

70 3432 724 3504 centrajusjurandum
748 3449 942 3498 suum,
970 3431 1220 3485 intidelis
1239 3435 1345 3497 est,
1372 3448 1505 3485 cum
1528 3431 1610 3486 eis
1634 3436 1735 3484 aut

71 3523 229 3577 mala
259 3538 443 3595 agere
475 3522 701 3586 suadet,
735 3526 835 3575 aut
858 3526 983 3576 acta
1014 3521 1279 3591 improbe
1315 3522 1504 3574 favere
1548 3520 1730 3589 eil'ert,

34 3662 35 3665 η
76 3616 142 3666 ut
174 3611 615 3684 impzenitentes
652 3610 804 3664 viam
855 3610 963 3664 sibi
998 3609 1055 3663 in
1095 3610 1287 3664 future
1320 3609 1731 3678 thesaurizeat,

78 3700 625 3773 perniciosissimus
649 3699 902 3770 populis,
927 3716 1073 3770 quos
1097 3715 1199 3754 nec
1232 3716 1433 3770 sapere
1454 3716 1559 3754 nec
1591 3699 1733 3753 resi-

34 3842 35 3849 η
78 3790 302 3861 piscere
335 3788 644 3862 permittit,
680 3790 901 3844 invisus
932 3789 1067 3855 Dee,
1100 3791 1301 3843 contra
1327 3805 1500 3859 quem
1531 3788 1735 3842 efﬁcax

75 3879 315 3949 adjuter
340 3876 557 3933 diaboli
588 3896 620 3932 a
651 3878 819 3931 bonis
844 3893 1127 3944 revocare,
1162 3882 1216 3931 et
1248 3877 1318 3931 ad
1344 3876 1499 3931 mala
1530 3893 1734 3947 provo-

75 3983 206 4023 care
256 3966 531 4024 homines
581 3965 821 4020 insistit.
876 3966 1036 4021 Unde
1069 3966 1414 4020 vcnerabilis
1466 3970 1733 4036 Prosper,

70 4073 248 4128 prosa
281 4061 591 4126 metreque
607 4056 879 4119 eximius,
915 4055 994 4109 ait
1016 4054 1084 4107 de
1117 4054 1329 4109 talibus
1363 4073 1375 4109 :
1416 4076 1441 4102 ‹‹
1474 4053 1735 4108 Adulan-

70 4144 221 4201 tium
254 4146 477 4217 lingua:
510 4143 755 4216 alligant
786 4144 1015 4199 animas
1040 4145 1096 4197 in
1128 4144 1401 4216 peccatis.
1440 4143 1735 4199 Delectan-

68 4238 166 4290 tur
195 4235 359 4291 enim
386 4252 455 4291 ea
488 4234 676 4289 facere
702 4235 759 4287 in
784 4234 1002 4305 quibus
1026 4251 1138 4287 non
1165 4233 1356 4288 801001
1381 4250 1494 4288 000
1528 4232 1737 4287 010101-

70 4327 167 4379 tur
196 4324 615 4397 reprehensor,
644 4324 745 4378 sed
779 4322 956 4377 etiam
988 4322 1255 4377 laudator
1289 4323 1545 4378 auditur.
1576 4344 1602 4370 ››
1627 4322 1737 4377 Cu-

62 4411 164 4482 jus
198 4413 579 4487 epigramma
609 4412 723 4467 tale
747 4420 831 4467 est
868 4428 880 4466 :

133 4529 345 4593 Lingua
370 4528 699 4593 assentatrix
714 4527 937 4593 0111001-
955 4526 1222 4593 peccantis
1253 4530 1463 4575 acervat

197 4589 263 4641 Et
294 4592 621 4640 delectatum
653 4590 894 4645 crimine,
927 4589 1081 4638 lende
1112 4589 1240 4649 ligat

131 4655 293 4703 Nulla
325 4655 397 4702 sit
427 4657 488 4701 ut
516 4653 663 4714 lapse
694 4653 1009 4714 reparanda:
1040 4665 1167 4698 aura
1195 4650 1395 4707 salutis,

201 4716 486 4765 Blanditur
517 4717 658 4763 senti
689 4716 814 4764 dum
858 4716 1189 4764 malesuasus
1221 4714 1394 4761 honor

132 4780 331 4828 Libera
357 4780 429 4827 sit
456 4779 636 4841 potius
665 4792 768 4827 vox
799 4778 1119 4839 cerrepteris
1151 4776 1327 4841 amici,

195 4843 431 4905 Serpere
458 4839 565 4889 inec
596 4841 738 4905 fibris
770 4854 910 4905 eieca
949 4853 1155 4905 venena
1185 4839 1327 4887 sinat

127 4904 238 4953 Nec
268 4902 506 4953 credens
538 4904 733 4952 medici
764 4904 943 4952 verbis
971 4902 1245 4951 fallacibus
1275 4914 1431 4964 aeger,

192 4968 367 5017 Noxia
396 4965 631 5016 laudatas
661 4966 885 5015 vulnera
912 4966 1075 5029 pestis
1106 4967 1265 5014 amet.

667 5072 904 5128 CAPUT
949 5072 1145 5128 XXIII.

62 5163 140 5218 De
179 5162 438 5235 periculo
484 5163 973 5235 maleitaccntium
1021 5160 1449 5235 sacerdotum‘et
1476 5158 1617 5235 male
1648 5157 1729 5235 lo:

131 5231 455 5306 quentium,
517 5239 569 5289 et
623 5234 687 5289 de
743 5234 1030 5289 individua
1070 5235 1273 5288 unitate
1320 5231 1631 5286 divinitatis
1679 5233 1733 5285 et

132 5323 391 5364 suorum.

132 5414 343 5487 Itaque
373 5412 503 5469 hzec
533 5416 591 5469 et
612 5412 951 5484 hujusmedi
975 5407 1413 5484 quamplurima
1443 5406 1735 5481 patienter

62 5504 412 5573 audiantur,
444 5504 622 5573 atque
650 5504 909 5570 tandem,
943 5502 993 5556 si
1024 5516 1191 5556 suam
1214 5498 1579 5567 alienamque
1610 5513 1737 5567 per-

61 5591 350 5649 ditionem
371 5590 597 5647 evitare
617 5590 1095 5647 curantministri
1127 5588 1361 5655 Christi,
1395 5591 1451 5641 et
1481 5586 1732 5641 maxime

62 5683 433 5753 sacerdotes,
468 5696 581 5736 seu
613 5681 821 5736 timere
851 5696 953 5735 seu
987 5694 1183 5735 amore
1213 5678 1470 5731 humane
1492 5678 1735 5729 caveant

64 5788 181 5828 non
216 5771 421 5829 solum
450 5769 650 5840 malis,
674 5770 776 5827 sed
801 5773 857 5826 et
887 5768 1054 5825 bonis
1086 5773 1294 5835 tacere,
1319 5763 1575 5838 alioquin
1605 5778 1732 5819 me-

1842 3443 1982 3515 quia
2012 3440 2410 3495 contentiones
2443 3442 2594 3495 inter
2622 3458 2720 3496 vos
2765 3446 2920 3496 sunt.
2957 3442 3074 3496 1100
3116 3444 3312 3497 001001
3343 3440 3492 3508 (1100,

1844 3537 1996 3608 quod
2031 3534 2437 3605 unusquisque
2469 3535 2725 3586 vestrum
2754 3531 2930 3586 dicit:
2958 3532 3073 3603 Ege
3093 3530 3329 3603 quidem
3361 3546 3494 3586 sum

1845 3624 2029 3689 Pauli,
2059 3641 2162 3695 ego
2202 3627 2396 3677 autem
2424 3621 2646 3694 Apelle,
2676 3638 2780 3691 ego
2822 3637 2957 3675 vero
2988 3619 3216 3692 Cephea,
3248 3636 3357 3692 ego
3387 3637 3495 3675 au-

1844 3719 1963 3769 tem
1994 3712 2233 3768 Christi.
2269 3711 2505 3767 Divisus
2536 3717 2623 3765 cst
2655 3710 2923 3766 Christus
2946 3710 2974 3764 ?
3006 3731 3035 3759 »
3070 3711 3116 3780 (Ι
3146 3709 3267 3765 Cor.
3316 3709 3367 3776 I,
3401 3709 3496 3764 10-

1850 3804 1959 3873 13.)
1990 3801 2350 3856 Subauditur
2385 3816 2398 3854 :
2435 3798 2699 3855 minime.

1918 3891 2098 3947 Aliter
2114 3891 2268 3945 enim
2291 3890 2387 3945 illa
2409 3890 2535 3960 ejus
2548 3888 2748 3957 oratio,
2767 3889 2919 3960 quod
2936 3887 3106 3943 absit!
3134 3888 3496 3943 infructuosa

1847 3980 1975 4047 erit,
2009 3996 2183 4051 quam
2216 3979 2332 4034 Dee
2367 3979 2515 4033 Patri
2549 3979 2619 4033 ad
2656 3978 2987 4050 passionem
3021 3977 3149 4032 iens
3181 3977 3352 4044 fudit,
3392 3976 3490 4031 ubi

1847 4070 1998 4125 inter
2027 4069 2140 4124 alia
2169 4068 2316 4135 suis,
2346 4068 2597 4123 maxime
2626 4072 2692 4123 ut
2722 4084 2906 4122 unum
2927 4071 3123 4123 essent
3152 4066 3211 4121 in
3245 4065 3365 4133 ille,
3399 4075 3496 4122 de-

1847 4160 2123 4231 poscebat
2154 4158 2387 4213 dicens:
2417 4181 2437 4207 α
2466 4158 2579 4230 Ego
2608 4158 2740 4212 dedi
2761 4157 2844 4213 eis
2867 4172 3195 4212 sermonem
3222 4159 3414 4225 tuum,
3444 4159 3501 4211 et

1848 4249 2108 4304 mundus
2138 4265 2234 4302 eos
2266 4247 2402 4302 odio
2425 4246 2649 4313 habuit,
2684 4246 2825 4318 quia
2854 4263 2971 4302 non
3003 4249 3141 4301 sunt
3162 4246 3233 4300 de
3255 4245 3497 4310 mundo,

1848 4337 2001 4394 sicut
2033 4341 2090 4393 et
2117 4353 2221 4408 ego
2253 4353 2369 4391 non
2402 4353 2535 4392 sum
2567 4337 2637 4392 de
2660 4338 2901 4391 munde.
2932 4336 3056 4391 Non
3080 4350 3218 4407 rege
3240 4338 3306 4390 ut
3327 4333 3499 4390 tollas

1847 4444 1945 4483 eos
1969 4428 2037 4482 de
2070 4426 2310 4493 mundo,
2338 4426 2438 4481 sed
2464 4429 2527 4480 ut
2548 4441 2742 4480 serves
2762 4442 2860 4481 eos
2883 4442 2950 4480 ex
2972 4424 3144 4480 male.
3176 4428 3255 4479 De
3276 4424 3498 4479 mundo

1849 4534 1963 4571 non
1997 4520 2156 4582 sunt,
2179 4515 2330 4570 sicut
2349 4519 2406 4570 et
2427 4532 2531 4587 ego
2549 4532 2661 4570 non
2677 4532 2809 4569 sum
2825 4515 2896 4569 de
2917 4513 3157 4569 munde.
3183 4510 3499 4568 Sanctiﬁca

1848 4623 1947 4661 eos
1973 4606 2029 4660 in
2062 4605 2297 4660 veritate
2323 4623 2335 4671 ;
2372 4621 2562 4659 sermo
2595 4608 2730 4659 tuus
2756 4604 2969 4658 veritas
2990 4606 3096 4658 est.
3123 4601 3284 4657 Sicut
3307 4604 3369 4655 tu
3402 4617 3498 4656 me

1766 4714 1813 4778 D
1849 4693 2061 4750 misisti
2084 4694 2142 4748 in
2175 4694 2486 4763 mundum,
2520 4698 2575 4748 et
2594 4709 2698 4764 ego
2717 4692 2852 4747 misi
2882 4706 2981 4747 eos
3004 4689 3061 4745 in
3085 4690 3410 4757 mundum;
3440 4693 3497 4745 et

1845 4800 1947 4856 pro
1979 4782 2030 4838 ei
2059 4799 2165 4855 ego
2198 4781 2495 4837 8000111100
2527 4780 2840 4851 meipsum,
2876 4786 2938 4834 ut
2968 4778 3087 4834 sint
3119 4782 3172 4832 et
3201 4776 3315 4848 ipsi
3358 4792 3493 4832 san-

1845 4872 2159 4929 etiticatiin
2182 4871 2440 4926 veritate.
2465 4870 2588 4925 Non
2613 4887 2715 4941 pro
2739 4869 2832 4924 his
2860 4873 3056 4924 autem
3081 4882 3218 4938 rogo
3241 4869 3494 4934 tantum,

1843 4962 1944 5019 sed
1975 4966 2033 5017 et
2062 4978 2165 5033 pro
2188 4960 2271 5015 eis
2296 4960 2397 5032 qui
2419 4958 2695 5015 credituri
2726 4963 2866 5014 sunt
2887 4974 2991 5030 per
3016 4957 3266 5013 verbum
3295 4970 3499 5012 eorum

1844 5052 1904 5106 in
1937 5067 2051 5117 me,
2086 5056 2149 5105 ut
2169 5066 2373 5105 omnes
2395 5066 2579 5103 unum
2609 5048 2749 5116 sint,
2769 5047 2923 5103 sicut
2952 5052 3017 5102 tu
3040 5047 3210 5102 Pater
3240 5045 3301 5101 in
3328 5060 3422 5100 me
3444 5047 3500 5100 et

1845 5157 1950 5212 ego
1983 5140 2041 5194 in
2072 5144 2147 5209 te,
2175 5144 2237 5193 ut
2265 5143 2323 5193 et
2354 5138 2464 5210 ipsi
2485 5137 2544 5192 in
2575 5138 2745 5192 nobis
2777 5153 2962 5191 unum
2995 5135 3137 5203 sint,
3162 5138 3226 5191 ut
3241 5133 3500 5191 mundus

1845 5230 2044 5285 credat
2074 5229 2212 5301 quia
2234 5232 2297 5283 tu
2331 5245 2423 5283 me
2447 5226 2680 5282 misisti.
2706 5228 2775 5281 Et
2805 5244 2909 5299 ego
2942 5225 3286 5290 claritatem,
3319 5237 3496 5295 quam

1845 5319 2061 5374 dedisti
2110 5317 2278 5383 mihi,
2313 5317 2446 5372 dedi
2478 5317 2562 5372 eis
2597 5321 2663 5372 ut
2694 5316 2814 5371 sint
2851 5332 3057 5381 unum,
3107 5313 3259 5368 sicut
3288 5315 3344 5366 et
3390 5324 3494 5363 nos

1847 5424 2033 5463 unum
2047 5408 2399 5478 sumus.Ego
2414 5406 2472 5460 in
2486 5406 2570 5461 eis
2584 5410 2639 5461 et
2653 5409 2711 5460 tu
2728 5406 2787 5460 in
2802 5408 2989 5471 me,ut
3002 5403 3495 5458 sintconsumma—

1844 5496 1886 5551 ti
1918 5497 1977 5550 in
1997 5512 2180 5550 unum
2200 5498 2378 5564 (Joan.
2416 5512 2555 5563 xvu,
2579 5495 2785 5565 14-23).
2801 5516 2829 5544 »
2851 5492 3119 5554 Videsne,
3142 5487 3359 5543 divisor
3375 5485 3494 5541 bla-

1844 5585 2106 5657 spheme,
2143 5584 2354 5640 Christi
2393 5602 2504 5640 000
2530 5601 2699 5656 posse
2724 5581 3020 5638 individua
3045 5577 3246 5632 dividi.
3274 5575 3493 5632 10111νὶ-

1844 5675 1961 5729 (100
2011 5674 2228 5745 quippe
2260 5678 2400 5729 sunt
2428 5673 2638 5728 Christi
2673 5676 2727 5728 et
2751 5672 2878 5741 ejus
2910 5665 3184 5723 ministri.
3238 5666 3309 5720 Et
3339 5665 3493 5737 quod
3576 5694 3585 5702 -

1845 5761 2035 5836 magis
2068 5767 2333 5836 stupeas,
2368 5762 2650 5820 individui
2682 5764 2818 5817 sunt
2848 5757 2980 5831 puri
3010 5754 3281 5813 homines
3312 5771 3348 5811 a
3380 5755 3489 5811 Dee
