3864 6420
423 486 569 551 1179

1492 481 1902 548 HUMBERTI
1947 481 2009 546 S.
2055 479 2130 545 Β.

2176 480 2248 545 E.
2294 478 2791 546 CARDINALlS.
3738 473 3841 542 llBli

413 620 598 690 Patre,
623 617 722 694 qui
763 621 992 676 tantum
1031 617 1183 676 Deus
1214 619 1321 684 est,
1355 612 1884 674 medianteChristo
1927 612 2030 688 qui
2067 615 2123 682 Α
2153 614 2306 688 quis,
2340 619 2441 672 aut
2469 614 2828 672 sensibiliter
2853 611 3068 672 abillis
3086 608 3472 686 separabile
3505 605 3839 684 invenir-ipo-

389 709 562 766 'Deus
591 713 646 764 et
673 707 1119 775 bomocst,sicut
1147 707 1269 778 ipse
1291 705 1372 762 ait
1401 723 1412 760 :
1439 728 1467 757 ι(
1489 707 1606 778 Ego
1628 705 1686 762 in
1709 705 1792 760 eis
1812 706 1868 760 et
1888 707 1950 758 tu
1967 703 2028 758 in

408 802 589 863 me,ut
607 797 725 852 sint
748 795 1134 852 consummati
1153 795 1209 850 in
1232 811 1415 850 unum
1439 795 1764 866 (Joan.xvu,
1789 793 2031 864 14-23).»

405 886 536 950 Qua:
557 890 748 940 tamen
773 883 1057 939 mirabilis
1076 887 1133 938 et
1152 881 1550 938 desiderabilis
1583 881 1778 936 unitas
1800 879 2040 947 illi,tan-

403 990 579 1046 quam
610 973 935 1046 Unigcnito,
960 976 1170 1028 natura
1191 973 1452 1036 debetur,
1477 969 1724 1036 homini,
1753 974 2036 1040 tanquam

405 1063 688 1134 adoptivo,
721 1061 844 1116 sola
874 1061 1061 1134 gratia
1084 1061 1388 1132 praebetur.
1415 1059 1676 1130 Denique
1691 1061 1756 1112 ut
1775 1057 2038 1112 Christus

401 1150 574 1206 Jesus
604 1149 714 1205 Deo
745 1154 801 1204 et
822 1147 1040 1204 homini
1068 1148 1358 1214 unienrlis,
1390 1147 1543 1202 sicut
1572 1144 1946 1219 singulariter
1977 1144 2038 1198 ﬁ-

405 1239 548 1294 delis
577 1239 876 1303 mediator,
911 1239 1196 1293 ambobus
1249 1239 1506 1307 apparet.
1553 1251 1670 1290 sua:
1702 1238 1920 1288 natura:
1951 1232 2036 1286 di-

408 1329 548 1382 vina:
577 1333 632 1383 et
655 1327 1188 1397 sanetilati,quibus
1205 1327 1318 1380 Deo
1341 1323 2038 1395 congruebat,humanam

403 1421 666 1472 naturam
699 1419 754 1470 ct
787 1413 1330 1477 sanctiﬁcationcm,
1381 1429 1496 1483 qua
1528 1415 1765 1466 sanctus
1813 1414 1868 1463 ct
1909 1407 2035 1463 sine

401 1508 632 1575 peccato
667 1507 837 1557 natus
868 1507 974 1564 est,
1012 1501 1214 1566 univit,
1248 1506 1310 1555 ut
1341 1517 1409 1554 ex
1439 1517 1554 1554 una
1575 1497 1796 1552 homini
1821 1496 1879 1551 in
1905 1512 2032 1568 pec-

399 1591 540 1648 catis
571 1594 845 1662 concepto
878 1589 960 1646 sic
991 1593 1331 1660 congrueret
1365 1593 1427 1642 ut
1459 1585 1804 1653 consuleret,
1861 1590 2034 1656 atque

401 1695 468 1734 ex
497 1678 676 1732 altera
705 1678 788 1732 sic
817 1677 1150 1732 subveniret
1179 1680 1240 1730 ut
1263 1673 1778 1730 sanctificationem
1803 1687 2033 1744 quoque

399 1767 683 1840 perditam
706 1767 1048 1820 restitueret.
1071 1765 1202 1830 Quae
1225 1763 1602 1818 sanctiﬁcatio
1621 1760 1899 1834 Virginis,
1925 1764 2034 1814 ter-

399 1873 471 1910 rae
497 1855 611 1910 ﬁlio
631 1855 910 1910 divinitus
931 1853 1138 1909 Collata
1154 1857 1210 1907 et
1234 1851 1526 1906 diabolicae
1550 1849 1818 1922 potestati
1841 1849 2031 1903 adem-

393 1947 514 2016 pta,
547 1943 808 1998 redditur
837 1941 1079 2013 virginis
1110 1941 1302 1995 Mariae
1337 1939 1496 2003 Filio,
1534 1955 1649 2009 qua
1679 1937 1831 1990 idem
1859 1952 2029 1991 verus
2062 1970 2111 2036 B

393 2031 568 2088 homo
617 2030 1060 2104 prtedestinatus
1089 2033 1179 2084 est
1211 2027 1390 2084 Filius
1434 2027 1532 2081 Dei
1566 2025 1624 2080 in
1655 2025 1887 2091 virtute,
1943 2040 2032 2078 sc-

393 2121 650 2176 cundum
681 2119 954 2192 spiritum
978 2115 1476 2178 sanctiﬁcationis,
1501 2131 1674 2185 quem
1703 2112 2032 2168 sanctiﬁca-

393 2207 566 2264 tionis
587 2207 856 2280 Spiritum
888 2205 1012 2262 suis
1034 2205 1158 2278 ipse
1184 2205 1276 2258 Dei
1311 2208 1364 2258 et
1387 2201 1644 2258 hominis
1671 2200 1826 2255 ﬁlius
1857 2201 2032 2270 depo-

392 2313 581 2361 scens,
613 2295 694 2350 ait
728 2317 756 2345 ‹‹
784 2293 1090 2350 Sanctiﬁca
1117 2309 1214 2348 eos
1245 2292 1304 2346 in
1343 2291 1603 2354 veritate,
1639 2311 1666 2336 ››
1709 2286 1929 2342 scilicet
1971 2287 2028 2341 in

393 2400 484 2440 me
515 2383 614 2455 qui
644 2399 774 2438 sum
806 2381 1039 2442 veritas,
1073 2403 1100 2431 ‹‹
1131 2385 1194 2434 ut
1223 2379 1342 2434 sint
1363 2382 1420 2433 et
1462 2378 1572 2450 ipsi
1603 2375 1947 2432 sanctiﬁcati
1971 2375 2028 2428 in

393 2487 484 2527 me
509 2471 691 2542 (Ibid.,
726 2470 832 2541 17).
862 2492 888 2519 ››
922 2471 998 2524 Ex
1023 2485 1136 2540 quo
1166 2467 1446 2522 veraciter
1475 2464 1768 2536 colligitur
1811 2463 2027 2518 sancti-

297 2583 301 2586 ~
393 2559 660 2615 ﬁcatione
707 2557 828 2614 sola
863 2558 1011 2613 efﬁci
1044 2561 1106 2612 ut
1138 2555 1412 2610 humanis
1449 2553 1645 2608 divina
1679 2553 2024 2623 jnngantur.

391 2649 614 2720 Itaque,
639 2647 684 2702 si
707 2663 887 2702 unum
910 2647 1055 2700 ﬁunt
1076 2661 1208 2700 cum
1232 2643 1460 2700 Christo
1483 2641 1541 2696 in
1568 2645 1677 2695 Deo
1700 2637 1950 2694 ministri
1974 2643 2030 2692 et

393 2735 594 2793 famuli
627 2735 856 2802 Christi,
891 2733 1025 2806 quia
1047 2730 1391 2790 sanctiﬁcati
1415 2733 1550 2784 sunt
1578 2728 1637 2782 in
1667 2728 1810 2799 ipso,
1841 2726 2026 2782 mani-

390 2825 604 2880 festum
636 2827 724 2880 est
753 2821 1039 2894 quidquid
1071 2820 1475 2876 ministrorum
1498 2815 1712 2872 Christi
1735 2817 1824 2870 est
1845 2830 2026 2869 unum

391 2929 520 2968 esse
551 2928 684 2967 cum
716 2911 832 2966 illis
860 2911 918 2966 in
950 2909 1198 2974 Christo,
1221 2907 1359 2980 quia
1389 2904 1814 2961 sanctiﬁcatum
1849 2906 1939 2957 est
1967 2901 2026 2956 in

393 2999 538 3071 ipsis
566 2998 813 3055 Christo.
845 2999 1005 3064 Quod
1038 2997 1087 3052 si
1117 2995 1410 3068 peculium
1440 2991 1692 3047 carnalis
1715 2989 1865 3046 servi
1899 2989 2027 3044 uni-

392 3092 490 3143 tur
517 3092 575 3142 et
603 3087 753 3144 servi
783 3087 1018 3142 domino
1048 3102 1150 3158 per
1179 3099 1410 3140 servum
1441 3080 1538 3152 qui
1579 3081 1706 3150 ejus
1737 3085 1844 3144 est,
1878 3095 2026 3150 quo-

395 3176 568 3232 modo
599 3193 710 3230 non
745 3173 932 3246 magis
971 3173 1171 3228 unitur
1199 3177 1254 3228 et
1285 3171 1441 3226 cedit
1469 3169 1697 3224 Christo
1742 3165 2026 3237 quidquid

393 3282 634 3322 suorum
664 3268 770 3329 est,
805 3261 1126 3335 praesertim
1157 3259 1370 3334 quibus
1404 3256 1696 3330 possessio
1730 3253 1891 3310 nulla
1916 3257 2024 3320 est,

391 3353 504 3411 nisi
534 3371 660 3426 quoa
692 3331 904 3426 ipsi'de
933 3351 1100 3405 donis
1131 3331 1219 3405 sui
1245 3349 1520 3403 redonata
1541 3343 1655 3400 illis
1691 3343 2023 3409 redonatur,
2055 3331 2098 3398 C

389 3459 638 3514 quorum
670 3457 803 3512 pars
829 3437 1182 3494 haereditatis
1204 3437 1444 3508 insuper
1465 3437 1554 3490 est
1571 3432 1695 3505 ipse
1715 3431 2020 3498 Dominus,

389 3531 480 3587 cui
510 3533 568 3585 et
595 3529 707 3601 ipsi
737 3533 876 3584 sunt
905 3525 1248 3583 haereditas?

976 3639 1202 3696 CAPUT
1242 3637 1436 3694 XXIV.

391 3735 464 3789 De
481 3730 748 3803 exemplis
766 3731 1066 3786 indiuiduae
1086 3730 1372 3785 Trinitatis
1391 3729 1448 3782 in
1463 3724 1708 3782 omnibus
1728 3723 2016 3779 creaturis.

458 3848 568 3904 Sed
609 3847 752 3920 proli
786 3845 979 3902 dolor!
1017 3844 1288 3899 unionem
1335 3842 1483 3898 hanc
1523 3837 1914 3905 detestabiles,
1965 3841 2024 3893 et

386 3935 752 3991 individuum
776 3933 1054 3989 individui
1077 3934 1214 3988 etab
1228 3931 1353 4002 ipso
1367 3927 1802 3986 divisidividere
1815 3941 2022 3998 aggre-

389 4023 652 4087 diuntur,
673 4020 1336 4078 cumsanctiﬁcationem
1359 4019 1439 4073 ita
1460 4019 1517 4072 in
1549 4033 1611 4072 se
1640 4013 1933 4070 contineat
1957 4016 2022 4067 ut

389 4111 464 4166 ab
479 4126 548 4165 ea
561 4109 712 4164 conti
723 4113 929 4164 neantu
942 4125 984 4162 r.
1007 4109 1084 4179 Eq
1095 4107 1285 4162 uidem
1307 4107 1461 4162 velut
1481 4105 1636 4160 luteo
1657 4102 2022 4176 glaucomate

371 4197 554 4270 ,lippi,
585 4200 689 4252 aut
717 4195 1012 4268 superﬂuo
1035 4199 1171 4266 potu
1191 4194 1427 4262 madidi,
1452 4192 1630 4248 solem
1664 4194 1766 4246 aut
1793 4188 2018 4256 lunam,

389 4302 490 4342 seu
510 4283 830 4357 quamlibet
847 4284 1145 4339 lucernam
1168 4284 1408 4338 credunt
1427 4281 1540 4338 sibi
1562 4297 1677 4336 non
1700 4277 1892 4334 solum
1911 4277 2018 4331 du-

388 4373 610 4446 plicari,
644 4373 744 4429 sed
774 4378 830 4428 et
859 4371 1256 4444 multiplicari,
1280 4375 1344 4426 ut
1372 4369 1638 4442 egregius
1671 4364 2020 4424 Prudentius

387 4461 753 4520 Marcionitas
784 4461 930 4518 duos
960 4461 1119 4528 deos,
1152 4461 1370 4516 bonum
1414 4457 1634 4515 scilicet
1663 4471 1728 4512 ac
1773 4451 2018 4518 malum,

386 4551 497 4608 sibi
527 4551 923 4623 conﬁngentes
953 4551 1279 4615 confutans,
1312 4548 1395 4604 ait
1425 4564 1439 4602 :

538 4658 704 4706 Nemo
729 4656 864 4705 duos
883 4655 1039 4714 soles,
1059 4655 1159 4704 nisi
1188 4654 1286 4704 sub
1306 4654 1656 4719 glaucomate,
1691 4649 1840 4698 vidit.

2053 4691 2096 4754 D

385 4767 768 4838 Quapropter,
798 4763 844 4818 si
873 4765 1139 4835 possunt,
1173 4759 1532 4834 perpendant
1565 4777 1741 4831 quam
1767 4761 1954 4816 aversi
1986 4777 2021 4816 a

384 4853 501 4908 Deo
526 4851 815 4916 incedant,
845 4849 943 4922 qui
977 4849 1230 4905 dividere
1259 4847 1560 4904 individua
1590 4847 1874 4904 laborant.
1915 4849 2024 4905 De-

385 4939 563 5010 nique
577 4939 703 5010 ipse
714 4937 866 4992 Deus
883 4954 1050 4993 suam
1069 4937 1426 4994 individuam
1444 4935 1788 4992 Trinitatem
1806 4936 2025 4993 unitate

387 5025 775 5091 commendat,
809 5029 981 5096 atque
1001 5025 1108 5082 hoc
1131 5043 1248 5081 suis
1271 5025 1772 5080 incommutabilis
1800 5029 1856 5080 et
1878 5025 2024 5080 invi-

388 5113 576 5171 sibilis
606 5117 824 5168 naturte
849 5115 1144 5187 exemplar
1171 5132 1284 5170 non
1314 5113 1506 5170 solum
1543 5113 1935 5170 invisibilibus
1967 5117 2024 5170 et

388 5201 794 5271 mutabilibus,
837 5203 934 5256 sed
987 5202 1314 5277 visibilibus
1352 5216 1584 5271 quoque
1629 5201 1868 5256 facturis
1898 5201 2022 5258 suis

387 5290 719 5348 commodat
745 5297 793 5346 el
827 5297 1145 5346 conservat.
1167 5289 1376 5344 Omnia
1395 5288 1690 5360 enimquae
1714 5289 1772 5343 in
1797 5307 1910 5344 una
1927 5307 2018 5345 sa-

388 5379 606 5454 pientia
635 5395 742 5434 sua
782 5382 929 5432 Deus
963 5379 1118 5446 fecit,
1158 5377 1502 5432 Trinitatem
1543 5393 1659 5448 qua
1691 5377 2022 5433 subsistunt

390 5465 708 5538 insignivit,
741 5465 839 5520 ubi
881 5465 1155 5521 omnibus
1185 5479 1544 5531 mensuram,
1589 5481 1920 5533 numerum,
1964 5470 2020 5522 et

392 5552 619 5623 pondus
638 5553 852 5607 habere
873 5552 1032 5607 dedit
1050 5553 1200 5623 (Sap.
1221 5567 1296 5616 ιιι,
1329 5552 1386 5604 2|
1403 5551 1440 5621 ).
1466 5552 1599 5614 Quae
1621 5551 1734 5606 tria
1759 5557 2016 5609 contem-

395 5635 752 5706 poraliter,et
765 5637 2018 5710 inseparabiliteromnibuscreaturisinsunt

399 5735 504 5776 nec
524 5723 818 5792 quodlibet
843 5741 1043 5780 eorum
1059 5725 1220 5799 prius
1242 5741 1308 5780 ac
1328 5723 1616 5797 posterius
1637 5725 1864 5781 duobus
1887 5727 2018 5783 reli-

2149 705 2302 761 terit.
2355 705 2484 761 Sive
2531 704 2691 761 enim
2738 719 3107 774 mensuram,
3169 699 3314 758 sive
3351 715 3734 768 numerum,
3760 701 3836 756 sive

2145 793 2377 866 pondus
2409 794 2468 849 in
2497 791 2864 865 quibuslibet
2893 790 3165 864 corporis
3205 790 3486 845 naturis
3521 789 3830 852 consideres,

2147 881 2366 954 pariter
2412 885 2469 937 et
2513 879 2986 954 inseparabiliter
3016 879 3079 935 in
3128 879 3281 951 ipsa
3317 878 3462 934 tria
3510 876 3706 942 nasci,
3735 895 3828 940 esse,

2145 985 2422 1036 crescere,
2445 971 2798 1037 decrescere,
2831 967 3151 1024 etinterire
3174 965 3394 1022 etiam
3423 963 3726 1021 sensibus
3751 983 3826 1021 cor-

2145 1058 2303 1130 poris
2333 1057 2568 1114 senties.
2592 1060 2728 1124 Quaa
2760 1055 3242 1113 nihilominusin
3273 1052 3628 1125 corporeis
3651 1061 3829 1110 creatu-

2147 1146 2248 1212 ris,
2289 1147 2338 1202 si
2387 1145 2840 1212 animadvertas,
2890 1143 3220 1216 intelliges.
3265 1144 3544 1198 Habent
3587 1143 3830 1214 siquidem

2145 1251 2482 1291 mensuram
2499 1251 2616 1308 qua
2635 1235 2812 1290 etiam
2833 1232 3280 1288 circumscribu
3292 1249 3334 1286 ιι
3347 1236 3485 1295 tur,
3496 1231 3736 1304 pondus
3751 1249 3830 1286 me-

2145 1323 2410 1393 ritorum,
2445 1339 2760 1378 numerum
2801 1323 3120 1378 affectuum
3165 1321 3624 1376 diversorum.
3661 1320 3826 1392 Nempe

2145 1415 2208 1466 ut
2233 1413 2628 1468 membrorum
2661 1411 2746 1468 vel
2774 1411 3030 1483 partium
3063 1409 3418 1464 diversitas
3457 1409 3580 1463 dat
3610 1411 3824 1480 corpori-

2143 1499 2255 1554 bus
2303 1517 2636 1567 numerum,
2669 1499 2754 1556 sic
2783 1503 2841 1554 et
2869 1497 3082 1554 creatis
3133 1497 3504 1569 spiritibus
3555 1495 3822 1552 diversitas

2141 1589 2472 1644 elfectuum.
2526 1590 2746 1661 itaque,
2799 1591 2862 1643 ut
2892 1583 3260 1644 venerabilis
3307 1585 3604 1656 Prosper
3649 1587 3746 1650 ait,
3771 1586 3819 1639 si:

2141 1693 2385 1748 operum
2415 1677 2638 1749 species
2659 1675 2929 1749 praedicat
2943 1675 3268 1740 artiﬁcem,
3312 1675 3675 1746 ﬁngentem
3695 1675 3823 1728 rebus

2141 1764 2380 1832 formas,
2411 1765 2557 1832 loca,
2599 1769 2884 1836 tempora,
2929 1766 3132 1818 motus
3178 1760 3556 1830 mensuris,
3603 1761 3824 1816 numeris

2141 1853 2613 1944 ponderibusque
2637 1852 2784 1910 suis.
2817 1853 2953 1918 Quae
2974 1849 3112 1906 licet
3137 1849 3260 1905 tria
3282 1850 3612 1944 ogvi'éilbus
3643 1851 3824 1922 parite:

2141 1941 2346 1997 inserit
2374 1941 2678 2010 creaturis,
2713 1945 2911 1997 tamen
2943 1955 3134 1995 unum
3177 1908 3532 2023 quodxiﬁi;
3566 1939 3819 1997 efﬁciunt.

2143 2030 2483 2102 unitateque
2508 2033 2866 2096 coercentur,
2909 2029 3232 2100 quatenus,
3255 2027 3466 2097 juxta
3505 2043 3696 2082 suum
3727 2043 3821 2080 mo-

2143 2119 2304 2184 dum,
2339 2118 2423 2174 sic
2453 2135 2562 2173 sua
2591 2117 2916 2173 dilatantur
2943 2115 3214 2172 trinitate
3243 2119 3318 2170 ut
3337 2132 3470 2170 sua
3488 2132 3734 2188 quoque
3756 2133 3822 2169 ar-

2141 2211 2371 2262 ctentur
2401 2207 2642 2276 unitate,
2675 2205 2878 2278 sicque
2904 2219 3225 2260 numerum
3281 2202 3585 2260 habeant
3617 2221 3722 2260 nec
3747 2203 3822 2258 ha-

2139 2295 2332 2361 beant,
2364 2295 2550 2350 instar
2565 2295 2656 2350 sui
2689 2293 2965 2361 auctoris,
2995 2292 3096 2364 qui
3120 2291 3323 2348 ettria
3347 2309 3622 2348 summa
3643 2293 3823 2348 dicitur

2137 2387 2195 2439 et
2228 2400 2431 2438 unum.
2465 2385 2642 2439 Porro
2662 2383 2834 2454 juxta
2853 2381 3011 2453 quod
3045 2381 3224 2436 beata
3251 2384 3316 2436 et
3352 2380 3824 2454 incorruptibilis

2137 2471 2258 2527 haec
2283 2471 2540 2526 Trinitas
2558 2487 2711 2526 unus
2736 2469 2893 2526 Deus
2924 2472 3082 2524 recte
3103 2467 3340 2524 dicitur
3360 2475 3433 2526 et
3458 2469 3746 2537 habetur,
3765 2471 3823 2525 sic

2135 2563 2192 2616 et
2220 2558 2683 2632 incorruptibilis
2714 2557 2816 2613 illa
2835 2557 3096 2614 Trinitas
3118 2557 3179 2610 in
3208 2556 3508 2630 singulis
3531 2560 3819 2620 creaturis,

2137 2653 2240 2704 aut
2269 2665 2421 2704 unus
2443 2647 2706 2720 spiritus,
2740 2649 2842 2703 aut
2871 2662 3058 2702 unum
3095 2661 3327 2717 corpus
3361 2646 3620 2703 dicitur
3663 2653 3721 2704 et
3746 2647 3821 2702 ha-

2137 2735 2326 2791 betur.

2207 2825 2288 2880 Ex
2315 2823 2530 2896 quibus
2555 2823 2830 2880 omnibus
2858 2821 3274 2894 multipliciter
3305 2823 3820 2891 docemurDeum,

2137 2916 2254 2968 tam
2298 2912 2356 2967 in
2387 2929 2450 2968 se
2471 2928 2645 2984 quam
2670 2915 2728 2968 et
2755 2910 2816 2966 in
2836 2911 3118 2968 omnibus
3137 2913 3446 2983 operibus
3485 2913 3652 2981 suis,
3684 2931 3822 2969 com-

2138 3001 2432 3068 mendare,
2457 3005 2633 3072 atque
2665 3015 2844 3072 super
2868 2999 3072 3056 omnia
3093 2997 3354 3073 diligere
3391 3005 3755 3070 monadem,
3780 3008 3822 3056 et

2135 3088 2398 3160 apprime
2430 3088 2704 3144 detestari
2729 3093 2786 3142 et
2805 3086 3002 3142 odisse
3017 3103 3126 3142 ass
3147 3087 3492 3158 quodlibet
3522 3091 3822 3148 ascenden-

2133 3180 2272 3232 tem.
2306 3177 2509 3232 Monas
2539 3175 2698 3231 enim
2729 3173 3048 3230 individua-
3085 3192 3212 3231 suae
3247 3180 3505 3234 natura:
3557 3180 3815 3236 beneﬁcio

2135 3263 2310 3320 etiam
2325 3263 2873 3320 dividuaindividuo
2891 3262 3131 3319 unionis
3146 3264 3419 3333 reducit,
3438 3270 3506 3322 et
3523 3267 3814 3324 individua

2136 3351 2443 3407 connectit.
2477 3351 2614 3407 Dias
2653 3355 2850 3407 autem
2881 3350 3154 3407 dividuas
3201 3353 3300 3408 sui
3335 3353 3486 3411 vitii
3543 3357 3812 3413 maleﬁcio

2129 3439 2303 3496 etiam
2331 3439 2700 3495 individuum
2714 3439 2971 3496 dividere
2993 3439 3228 3512 querit.
3250 3440 3392 3511 Illa,
3421 3447 3735 3518 tanquam
3757 3445 3822 3499 in-

2129 3527 2420 3584 violabilis
2441 3531 2498 3583 et
2527 3527 2790 3600 paciﬁca,
2813 3526 2896 3583 nil
2926 3527 3041 3583 nisi
3081 3545 3118 3584 a
3147 3528 3456 3600 dividuis,
3493 3534 3758 3591 diversis
3783 3540 3829 3588 et

2130 3613 2372 3685 privatis
2401 3614 2717 3683 retrahere,
2747 3617 2922 3686 atque
2940 3631 3048 3670 suo
3067 3615 3366 3674 omnibus
3392 3622 3752 3689 communi,
3781 3628 3826 3676 et

2130 3701 2400 3774 praesenti
2431 3701 2728 3758 individuo
2752 3703 2923 3760 unire
2952 3702 3195 3760 novit.E
3215 3709 3551 3765 contrario
3573 3709 3700 3766 ista
3719 3715 3831 3765 tan-

2131 3806 2306 3862 quam
2333 3789 2544 3846 violata
2572 3788 2865 3856 violatrix,
2887 3794 2944 3846 et
2964 3789 3381 3860 schismatica,
3417 3795 3549 3852 nisi
3583 3798 3743 3854 nihil
3772 3798 3831 3853 ab

2129 3877 2427 3934 individuo
2449 3877 2742 3934 consimili
2763 3883 2820 3934 et
2839 3879 3146 3961 communi
3179 3880 3344 3938 bono
3377 3884 3770 3960 abrumpere
3788 3897 3832 3942 εξ

2129 3965 2468 4022 abscindere
2498 3969 2702 4022 tentat.
2736 3965 2864 4022 Haec
2886 3967 3090 4039 procul
3123 3968 3314 4026 dubio
3348 3973 3433 4027 ab
3472 3973 3590 4030 illo
3627 3977 3830 4032 incom-

2129 4052 2424 4110 mutabili:
2449 4057 2506 4110 et
2533 4053 2836 4112 individua
2864 4056 3118 4112 monade
3141 4057 3303 4114 ultro
3328 4062 3648 4120 recedens
3681 4066 3830 4138 prius

2127 4141 2360 4215 privatae
2400 4146 2458 4197 et
2494 4141 2767 4198 solitaria
2817 4143 2974 4200 sedis
3017 4144 3220 4201 locum
3253 4147 3378 4204 sibi
3427 4149 3500 4206 in
3541 4151 3828 4210 lateribus

2127 4231 2420 4303 aquilonis
2451 4229 2786 4302 exploravit,
2818 4232 3030 4289 deinde
3050 4232 3364 4293 hominem
3394 4255 3436 4294 a
3453 4238 3592 4298 Deo
3615 4244 3826 4299 divisit-

2126 4324 2257 4376 Haec
2287 4337 2518 4393 quoque
2542 4337 2702 4377 more
2731 4337 2837 4378 suo
2862 4337 2967 4393 per
2987 4323 3370 4380 meretricem
3397 4327 3574 4386 dixit
3608 4350 3624 4389 :
3653 4355 3686 4382 α
3726 4333 3826 4388 Nec

2127 4409 2296 4480 mihi,
2343 4425 2449 4464 nec
2493 4409 2620 4475 tibi,
2673 4410 2772 4466 sed
2833 4409 3136 4466 dividatur
3189 4412 3298 4484 (III
3341 4415 3488 4488 Reg.
3529 4437 3631 4487 ιιι,
3665 4423 3780 4489 26).

2127 4497 2255 4554 Haec
2286 4497 2460 4552 etiam
2494 4496 2550 4552 in
2571 4496 2915 4570 Evangelico
2937 4498 3240 4571 peralium
3257 4507 3666 4574 persuadere
3689 4510 3827 4581 cupit

2126 4589 2351 4641 aeternae
2381 4584 2613 4641 Monadi
2634 4585 2942 4654 visionem,
2967 4585 3174 4644 dicens
3203 4603 3218 4644 ε
3254 4613 3286 4638 ‹‹
3324 4589 3444 4648 Dic
3467 4594 3664 4652 fratri
3691 4615 3822 4653 meo.

2129 4677 2192 4729 ut
2221 4673 2442 4738 dividat
2471 4689 2704 4729 mecum
2729 4673 3132 4731 hereditatem
3164 4677 3328 4748 (Luc.
3360 4697 3482 4753 xu,
3525 4684 3655 4757 13).
3681 4708 3712 4735 ››
3743 4688 3822 4741 Cui

2128 4763 2298 4818 beata
2326 4761 2528 4818 Menas
2548 4760 2896 4830 reclamans,
2929 4767 3154 4820 naturae
3189 4783 3316 4822 suae
3347 4768 3824 4842 impossibilita-

2131 4855 2250 4906 tem
2281 4849 2367 4906 sic
2395 4849 2728 4923 praedicavit
2749 4867 2811 4906 :«
2833 4851 3041 4920 Homo,
3073 4853 3214 4925 quis
3239 4872 3339 4912 me
3370 4862 3728 4920 constituit
3747 4866 3825 4935 jn-

2132 4938 2341 5006 dicem,
2374 4941 2476 4993 aut
2505 4937 2858 4994 diversorem
2889 4955 3070 5012 super
3097 4943 3244 4997 vos?
3278 4965 3310 4994 ››
3352 4944 3534 5016 (Luc.
3562 4959 3689 5018 ‘xu,
3733 4951 3826 5006 14.“:

2132 5027 2200 5082 Et
2227 5027 2277 5082 si
2308 5027 2506 5082 omnia
2533 5042 2710 5098 opera
2757 5026 3082 5085 divinitatis
3123 5031 3522 5105 consideres,
3583 5040 3826 5096 monade

2129 5131 2368 5187 prorsus
2399 5130 2468 5170 ea
2496 5113 2837 5184 subsistere,
2870 5114 3044 5172 diade
3092 5121 3302 5174 autem
3345 5120 3630 5184 interire
3683 5129 3822 5183 inve-

2130 5201 2273 5258 nies.
2292 5201 2514 5266 Quibus
2527 5200 2997 5290 sicutmonasest
3017 5205 3406 5265 subsistendi
3423 5213 3820 5290 principium.

2129 5289 2212 5346 sic
2224 5297 2276 5346 et
2289 5291 2414 5346 dias
2430 5287 3177 5349 desistendiinitium.Nam
3193 5299 3492 5367 quandiu
3513 5287 3820 5362 diversitas

2125 5382 2183 5435 et
2225 5377 2614 5434 numerositas
2650 5378 3074 5452 membrorum,
3105 5399 3212 5438 seu
3245 5387 3572 5458 partium,
3624 5394 3818 5451 unione

2125 5471 2413 5532 censetur,
2445 5465 2534 5522 vel
2564 5470 2686 5522 toto
2715 5483 2824 5523 suo
2854 5470 3292 5540 connnectitur,
3342 5478 3682 5539 substitit.
3737 5482 3815 5538 tibi

2125 5558 2320 5610 autem
2351 5553 2422 5609 ad
2454 5553 2687 5609 diadem
2719 5555 2962 5622 accedit,
2985 5557 3281 5618 desistere
3303 5567 3367 5620 et
3389 5564 3678 5628 interire
3707 5569 3816 5626 inci.

2123 5641 2228 5714 pit.
2260 5643 2424 5734 Quod
2453 5642 2680 5715 Moyses
2712 5658 2947 5734 quoque
2977 5645 3194 5703 innuit.
3225 5650 3532 5714 Quicum
3569 5657 3815 5734 singula»

2123 5746 2252 5786 rum
2284 5729 2510 5786 dierum
2541 5746 2717 5803 opera
2744 5731 2932 5800 Deum
2962 5735 3120 5806 quod
3150 5735 3324 5797 bona
3345 5751 3584 5804 essent
3618 5729 3810 5806 vidisse

3843 5485 3846 5577 l

3759 5585 3816 5624 aer

3761 5577 3846 6368 Ἰ
