3898 6428
324 441 437 508 251
1240 445 1306 508 S.
1348 438 1743 510 BRUNONIS
1789 445 2407 511 HERBIPOLENSIS
2450 446 2832 511 EPISCOPI.
3619 452 3729 515 233.

325 594 503 655 quam
534 574 796 652 perfecit,
818 578 1056 653 quando
1104 583 1307 654 gentes
1349 578 1602 653 reliquas
1647 577 1704 636 in
1736 578 1972 655 supple-
2005 579 2058 650 Α
2092 580 2158 638 15
2227 585 2375 640 Dum
2413 578 2683 643 discernit
2737 580 2966 644 owlestis
3010 598 3162 657 reges
3208 600 3373 659 super
3417 599 3537 643 eam
3564 603 3585 643 .·
3611 587 3724 646 nive

326 672 594 728 mentum
627 667 992 726 credulitatis
1022 669 1281 726 admisit.
2300 673 2705 730 deutbabuntur
2733 674 2793 731 in
2821 675 3036 732 Selmon
3069 694 3090 730 .-

325 758 387 815 11
467 758 751 814 Animalia
780 766 879 814 tua
903 758 1226 815 habitabant
1257 758 1316 814 in
1342 775 1406 815 ea
1436 778 1456 815 :
2230 761 2377 819 Mons
2406 764 2523 830 Dei,
2553 780 2709 819 mons
2732 765 2979 838 pinguis.

464 848 684 904 Parasti
713 848 773 903 in
802 847 1088 904 dulcedine
1113 855 1208 904 tua
1232 850 1484 921 pauperi,
1519 848 1679 903 Deus.
2159 851 2199 904 C
2228 850 2347 907 Rex
2376 868 2411 908 a
2441 853 2694 924 regendo
2725 852 2918 909 dictus
2945 855 3053 920 est,
3077 853 3234 909 unde
3259 869 3424 928 reges
3449 853 3729 928 significat

394 936 436 993 C
465 936 734 994 Ostendit
764 953 917 993 nunc
949 937 1102 993 unde
1131 935 1437 1010 perfecerit
1469 937 1827 993 inﬁrmatam
1862 936 1978 993 haz-
2088 940 2402 1013 apostolos.
2426 941 2471 997 D
2494 943 2650 1009 Quos
2670 942 2952 999 discernit
2987 942 3270 998 Dominus
3308 942 3578 1012 caelestis,
3601 961 3725 1001 cum

323 1026 652 1097 reditatem,
670 1027 807 1099 quia
837 1027 907 1082 de
936 1026 1234 1099 gentibus.
1258 1026 1549 1084 Animalia
1578 1027 1814 1083 fuerunt
1845 1044 1980 1099 gen-
2088 1027 2332 1084 Paulum
2364 1029 2425 1085 in
2464 1034 2666 1103 gentes
2700 1031 2840 1103 (Gal.
2874 1031 2960 1102 ιι),
2989 1032 3224 1087 Petrum
3258 1031 3317 1087 in
3349 1032 3730 1089 circumcisio-

321 1119 432 1183 tes,
454 1133 589 1173 vera
628 1115 907 1189 religione
937 1120 1212 1184 vacuatus,
1237 1115 1358 1171 haec
1386 1115 1739 1172 habitabunt
1782 1114 1841 1173 in
1887 1133 1975 1172 ea,
2086 1134 2219 1173 nem
2243 1119 2552 1190 separavit,
2569 1120 2669 1191 qui
2689 1136 2866 1194 super
2887 1120 3077 1176 nivem
3099 1120 3602 1177 dealhabuntur.C
3620 1121 3727 1177 Hoc

321 1206 428 1263 hoc
478 1208 568 1268 est
613 1204 671 1261 in
714 1204 989 1271 Ecclesia,
1011 1221 1146 1260 cum
1204 1204 1431 1261 cultum
1490 1204 1790 1278 religionis
1846 1222 1974 1278 per-
2085 1211 2175 1262 est
2201 1224 2381 1281 super
2409 1209 2720 1265 candorem
2745 1209 2894 1266 nivis
2915 1208 3272 1280 elucescunt,
3298 1208 3399 1283 qui
3420 1209 3729 1267 Ecclesiam

319 1297 613 1368 ceperunt.
638 1293 881 1362 Parasti,
917 1293 1212 1367 significat
1243 1292 1709 1368 prmdestinatos.
1746 1294 1807 1350 In
1841 1292 1972 1349 dul-
2083 1312 2282 1369 regere
2314 1301 2639 1353 noscuntur
2667 1297 3190 1355 fideliter.Selmon
3224 1298 3434 1355 umbra
3454 1297 3730 1370 interpre-

316 1384 515 1440 cedine
546 1387 666 1451 tua,
700 1383 758 1451 id
790 1387 877 1439 est
909 1383 967 1437 in
1000 1382 1102 1439 illa
1131 1383 1442 1451 suavitate,
1467 1382 1526 1438 in
1551 1400 1668 1456 qua
1690 1400 1974 1456 pauperes
2081 1389 2257 1454 tatur,
2283 1404 2409 1460 quae
2459 1386 2555 1442 hic
2604 1403 2857 1460 congrue
2888 1387 3084 1443 divina
3130 1388 3320 1443 virtus
3371 1386 3733 1460 intelligitur,

313 1473 411 1531 Dei
465 1488 631 1545 reges
687 1470 1016 1528 ditissimos
1068 1470 1447 1538 antecellunt,
1480 1489 1595 1528 non
1658 1471 1718 1527 in
1777 1471 1972 1528 saculi
2082 1475 2211 1548 ipsa
2240 1476 2313 1531 ab
2344 1481 2486 1532 aestu
2507 1475 2783 1532 vitiorum
2814 1492 2922 1533 nos
2950 1475 3228 1533 defendit.
3254 1475 3422 1532 Mons
3446 1475 3546 1533 Dei
3569 1493 3734 1532 mons

311 1563 490 1636 hujus
519 1560 845 1627 dulcedine,
882 1561 982 1617 ubi
1027 1560 1217 1618 sancti
1249 1560 1440 1635 magis
1489 1578 1691 1618 amara
1737 1560 1970 1635 patiun-
2080 1563 2338 1638 pinguis,
2363 1564 2635 1622 Christus
2664 1582 2792 1622 esse
2823 1564 3175 1639 intelligitur
3212 1582 3282 1622 ex
3311 1581 3427 1637 quo
3459 1567 3735 1639 perpetua

309 1654 425 1709 tur.
2079 1657 2136 1709 et
2163 1654 2365 1711 suavia
2394 1655 2616 1711 ﬂuenta
2641 1653 3023 1712 descendunt.

309 1742 380 1797 12
455 1741 721 1799 Dominus
748 1740 901 1797 dabit
927 1740 1148 1797 verbum
1176 1759 1196 1795 :
2082 1743 2149 1797 16
2223 1743 2372 1800 Mons
2400 1745 2720 1814 coagulatus
2749 1760 2905 1800 mons
2927 1744 3160 1817 pinguis
3190 1760 3210 1799 :

352 1898 359 1903 ‘
450 1830 971 1903 Evangelimntibus
1004 1846 1018 1885 :
1050 1831 1279 1887 virtutes
1307 1830 1526 1886 multas.
2222 1834 2286 1890 L’t
2316 1832 2449 1904 quid
2477 1833 2840 1905 suspicamini
2868 1838 3073 1889 montes
3100 1832 3414 1904 eoagulatos
3435 1835 3460 1886 .’

379 1920 420 1975 C
449 1919 737 1978 Dominus
782 1919 945 1974 dabit
992 1920 1232 1975 verbum
1292 1918 1849 1993 evangelizantibus,
1904 1918 1961 1975 id
1998 1958 2041 1994 η
2076 1921 2145 1977 17
2217 1925 2377 1979 Mons
2407 1923 2465 1977 in
2497 1938 2607 1993 quo
2634 1922 3033 1994 beneplacitum
3054 1925 3132 1978 est
3156 1925 3264 1977 Duo
3285 1920 3536 1978 habitare
3558 1921 3617 1977 in
3637 1937 3733 1977 eo:

304 2013 398 2067 est
434 2007 737 2083 apostolis,
762 2007 859 2080 qui
891 2008 1133 2064 verbum
1181 2008 1309 2081 ejus
1352 2009 1684 2065 veneranda
1732 2008 1964 2065 confes-
1996 2007 2043 2024 ν
2216 2011 2429 2067 Etenim
2463 2011 2727 2067 Dominus
2756 2010 3029 2066 habitabit
3054 2017 3109 2077 μὲ
3132 2011 3191 2066 in
3219 2012 3385 2083 ﬁnem
3427 2015 3441 2074 ζ

307 2097 472 2155 sione
494 2096 1170 2171 praedicabanLVirtutes
1191 2094 1430 2165 multas,
1454 2098 1690 2171 quando
1712 2098 1798 2153 eis
1824 2114 1961 2154 con-
2145 2099 2188 2155 C
2217 2100 2383 2157 Mons
2414 2099 2629 2156 dicitur
2649 2099 2918 2159 Christus
2940 2097 3283 2172 coagulatus
3310 2116 3323 2155 :
3346 2102 3590 2172 propter
3614 2115 3738 2171 par-

306 2204 541 2245 cessum
565 2191 655 2244 est
673 2187 877 2243 turbas
900 2186 1304 2260 languentium
1327 2203 1556 2245 sanare.
1585 2187 1732 2243 Nam
1764 2186 1965 2260 ipsum
2073 2187 2240 2245 vulos
2269 2188 2787 2260 enutriendos,qui
2810 2204 2927 2245 non
2948 2205 3104 2257 esca,
3127 2189 3230 2245 sed
3262 2187 3569 2262 coagulato
3594 2186 3740 2244 lacte

304 2292 538 2350 quoque
568 2275 942 2349 Evangelium
986 2274 1307 2333 multarum
1347 2280 1577 2333 constat
1619 2292 1747 2332 esse
1776 2275 1962 2332 virtu-
2075 2276 2311 2350 potandi
2334 2279 2494 2332 sunt.
2514 2275 2932 2350 Pinguis,quia
2955 2275 3249 2332 fertilitate
3271 2293 3380 2332 sua
3403 2274 3737 2332 uberrimus

302 2370 450 2423 tum.
484 2364 631 2430 Quid
664 2365 820 2423 enim
853 2364 1063 2421 fortius
1104 2383 1283 2438 quam
1328 2365 1587 2422 animam
1620 2364 1890 2423 salvere?
1917 2367 1965 2420 Α
2075 2370 2185 2423 est.
2219 2365 2374 2422 Dixit
2423 2366 2697 2438 superius
2747 2369 3009 2423 montem
3060 2363 3306 2442 intelligi
3354 2364 3740 2433 Salvatorem,

300 2455 471 2514 Dabit
515 2454 692 2511 etiam
740 2454 1026 2510 Dominus
1053 2456 1297 2510 verbum
1346 2454 1742 2527 evangelizare
1773 2453 1961 2510 multa
2074 2471 2231 2511 nunc
2253 2453 2412 2524 dicit,
2429 2458 2493 2510 ut
2524 2453 2664 2527 quid
2690 2452 3073 2526 suspicamini
3097 2452 3435 2527 coagulatos
3458 2453 3738 2513 montes?

299 2543 720 2601 miraculorum
749 2543 984 2609 virtute,
1017 2542 1105 2598 vel
1150 2543 1340 2598 multa
1381 2543 1722 2600 fortitudine
1754 2561 1964 2600 secun-
2072 2544 2184 2600 hoc
2214 2549 2323 2616 est,
2348 2562 2453 2600 cur
2478 2547 2737 2600 montem
2768 2543 2952 2601 istum
2976 2542 3271 2617 apostolos
3302 2540 3633 2616 intelligere
3652 2558 3744 2598 vo-

299 2635 443 2691 dum
475 2632 650 2690 aliam
669 2630 1140 2698 translationem,
1162 2648 1292 2704 quae
1316 2630 1491 2688 habet
1519 2649 1532 2685 :
1560 2632 1841 2688 Dominus
1869 2633 1966 2690 da.
2075 2633 2311 2691 luistis?
2343 2635 2468 2690 Non
2500 2637 2642 2691 sunt
2669 2633 2827 2690 enim
2874 2632 2985 2707 ipsi
3033 2632 3141 2689 iste
3186 2648 3356 2688 mons
3385 2631 3742 2706 coagulatus

298 2724 388 2779 hit
423 2720 981 2794 evangelizantibus,
1006 2721 1250 2776 verbum
1299 2720 1662 2776 fortitudinis
1712 2721 1800 2777 vel
1849 2721 1965 2777 vir-
2074 2722 2345 2795 quamvis
2386 2726 2444 2779 et
2486 2722 2648 2795 ipsos
2675 2739 2778 2797 per
2809 2722 2907 2778 Dei
2937 2721 3191 2796 gratiam
3221 2721 3421 2778 doctos
3469 2737 3609 2778 esse
3649 2736 3742 2776 co-

298 2812 449 2869 tutis
480 2809 703 2868 multae.
2074 2811 2389 2885 gnoscatis.
2424 2798 2820 2884 Reprehendit
2848 2828 2984 2885 ergo
3017 2810 3303 2884 Propheta
3330 2809 3391 2866 in
3422 2808 3537 2867 hoc
3569 2809 3742 2865 illum

302 2903 369 2959 13
442 2902 558 2957 Rea:
582 2901 850 2967 virtutum
879 2898 1067 2955 dilecti
1096 2898 1395 2977 .Xodilecti
1437 2906 1450 2966 ζ
1525 2915 1537 2954 :
2077 2900 2591 2973 intellectum,'quo
2618 2899 2834 2974 aliquis
2865 2917 2967 2974 per
3000 2903 3281 2970 montem,
3312 2898 3622 2972 apostolos
3656 2898 3746 2955 in-

443 2992 511 3046 Et
536 2990 740 3062 speciei
766 2988 960 3044 domus
987 2987 1229 3045 dividere
1261 2988 1461 3061 spolia.
2076 2989 2336 3064 telligere
2366 2988 2666 3056 voluisset,
2699 2990 3013 3047 ostendens
3045 2989 3139 3046 hic
3184 3005 3289 3065 per
3332 2992 3624 3060 montem,
3649 3005 3741 3066 so;

370 3080 413 3136 C
444 3079 582 3146 Rex,
606 3081 777 3151 pater
805 3077 1110 3145 virtutum,
1134 3077 1243 3135 hoc
1285 3080 1374 3134 est
1398 3076 1769 3150 angelorum.
1794 3077 1839 3133 D
1862 3077 1965 3152 Vel
2072 3078 2198 3136 lum
2230 3078 2525 3136 Christum
2573 3078 3041 3155 intelligendum,
3075 3079 3341 3154 quamvis
3384 3078 3569 3135 etiam
3602 3095 3745 3153 apo-

300 3172 640 3226 sanctorum
671 3167 860 3239 ipsius
889 3166 1085 3225 dilecti
1108 3166 1258 3235 Filii,
1284 3171 1349 3223 ut
1377 3170 1466 3223 est
1490 3165 1675 3223 Filius
1696 3184 1865 3225 meus
1883 3166 1965 3223 di-
2075 3168 2206 3226 stoli
2237 3174 2465 3226 montes
2498 3168 2773 3225 dicantur
2801 3168 3113 3243 coagulati,
3147 3167 3275 3227 ideo
3305 3167 3531 3224 subdit.

297 3258 503 3315 lectus.
527 3261 567 3313 C
602 3258 674 3315 Et
712 3257 926 3331 speciei
974 3258 1209 3325 domus,
1242 3256 1304 3312 id
1361 3260 1451 3312 est
1503 3255 1965 3329 pulchritudinis
2145 3257 2187 3314 C
2218 3258 2405 3326 Mons,
2430 3256 2652 3314 scilicet
2680 3257 2792 3314 iste
2812 3261 2903 3315 est
2918 3242 2989 3314 in
3014 3273 3130 3330 quo
3156 3255 3270 3313 Deo
3296 3242 3745 3330 beneplacitum

294 3348 509 3406 domus
536 3346 766 3415 divinae,
790 3345 849 3401 id
880 3350 971 3402 est
1000 3345 1293 3413 Ecclesiae,
1323 3362 1452 3402 esse
1472 3346 1846 3419 cognoscitur
1870 3363 1969 3421 au-
1996 3333 2040 3401 C
2073 3350 2182 3404 est.
2206 3346 2477 3404 Christus
2507 3346 2665 3403 enim
2700 3350 2789 3404 est
2825 3346 2986 3405 solus
3019 3362 3188 3404 mons
3212 3364 3226 3402 :
3249 3345 3353 3419 qui
3382 3346 3545 3403 Patri
3580 3361 3747 3403 com-

296 3442 422 3495 ctor
451 3436 655 3503 Filius,
681 3436 916 3508 quando
963 3433 1153 3507 spolia
1191 3433 1430 3505 diaboli,
1458 3435 1515 3488 id
1547 3439 1640 3491 est
1669 3433 1965 3520 homines,
2074 3434 2312 3509 placuit,
2354 3440 2419 3493 ut
2465 3435 2525 3492 in
2578 3436 2782 3493 eodem
2830 3434 3139 3492 habitaret.
3168 3428 3395 3494 Etenim
3445 3434 3747 3492 Dominus

297 3525 631 3594 sceleratos,
663 3520 725 3580 in
764 3522 1092 3585 Ecclesiam
1133 3522 1376 3579 adduxit
1427 3524 1499 3580 ad
1550 3524 1748 3581 ﬁdem.
1782 3525 1830 3581 Η
1863 3524 1965 3581 Vel
2073 3524 2362 3582 habitabit
2389 3525 2566 3582 etiam
2614 3525 2673 3581 in
2722 3525 2924 3593 ﬁnem,
2946 3524 3169 3582 scilicet
3214 3524 3274 3581 in
3323 3524 3642 3597 apostolis,
3676 3525 3749 3580 de

296 3613 534 3688 quando
562 3610 815 3685 apostoli
843 3611 904 3667 in
935 3610 1194 3668 Ecclesia
1221 3609 1427 3683 spolia,
1453 3612 1511 3667 id
1542 3617 1633 3668 est
1662 3611 1960 3682 homines,
2071 3613 2192 3671 illis
2223 3614 2380 3671 enim
2421 3631 2580 3671 nunc
2623 3614 2903 3688 loquitur,
2928 3615 3084 3688 quod
3116 3614 3178 3671 in
3210 3614 3296 3671 eis
3325 3614 3403 3670 sit
3430 3613 3747 3671 habitatu-

297 3701 639 3760 dividebant
671 3718 684 3756 :
719 3716 846 3772 quae
897 3704 1245 3772 acceperunt
1274 3700 1345 3756 de
1377 3700 1572 3770 idolis,
1601 3719 1757 3758 unus
1805 3701 1962 3758 enim
2071 3721 2173 3761 rus
2205 3722 2391 3778 usque
2413 3704 2485 3762 ad
2507 3702 3001 3777 perfectissimum
3039 3703 3361 3761 terminum
3400 3702 3752 3777 majestatis

258 3835 262 3838 .
296 3791 605 3856 Achaiam,
628 3787 781 3846 alius
810 3788 1237 3862 Cappadociam
1280 3789 1341 3846 in
1387 3795 1604 3848 sortem
1636 3790 1863 3865 accepit
1893 3807 1963 3849 ex
2071 3811 2212 3863 suae,
2245 3793 2346 3866 qui
2377 3797 2469 3850 est
2497 3792 2632 3849 ﬁnis
2663 3780 2790 3850 sine
2821 3794 2956 3849 ﬁne.

298 3877 524 3955 spoliis,
553 3882 661 3936 etc.
688 3877 959 3952 Duplicat
986 3895 1119 3935 vero
1163 3879 1417 3953 Spiritus
1451 3885 1717 3950 sanctus,
1742 3880 1934 3937 dilecti
1945 3932 1961 3963 ,
2072 3885 2141 3941 18
2215 3884 2417 3941 Curras
2446 3885 2551 3941 Dei
2577 3882 2757 3940 decem
2785 3883 3034 3939 millibus
3063 3883 3354 3957 multiplex
3374 3900 3393 3940 :
3413 3884 3616 3941 millia
3668 3897 3755 3941 ae-

297 3973 538 4044 propter
563 3983 824 4024 amorem
869 3984 1043 4040 quem
1092 3967 1269 4025 habet
1298 3968 1358 4025 in
1389 3968 1624 4036 Filium,
1659 3968 1768 4034 Qui
1803 3970 1959 4026 enim
2284 3974 2525 4029 tantium
2555 3991 2572 4027 :

296 4058 555 4132 aliquem
586 4057 797 4130 diligit,
821 4073 1055 4130 semper
1081 4074 1217 4114 eum
1247 4057 1307 4114 in
1336 4075 1435 4115 ore
1466 4058 1662 4114 habet.
2214 4065 2476 4119 Dominus
2508 4064 2569 4119 in
2599 4063 2677 4119 eis
2710 4064 2771 4119 in
2798 4063 2937 4120 Sina
2968 4064 3028 4119 in
3055 4071 3259 4120 sancto.

298 4149 364 4205 14
437 4149 500 4204 Si
524 4146 813 4205 dormiatis
847 4149 996 4204 inter
1022 4147 1226 4205 medios
1254 4149 1425 4206 cteros
1458 4163 1661 4221 penna?
1690 4149 1958 4205 columba:
2139 4154 2181 4209 C
2210 4152 2428 4209 Currus
2460 4153 2583 4221 Dei,
2619 4157 2708 4208 est
2735 4151 3043 4209 hominum
3075 4153 3358 4209 charitate
3389 4152 3621 4226 juncta
3652 4170 3757 4231 co-

508 4236 880 4309 deargentalae
913 4254 926 4293 :
2068 4240 2309 4314 pulatio.
2329 4243 2678 4300 Sanctorum
2699 4258 2836 4317 ergo
2857 4242 3219 4301 unanimitas
3241 4258 3449 4299 currus
3473 4242 3590 4300 Dei
3615 4246 3715 4301 est
3733 4261 3755 4307 _:

437 4326 505 4382 Et
541 4326 846 4398 posteriora
901 4325 1052 4383 dorsi
1103 4327 1223 4399 ejus
1274 4328 1335 4382 in
1379 4327 1592 4399 pallore
1647 4328 1794 4383 auri.
1827 4328 1957 4383 Dia-
2067 4345 2245 4403 quem
2266 4329 2536 4403 illevelut
2555 4329 2762 4404 auriga
2782 4330 3087 4399 insidet,et
3106 4330 3349 4388 salutari
3368 4329 3494 4404 lege
3513 4331 3600 4388 ad
3623 4349 3755 4389 sua:

506 4415 744 4487 psalmo.
2063 4419 2384 4477 voluntatis
2413 4418 2814 4476 ministerium
2862 4421 3217 4477 moderatur.
3242 4420 3314 4477 Ut
3355 4436 3489 4477 vero
3550 4420 3759 4479 istum

367 4505 410 4562 C
436 4503 498 4563 Si
527 4503 855 4574 dormiatis,
878 4504 936 4560 id
965 4508 1074 4571 est,
1097 4504 1148 4564 si
1178 4503 1498 4577 quiescatis
1540 4505 1599 4561 in
1654 4505 1958 4579 praeceptis
2065 4524 2303 4566 currum
2327 4509 2767 4582 nonequis,sed
2789 4508 3069 4566 humanis
3085 4509 3551 4583 cogitationibus
3580 4510 3763 4567 attri-

296 4594 399 4651 Dei
428 4594 581 4663 inter
622 4594 738 4665 duo
786 4597 1157 4659 testamenta.
1182 4592 1229 4650 H
1258 4593 1300 4650 C
1332 4591 1483 4651 Cleri
1530 4594 1809 4651 dicuntur
1837 4596 1954 4653 duo
2063 4598 2273 4656 butum
2317 4598 2672 4667 ostenderet,
2697 4598 2779 4654 ait
2828 4598 3029 4655 decem
3077 4597 3342 4655 millibus
3388 4598 3758 4674 multiplex,

295 4685 687 4740 Testamenta.
710 4682 756 4738 H
782 4683 857 4739 Et
901 4681 1120 4773 singuli
1166 4680 1312 4773 libri
1328 4682 1555 4739 Veteris
1584 4687 1651 4773 et
1670 4683 1813 4773 Novi
1843 4685 1950 4740 Te-
1983 4707 2032 4773 Β
2063 4689 2218 4761 quod
2241 4688 2313 4746 ad
2335 4687 2677 4745 innumeros
2697 4686 2948 4761 populos
2972 4705 3089 4746 non
3111 4704 3293 4763 equos
3311 4673 3762 4762 nescitur-iper-

296 4773 593 4831 stamenti.
614 4775 655 4828 Ο
676 4772 881 4829 Penna:
903 4772 1241 4847 signiﬁcant
1261 4771 1547 4828 virtutum
1572 4772 1950 4843 celeritatem,
1987 4771 2016 4773 ⁷
2060 4777 2266 4835 tinere.
2298 4776 2483 4835 Millia
2508 4776 2833 4834 laetantium
2866 4793 2881 4833 :
2915 4778 3069 4851 quod
3102 4777 3308 4851 utique
3337 4777 3411 4835 de
3446 4777 3761 4836 ﬁdelibus

296 4879 424 4935 qua;
455 4879 563 4919 nos
596 4862 657 4917 in
687 4860 851 4919 illam
882 4862 1137 4935 patriam
1162 4861 1405 4917 ducunt.
1432 4859 1481 4918 si
1505 4860 1601 4917 hic
1623 4861 1683 4917 in
1704 4861 1830 4937 lege
1849 4864 1951 4921 Dci
2062 4867 2235 4924 debet
2261 4866 2531 4941 intelligi.
2552 4866 2840 4923 Dominus
2870 4866 2931 4924 in
2962 4866 3103 4934 illis,
3126 4867 3235 4924 hoc
3265 4870 3355 4925 est
3394 4865 3455 4924 in
3505 4869 3764 4925 sanctis

296 4951 598 5024 quiescere
624 4967 973 5008 mereamur.
998 4948 1292 5021 Columbae
1329 4949 1738 5024 deargentatze,
1758 4951 1953 5009 Eccle-
2062 4956 2207 5013 suis.
2235 4958 2299 5013 In
2331 4955 2493 5013 Sinai
2524 4955 2586 5011 in
2618 4959 2841 5012 sancto.
2862 4956 3005 5013 Sina
3036 4956 3454 5030 interpretatur
3473 4958 3763 5014 manda-

296 5039 445 5097 siam
468 5038 596 5096 vult
623 5038 896 5112 intelligi,
927 5038 1066 5113 quia
1092 5036 1492 5095 innocentiam
1522 5038 1699 5097 habet
1728 5041 1950 5098 colum-
2061 5049 2210 5101 tum.
2236 5044 2320 5102 Ibi
2350 5044 2687 5118 requiescit,
2710 5044 2811 5101 ubi
2844 5046 2974 5118 ejus
3006 5046 3285 5103 mandata
3314 5044 3761 5118 perﬁciuntur,

296 5129 402 5198 bas,
427 5132 484 5185 et
503 5128 716 5184 divinis
737 5127 1008 5200 eloquiis,
1032 5129 1308 5200 argenteo
1331 5129 1579 5187 candore
1600 5130 1949 5204 resplendet,
2062 5135 2131 5190 19
2201 5134 2503 5190 Ascendisti
2532 5135 2595 5189 in
2615 5134 2811 5190 altum.
2844 5126 3047 5207 Cepisti
3072 5136 3467 5209 captivitatem.

296 5235 461 5290 quam
489 5216 549 5272 in
580 5216 684 5273 illa
728 5217 928 5275 futura
968 5213 1394 5273 resurrectione
1433 5219 1560 5274 auri
1591 5220 1783 5292 specie
1811 5220 1954 5277 dicit
2202 5225 2469 5296 Accepisti
2495 5224 2642 5279 dona
2670 5224 2730 5279 in
2759 5224 3097 5280 hominibus.

296 5323 423 5365 esse
442 5304 945 5363 adornandam.Si
967 5304 1167 5374 itaque
1190 5300 1275 5357 sic
1290 5301 1953 5382 dormiatis,posteriora
2131 5313 2174 5369 C
2203 5311 2536 5369 Ascendisti
2581 5311 2639 5367 in
2670 5310 2878 5368 altum.
2910 5312 3187 5369 Ascendit
3213 5310 3483 5369 Christus
3518 5312 3765 5387 utique

296 5394 452 5451 dorsi
475 5395 535 5449 in
560 5392 783 5476 pallore
812 5391 939 5446 auri
961 5389 1459 5463 (subaudiendum
1485 5399 1597 5466 est)
1629 5398 1953 5471 suscipiant
2060 5402 2162 5476 qui
2191 5404 2429 5475 propter
2457 5418 2564 5458 nos
2594 5401 2895 5458 descendit
2923 5402 3231 5460 sruendos.
3254 5401 3319 5458 In
3351 5400 3553 5461 altum
3589 5403 3772 5463 scili-

295 5500 416 5540 vos.
440 5464 604 5540 Unde
629 5464 896 5536 Ecclesia
925 5478 984 5533 in
1015 5477 1129 5534 hoc
1159 5480 1416 5538 mundo:
1453 5464 1694 5559 argento
1723 5464 1955 5561 colupa-
2059 5464 2151 5548 det
2191 5464 2384 5564 super
2438 5488 2612 5547 ccelos
2669 5488 3044 5563 cmlorum.,H
3080 5489 3395 5565 Captivasti
3448 5504 3607 5561 nos,
3646 5493 3767 5566 qui

297 5575 483 5638 ratur,
508 5571 569 5626 in
617 5566 1047 5654 resurrectione
1095 5582 1228 5624 vero
1277 5567 1483 5629 ultima
1515 5590 1529 5631 :
1563 5592 1725 5645 auro,
1760 5580 1952 5648 poste-
2059 5579 2269 5654 captivi
2297 5578 2699 5637 tenebamura
2720 5577 2971 5638 diabolo.
2996 5581 3038 5637 C
3066 5579 3232 5638 Dona
3255 5584 3449 5637 autem
3483 5577 3770 5640 Domini

298 5660 452 5718 riora
479 5674 617 5731 ergo
649 5651 919 5713 Ecclesiae
953 5672 966 5712 :
1003 5655 1322 5715 novissima
1351 5666 1488 5719 sunt
1520 5664 1787 5722 Ecclesiae
1820 5683 1951 5723 mu-
2059 5651 2316 5738 fuerunt,
2350 5685 2528 5742 super
2575 5668 2870 5742 apostolos
2898 5670 3153 5745 Spiritus
3202 5668 3387 5727 sancti
3436 5684 3785 5730 concessa.

300 5764 457 5839 nera.
570 5818 575 5821 _
2061 5757 2374 5833 magnalia.
2407 5756 2557 5827 Sive,
2593 5762 2657 5815 ut
2707 5758 3019 5832 Apottolus
3070 5760 3152 5818 ait
3182 5777 3195 5818 :
3228 5755 3576 5830 Unicuique
3640 5780 3774 5822 no-
