3864 6376
134 484 282 552 1181

714 490 1127 557 ADVERSUS
1172 491 1637 558 SlMONlACOS
1684 489 1894 554 LIBRI
1939 491 2162 556 TRES.
2196 528 2269 541 -—
2302 493 2533 557 LIBER
2577 493 2942 559 TERTIUS.

3370 490 3524 553 1182

132 620 693 692 commemoraverit,
720 626 790 680 de
810 626 903 681 die
926 631 1119 682 tamen
1148 628 1401 684 secunda
1421 627 1668 699 loquens
1690 642 1775 681 re-
1801 624 1857 691 Α
1886 625 2329 682 immaculatum
2362 628 2432 684 de
2463 627 2765 701 gregibus,
2790 626 2891 700 qui
2915 627 3143 699 poterat
3171 622 3280 681 emi
3305 623 3531 680 duobus

128 711 319 781 ticuit,
354 712 691 783 significans
708 713 821 767 Deo
855 732 967 768 non
1001 716 1176 769 videri
1208 716 1447 785 bonum,
1484 716 1603 785 ubi,
1627 715 1767 787 quid

130 802 201 855 ab
236 801 701 855 incommutabili
734 804 861 869 eius
886 805 1103 857 unitate
1125 804 1451 870 discedens,
1484 804 1777 859 mutabili-

129 894 309 944 tatem
343 889 700 961 pluralitatis
734 891 955 963 incipit,
988 897 1043 946 et
1075 893 1296 949 incidit.

737 997 967 1053 CAPI'T
1005 999 1167 1054 XXV.

126 1085 282 1155 Quod
316 1084 599 1139 individua
632 1087 703 1138 ,ςίί
732 1089 1090 1161 sanctificatio
1114 1089 1178 1141 ab
1201 1090 1286 1142 his
1307 1107 1423 1161 qtae
1450 1093 1777 1161 sanctiﬁcat,

549 1161 597 1209 et
645 1157 888 1227 qualiter
925 1157 1355 1228 samrn'/iccntur.

204 1250 342 1297 Cum
387 1260 521 1312 ergo
554 1245 646 1297 his
676 1251 729 1299 et
762 1246 1028 1317 pluribus
1062 1249 1191 1303 aliis
1223 1256 1437 1305 sancta:
1467 1252 1778 1323 Scriptura:

133 1333 492 1387 testimoniis
511 1332 725 1403 liqueat
752 1336 1119 1391 l)omiuoDeo
1144 1337 1199 1392 in
1225 1347 1631 1394 suzecrcaturm
1657 1341 1779 1395 uni-

132 1423 407 1477 versitate
438 1440 615 1492 quam
651 1425 898 1478 maxime
932 1424 1154 1496 placere
1186 1428 1505 1483 universale
1538 1434 1593 1484 et
1624 1447 1779 1483 com-

133 1527 311 1565 mune
332 1511 753 1582 bonum,atque
772 1530 799 1567 e
814 1516 1259 1587 contrariodispl
1274 1518 1417 1571 icere
1435 1519 1781 1589 particulare

130 1603 186 1654 et
221 1599 535 1670 privatum,
569 1603 738 1671 cujus
771 1603 1047 1670 scientiae,
1078 1605 1195 1659 imo
1216 1607 1383 1676 cujus
1416 1607 1619 1662 frontis
1646 1611 1785 1663 sunt

135 1688 237 1758 qui
275 1689 547 1759 qurelibct
578 1691 944 1745 sanctificata
974 1693 1089 1746 Deo
1123 1694 1439 1763 praedicant
1469 1696 1706 1767 impune
1729 1701 1785 1750 et

134 1776 263 1831 sine
296 1776 599 1844 sacrilegio
636 1796 803 1849 posse
848 1779 1022 1833 dividi
1057 1782 1129 1835 ab
1163 1783 1288 1853 ipsa
1326 1784 1787 1838 sanctificatione

131 1882 243 1920 sua
268 1882 393 1937 quer
422 1865 878 1921 coha-rentDeo?
900 1869 1031 1931 Quae
1056 1870 1307 1941 qualiter
1329 1873 1785 1940 sanctificantur,

130 1953 568 2053 vetuslex,quzr
596 1974 749 2009 none
776 1961 945 2029 typus
965 1964 1071 2025 est,
1090 1960 1490 2031 multipliciter
1510 1963 1783 2017 ostendit.
1817 1997 1864 2062 Β

131 2044 205 2097 At
235 2042 390 2097 enim
430 2060 496 2097 ex
527 2044 720 2099 debito
755 2047 1013 2116 quidem,
1048 2049 1195 2102 sicut
1229 2049 1631 2121 primogenita,
1666 2051 1779 2123 pri-

133 2132 313 2186 mitia‘
339 2137 395 2186 et
420 2132 654 2186 decima:
675 2152 799 2205 qua:
822 2137 1154 2205 exiguntur.
1182 2142 1241 2191 ut
1267 2156 1411 2210 pura
1434 2140 1789 2195 sanctificata

133 2220 407 2287 Domino,
444 2221 787 2293 priusquam
822 2231 1141 2279 nascantur
1164 2244 1176 2293 ;
1202 2244 1269 2280 ex
1291 2226 1602 2293 oblatione,
1638 2230 1790 2284 sicut

132 2308 565 2381 pectusculum,
592 2328 813 2377 armus,
838 2330 1034 2383 pecus,
1057 2314 1140 2368 vel
1166 2318 1788 2387 qumcunqueDomino

132 2398 602 2463 sanctificantur,
634 2401 727 2453 ubi
758 2408 907 2455 recte
931 2404 1283 2470 offeruntur;
1318 2421 1384 2459 ex
1418 2412 1544 2460 voto
1569 2412 1786 2473 autem,

132 2504 501 2559 quaecunque
534 2495 735 2559 sponte
762 2496 1056 2546 voventur.
1092 2492 1234 2547 Nam
1259 2494 1329 2547 ab
1350 2494 1476 2565 ipso
1507 2501 1639 2550 voto
1660 2514 1790 2550 san-

131 2577 391 2630 ctificata
423 2577 667 2631 Domino
693 2584 1030 2634 noscuntur.
1056 2582 1188 2644 Quae
1216 2583 1429 2653 pariter
1456 2584 1511 2638 in
1540 2585 1789 2640 Levitico

133 2666 392 2719 breviter
449 2667 1044 2737 comprehenduntur,
1106 2672 1201 2724 ubi
1272 2672 1356 2726 sic
1415 2673 1787 2746 przecipitur:

136 2777 163 2803 ‹‹
198 2754 605 2822 l’rimogenitar
654 2774 779 2825 qua:
812 2758 879 2810 ad
916 2758 1094 2812 Deum
1130 2760 1422 2830 pertinent
1454 2780 1620 2816 nemo
1656 2781 1789 2817 san-

136 2842 399 2896 etificare
437 2844 643 2912 poterit
676 2850 731 2898 et
764 2863 983 2911 vovere,
1012 2848 1129 2901 sive
1152 2848 1275 2911 bos,
1302 2850 1420 2903 sive
1452 2852 1572 2905 ovis
1598 2852 1789 2919 fuerit,

134 2931 373 2986 Domini
412 2941 567 2985 sunt.
604 2933 764 2995 Quod
796 2935 840 2986 si
868 2934 1239 2989 immundum
1273 2941 1360 2991 est
1379 2940 1616 3007 animal,
1643 2941 1793 2995 redi-

136 3026 257 3075 met
289 3020 394 3091 qui
428 3020 719 3089 obtulerit,
748 3024 917 3093 juxta
940 3025 1382 3080 restimationem
1410 3045 1599 3096 suam,
1624 3033 1679 3083 et
1702 3031 1797 3084 ad-

135 3110 235 3164 det
268 3110 541 3180 quintam
580 3116 801 3180 partcm
836 3114 1044 3182 pretii;
1102 3113 1148 3167 si
1198 3116 1481 3171 redimere
1525 3117 1793 3183 noluerit,

138 3200 435 3253 vendetur
464 3199 650 3265 alteri,
696 3206 1150 3273 quantocunque
1200 3204 1372 3258 fuerit
1421 3207 1795 3262 aestimatum.

137 3286 328 3342 Omne
361 3286 521 3357 quod
554 3287 799 3342 Domino
831 3296 1226 3356 consecratur,
1279 3294 1397 3349 sive
1449 3294 1622 3351 homo
1669 3297 1796 3359 erit,

1887 712 2064 781 siclis,
2082 717 2247 787 juxta
2267 718 2493 789 pondus
2508 716 2854 785 sanctuarii,
2874 715 3191 788 ipsumque
3213 714 3365 787 quod
3390 713 3537 768 intu-

1886 802 2029 858 lerat
2044 805 2321 859 damnum
2339 807 2701 872 restituebat,
2718 807 3051 877 etquintam
3071 810 3289 877 partem
3316 821 3536 877 ponens

1888 909 2065 964 supra
2096 896 2357 949 tradebat
2387 894 2693 961 sacerdoti,
2727 895 2897 958 etsic
2928 896 2978 949 ei
3012 894 3439 950 dimittebatur.

1960 984 2119 1047 Quod
2152 982 2199 1037 si
2231 985 2361 1054 quis
2393 986 2718 1039 comederet
2740 985 2810 1038 de
2833 982 3215 1039 sanctificatis
3247 1001 3349 1055 per
3370 984 3539 1055 igno-

1891 1071 2166 1136 rantiam,
2196 1073 2444 1126 addebat
2492 1072 2756 1144 quintam
2804 1077 3027 1144 partem
3080 1089 3213 1126 cum
3267 1089 3333 1143 eo
3383 1071 3539 1143 quod

1889 1161 2239 1225 comedcrat,
2274 1166 2328 1215 et
2358 1163 2533 1216 dabat
2566 1163 2851 1217 sacerdoti
2888 1162 2945 1216 in
2998 1160 3424 1230 sanctuarium,
3470 1179 3541 1216 ne

1892 1250 2315 1303 contaminaret
2347 1251 2705 1305 sanctificata
2743 1250 2992 1304 filiorum
3028 1249 3203 1305 Israel
3234 1267 3360 1321 qute
3394 1250 3540 1304 offe-

1892 1343 2030 1391 runt
2056 1338 2322 1407 Domino,
2351 1356 2418 1392 ne
2443 1340 2582 1393 forte
2606 1339 2929 1393 sustineant
2955 1339 3317 1410 iniquitatem
3341 1337 3539 1392 delicti

1891 1426 1981 1481 sui
2008 1426 2104 1496 qui
2132 1428 2493 1481 sanctificata
2515 1428 2901 1482 comederint:
2931 1452 2953 1477 α
2980 1429 3117 1499 Ego,
3143 1428 3330 1498 inquit
3350 1426 3540 1481 Domi-

1892 1532 2024 1577 nus,
2069 1516 2168 1587 qui
2206 1517 2505 1571 sauctifico
2537 1532 2653 1571 eos.
2684 1538 2712 1564 ››
2746 1515 2889 1587 (Leu.
2924 1534 3038 1583 xm,
3069 1516 3184 1585 23.)
3214 1516 3293 1569 Ex
3324 1516 3540 1587 quibus

1892 1604 2187 1659 evidenter
2210 1606 2624 1676 comprobatur
2646 1604 2787 1677 quia
2803 1605 3087 1660 Dominus
3103 1604 3541 1658 tabernaculum

1894 1710 2065 1747 suum
2094 1699 2149 1748 et
2186 1695 2488 1749 ministros
2520 1695 2603 1749 sic
2628 1694 2979 1757 sanctificat,
3002 1698 3063 1748 ut
3087 1693 3371 1766 quidquid
3404 1692 3548 1763 ipsis

1896 1782 2142 1854 pertinet
2166 1783 2594 1837 sanctificatum
2619 1786 2981 1854 permaneat.
2998 1783 3081 1836 Ex
3102 1798 3217 1853 quo
3232 1781 3278 1836 si
3304 1781 3553 1853 quilibet

1897 1871 2481 1943 quantulumcunque
2503 1871 2613 1926 sibi
2641 1888 2743 1943 per
2767 1887 3021 1925 errorem
3043 1869 3129 1925 vel
3158 1869 3549 1941 ignorantiam

1896 1965 2293 2030 praesumeret,
2350 1966 2450 2015 aut
2506 1964 2893 2032 augmentum
2942 1958 3295 2025 restitueret,
3357 1963 3423 2013 ut
3478 1959 3549 2013 de

1898 2048 2086 2103 medio
2120 2050 2317 2121 populi
2348 2050 2439 2105 sui
2472 2050 2701 2122 periret.
2740 2049 2798 2105 Si
2829 2054 3021 2104 autem
3054 2064 3158 2121 per
3187 2047 3548 2120 superbiam,

1898 2136 2060 2192 nullo
2094 2144 2261 2210 pacto
2292 2139 2427 2193 dirae
2460 2139 2664 2195 mortis
2714 2140 2981 2195 evaderet
3027 2136 3377 2193 sententiam
3427 2135 3546 2203 hic,

1898 2242 2032 2281 cum
2065 2227 2349 2283 Dominus
2396 2229 2791 2284 sanctificator
2838 2226 3123 2293 omnium,
3155 2243 3310 2281 nunc
3341 2224 3551 2280 leniter

1898 2316 2292 2384 admonendo,
2316 2334 2471 2372 nunc
2498 2334 2700 2388 aspere
2728 2316 3095 2379 deterrendo,
3127 2318 3351 2370 astruat
3380 2330 3547 2369 suam

1899 2405 2420 2461 sanctiticationem
2469 2406 2540 2461 ab
2589 2406 2673 2461 eis
2723 2423 2870 2477 quos
2898 2403 2988 2460 vel
3021 2405 3176 2475 quod
3230 2402 3554 2458 sanctificat

1900 2493 2375 2565 inseparabilem.
2407 2495 2515 2559 Qui
2549 2499 2689 2549 sunt
2709 2495 2805 2549 isti
2829 2494 2926 2565 qui
2962 2492 3334 2564 iniquitatem
3356 2495 3557 2548 contra

1901 2584 2203 2640 Excelsum
2247 2583 2589 2654 loquuntur,
2645 2587 2972 2638 asserentes
3023 2580 3385 2636 sanctificata
3433 2578 3557 2635 sine

1902 2673 2362 2728 sanctificatione
2393 2673 2625 2737 emisse,
2683 2675 2785 2727 aut
2834 2672 2986 2726 dono
3051 2667 3393 2740 accepisse?
3449 2666 3555 2731 Qui

1902 2762 2106 2833 utique
2136 2760 2221 2814 vel
2245 2761 2417 2815 rebus
2447 2760 2777 2814 visibilibus
2801 2759 3125 2813 debuerant
3156 2755 3370 2821 doceri,
3406 2772 3554 2827 quas

1902 2853 2148 2915 constat,
2184 2866 2287 2903 nec
2320 2849 2443 2903 sine
2479 2866 2775 2915 mensura,
2811 2864 2914 2901 nec
2959 2846 3087 2901 sine
3126 2861 3389 2911 numero,
3447 2860 3552 2899 nec

1903 2940 2029 2993 sine
2060 2939 2333 3010 pondere,
2362 2956 2489 3009 qua)
2521 2937 2701 2993 semel
2736 2942 2792 2991 et
2819 2935 2996 2993 simul
3029 2936 3180 2990 Deus
3206 2932 3322 2990 illis
3343 2933 3558 2988 indidit

1906 3044 2076 3098 posse
2108 3027 2274 3082 vendi
2309 3033 2409 3082 aut
2440 3027 2664 3081 donari.
2691 3026 2850 3090 Quod
2888 3025 2936 3079 si
2968 3040 3311 3080 concessum
3335 3027 3424 3078 est
3444 3022 3558 3087 his,

1909 3136 2155 3190 quarum
2176 3118 2297 3189 ipse
2313 3133 2484 3171 usum
2505 3122 2559 3170 et
2578 3116 2878 3170 servitium
2903 3114 3046 3186 ipsis
3063 3129 3293 3185 quoque
3309 3111 3561 3166 inimicis

1909 3207 2032 3261 suis
2067 3206 2343 3274 relinquit
2374 3210 2430 3261 et
2470 3205 2774 3277 permittit,
2821 3203 3086 3257 videlicet
3137 3219 3214 3256 ne-
3256 3200 3381 3256 sine
3437 3200 3561 3256 suis

1910 3295 2292 3367 qualitatibus
2325 3295 2672 3360 habeantur,
2724 3298 2941 3365 quanto
2991 3286 3178 3363 magis
3223 3289 3562 3344 conceditur

138 3376 263 3430 sive
296 3374 543 3443 animal,
575 3376 692 3431 sive
725 3395 880 3447 ager,
925 3397 1037 3433 non
1088 3382 1390 3450 vendetur,
1445 3402 1547 3439 nec
1592 3386 1796 3441 redimi
1829 3364 1871 3431 δ
1914 3384 2049 3450 illis,
2085 3401 2230 3456 quas
2262 3384 2331 3439 ad
2360 3383 2516 3439 solos
2548 3364 2820 3453 sumptus
2853 3380 3117 3436 Ecclesia:
3148 3396 3265 3434 suae
3319 3381 3557 3445 sanetae,

140 3465 679 3537 poterit.Quidquid
708 3468 876 3521 fuerit
902 3470 1080 3523 semel
1104 3478 1800 3539 consecratum,sanctum

139 3559 486 3610 sanctorum
520 3556 629 3610 erit
659 3556 923 3613 Domino.
969 3560 1184 3615 Omnes
1217 3562 1454 3617 (locimze
1488 3567 1650 3619 terrae
1684 3565 1803 3620 sive

135 3642 209 3697 de
243 3642 539 3715 frugibus,
563 3643 681 3699 sive
705 3646 773 3700 de
801 3646 989 3717 pomis
1016 3649 1554 3716 arborum,Domini
1579 3658 1717 3708 sunt
1748 3660 1803 3709 et

139 3729 226 3785 illi
263 3730 731 3787 sanctificantur.
765 3735 814 3787 Si
847 3735 978 3805 quis
1010 3741 1208 3791 autem
1243 3737 1488 3793 voluerit
1521 3741 1803 3798 redimere

135 3819 405 3875 decimas
421 3822 1041 3893 suas,addetquintam
1068 3830 1290 3896 partem
1307 3844 1507 3883 earum
1536 3831 1801 3886 omnium

134 3909 534 3979 decimarum,
567 3910 749 3976 bovis,
785 3916 841 3965 et
870 3914 991 3969 ovis
1016 3918 1071 3969 et
1090 3932 1296 3987 caprae,
1327 3934 1452 3988 quae
1476 3918 1587 3973 sub
1614 3924 1804 3990 pasto-

133 3998 218 4055 ris
250 3999 422 4071 virga
464 4003 787 4067 transeunt,
822 4002 1111 4074 quidquid
1161 4004 1455 4060 decimum
1506 4007 1804 4063 transierit

133 4088 614 4143 sanctitieabitur
631 4089 898 4146 Domino.
917 4094 1039 4145 Non
1062 4091 1309 4165 eligetur
1324 4111 1425 4149 nec
1448 4095 1801 4163 bonum,nec

132 4176 365 4233 malum
380 4220 392 4241 ,
423 4192 526 4231 nec
544 4176 726 4233 altero
742 4182 1293 4255 commutabiturﬁi
1320 4184 1451 4255 quis
1473 4186 1799 4252 mutaverit,

130 4266 379 4338 etquod
406 4269 698 4321 mutatum
723 4272 811 4323 cst
833 4271 1297 4327 sanctificabitur
1319 4273 1581 4342 Domino,
1605 4279 1661 4330 et
1688 4292 1800 4330 non

130 4355 473 4410 redimetur
502 4354 694 4426 (Leuit.
730 4375 903 4421 xxvu,
931 4360 1140 4427 26-33).
1161 4382 1187 4409 η
1224 4362 1386 4425 Quod
1418 4362 1464 4417 si
1498 4363 1803 4435 diligenter

127 4442 485 4514 investiges,
510 4442 771 4500 invenies
802 4447 1266 4517 tabernaculum,
1319 4455 1644 4523 cunctaque
1673 4453 1801 4523 ejus

128 4532 446 4598 utensilia,
478 4532 602 4588 oleo
637 4535 1393 4603 sanctificationisinuncta,
1418 4542 1651 4596 vocabis
1674 4558 1800 4596 san-

125 4626 296 4677 ctum
332 4626 677 4677 sanctorum
709 4641 721 4691 ;
755 4629 961 4680 caatera
981 4642 1113 4681 vero
1148 4629 1420 4694 exterius,
1454 4646 1581 4700 quae
1612 4630 1800 4686 eidem

1913 3491 1975 3528 ac
2008 3473 2292 3527 ministris
2341 3472 2465 3527 suis
2496 3472 2735 3537 sanctis,
2790 3487 2902 3525 non
2954 3468 3146 3524 solum
3178 3467 3249 3521 ab
3280 3465 3559 3536 inimicis,

1914 3562 2009 3618 sed
2047 3562 2115 3617 ab
2149 3559 2351 3615 amicis
2375 3577 2608 3632 quoque
2633 3559 2757 3615 suis
2778 3557 2940 3613 laicis
2967 3574 3077 3611 sua
3098 3555 3562 3611 sanctificatione

1913 3650 2191 3706 secrevit!
2227 3648 2431 3705 Procul
2473 3648 2651 3703 dubio
2686 3648 2743 3701 in
2776 3645 3121 3717 hujusmodi
3154 3642 3562 3700 schismaticos

1914 3758 2027 3795 non
2063 3739 2312 3794 absurde
2341 3737 2511 3808 dirigi
2546 3742 2737 3809 potest
2766 3735 2870 3790 illa
2895 3733 3264 3806 querimonia
3306 3732 3517 3787 Christi
3545 3749 3557 3786 :

1915 3852 1942 3879 ‹‹
1978 3829 2306 3884 Diviserunt
2337 3826 2445 3883 sibi
2477 3827 2823 3882 vestimenta
2854 3842 3002 3881 mea.
3032 3846 3060 3873 ››
3090 3823 3261 3894 (Psal.
3295 3839 3412 3889 xxx,
3444 3821 3561 3893 29.)

1912 3918 2187 3989 Nunquid
2221 3917 2376 3971 enim
2411 3920 2466 3971 et
2496 3915 2593 3970 isti
2624 3919 2906 3985 tanquam
2943 3912 3162 3985 profani
3218 3909 3454 3974 milites,
3487 3911 3561 3965 ob

1916 4008 2239 4062 mercedem
2272 4004 2610 4060 illusionum
2646 4009 2702 4059 et
2750 4003 3100 4074 injuriarum
3133 4017 3281 4073 quas
3330 4000 3560 4056 Christo

1913 4096 2288 4168 pertinaciter
2343 4093 2639 4165 ingerunt,
2673 4099 2737 4147 ut
2794 4091 3048 4147 inimicis
3093 4092 3220 4162 ejus
3278 4089 3560 4162 placeant,

1913 4189 2085 4256 atque
2110 4182 2377 4238 inimicos
2410 4183 2481 4237 ab
2515 4197 2581 4237 eo
2608 4186 2891 4244 avertant,
2921 4198 3032 4235 non
3063 4178 3569 4250 dividuntjugiter

1912 4273 2261 4328 vestimenta
2294 4271 2474 4337 illius,
2510 4271 2985 4341 quandocunque
3015 4286 3108 4324 res
3141 4267 3221 4322 illi
3254 4267 3362 4323 soli
3394 4268 3563 4322 devo-

1910 4362 2068 4417 tione
2100 4359 2359 4415 ﬁdelium
2395 4359 2655 4423 collatas,
2688 4364 2744 4414 et
2767 4358 3157 4415 sanctiﬁcatas
3179 4357 3247 4411 ad
3273 4357 3488 4412 victum
3511 4360 3567 4411 et

1912 4449 2189 4505 vestitum
2222 4465 2460 4504 suorum
2508 4447 2909 4502 membrorum
2951 4446 3141 4501 adhuc
3172 4444 3302 4500 istic
3351 4443 3563 4498 talibus

1912 4539 2280 4611 indigentum
2311 4539 2673 4608 praesumunt
2700 4541 2756 4591 et
2779 4535 2890 4590 sibi
2915 4534 3201 4597 dividunt,
3225 4550 3339 4588 non
3363 4533 3433 4587 ad
3456 4532 3562 4587 ali-

1912 4645 2087 4700 quam
2122 4625 2639 4683 sanctificationem
2674 4623 2807 4688 sibi,
2841 4623 2937 4678 sed
2965 4623 3036 4677 ad
3069 4622 3255 4677 solam
3288 4620 3563 4676 maledic-

124 4709 214 4767 vel
251 4710 556 4766 ministris
610 4712 739 4782 ejus
788 4718 1078 4785 pertnent,
1128 4719 1536 4773 tantummodo
1578 4722 1798 4775 sancta.
1834 4738 1881 4801 θ
1910 4717 2622 4787 tionemetsempiternam
2643 4710 3564 4782 damnationem‘lQueminsuper

124 4800 296 4856 Unde
322 4797 879 4870 intelligunturhaec
894 4806 1583 4879 sanctiﬁcationem,quae
1601 4812 1803 4865 sancta

121 4893 292 4954 sunt,
317 4889 624 4958 accepisse
648 4891 719 4946 ab
740 4909 807 4947 ea
827 4894 1261 4961 communione,
1286 4912 1403 4967 qua
1425 4913 1524 4967 per
1541 4897 1795 4953 devotio-

119 4994 260 5034 nem
296 4976 572 5033 fidelium
596 4996 854 5036 connexa
879 4987 1019 5037 sunt
1060 4984 1279 5039 sanctis
1325 4990 1682 5041 sanctorum.
1716 4988 1798 5042 Ex

118 5068 349 5141 quibus
375 5069 609 5123 tantam
627 5070 1149 5128 sanctificationem
1172 5074 1284 5129 sibi
1301 5075 1722 5131 mutuabantur
1743 5080 1799 5132 et

118 5157 519 5229 potiebantur
540 5161 623 5227 ut,
649 5175 751 5231 pro
775 5162 948 5215 modo
971 5162 1410 5229 admonitionis,
1434 5153 1699 5235 quaedam
1735 5166 1793 5220 in

115 5244 248 5302 loco
274 5246 612 5301 sanctuarii
632 5248 1036 5303 sacerdotibus
1060 5256 1307 5317 tantum,
1332 5253 1596 5322 quzedam
1620 5253 1793 5308 etiam

115 5335 397 5392 maribus
422 5331 632 5407 stirpis
656 5353 880 5404 eorum,
923 5340 1190 5410 qumdam
1212 5344 1267 5395 et
1294 5344 1512 5395 cunctzc
1557 5340 1793 5397 illorum

113 5424 362 5481 familias
388 5424 698 5493 emptitiae,
724 5443 824 5481 seu
857 5428 1197 5495 vernaculae,
1222 5428 1601 5493 debebantur,
1631 5446 1792 5486 cxce-

112 5518 215 5586 pto
238 5513 411 5569 omni
434 5509 792 5586 alienigena,
815 5515 1102 5587 inquilino
1126 5535 1355 5589 quoque
1378 5518 1716 5586 sacerdotis,
1738 5524 1795 5574 et

111 5600 521 5666 mercenario,
548 5618 653 5657 nec
679 5620 791 5658 non
814 5603 1041 5676 leproso
1065 5610 1121 5660 et
1139 5606 1463 5662 immundo.
1488 5606 1550 5661 1n
1573 5606 1791 5677 quibus

108 5688 541 5754 sanctificatis,
577 5691 625 5745 si
659 5692 855 5747 anima
890 5695 1267 5763 praevaricans
1289 5693 1661 5750 caeremonias
1689 5712 1792 5767 per

106 5796 376 5837 errorem
412 5784 739 5851 peccasset,
764 5782 1039 5838 offerebat
1061 5800 1163 5855 pro
1188 5783 1396 5840 delicto
1418 5801 1523 5843 suo
1545 5783 1785 5841 arietem

1912 4804 2044 4862 felle
2074 4806 2273 4861 cibant
2302 4810 2358 4860 et
2387 4808 2546 4860 aceto
2600 4807 2822 4875 potant,
2869 4801 3005 4872 quia
3047 4798 3401 4875 pauperibus
3431 4800 3561 4870 ejus

1908 4894 2161 4950 debitam
2195 4893 2533 4949 alimoniam
2578 4891 2990 4948 subtrahentes
3042 4906 3156 4961 prie
3190 4889 3343 4943 fame
3373 4891 3430 4943 et
3461 4887 3562 4942 siti

1904 4983 2080 5039 vitam
2103 4998 2304 5038 eorum
2321 4980 2670 5037 intolerabili
2688 4978 3077 5034 amaritudine
3089 4977 3561 5050 replent,quibus

1905 5076 1960 5128 et
1991 5073 2038 5129 si
2071 5073 2140 5126 de
2172 5089 2282 5126 sua
2310 5071 2582 5124 videntur
2620 5069 2919 5124 interdum
2978 5067 3200 5139 aliquid
3252 5065 3561 5138 impertiri,

1904 5165 2186 5232 tanquam
2223 5160 2484 5230 chlamys
2508 5158 2778 5213 coccinea
2799 5163 2855 5211 et
2877 5156 3189 5212 adhibetur
3207 5154 3562 5210 inbonestio-

1904 5250 2089 5315 ribus,
2123 5254 2187 5303 ut
2234 5254 2488 5319 putatur,
2548 5247 2830 5302 membris
2877 5244 3112 5300 Christi.
3160 5244 3355 5313 Neque
3402 5242 3558 5296 enim

1901 5339 2109 5411 pudori
2144 5339 2273 5409 ejus
2304 5339 2361 5392 in
2397 5336 2504 5391 hoc
2536 5335 2870 5399 consulunt,
2904 5332 3004 5389 sed
3038 5349 3163 5395 suo,
3197 5333 3336 5385 dum
3386 5331 3557 5386 mise-

1902 5444 2101 5482 rorum
2135 5424 2570 5482 calamitatibus
2622 5426 2692 5480 ob
2726 5424 2781 5478 id
2814 5426 3043 5478 tantum
3077 5420 3447 5482 subveniunt,
3482 5436 3556 5474 ne

1900 5515 2212 5571 inhumani
2245 5515 2571 5579 videantur,
2597 5518 2695 5569 aut
2718 5516 2871 5568 certe
2894 5511 3258 5581 importunus
3291 5507 3403 5562 sibi
3439 5524 3553 5562 non

1895 5605 2242 5660 erubescere
2273 5605 2615 5677 arguantur.
