3864 6360
359 429 510 493 H83

931 566 1160 625 CAPUT
1216 565 1407 625 XXVI.

353 657 428 712 De
479 673 638 728 poma
696 657 1012 722 divisorum,
1071 658 1210 728 quod
1267 657 1532 727 Spiritum
1586 659 1831 712 sanctum
1876 668 1986 709 non

531 729 818 798 accipiant,
852 731 964 784 nisi
991 745 1240 799 sequaces
1265 729 1393 798 ﬁdei
1421 729 1804 799 apostolorum.

423 835 551 890 Haec
572 851 702 890 cum
735 835 814 890 ita
835 835 970 901 sint,
996 836 1149 906 quod
1173 835 1470 905 conjunxit
1493 834 1665 889 homo
1689 851 1801 888 non
1823 847 1985 904 sepa-

351 928 456 991 ret,
491 923 627 995 quia
657 925 974 995 perniciose
1007 923 1114 979 hoc
1165 925 1352 991 faciet,
1381 923 1703 979 secundum
1737 921 1888 992 quod
1924 919 1982 974 in

349 1011 654 1083 Evangelio
675 1012 794 1082 ipse
816 1029 990 1083 super
1009 1012 1250 1067 divortio
1264 1013 1390 1082 conj
1402 1029 1511 1083 ugu
1523 1029 1576 1066 m
1596 1011 1984 1079 interrogatus

349 1100 614 1172 prohibet
660 1101 840 1170 (Marc.
876 1118 930 1167 Χ,
964 1102 1038 1170 tl).
1091 1100 1162 1155 Ut
1209 1101 1362 1155 enim
1415 1099 1497 1154 illi
1540 1116 1672 1154 cum
1705 1099 1816 1151 duo
1849 1100 1983 1150 ante

347 1189 680 1260 conjugium
709 1189 1072 1258 l'uerint,jam
1099 1194 1227 1258 post
1249 1188 1583 1258 coniugium
1611 1203 1722 1241 non
1746 1185 1858 1240 duo
1881 1183 1982 1238 sed

347 1295 464 1332 una
494 1295 624 1332 caro
656 1281 811 1342 sunt,
843 1281 1154 1332 attestante
1184 1277 1452 1338 Domino,
1486 1275 1569 1329 vel
1603 1275 1754 1328 sicut
1785 1274 1982 1328 anima

345 1367 644 1422 rationalis
675 1371 729 1420 ct
756 1382 886 1420 caro
920 1383 1072 1418 unus
1094 1369 1180 1419 est
1209 1365 1402 1426 homo,
1428 1365 1510 1418 ita
1531 1363 1810 1417 clericalis
1839 1362 1978 1415 ordo

345 1460 517 1526 atque
547 1453 938 1510 ecclesiastica
956 1453 1246 1524 possessio
1271 1471 1385 1507 una
1407 1457 1496 1508 est
1519 1452 1744 1506 Domini
1771 1449 1980 1506 sancti-

345 1544 556 1609 ﬁcatio,
589 1559 762 1614 quam
799 1541 1066 1612 quisquis
1115 1541 1466 1596 szeculariter
1495 1541 1717 1606 dividit,
1753 1539 1830 1593 nil
1865 1538 1974 1593 nisi

345 1630 708 1703 spiritualem
743 1631 1038 1685 interitum
1089 1631 1286 1696 efﬁcit,
1335 1629 1490 1684 velut
1538 1629 1588 1684 si
1639 1629 1976 1699 conjugium

345 1720 686 1774 mcechando
709 1719 1002 1774 hominem
1023 1717 1204 1774 solvat
1221 1719 1532 1774 occidendo
1558 1737 1570 1786 ;
1595 1735 1708 1789 quo
1728 1717 1978 1788 denique

344 1807 516 1875 facto,
549 1824 782 1862 necesse
813 1811 900 1862 est
929 1807 1074 1862 duos
1105 1807 1318 1870 irrites,
1343 1809 1482 1862 dum
1515 1825 1698 1862 unum
1731 1805 1974 1870 divides,

342 1895 522 1952 Deum
539 1895 941 1966 scilicetatque
954 1895 1304 1962 maritum,si
1321 1912 1576 1961 uxorem;
1593 1893 1974 1950 nihilominus

341 1985 523 2040 Deum
553 1989 726 2055 atque
758 1983 1088 2039 interiorem
1120 1984 1441 2054 hominem,
1467 1985 1514 2040 si
1537 1983 1800 2038 diviseris
1823 1987 1974 2038 exte-

339 2073 570 2129 riorem.
593 2073 681 2128 Sic
704 2073 759 2126 in
788 2073 972 2128 Deum
1003 2078 1058 2128 et
1079 2073 1136 2127 in
1160 2073 1412 2127 famulos
1434 2073 1561 2144 ejus
1585 2089 1807 2143 peccas,
1833 2071 1972 2125 dum

339 2162 754 2217 sanctificatam
791 2179 988 2216 eorum
1012 2161 1438 2233 possessionem
1461 2178 1495 2216 a
1519 2179 1626 2216 sua
1647 2159 1974 2215 sanctiﬁca-

337 2250 494 2306 tione
523 2253 874 2322 sequestres.
907 2250 1066 2315 Quod
1099 2249 1482 2320 periculosius
1513 2249 1654 2304 facis
1685 2248 1774 2302 hic
1797 2265 1971 2318 quam

339 2336 400 2392 in
431 2336 735 2404 adulterio,
786 2337 925 2408 quia
967 2335 1087 2391 illic
1139 2354 1348 2403 unum,
1397 2337 1490 2392 hic
1547 2345 1734 2391 autem
1787 2335 1973 2390 multa

338 2424 643 2481 hominum
659 2425 841 2481 millia
853 2424 1396 2490 scandalizas.Quod
1419 2425 1462 2480 si
1481 2425 1610 2497 quis
1625 2423 1972 2479 scandaliza-

337 2514 485 2569 verit
515 2530 696 2569 unum
727 2515 796 2568 de
847 2513 1074 2585 pusillis
1123 2514 1243 2579 Dei,
1299 2531 1426 2568 cum
1489 2513 1645 2568 mola
1694 2513 1968 2577 asinaria,

337 2600 484 2658 collo
514 2603 638 2672 ejus
670 2603 1097 2672 suspendenda,
1154 2603 1578 2672 demergendus
1617 2605 1705 2656 est
1737 2601 1792 2655 in
1835 2618 1971 2672 pro-

337 2691 583 2746 fundum
628 2691 810 2746 maris
858 2691 1064 2762 (Metili.
1116 2709 1274 2758 XVIII,
1323 2693 1399 2763 6),
1453 2690 1614 2764 quid,
1672 2693 1970 2760 putamus,

335 2783 591 2835 meretur
619 2779 719 2852 qui
749 2783 834 2835 tot
861 2781 988 2849 ejus
1019 2779 1262 2852 pusillos
1315 2797 1447 2835 cum
1493 2779 1816 2848 majoribus
1865 2795 1972 2833 sua

334 2867 649 2924 ambitione
679 2871 736 2923 et
763 2867 1060 2923 invasiono
1104 2867 1501 2924 scandalizat?
1547 2870 1666 2932 Quo
1698 2865 1971 2922 seandalo

336 2956 675 3026 conjugium
707 2955 918 3011 Christi
951 2960 1006 3011 et
1037 2957 1299 3012 Ecclesia:
1331 2973 1436 3011 suo
1469 2955 1638 3011 solvit
1665 2955 1968 3022 adulterio,

337 3043 653 3098 homicidio
684 3059 914 3113 quoque
945 3047 1001 3097 et
1043 3044 1366 3114 sacrilegio,
1413 3043 1512 3098 ubi
1564 3060 1669 3098 suo
1717 3042 1971 3114 maligno

337 3130 456 3187 zelo
478 3130 739 3186 eliminat
761 3131 831 3184 ab
852 3129 1106 3186 Ecclesia
1125 3131 1358 3186 arrham
1381 3129 1560 3186 divini
1591 3129 1969 3200 matrimonii,

336 3219 618 3292 Spiritum
649 3223 914 3274 sanctum
945 3218 1162 3274 scilicet
1185 3237 1296 3291 quo
1317 3219 1808 3287 sanctiﬁcabatur,
1839 3219 1974 3274 vivi-

1399 431 1796 498 HUMBERTI
1842 431 1904 494 S.
1952 431 2026 494 Β.
2072 429 2143 492 E.
2189 429 2681 496 CARDlNALIS.

2018 572 2071 640 Α
2095 561 2344 635 differre,
2377 565 2495 622 imo
2524 563 2635 624 hoc
2663 564 2862 640 ipsum
2890 562 3240 624 catholicos
3285 561 3478 638 quod
3512 559 3800 620 haereticos

3669 424 3801 490 1184

2093 669 2244 710 esse.
2266 655 2374 710 Sed
2397 655 2549 712 absit
2583 655 2702 714 haec
2733 655 2982 730 perﬁdia
3013 655 3090 712 ab
3124 654 3385 711 animis
3419 651 3798 709 Christianis!

2091 741 2317 798 Veritas
2335 743 2550 816 quippe
2569 744 2924 802 inviolabilis
2946 762 3069 802 suae
3095 741 3586 817 promissionis
3602 747 3804 798 senten-

2091 830 2233 885 tiam
2266 831 2585 890 inviolabili
2625 833 3062 906 subscriptione
3115 830 3609 897 corroboravit,
3642 831 3801 886 eidem

2093 934 2225 973 mox
2255 920 2654 994 subjungens:
2691 945 2721 972 «
2753 923 2900 988 Quia
2931 939 3051 978 non
3097 922 3276 977 videt
3330 936 3527 986 eum,
3578 935 3688 975 nec
3717 920 3799 974 scit

2091 1023 2224 1062 eum
2255 1009 2429 1079 (Joan.
2462 1026 2576 1078 xw,
2613 1011 2721 1081 17).
2757 1032 2786 1060 ››

2160 1095 2426 1165 Proinde,
2462 1115 2596 1154 cum
2629 1099 2705 1155 sit
2737 1099 2870 1171 plus
2901 1100 3176 1172 accipere
3231 1096 3601 1170 quodlibet
3650 1113 3798 1169 quam

2087 1183 2280 1240 videre
2311 1189 2560 1254 tantum,
2587 1192 2688 1243 aut
2714 1188 2885 1254 scire,
2917 1192 3156 1244 constat
3209 1186 3625 1244 mendacem
3657 1203 3800 1241 mun-

2088 1273 2228 1328 dum
2283 1290 2395 1330 non
2442 1276 2704 1348 accipere
2756 1277 3041 1349 Spiritum
3093 1276 3434 1345 veritatis,
3496 1292 3690 1348 quem
3720 1294 3798 1330 nec

2085 1361 2276 1416 videre
2307 1379 2409 1419 nec
2439 1364 2586 1419 scire
2617 1364 3008 1436 praedicatur;
3063 1366 3175 1437 qui
3240 1381 3413 1438 ergo
3487 1381 3612 1419 nec
3671 1366 3796 1436 quod

2086 1448 2395 1506 minimum
2418 1457 2507 1508 est
2523 1457 2801 1522 meretur,
2821 1453 3131 1510 dubitatur
3147 1471 3231 1510 an
3257 1453 3455 1526 quod
3479 1452 3797 1508 maximum

2083 1541 2494 1596 estmereatur.
2519 1541 2590 1597 Et
2612 1541 2710 1613 qui
2733 1541 3018 1614 indignus
3032 1543 3385 1613 judicatur
3413 1541 3622 1598 etiam
3638 1547 3798 1598 extre-

2085 1643 2179 1680 ma
2218 1627 2491 1696 scintilla,
2525 1629 2742 1702 dignus
2769 1633 2858 1685 est
2903 1629 2999 1686 cui
3031 1631 3302 1686 cedatur
3338 1633 3489 1685 tota
3525 1630 3798 1686 ﬂamma?

2081 1714 2191 1768 Sed
2223 1717 2423 1771 eadem
2454 1717 2704 1785 Veritas,
2738 1735 2878 1775 suos
2900 1719 2972 1774 de
3003 1718 3239 1790 Spiritu
3277 1735 3410 1775 suo
3439 1719 3794 1782 certiﬁcans,

2079 1803 2210 1872 subj
2221 1804 2412 1860 unxit:
2449 1827 2476 1854 ‹‹
2505 1809 2618 1862 Vos
2636 1811 2832 1863 autem
2855 1806 3234 1880 cognoscetis
3257 1823 3455 1876 eum,
3477 1807 3638 1880 quia
3657 1808 3792 1880 apud

2079 1907 2181 1945 vos
2238 1893 2514 1962 manebit,
2574 1899 2634 1950 et
2689 1895 2750 1950 in
2780 1895 2946 1953 vobis
2999 1895 3113 1951 erit
3157 1895 3364 1967 (Joan.
3407 1913 3548 1965 xw,
3609 1897 3790 1968 17.).»

2083 1980 2226 2035 Hinc
2257 1982 2673 2053 comprobatur
2711 1983 2993 2055 Spiritum
3045 1988 3344 2040 sanctum
3383 2003 3428 2041 θ.
3486 1985 3791 2058 discipulis

2081 2069 2293 2124 Christi
2327 2070 2617 2142 cognosci.
2649 2076 2708 2126 et
2738 2073 2894 2144 apud
2940 2089 3040 2128 eos
3071 2076 3130 2128 et
3160 2073 3224 2128 in
3275 2073 3379 2128 eis
3455 2090 3715 2130 manere
3741 2075 3788 2129 in

2081 2163 2378 2213 mternum.
2397 2160 2558 2224 Quod
2580 2160 2629 2215 si
2653 2161 2788 2230 quis
2805 2160 3206 2217 calumniator
3217 2167 3531 2219 astruere
3552 2168 3789 2220 conatur

2081 2245 2197 2300 illis
2240 2251 2488 2312 tantum,
2542 2249 2644 2319 qui
2689 2248 2802 2304 sibi
2846 2254 2988 2304 tunc
3048 2255 3299 2306 tantum
3367 2251 3785 2319 adhaerebant,

2080 2332 2361 2405 Spiritum
2393 2339 2660 2391 sanctum
2694 2354 2728 2392 a
2755 2337 2986 2393 Christo
3033 2338 3541 2410 repromissum,
3598 2342 3786 2396 audiat

2080 2423 2231 2492 quod
2265 2422 2496 2490 dicitur,
2549 2447 2576 2472 «
2607 2427 2672 2479 ut
2703 2429 2939 2482 maneat
2988 2425 3314 2482 vobiscum
3372 2429 3445 2483 in
3503 2433 3783 2486 aeternum

2079 2511 2235 2580 (Ibid.
2275 2513 2518 2583 xv1,11).
2555 2535 2582 2561 »
2632 2514 2700 2568 Et
2738 2529 2810 2570 ne
2859 2514 3008 2570 forte
3055 2515 3259 2571 adhuc
3319 2517 3782 2590 tergiversatur,

2079 2597 2294 2654 recolat
2313 2601 2466 2672 quod
2501 2600 2674 2672 paulo
2707 2601 2981 2674 superius
3007 2603 3272 2676 exempli
3304 2621 3518 2662 causa
3551 2623 3782 2663 assum-

2077 2686 2324 2758 psimus,
2335 2687 2432 2742 ubi
2455 2688 2722 2746 Christus
2735 2691 2993 2764 rogando
3008 2691 3244 2748 Patrem
3271 2697 3347 2748 ut
3365 2695 3584 2752 sancti
3593 2696 3782 2752 ﬁcaret

2078 2774 2398 2847 discipulos
2429 2775 2545 2832 ait:
2583 2799 2611 2828 «
2632 2778 2759 2834 Non
2791 2795 2896 2850 pro
2925 2778 3021 2834 his
3053 2785 3261 2836 autem
3299 2799 3464 2856 rogo
3523 2789 3777 2854 tantum,

2079 2863 2175 2917 sed
2209 2867 2266 2918 ct
2295 2879 2397 2935 pro
2429 2863 2514 2920 eis
2539 2865 2639 2937 qui
2669 2866 2947 2922 credituri
2971 2872 3113 2924 sunt
3129 2885 3238 2940 per
3259 2872 3551 2927 verbum
3582 2890 3776 2928 eorum

2077 2951 2282 3018 inme,
2341 2956 2406 3007 ut
2461 2969 2666 3010 omnes
2725 2972 2910 3012 unum
2969 2955 3092 3012 sint
3152 2958 3350 3029 (Joan.
3410 2963 3774 3033 xxu,20j.»

2079 3039 2252 3096 Porro
2283 3041 2668 3098 sanctiﬁcatio
2700 3059 2806 3100 nec
2835 3044 3013 3100 datur
3039 3062 3148 3100 nec
3175 3045 3463 3104 habetur
3497 3051 3640 3106 sine
3669 3051 3779 3122 Spi-

2079 3128 2193 3183 ritu
2227 3133 2447 3185 sancto.
2481 3130 2720 3187 Constat
2751 3148 2888 3205 ergo
2917 3131 3223 3206 apostolos
3257 3151 3632 3211 eorumque
3657 3157 3775 3196 suc-

2079 3233 2338 3272 cessores
2386 3218 2702 3290 apostolica
2733 3221 2848 3276 ﬁde
2879 3223 3054 3277 corde
3104 3223 3526 3282 credentibus
3579 3232 3646 3284 et
3693 3245 3776 3283 ore

339 3289 621 3363 ﬁcabatur
649 3313 704 3362 et
725 3308 1057 3362 ornabatur.
1083 3289 1362 3374 Qui—sicut
1383 3308 1561 3380 replet
1582 3308 1774 3362 orbem
1798 3312 1972 3362 terra-
2000 3289 2043 3356 ί)
2082 3289 2782 3378 conﬁtentibusSpiritum
2803 3313 3776 3390 sanctumcognoscere,accipere

337 3412 486 3464 rum,
519 3400 576 3451 et
607 3396 863 3452 continet
893 3397 1088 3452 omnia
1111 3401 1388 3468 tanquam
1411 3397 1704 3463 Conditor,
1739 3399 1801 3450 ut
1831 3395 1968 3450 sub-

336 3485 540 3540 sistere
570 3483 819 3551 valeant,
853 3484 935 3540 sic
982 3489 1038 3540 et
1076 3484 1411 3554 Ecelesiam,
1462 3490 1518 3540 et
1565 3485 1762 3540 omnia
1809 3483 1968 3538 illius

336 3571 520 3645 replet
547 3589 612 3628 ac
641 3573 914 3638 conlinet,
964 3577 1242 3644 tanquam
1283 3574 1692 3636 sanctiﬁcator,
1742 3576 1807 3627 ut
1852 3588 1966 3627 non

337 3660 527 3716 solum
560 3661 894 3727 subsistere,
923 3662 1022 3715 sed
1062 3662 1302 3732 insuper
1334 3665 1535 3716 sancta
1564 3677 1690 3716 esse
1719 3661 1964 3716 valeant.

336 3750 519 3814 Quam
547 3749 1086 3818 sanetiﬁcationem,
1119 3750 1270 3804 bona
1296 3749 1587 3814 voluntas,
1613 3749 1700 3805 vel
1722 3751 1967 3815 devotio,

335 3843 507 3910 atque
553 3837 734 3893 oratio
783 3837 988 3893 invitat
1031 3839 1102 3892 ad
1153 3838 1633 3893 sanctificandum
1684 3839 1968 3910 quidquid

335 3929 546 3982 sancta;
576 3925 841 3980 Ecclesiae
863 3927 1157 3981 confertur
1185 3942 1219 3980 a
1245 3925 1532 3990 ﬁdelibus,
1559 3925 1658 3997 qui
1689 3931 1972 3998 praecepta

334 4013 638 4070 Dominica
668 4017 983 4080 servantes,
1007 4014 1077 4068 ad
1113 4013 1372 4069 caelestes
1407 4014 1712 4070 thesauros
1743 4019 1972 4071 terrena

336 4101 686 4174 patrimonia
702 4101 772 4155 de
792 4105 944 4156 terra
961 4101 1170 4168 levant,
1193 4106 1248 4157 et
1264 4104 1623 4158 transferunt
1645 4120 1744 4175 per
1760 4120 1970 4160 manus

335 4205 656 4262 pauperum
689 4187 920 4259 spiritu,
943 4205 1193 4260 quorum
1216 4195 1303 4244 est
1322 4189 1597 4246 caelorum
1620 4207 1890 4262 regnum,
1916 4197 1972 4246 et

329 4293 587 4351 quorum
605 4277 913 4333 advocator
928 4282 984 4332 et
1000 4276 1327 4333 consolator
1342 4284 1430 4334 est
1443 4279 1693 4352 Spiritus
1710 4284 1968 4346 sanctus,

335 4385 370 4423 a
397 4383 512 4439 quo
543 4365 732 4422 omnis
763 4365 1166 4433 sanctiﬁcatio,
1199 4367 1316 4422 imo
1348 4368 1448 4440 qui
1479 4372 1568 4424 est
1594 4367 1721 4440 ipsa
1752 4369 1970 4424 sancti-

335 4454 545 4511 ficatio.
579 4456 711 4526 Ipso
740 4459 928 4510 totum
951 4471 1160 4528 corpus
1191 4455 1455 4511 Ecclesiae
1488 4455 1886 4512 sanctificatur
1915 4461 1973 4513 et

334 4545 575 4616 regitur.
613 4545 738 4616 Ipse
766 4542 1014 4600 vicarius
1045 4543 1256 4599 Christi
1281 4543 1582 4616 discipulis
1603 4545 1732 4614 ejus
1753 4549 1809 4600 et
1829 4545 1969 4600 fide-

333 4633 487 4689 libus
517 4632 791 4688 omnibus
822 4631 1035 4704 ubique
1065 4631 1480 4704 patrocinatur,
1537 4649 1640 4704 pro
1687 4633 1971 4705 corporali
2005 4653 2048 4717 D

335 4720 636 4794 praesentia
667 4719 844 4776 illius.
879 4721 1043 4775 Hunc
1074 4719 1254 4776 alium
1284 4719 1644 4776 Paracletum
1669 4721 1792 4776 dari
1822 4721 1967 4788 suis,

336 4814 401 4864 ut
430 4825 564 4864 cum
591 4808 676 4863 eis
710 4812 944 4863 maneat
973 4807 1032 4863 in
1063 4812 1339 4864 mternum
1371 4808 1550 4864 Filius
1599 4807 1822 4882 rogavit
1869 4809 1972 4866 Pa-

333 4899 504 4952 trem.
537 4895 701 4951 Hunc
747 4895 1030 4967 Spiritum
1078 4896 1357 4965 veritatis,
1411 4914 1536 4968 quae
1567 4897 1833 4954 Christus
1857 4902 1967 4965 est,

335 4999 450 5039 non
482 4987 670 5054 potest
713 4983 972 5054 accipere
1021 4985 1276 5041 mundus
1325 4987 1382 5040 in
1413 4985 1671 5058 maligno
1721 4986 1970 5058 positus,

335 5070 590 5126 haeretici
622 5069 858 5137 scilicet,
890 5072 1098 5139 Judaei,
1130 5078 1186 5128 et
1217 5073 1501 5129 increduli
1533 5080 1706 5146 atque
1735 5075 1970 5147 pagani,

337 5157 596 5232 alioquin
629 5158 678 5213 si
709 5160 984 5227 mundus,
1014 5161 1112 5232 qui
1141 5161 1360 5216 talibus
1389 5161 1678 5228 consistit,
1708 5163 1766 5218 in
1799 5164 1970 5235 perfi-

337 5249 434 5304 dia
465 5248 856 5320 permancndo
878 5248 1159 5321 Spiritum
1179 5249 1442 5304 veritatis
1480 5250 1736 5320 accipere
1763 5256 1968 5322 potest,

337 5342 438 5393 aut
467 5335 721 5392 Ecclesia
737 5336 898 5393 nulla
917 5342 1004 5392 est
1025 5342 1144 5406 aut,
1175 5337 1225 5391 si
1248 5340 1354 5404 est,
1389 5337 1688 5393 mendacio
1711 5340 1972 5412 arguitur

336 5425 582 5491 Veritas,
617 5441 748 5496 qua:
778 5425 985 5482 asserit
1013 5430 1174 5480 extra
1221 5440 1352 5478 eum
1403 5441 1516 5478 non
1570 5443 1738 5496 posse
1787 5427 1970 5500 accipi

338 5511 617 5578 Spiritum
641 5519 930 5568 sanctum.
955 5512 1014 5567 Si
1035 5512 1189 5567 enim
1215 5511 1460 5566 horretici
1484 5516 1539 5566 et
1557 5514 1742 5568 caeteri
1768 5515 1972 5586 perﬁdi

341 5593 600 5663 accipere
628 5604 872 5666 possunt
903 5599 1182 5669 Spiritum
1213 5597 1492 5666 veritatis,
1524 5605 1748 5655 constat
1780 5603 1970 5659 catho-

343 5679 487 5742 licos
545 5686 643 5736 aut
699 5701 812 5740 non
867 5685 1145 5757 accipere,
1201 5690 1300 5740 aut
1358 5685 1501 5742 nihil
1559 5687 1632 5741 ab
1685 5687 1969 5746 haereticis

2074 3399 2132 3449 et
2160 3396 2313 3466 apud
2337 3411 2434 3450 eos
2457 3400 2513 3450 et
2533 3395 2592 3451 in
2609 3395 2692 3452 eis
2709 3413 2965 3454 manere.
2990 3396 3156 3454 Unde
3177 3404 3246 3454 ut
3270 3401 3573 3475 reliquas
3589 3411 3776 3477 pestes

2077 3481 2309 3537 interim
2341 3485 2880 3554 praetermittamus,
2922 3487 3176 3558 probent
3207 3487 3568 3548 Simoniaei
3604 3495 3775 3549 ﬁdem

2076 3587 2138 3626 se
2168 3570 2547 3642 apostolicam
2577 3575 2633 3627 et
2670 3573 2997 3629 doctrinam
3048 3577 3367 3647 sequendo
3423 3582 3703 3638 vendere
3729 3587 3780 3638 et

2076 3675 2268 3715 emere
2291 3659 2574 3732 Spiritum
2595 3667 2887 3732 sanctum,
2901 3668 2961 3718 et
2973 3663 3102 3720 sine
3120 3669 3564 3725 controversia
3585 3687 3786 3727 conce—

2077 3748 2249 3802 datur
2268 3747 2352 3804 eis
2373 3748 2632 3821 accipere
2651 3749 2934 3806 ethabere
2955 3751 3248 3823 Spiritum
3268 3763 3678 3824 sanctum,et
3695 3760 3784 3814 cui

2077 3836 2365 3892 voluerint
2393 3837 2512 3892 sive
2541 3838 2724 3909 gratis
2755 3838 2875 3894 sive
2908 3856 3024 3895 non
3056 3841 3247 3912 gratis
3279 3841 3642 3916 impetrare
3686 3853 3786 3902 aut

2078 3925 2236 3980 dare.
2269 3926 2431 3990 Quod
2462 3925 2512 3980 si
2543 3926 2790 3998 probare
2819 3943 2938 3983 non
2960 3932 3267 4000 poterunt,
3293 3931 3471 3988 sicut
3501 3951 3653 3991 vere
3673 3953 3784 3992 non

2078 4017 2348 4086 possunt,
2379 4015 2632 4070 maxime
2663 4031 2797 4071 cum
2830 4016 2902 4072 ab
2934 4016 3083 4089 ipsis
3113 4017 3451 4090 primitivas
3473 4023 3578 4080 vel
3601 4025 3786 4081 totius

2078 4101 2344 4158 Ecclesiae
2375 4101 2686 4171 columnis,
2711 4103 2881 4160 Petro
2913 4103 3334 4177 apostolorum
3389 4109 3690 4184 principe
3735 4119 3786 4168 et

2075 4191 2302 4246 Joanne
2362 4190 2572 4248 dilecto
2629 4191 2864 4248 Domini
2921 4193 3191 4266 apostolo
3250 4201 3315 4252 et
3372 4201 3783 4273 evangelista,

2080 4279 2362 4346 noverint,
2395 4296 2500 4336 nec
2533 4296 2746 4354 negare
2775 4285 3029 4354 possunt
3059 4286 3378 4341 auctorem
3429 4304 3634 4346 suum
3685 4308 3782 4363 pro

2079 4365 2204 4422 sola
2223 4369 2343 4420 tam
2359 4366 2592 4422 nefandi
2611 4368 2828 4440 negotii
2853 4369 3248 4426 aestimatione
3268 4371 3780 4448 irreeuperabili~

2077 4458 2166 4509 ter
2186 4453 2530 4524 contritum;
2563 4461 2919 4528 cognoscant
2937 4473 3002 4513 se
3022 4474 3154 4514 esse
3174 4459 3251 4516 de
3269 4464 3525 4522 mundo
3549 4465 3664 4524 illo
3687 4466 3780 4540 qui

2080 4559 2192 4597 non
2224 4547 2416 4614 potest
2443 4543 2702 4616 accipere
2730 4544 2996 4601 veritatis
3042 4546 3372 4620 Spiritum,
3411 4557 3480 4607 et
3533 4555 3782 4628 resipis.

2080 4635 2274 4686 centes
2303 4631 2585 4688 festinent
2637 4633 2761 4688 fieri
2811 4633 2881 4689 de
2929 4635 3156 4691 mundo
3211 4634 3318 4693 illo
3369 4655 3578 4712 quem
3623 4644 3783 4716 eligit

2080 4718 2346 4776 Christus
2372 4720 2442 4775 de
2475 4721 2695 4777 mundo
2727 4721 2986 4778 illorum.

2644 4825 2878 4884 CAPUT
2939 4826 3160 4884 XXVII.

2076 4913 2152 4968 De
2181 4912 2418 4986 Spiritus
2447 4915 2626 4998 sancti
2647 4916 2985 4998 gratia-post
3001 4920 3503 4998 resurrectionem
3530 4927 3606 4982 in
3629 4927 3785 4984 disci-

2462 4985 2619 5056 pulos
2646 4990 2699 5040 et
2725 4985 2966 5043 vindicta
3005 4989 3069 5042 in
3093 4988 3351 5046 Anania.

2149 5072 2314 5128 Hunc
2333 5089 2472 5128 sane
2493 5073 2857 5130 Paracletum
2880 5075 3045 5132 misit
3070 5075 3248 5134 Pater
3267 5078 3335 5134 in
3357 5085 3638 5144 nomine
3662 5088 3782 5145 Filii

2079 5160 2193 5229 sui,
2219 5168 2280 5216 ut
2311 5159 2513 5218 ﬁdeles
2542 5161 2668 5234 ipse
2700 5163 2930 5219 doceret
2955 5163 3178 5232 omnia,
3204 5170 3266 5222 et
3297 5182 3692 5243 suggereret
3709 5177 3783 5234 eis

2078 5249 2277 5305 omnia
2288 5266 2652 5323 quaecunque
2665 5251 3142 5309 dixeriteisidem
3156 5254 3584 5320 Filius.Hune
3609 5283 3778 5322 suum

2079 5339 2527 5412 Spiritum,quia
2547 5357 2582 5396 a
2602 5340 2768 5396 Patre
2788 5340 3318 5412 procedit,Veritas
3341 5351 3488 5408 suis
3507 5355 3715 5424 misit,
3728 5361 3780 5411 ut

2079 5427 2179 5519 illi_
2187 5428 2594 5519 testimonium
2627 5445 2730 5502 per
2759 5445 2857 5486 eos
2887 5429 3198 5502 perhibeat
3220 5435 3298 5492 de
3321 5437 3518 5512 ipsis,
3547 5449 3665 5519 qui
3689 5463 3780 5503 nec

2044 5568 2047 5572 .
2078 5532 2112 5570 a
2140 5515 2282 5572 Filio
2312 5518 2385 5572 ad
2415 5535 2515 5574 eos
2545 5519 2896 5585 mitteretur,
2929 5535 3037 5574 nec
3059 5520 3294 5581 veniret
3325 5527 3381 5584 si
3417 5515 3778 5604 ipse—Filius

2078 5602 2212 5659 hinc
2241 5622 2356 5697 non
2387 5607 2646 5664 abiisset.
2672 5607 2945 5697 Quodsis
2960 5608 3224 5668 maxime
3264 5602 3684 5697 expediebat,
3717 5640 3778 5681 ne

2079 5692 2338 5751 carnales
2352 5699 2739 5767 remanerent,
2752 5696 2801 5753 si
2817 5694 3118 5754 Christum
3133 5716 3258 5759 non
3275 5704 3406 5764 nisi
3429 5692 3774 5772 secundum
