3922 6378
176 437 352 498 1185

793 428 1209 500 ADVERSUS
1257 430 1728 498 SIMONIACOS
1772 432 1982 497 LIBRI
2030 429 2252 495 TltES.
2283 471 2356 478 —
2387 426 2619 496 LIBER
2661 431 3019 499 TERTIUS.

3453 435 3609 502 H86

182 585 431 625 carnem
447 569 1081 626 nossecurarent.Hinc
1097 568 1541 639 veniensarguit
1562 569 1853 624 mundum
1882 570 1939 635 Α
1971 567 2069 622 fidi
2124 568 2275 642 Magi
2311 568 2368 622 in
2404 568 2529 624 sola
2574 568 2957 624 zestimatione
3005 569 3358 626 fraudulenti
3399 576 3613 645 negotii

183 657 580 713 immundum
628 659 700 714 de
746 661 980 730 peccato
1028 656 1476 725 incredulitatis,
1511 657 1582 712 de
1620 656 1857 729 justitia

187 751 534 814 suorum,et
552 747 622 802 de
638 747 865 818 judicio
888 745 1105 803 diaboli
1128 747 1282 802 foras
1303 746 1602 817 ejecti.llic
1626 762 1858 818 quoque

189 835 456 908 Spiritus
484 836 749 892 veritatis
779 835 1018 892 veniens
1067 836 1233 890 docet
1280 834 1495 891 Christi
1536 834 1860 906 discipulos

193 942 440 981 omnem
466 925 793 993 veritatem,
829 929 892 979 ut
921 942 1024 997 per
1054 924 1250 997 ipsum
1291 923 1624 997 spirituales
1672 923 1857 979 effecti

197 1014 436 1071 discant
459 1013 647 1070 multa
678 1031 804 1086 qua:
835 1013 1103 1069 Christus
1133 1013 1387 1069 habebat
1415 1012 1500 1069 eis
1530 1013 1737 1081 dicere;
1760 1012 1858 1068 sed

199 1104 346 1176 quia
372 1103 566 1159 adhuc
596 1102 862 1158 carnales
892 1106 1077 1168 erant,
1109 1120 1225 1158 non
1256 1105 1522 1174 poterant
1551 1101 1707 1156 hunc
1729 1118 1861 1172 por-

198 1199 351 1249 tare.
387 1193 502 1248 Nec
536 1192 798 1265 loquitur
846 1193 915 1247 ad
964 1192 1334 1264 semetipsos,
1368 1192 1467 1247 sed
1502 1206 1863 1263 quzecunque

203 1282 373 1338 audit
403 1281 687 1353 loquitur,
722 1285 779 1335 et
808 1297 937 1352 quae
964 1285 1213 1336 ventura
1242 1284 1383 1335 sunt
1411 1279 1724 1335 annuntiat
1756 1279 1861 1335 eis.

204 1371 308 1427 Ille
339 1369 553 1425 Filium
586 1370 888 1437 clarificat,
922 1368 1021 1441 qui
1055 1373 1187 1424 ante
1220 1369 1553 1441 passionem
1584 1370 1714 1440 ejus
1748 1386 1860 1424 non

204 1463 333 1516 erat
366 1463 563 1525 datus,
594 1457 725 1530 quia
760 1458 933 1513 Jesus
964 1459 1228 1513 nondum
1262 1458 1451 1512 fuerat
1479 1457 1860 1530 glorificatus.

205 1548 314 1604 Hic
345 1551 432 1604 est
463 1564 617 1619 aqua
649 1546 751 1601 illa
801 1546 929 1602 viva
971 1547 1042 1602 ad
1091 1548 1260 1618 cujus
1289 1547 1567 1603 haustum
1601 1547 1864 1603 sitientes

204 1638 368 1694 idem
400 1636 582 1692 Filius
612 1635 836 1692 invitat.
874 1636 978 1692 Hic
1008 1651 1241 1708 quoque
1290 1640 1381 1692 est
1427 1635 1681 1709 Spiritus
1719 1636 1862 1692 veri-

205 1726 376 1791 tatis,
408 1725 508 1798 qui
556 1743 588 1781 a
636 1729 692 1780 te
743 1742 908 1796 reges
957 1729 1013 1780 et
1060 1725 1357 1793 praesides,
1390 1729 1672 1795 tanquam
1712 1725 1866 1781 fidus

206 1816 553 1879 advocatus,
594 1813 859 1886 loquitur
915 1814 973 1868 in
1035 1813 1363 1885 discipulis,
1405 1831 1477 1870 ne
1508 1813 1584 1869 sit
1631 1831 1867 1870 necesse

206 1902 602 1977 praemeditari
634 1901 884 1974 qualiter
914 1903 1324 1974 respondeant,
1359 1903 1578 1974 quibus
1603 1903 1777 1958 datur
1805 1903 1865 1957 in

210 1992 319 2048 illa
367 1993 511 2048 hora
562 1991 703 2063 quid
742 1990 1084 2064 loquantur.
1117 1992 1231 2047 Nec
1264 1992 1422 2047 enim
1452 1991 1565 2063 ipsi
1598 1996 1737 2047 sunt
1766 1992 1865 2063 qui

211 2083 561 2154 loquuntur,
597 2082 698 2135 sed
732 2081 987 2153 Spiritus
1030 2086 1291 2137 sanctus.
1329 2081 1429 2136 llic
1471 2081 1604 2137 fecit
1637 2086 1701 2137 ut
1730 2099 1867 2152 apo-

211 2171 353 2228 stoli
385 2175 566 2225 testes
608 2174 806 2226 essent
852 2170 1067 2226 Christi
1117 2170 1177 2224 in
1225 2169 1575 2241 Jerusalem,
1607 2174 1661 2225 et
1700 2171 1773 2225 ab
1803 2186 1871 2224 ea

214 2276 689 2333 quaquaversum
723 2276 908 2331 usque
937 2259 1008 2314 ad
1044 2258 1321 2314 ultimum
1352 2264 1539 2314 terrae.
1566 2260 1695 2330 Ipse
1725 2258 1869 2313 visi-

213 2349 414 2405 biliter
462 2365 695 2421 quoque
738 2364 836 2405 eos
889 2348 1294 2415 inflammavit,
1329 2348 1713 2420 omniumque
1757 2347 1871 2402 lin-

215 2456 469 2513 guarum
504 2454 624 2494 sua:
656 2437 1165 2509 septemplicitatis
1192 2437 1379 2510 gratia
1400 2437 1652 2492 donavit.
1668 2436 1870 2509 Ipsein

216 2527 502 2601 apostolis
550 2526 713 2582 idioti
745 2530 800 2582 et
829 2525 954 2581 sine
985 2525 1200 2582 litteris
1249 2526 1463 2582 restitit
1487 2525 1872 2598 [principibus

217 2614 592 2671 sacerdotum
624 2617 681 2668 et
711 2612 1157 2685 magistratibus
1182 2614 1535 2682 Iudaeorum,
1570 2618 1636 2669 ut
1676 2613 1871 2686 prohi-

216 2703 327 2759 biti
382 2701 544 2773 loqui
588 2705 925 2757 constanter
982 2703 1400 2774 responderent
1463 2719 1475 2758 :
1538 2725 1567 2751 «
1627 2702 1874 2758 Obedire

217 2794 453 2864 oportet
483 2791 673 2863 magis
703 2790 819 2847 Deo
861 2806 1039 2863 quam
1070 2790 1412 2846 hominibus
1444 2791 1577 2863 (Act.
1610 2809 1663 2859 v,
1697 2793 1808 2863 29),
1844 2813 1872 2842 »

216 2885 279 2938 et
308 2880 355 2936 si
377 2881 609 2952 justum
638 2885 728 2934 est
759 2878 817 2934 in
850 2883 1162 2951 conspectu
1196 2879 1297 2935 Dei
1328 2896 1430 2935 vos
1462 2881 1656 2953 potius
1674 2881 1875 2938 audire

218 2986 404 3044 quam
440 2969 645 3035 Deum,
670 2968 953 3039 judicate.
987 2969 1186 3040 Neque
1215 2968 1371 3024 enim
1403 2986 1721 3041 possumus
1749 2987 1875 3041 qua:

218 3059 555 3116 audivimus
606 3062 663 3112 et
708 3057 967 3112 vidimus
1015 3075 1129 3113 non
1160 3056 1546 3130 loqui(Act.1v,
1581 3059 1670 3126 19,
1701 3061 1813 3131 20),
1849 3083 1877 3109 »
1912 3092 1921 3101 -

220 3152 282 3206 et
297 3148 429 3204 caesi
450 3147 774 3220 gaudentes
791 3164 825 3202 a
840 3152 1153 3219 conspectu
1178 3147 1406 3204 concilii
1430 3148 1582 3204 irent
1600 3149 1878 3221 quoniam

227 3237 391 3310 digni
426 3236 639 3293 fuerint
669 3254 771 3308 pro
803 3235 1039 3292 nomine
1078 3237 1220 3292 Jesu
1268 3238 1683 3294 contumeliam
1733 3239 1875 3310 pati.

226 3308 359 3399 Ipse
418 3325 534 3380 illis
590 3325 896 3381 orantibus
951 3323 1145 3381 locum
1195 3325 1253 3380 in
1306 3343 1421 3398 quo
1466 3331 1632 3382 erant
1675 3308 1875 3397 movit,
1908 3308 1951 3374 Ο

224 3431 447 3486 eosque
503 3419 569 3470 ut
627 3414 868 3469 verbum
934 3413 1026 3469 Dei
1075 3430 1208 3469 cum
1260 3414 1473 3470 fiducia
1504 3414 1883 3488 loquerentur

226 3503 489 3577 replevit.
526 3504 656 3575 Ipse
688 3503 857 3575 signa
900 3506 957 3557 et
994 3502 1259 3575 prodigia
1310 3503 1497 3559 multa
1538 3521 1640 3577 per
1670 3522 1881 3561 manus

226 3592 630 3665 apostolorum
664 3592 955 3663 fecit.Ipse
989 3609 1087 3647 cor
1118 3608 1299 3646 unum
1334 3598 1390 3647 et
1418 3593 1674 3649 animam
1701 3611 1878 3650 unam

228 3681 600 3737 multitudini
634 3680 995 3735 credentium
1028 3681 1233 3735 effecit.
1253 3682 1382 3753 Ipse
1404 3682 1609 3738 debitae
1632 3684 1881 3739 caenobi-

227 3769 690 3842 tis(20)pecuniaa
714 3770 1078 3825 fraudatores
1095 3771 1268 3824 verbo
1290 3770 1443 3825 Petri
1466 3770 1676 3827 occidit
1692 3771 1883 3827 dicen-

227 3860 307 3917 tis
343 3876 355 3914 :
390 3883 418 3910 ‹‹
449 3859 809 3926 Anania,cur
838 3859 1083 3914 tentavit
1110 3860 1358 3915 Satanas
1388 3876 1487 3916 cor
1513 3865 1683 3916 tuum
1716 3877 1878 3918 men-

227 3948 325 4004 tiri
352 3952 405 4004 te
427 3940 670 4021 Spiritui
695 3951 898 4003 sancto
917 3947 945 4003 ‘I
966 3948 1091 4004 Non
1114 3964 1174 4004 es
1199 3949 1480 4005 mentitus
1519 3949 1880 4012 hominibus.

227 4038 330 4094 sed
359 4038 469 4094 Deo
491 4037 639 4110 (Act.
670 4037 841 4109 v,3.i).
874 4037 940 4091 Et
972 4037 1175 4109 utique
1205 4038 1473 4094 convenit
1502 4037 1666 4094 vobis
1693 4042 1882 4095 tenta-

226 4144 289 4184 re
320 4127 604 4200 Spiritum
636 4125 868 4182 Domini
901 4126 1084 4196 (Ibid.,
1116 4127 1193 4199 9).

299 4217 362 4271 In
396 4216 613 4288 quibus
646 4220 843 4288 aperte
873 4216 1241 4288 praedicatur,
1276 4233 1391 4272 non
1423 4216 1754 4286 hominum,
1779 4218 1880 4273 sed

228 4304 483 4377 Spiritus
509 4305 699 4361 sancti
730 4304 911 4360 fuisse
938 4303 1268 4377 pecuniam,
1306 4322 1422 4378 qua
1468 4307 1765 4363 cmnobitze
1797 4306 1881 4362 illi

229 4393 726 4467 temporalitersic
738 4395 1356 4463 sustentabantur,nec
1373 4396 1692 4468 quisquam
1707 4413 1883 4469 egens

227 4482 382 4538 inter
410 4482 544 4539 illos
579 4481 956 4540 inveniretur.
988 4483 1091 4539 Cui
1141 4483 1225 4539 illi
1271 4484 1499 4541 mentiti
1530 4480 1913 4557 arguuntur,’

228 4588 484 4644 moxque
512 4572 1042 4646 defuoguntur,qui
1073 4573 1380 4629 tentabant
1410 4574 1683 4631 eumdem
1705 4574 1885 4647 Spiri-

1972 656 2338 728 sempiternze
2369 656 2588 729 gratiae.
2610 658 2771 713 Unde
2792 657 2887 713 ille
2907 661 3137 713 tcntans
3162 659 3444 731 Spiritum
3483 681 3615 719 san-

1970 749 2128 801 ctum
2180 746 2238 800 in
2286 746 2487 802 fraude
2540 747 2619 802 rei
2671 746 2970 802 exterioris
3016 752 3074 803 et
3120 748 3388 815 visibilis,
3439 769 3617 823 quam

1968 835 2579 902 sanctificaverat,sola
2611 841 2795 891 morte
2825 836 3128 891 exterioris
3153 837 3409 894 hominis
3428 839 3622 911 plecti-

1969 928 2097 987 tur;
2134 923 2227 978 hic
2245 929 2440 979 autem
2474 925 2734 979 fraudem
2756 925 3018 979 interiori
3041 931 3097 980 et
3116 925 3395 982 invisibili
3419 931 3618 1000 gratiae

1970 1012 2307 1078 meditatus,
2360 1013 2654 1068 interioris
2703 1013 2958 1069 hominis
3016 1018 3200 1070 morte
3260 1018 3616 1088 percellitur.

1971 1102 2134 1157 Unde
2155 1100 2289 1156 licet
2320 1107 2561 1173 uterque
2584 1102 2641 1156 in
2661 1103 2944 1173 Spiritum
2973 1109 3240 1160 sanetum
3276 1109 3618 1177 peccaverit,

1970 1193 2190 1255 tamen,
2227 1191 2551 1244 secundum
2587 1191 2826 1244 modum
2852 1189 3455 1261 culparum,Ananias
3478 1200 3622 1250 tem-

1972 1278 2155 1350 porali
2189 1286 2375 1334 morte
2406 1278 3022 1350 punitus,perpetuam
3056 1281 3310 1337 evasisse
3342 1289 3573 1355 putatur
3604 1303 3618 1354 ;

1972 1367 2173 1421 Simon
2206 1371 2401 1421 autem
2429 1372 2613 1421 morte
2645 1372 2922 1438 perpetua
2960 1368 3293 1439 damnatus,
3324 1377 3618 1444 tempora-

1974 1454 2086 1510 lem
2121 1454 2370 1521 distulit,
2402 1456 2539 1527 quia
2566 1472 2669 1511 nec
2703 1456 2759 1509 in
2793 1456 2900 1509 hoc
2928 1456 3139 1512 saeculo
3171 1475 3275 1513 nec
3312 1460 3373 1514 in
3426 1462 3620 1517 futuro

1974 1544 2329 1599 remittenda
2350 1545 2399 1599 ei
2422 1549 2543 1599 erat
2571 1543 2941 1615 blasphemia
2969 1546 3222 1617 Spiritus
3252 1549 3626 1607 Sancti.Ana-

1972 1632 2104 1688 nias
2134 1649 2205 1688 ne
2228 1636 2444 1705 puncto
2465 1633 2748 1704 temporis
2768 1633 2827 1688 in
2852 1650 3025 1689 carne
3047 1635 3234 1692 vivere
3258 1638 3366 1692 fuit
3386 1640 3629 1710 permis-

1975 1727 2395 1795 sus,quatenus
2421 1739 2578 1777 mors
2608 1721 2707 1777 illa
2727 1723 2836 1777 sibi
2859 1724 2930 1777 ad
2950 1724 3243 1781 occultum
3276 1729 3624 1799 remedium,

1975 1817 2032 1868 et
2087 1811 2418 1866 viventibus
2476 1811 2547 1865 ad
2608 1811 2987 1867 manifestum
3045 1813 3189 1868 foret
3254 1817 3624 1889 exemplum;

1897 1938 1943 2002 Β
1975 1900 2172 1956 Simon
2203 1917 2335 1956 vero
2366 1899 2425 1954 in
2457 1899 2654 1955 anima
2674 1900 3311 1973 mortuus,aliquandiu
3336 1909 3627 1979 tempora-

1978 1989 2110 2046 litcr
2133 1990 2319 2044 vivere
2353 1989 2807 2060 permittitur,ad
2841 1996 3224 2061 augmentum
3256 1993 3368 2048 sibi
3400 1996 3626 2052 futuro-

1978 2096 2108 2134 rum
2144 2083 2590 2142 tormentorum,
2622 2083 2679 2132 et
2708 2079 2777 2132 ad
2808 2080 3279 2136 exercitationem
3315 2083 3623 2153 bonorum,

1978 2185 2111 2223 cum
2147 2172 2338 2222 tamen
2372 2166 2661 2222 contritus
2694 2172 2749 2221 et
2774 2170 3163 2225 eonterendus
3193 2172 3265 2226 de
3297 2174 3489 2229 medio
3520 2174 3626 2231 ho-

1979 2256 2205 2311 minum
2239 2257 2318 2311 sit
2346 2255 2668 2311 ablatus.ln
2692 2273 2941 2328 quorum
2964 2258 3220 2315 vindicta
3235 2260 3343 2316 hoc
3368 2262 3629 2321 animad-

1982 2349 2241 2402 vertatur
2273 2362 2509 2400 neecsse
2540 2349 2627 2399 est
2652 2346 2809 2416 quia,
2840 2351 2903 2401 ut
2932 2347 3013 2401 ait
3037 2349 3100 2402 B.
3134 2349 3445 2422 Prosper,«
3481 2353 3627 2408 nihil

1980 2439 2070 2489 est
2126 2433 2414 2489 infelicius
2456 2433 2727 2489 felicitate
2766 2438 3154 2507 peccantium,
3206 2440 3345 2511 quia
3384 2442 3631 2513 pmnalis

1984 2522 2243 2578 nutritur
2284 2522 2625 2594 impunitas,
2661 2528 2718 2577 et
2770 2524 2924 2580 mala
2966 2525 3236 2584 voluntas
3259 2528 3416 2585 velut
3444 2530 3631 2588 hostis

1982 2612 2223 2667 interior
2253 2612 2575 2667 roboratur.
2620 2613 2970 2669 Reservatur
3022 2615 3176 2671 enim
3228 2623 3441 2675 aaterno
3489 2638 3628 2694 sup-

1983 2699 2156 2771 plicio
2205 2699 2362 2771 quod
2405 2699 2711 2770 temporali
2758 2718 2861 2756 nec
2908 2703 3153 2774 punitur
3190 2721 3297 2761 nec
3336 2714 3632 2766 resecatur

1984 2787 2233 2860 ﬂagello.
2267 2811 2295 2838 n

2548 2876 2780 2934 CAPUT
2820 2879 3065 2937 XXVIII.

2056 2966 2273 3033 Quanta
2299 2969 2549 3045 operatus
2570 2968 2645 3021 sit
2670 2968 2749 3022 vel
2778 2974 3031 3045 operetur
3060 2972 3202 3028 idem
3232 2974 3470 3045 Spiritus
3500 2979 3561 3034 in

2332 3039 2567 3093 Ecclesia
2597 3055 2765 3110 usque
2794 3041 2850 3093 in
2883 3042 3049 3112 ﬁnem
3078 3039 3292 3102 arcuit".

2055 3145 2139 3198 Ad
2173 3143 2292 3198 hree
2324 3144 2406 3199 sic
2438 3144 2808 3217 omnipotens
2856 3148 3108 3220 Spiritus
3157 3152 3322 3209 Petro
3371 3158 3636 3229 apostolo

1990 3239 2122 3307 post
2152 3234 2546 3290 ostensionem
2596 3234 2850 3292 cmlestis
2898 3237 3058 3294 lintei
3112 3243 3349 3298 nuntios
3388 3245 3635 3302 Cornelii

1990 3325 2195 3379 adesse
2228 3323 2391 3389 dixit,
2424 3342 2656 3396 cunque
2693 3327 2966 3397 gentibus
3011 3329 3373 3400 baptizandis
3404 3334 3633 3402 direxit,

1991 3430 2240 3485 quarum
2274 3412 2565 3484 primitias
2595 3414 2685 3468 sui
2719 3414 2999 3471 effusione
3029 3422 3086 3471 et
3113 3418 3377 3475 omnium
3405 3420 3635 3495 lingua-

1990 3519 2121 3557 rum
2155 3501 2534 3572 inspiratione
2558 3502 2733 3557 etiam
2766 3507 2899 3558 ante
2927 3504 3284 3575 baptismum
3311 3512 3632 3570 mundavit.

1990 3591 2094 3647 Hie
2126 3608 2159 3647 a
2186 3590 2461 3663 gentibus
2481 3590 2945 3647 circumcisionis
2975 3597 3032 3648 et
3060 3593 3439 3653 Judaicarum
3464 3617 3635 3659 caere-

1992 3681 2322 3736 moniarum
2352 3697 2501 3735 onus
2524 3680 2787 3747 removit,
2814 3682 3039 3738 dicente
3060 3683 3226 3740 Petro
3249 3687 3333 3742 sic
3358 3705 3407 3743 τι(
3430 3690 3636 3749 Visum

1993 3773 2082 3826 est
2127 3768 2371 3841 Spiritui
2427 3778 2627 3824 sancto
2686 3774 2744 3823 et
2792 3770 2960 3825 nobis
3009 3771 3144 3842 (Act.
3197 3792 3289 3844 xv,
3333 3777 3446 3849 28).
3478 3802 3497 3827 υ
3534 3781 3638 3837 Ilic

1992 3859 2244 3932 Spiritus
2261 3859 2401 3914 Jesu
2422 3877 2537 3915 non
2562 3858 2829 3931 permisit
2852 3861 3145 3932 apostolos
3193 3863 3275 3920 ire
3306 3866 3635 3939 Bithyniam

1989 3948 2079 4003 vel
2107 3948 2498 4020 evangelizare
2526 3947 2583 4002 in
2614 3947 2944 4005 Asiam.tlic
2966 3950 3214 4007 Paulum
3232 3957 3289 4009 et
3309 3954 3635 4014 Barnabam

1991 4037 2250 4110 separari
2283 4037 2341 4091 in
2365 4054 2512 4109 opus
2546 4036 2836 4109 Evangelii
2853 4038 3165 4109 jussit.Hic
3186 4044 3459 4101 eumdem
3481 4050 3635 4103 Pau-

1991 4126 2115 4182 lum
2148 4126 2204 4181 in
2230 4125 2625 4181 Macedoniam
2648 4126 2899 4183 transire
2920 4132 3288 4201 praemonuit,
3322 4150 3497 4206 quem
3536 4153 3636 4209 po-

1991 4219 2117 4271 stea
2141 4216 2481 4270 Judazorum
2499 4214 2749 4271 vinculis
2771 4215 3133 4289 alligandum
3151 4224 3208 4275 et
3228 4221 3505 4280 Romanis
3528 4229 3640 4281 tra-

1991 4306 2247 4361 dendum
2283 4304 2701 4377 przedixithse
2733 4305 2987 4378 Spiritus
3016 4310 3422 4368 testimonium
3454 4315 3644 4370 reddit

1992 4394 2226 4466 spiritui
2277 4397 2475 4448 nostro
2527 4394 2679 4465 quod
2733 4412 2943 4452 sumus
2991 4396 3093 4451 filii
3140 4397 3241 4453 Dei
3271 4404 3328 4454 et
3358 4400 3641 4469 bmredes,

1993 4482 2317 4539 cohaeredes
2370 4486 2561 4537 autem
2612 4481 2846 4539 Christi.
2901 4484 3006 4539 Per
3052 4485 3246 4556 ipsum
3296 4488 3397 4560 qui
3443 4491 3643 4546 omnia

1993 4576 2288 4629 scrutatur
2316 4571 2489 4627 etiam
2523 4572 2814 4643 profunda
2863 4572 2960 4627 Dei
3010 4573 3282 4630 revelavit
3324 4576 3479 4633 Deus
3516 4577 3642 4634 suis

229 4667 359 4717 tum
408 4666 678 4719 sanctum
732 4661 1066 4718 abalienare
1115 4663 1186 4718 ab
1238 4661 1340 4718 illa
1386 4663 1654 4736 pecunia,
1703 4681 1884 4737 quam
1916 4680 1961 4746 Ι)
1994 4662 2150 4735 quod
2183 4660 2388 4717 oculus
2413 4677 2527 4715 non
2559 4660 2838 4726 vidit,nec
2869 4660 2928 4716 in
2953 4678 3050 4718 cor
3070 4662 3327 4720 hominis
3359 4668 3640 4724 ascendit.

230 4750 290 4805 in
340 4751 470 4823 ipso
521 4767 724 4807 eorum
773 4756 906 4807 voto
954 4751 1068 4807 sibi
1115 4752 1577 4809 sanctificaverat
1625 4754 1694 4809 ad
1746 4770 1880 4810 suo-

234 4857 364 4896 rum
425 4841 845 4897 cmnobitarum
898 4841 1281 4914 stipendium,
1334 4847 1391 4898 et
1460 4843 1600 4914 quia
1655 4842 1880 4916 aliquid

231 4928 525 5002 peculiare
573 4930 686 4986 sibi
732 4930 882 4987 clam
914 4930 1184 4999 retinere,
1217 4936 1273 4986 et
1307 4948 1630 5005 pauperum
1670 4932 1885 4989 Christi

228 5018 472 5088 victum,
526 5024 583 5075 et
628 5021 902 5076 vestitum
956 5037 1058 5093 pro
1108 5024 1269 5094 parte
1316 5019 1431 5076 alia
1480 5020 1673 5094 palam
1725 5022 1884 5078 exhi-
1933 5058 1940 5065 η

231 5107 351 5164 bita
408 5110 656 5165 mercari
730 5109 1134 5166 fraudulenter
1190 5110 1548 5182 quaerebant.
1607 5111 1737 5184 Ipse
1797 5110 1885 5167 Si-

234 5214 469 5254 monem
544 5198 781 5272 Magum
857 5215 955 5255 ore
1030 5199 1289 5255 Simonis
1361 5198 1513 5254 Petri
1592 5200 1718 5256 sine
1773 5201 1885 5256 fine

232 5285 551 5343 damnavit.
587 5287 734 5350 Quia
778 5287 1027 5361 gratiam
1076 5288 1205 5358 ejus
1253 5287 1422 5343 vendi
1464 5291 1520 5343 et
1568 5289 1683 5344 emi
1718 5304 1886 5361 posse

230 5376 633 5432 astimavitJn
666 5393 783 5449 qua
811 5377 1173 5433 irrevocabili
1196 5375 1487 5432 sententia
1516 5378 1861 5434 consideran

233 5464 372 5522 dum
406 5470 499 5522 est
530 5471 753 5538 quanto
782 5466 1061 5522 venialior
1094 5464 1268 5521 fuerit
1316 5468 1510 5522 reatus
1560 5468 1795 5523 Ananiae
1828 5468 1885 5523 in

233 5555 582 5612 transitoria
615 5572 733 5611 sum
767 5553 1021 5628 pecunia
1055 5553 1495 5610 defraudatione
1533 5571 1711 5627 quam
1756 5572 1887 5629 per-

1996 4754 2124 4824 lpse
2154 4768 2257 4823 per
2308 4749 2554 4805 Paulum
2586 4750 2687 4805 dat
2717 4749 3042 4822 virginibus
3074 4752 3408 4822 consilium,
3442 4758 3645 4828 nuptis

1995 4858 2227 4914 quoque
2261 4845 2317 4895 et
2347 4839 2763 4910 viduis.Ipsum
2806 4840 3094 4896 habemus
3138 4841 3352 4915 pignus
3404 4843 3643 4912 Christi,

1995 4930 2347 4985 clamantem
2376 4917 2432 4982 in
2466 4928 2738 4984 cordibus
2768 4930 3411 4998 nostris:Abba,Pater.
3429 4935 3490 4989 In
3518 4933 3647 5007 ipso

1996 5019 2209 5092 signati
2243 5035 2451 5073 sumus
2490 5018 2548 5071 in
2599 5016 2690 5072 die
2740 5018 3180 5091 redemptionis.
3216 5023 3397 5087 Quem
3432 5022 3482 5079 si
3513 5025 3649 5095 quis

1996 5127 2110 5165 non
2143 5108 2336 5177 habet,
2369 5106 2581 5162 Christi
2614 5124 2727 5161 non
2760 5112 3003 5181 est.lpse
3034 5109 3286 5184 denique
3318 5134 3344 5161 «
3381 5112 3645 5184 spiritus,

1997 5202 2309 5254 attestante
2365 5197 2566 5251 eodem
2620 5197 2916 5268 Apostolo,
2952 5199 3190 5270 adjuvat
3247 5200 3645 5257 infirmitatem

1998 5286 2435 5343 nostramNam
2461 5286 2599 5358 quid
2624 5303 2859 5343 oremus
2889 5288 3042 5344 sicut
3064 5293 3289 5361 oportet
3314 5290 3642 5355 nescimus;

1997 5377 2097 5431 sed
2132 5377 2251 5448 ipse
2281 5375 2532 5447 Spiritus
2555 5376 2813 5447 postulat
2845 5395 2946 5449 pro
2994 5379 3164 5433 nobis
3209 5377 3525 5449 gemitibus
3556 5377 3643 5432 in-

1995 5464 2455 5531 enarrabilibus;
2493 5465 2590 5536 qui
2624 5470 2818 5521 autem
2851 5471 3145 5521 scrutatur
3173 5464 3347 5521 corda
3367 5465 3476 5520 scit
3501 5467 3645 5538 quid

1997 5554 2287 5609 desideret
2328 5553 2592 5626 spiritus,
2623 5555 2759 5627 quia
2788 5555 3111 5611 secundum
3158 5555 3339 5609 Deum
3385 5554 3646 5627 postulat

305 5663 420 5738 (20)
462 5662 525 5719 Id
557 5665 647 5740 est
672 5661 1005 5740 viventibus
1035 5661 1096 5721 in
1126 5661 1668 5740 communi,quales
1697 5666 1864 5722 erant
1892 5661 2068 5738 primi
2098 5659 2434 5730 Christiani,
2468 5661 2704 5735 quibus,
2740 5666 2805 5719 ut
2837 5663 2916 5719 ait
2946 5661 3094 5718 liber
3120 5663 3375 5720 Actuum
3409 5666 3642 5740 aposto-

230 5732 448 5808 lorum,
472 5737 642 5793 erant
670 5733 870 5796 omnia
898 5733 1259 5797 communia.
