3864 6356
319 364 468 426 118⁸7

1361 355 1764 422 ΗΠΜΒΕΒΤΙ
1811 363 1872 421 S.
1924 358 1992 420 Ρι.
2040 361 2110 420 Ε.
2157 355 2652 423 CARDINALIS.

3634 353 3778 415 uss
3836 353 3837 448 ξ

317 513 420 571 pro
454 493 672 550 sanctis
701 495 874 566 (Rom.
904 510 1058 560 xxvx,
1091 494 1200 564 27).
1227 515 1246 543 ι)
1284 494 1482 564 Ipsum
1515 493 1586 548 ab
1614 506 1709 546 ore
1738 489 1951 547 Christi
1982 493 2035 558 Α
2061 490 2306 563 gloriam
2339 494 2397 546 et
2427 491 2643 547 laboris
2675 490 2986 548 cumulum
3016 507 3240 548 eorum
3295 487 3592 556 meritis,
3626 488 3777 542 auxi-

319 587 451 656 post
471 582 953 638 resurrectionem
987 581 1230 653 apostoli
1263 585 1627 651 acceperunt,
1662 583 1726 634 ut
1755 579 1953 635 remit-

321 675 508 726 terent
555 674 612 726 et
663 671 972 726 retinerent
1025 674 1257 741 peccata
1307 669 1634 724 hominum.
1695 669 1763 722 Et
1817 666 1957 738 quid

319 759 528 831 plura?
583 757 710 828 Ipso
765 757 1103 812 catechismi
1163 761 1218 812 et
1277 756 1713 826 scrutiniorum,
1771 755 1958 826 ipsius

319 863 552 920 quoque
576 845 1282 918 baptismatis,missarnm
1309 861 1540 918 quoque
1569 849 1625 900 et
1653 844 1957 899 canonica-

320 953 448 990 rum
494 935 765 990 horarum
811 933 970 1005 leges
1009 937 1064 988 et
1103 933 1389 988 solemnia
1427 931 1703 988 celebrari
1742 931 1956 987 docuit.

321 1025 447 1095 Ipse
482 1027 746 1078 sanctum
782 1021 1034 1077 chrisma
1065 1021 1482 1093 instituit,ipse
1513 1021 1849 1076 clericorum
1872 1021 1959 1076 vel

323 1111 724 1168 ministrorum
759 1111 1016 1166 diversos
1047 1111 1264 1183 gradus
1297 1117 1346 1164 el
1382 1110 1572 1165 ofﬁcia
1599 1110 1656 1163 in
1705 1109 1961 1164 Ecclesia

319 1200 629 1272 disposuit.
663 1200 790 1270 Ipse
821 1199 1179 1254 diversarum
1215 1198 1642 1270 professionum
1695 1196 1960 1254 homines

319 1306 432 1344 non
464 1288 652 1344 solum
679 1287 1028 1343 habitaculis
1060 1292 1116 1342 et
1144 1287 1318 1350 victu,
1353 1287 1452 1340 sed
1499 1291 1555 1340 et
1603 1286 1808 1341 vestitu
1841 1285 1958 1340 dis-

319 1378 506 1433 tinxit.
547 1379 672 1448 Ipse
703 1376 952 1446 singulis
985 1375 1444 1446 professionibus
1476 1380 1724 1429 rectores
1755 1375 1958 1445 grada-

320 1467 426 1521 tim
458 1465 516 1520 in
549 1481 732 1520 unum
759 1463 1256 1518 consummandos
1287 1463 1761 1534 prmposuitlpse
1791 1463 1960 1533 quid~

319 1554 460 1626 quid
477 1551 782 1608 famulatui
807 1551 1130 1606 divinitatis
1151 1549 1522 1622 competitvel
1547 1550 1813 1604 humanae
1832 1567 1960 1605 con-

320 1641 630 1698 versationi
662 1641 900 1696 honeste
931 1645 988 1696 et
1019 1639 1235 1694 utiliter
1279 1639 1506 1710 expedit
1545 1639 1799 1693 dictavit.
1833 1641 1960 1710 Ipse

321 1745 680 1802 quacunque
709 1727 976 1784 Ecclesiae
997 1731 1362 1783 sacramenta
1388 1727 1670 1782 hactenus
1705 1728 1956 1794 fuerunt,

2067 579 2244 636 liante
2273 579 2544 646 Domino,
2565 579 2782 636 habere
2813 597 3186 647 mereamur,
3223 583 3357 636 etc.

2657 686 2891 743 CAPUT
2930 687 3132 742 XXIX.

2069 773 2350 830 Sententia
2380 774 2436 830 S.
2466 775 2760 846 Augustini
2786 775 2851 830 de
2879 778 3096 832 animae
3117 775 3465 847 putentia,
3495 780 3558 828 et
3596 775 3779 828 retrae-

2140 847 2272 918 tatio
2301 862 2370 900 ex
2393 861 2476 912 ea,
2506 851 2555 900 et
2581 847 2768 918 quales
2795 849 2909 902 sint
2937 845 3190 918 promoti
3219 865 3263 902 a
3300 845 3498 901 laici:
3529 851 3588 899 ει
3603 854 3778 899 metro-

2135 917 2373 986 politani
2399 933 2608 972 eorum.

2139 1021 2318 1092 Cujus
2348 1021 2603 1093 Spiritus
2633 1023 3018 1078 sanctificatio
3045 1041 3123 1078 an
3163 1026 3400 1078 totum
3441 1037 3674 1094 corpus
3696 1021 3780 1076 Ec-

2071 1108 2258 1164 clesiae
2293 1109 2618 1166 sanctiﬁcat
2647 1115 2822 1182 atque
2853 1114 3018 1183 regat
3061 1111 3113 1166 si
3169 1110 3410 1166 adhuc
3457 1109 3778 1180 dubitatur,

2067 1195 2156 1249 vel
2188 1194 2442 1266 qualiter
2471 1197 2526 1250 id
2556 1201 2688 1268 agat
2717 1197 2766 1252 si
2797 1202 3117 1270 quaeratur,
3137 1196 3498 1253 ineffabile
3530 1202 3594 1253 et
3625 1215 3778 1269 supra

2069 1281 2390 1338 humanum
2425 1285 2667 1340 modum
2696 1283 2806 1340 hoc
2837 1301 2969 1342 esse
2997 1285 3265 1342 sciatur.
3307 1285 3514 1341 Unde
3567 1303 3778 1342 necesse

2071 1375 2158 1426 est
2188 1371 2280 1442 pie
2312 1373 2582 1428 credatur
2608 1378 2665 1428 et
2694 1373 3077 1448 intelligatur,
3124 1393 3205 1431 ne
3245 1375 3309 1430 si
3347 1375 3563 1446 impie
3606 1375 3778 1431 disc-u-

2068 1460 2230 1528 titur,
2282 1461 2626 1516 offendatur.
2680 1461 2874 1518 Potest
2918 1467 3121 1519 tamen
3171 1463 3444 1533 anima,
3501 1469 3778 1536 quantum

2069 1553 2342 1603 creaturae
2407 1549 2760 1619 conceditur,
2831 1551 3158 1623 prazdicare
3221 1551 3507 1608 homini
3569 1557 3778 1608 tantum

2069 1637 2346 1692 artificem
2398 1637 2704 1708 Spiritum,
2751 1643 2816 1694 ut
2864 1655 2934 1694 ex
2983 1638 3086 1694 illa
3137 1639 3778 1713 quantulumcunque

2069 1733 2260 1779 mente
2289 1725 2578 1796 concipiat
2626 1725 2938 1783 ineffabilia
2989 1727 3373 1784 diﬂ'usionis
3435 1729 3621 1785 illius
3663 1746 3777 1785 eou-

321 1821 458 1874 sunt
487 1821 543 1872 et
570 1821 760 1881 erunt,
793 1815 1358 1887 prazordinavit.lpse
1390 1819 1709 1886 martyrum
1734 1817 1882 1870 rosis
1903 1818 1958 1870 et
1991 1875 2029 1888 ἢ
2061 1812 2495 1884 jecturam,qua
2525 1813 2626 1868 fiat
2655 1813 2706 1868 ei
2738 1813 2954 1887 aliquis
2987 1816 3224 1888 gradus
3263 1817 3353 1872 ad
3392 1817 3504 1874 vel
3539 1818 3778 1873 tenuiter

319 1907 718 1961 confessorum
761 1903 900 1958 Iiliis
932 1903 1264 1975 paradisum
1317 1903 1582 1958 Ecclesize
1615 1903 1950 1974 compingit.
1987 1875 2030 1938 Β
2061 1899 2434 1971 cogitandum
2465 1901 3124 1974 incomprehensibilem
3157 1903 3544 1961 Salvatoris
3593 1909 3774 1978 potcn-

321 1996 445 2066 Ipse
475 1993 725 2064 denique
755 1991 1242 2063 evangelistarum
1283 1996 1339 2045 et
1376 1995 1792 2062 apostolorum,
1827 1999 1952 2073 oni,-

319 2083 598 2152 niumque
629 2081 1077 2135 orthodoxorum
1111 2079 1363 2134 calamos
1388 2085 1444 2134 et
1469 2079 1696 2135 animos
1721 2079 1950 2147 imbuit,

316 2170 468 2225 vexit
497 2175 552 2225 et
602 2169 884 2241 praeduxit
913 2174 1351 2240 ut,quocunque
1385 2168 1492 2223 iret
1521 2170 1647 2236 eius
1679 2169 1952 2239 impetus,

318 2257 456 2314 illuc
483 2262 540 2314 et
567 2257 677 2328 ipsi
708 2259 1089 2328 graderentur
1119 2260 1426 2327 sequentes
1457 2259 1744 2328 eum.lpse
1775 2255 1952 2326 Spiri-

316 2353 412 2402 tus
441 2347 568 2400 vita:
601 2351 688 2400 est
716 2344 775 2398 in
809 2345 968 2408 rotis,
1000 2343 1058 2398 in
1093 2343 1408 2414 Scripturis
1433 2342 1698 2398 videlicet
1721 2343 1954 2398 canoni-

319 2435 423 2500 cis,
458 2438 524 2488 ut
551 2450 681 2488 cum
717 2431 933 2486 sanctis
965 2431 1317 2486 animalibus
1335 2431 1705 2486 currentibus
1737 2436 1952 2498 eant,et

319 2539 452 2578 cum
485 2521 776 2576 stantibus
810 2523 981 2586 stent,
1017 2523 1232 2574 etcum
1275 2519 1510 2574 elevatis
1555 2537 1587 2573 a
1633 2523 1786 2573 terra
1838 2519 1950 2574 ele-

317 2610 688 2679 ventur,quia
715 2608 889 2662 verba
919 2623 1114 2662 eorum
1149 2606 1388 2678 spirilus
1419 2612 1474 2661 et
1504 2606 1620 2662 vita
1643 2610 1799 2662 sunt.
1826 2607 1950 2678 Ipse

317 2715 416 2754 eas
445 2697 528 2754 sic
558 2696 824 2764 viviticat,
859 2701 923 2750 ut
951 2695 1216 2750 homines
1249 2712 1476 2766 quoque
1521 2713 1620 2766 per
1651 2695 1780 2750 illas
1811 2694 1950 2750 vivi-

317 2789 466 2842 ﬁcet.
497 2785 628 2840 Sine
660 2801 774 2856 quo
807 2801 918 2840 non
961 2784 1150 2839 solum
1191 2801 1304 2838 non
1349 2784 1585 2854 prodest
1629 2783 1948 2855 quidquam

316 2891 515 2930 earum
547 2873 758 2942 littera,
793 2873 892 2928 sed
926 2872 1164 2943 insuper
1193 2871 1423 2938 occidit,
1456 2877 1519 2926 ut
1557 2889 1689 2926 caro
1737 2871 1949 2926 Christi

319 2963 629 3018 carnaliter
652 2960 961 3016 intellecta.
997 2962 1016 3014 l
1027 2977 1125 3031 pse
1148 2977 1378 3031 quoque
1408 2961 1634 3015 decreta
1675 2959 1950 3032 apostoli-

319 3067 520 3106 corum
550 3049 829 3113 virorum,
863 3064 1228 3118 canonesque
1259 3051 1588 3102 sanctorum
1627 3048 1855 3102 Patrum
1889 3049 1948 3102 in

320 3137 562 3192 diversis
613 3136 872 3191 conciliis
920 3135 987 3188 ad
1038 3135 1454 3206 corrcptionem
1485 3141 1541 3189 et
1577 3135 1944 3208 disciplinam

2065 1989 2225 2043 tiam.
2261 1989 2467 2044 Anima
2493 1991 2732 2062 quippe,
2767 1994 2832 2046 ut
2863 1991 3072 2047 beatus
3119 1993 3558 2064 Augustinus
3590 2000 3772 2050 sancto

2063 2077 2408 2148 Hieronymo
2439 2077 2701 2134 scribens
2732 2079 2832 2147 ait,
2867 2102 2894 2129 «
2924 2096 3028 2152 per
3070 2083 3286 2136 totum
3347 2099 3606 2156 corpus
3637 2084 3770 2154 quod

2061 2163 2284 2218 animat
2315 2182 2428 2219 non
2459 2164 2627 2221 loeali
2659 2165 2992 2236 diffusione,
3017 2169 3120 2224 sed
3159 2171 3467 2241 quadam
3507 2171 3675 2226 vitali
3695 2173 3770 2226 in-

2063 2251 2676 2324 tentionelporrigitur.
2693 2254 2838 2309 Nam
2863 2271 2966 2326 per
2996 2272 3213 2312 omnes
3250 2258 3410 2330 ejus
3448 2259 3768 2332 particulas

2061 2341 2388 2408 totaisimul
2420 2342 2614 2409 adest;
2649 2359 2754 2398 nec
2784 2343 2978 2399 minor
3018 2345 3077 2398 in
3133 2345 3552 2417 minoribus,
3590 2365 3694 2404 nec
3719 2349 3768 2402 in

2061 2417 2382 2498 majoribus
2414 2430 2620 2500 major,
2655 2431 2752 2486 sed
2786 2429 3000 2487 alicubi
3033 2432 3389 2502 intensius,
3429 2435 3664 2491 alicubi
3693 2453 3766 2491 re-

2060 2517 2385 2586 missius,et
2412 2517 2470 2572 in
2502 2519 2778 2575 omnibus
2808 2524 2950 2587 tota,
2981 2525 3040 2576 et
3070 2519 3130 2574 in
3167 2521 3473 2595 singulis
3510 2529 3640 2580 tota
3671 2531 3766 2580 est.

2059 2606 2254 2677 Neque
2276 2605 2430 2660 enim
2463 2607 2628 2662 aliter
2649 2607 2802 2679 quod
2830 2608 2909 2663 sit
2938 2609 2997 2663 in
3030 2625 3295 2681 corpore
3327 2615 3551 2668 totum
3577 2613 3765 2680 sentit,

2057 2699 2252 2749 tamen
2283 2698 2406 2749 tota
2435 2694 2782 2750 sentit.Nam
2806 2711 2938 2751 cum
2962 2696 3178 2769 exiguo
3203 2705 3466 2770 puncto
3503 2701 3568 2756 in
3603 2719 3762 2757 carne

2058 2781 2186 2837 viva
2211 2783 2429 2854 aliquid
2463 2783 3020 2856 tangitur,quamvis
3051 2784 3225 2842 locus
3265 2787 3382 2844 ille
3417 2806 3553 2845 non
3578 2789 3757 2846 solum

2057 2871 2236 2926 totius
2267 2869 2524 2943 corporis
2557 2889 2670 2926 non
2703 2871 2797 2942 sit,
2813 2873 2914 2928 sed
2944 2873 3039 2928 vix
3069 2873 3128 2928 in
3165 2891 3445 2948 corpore
3469 2879 3754 2942 videatur,

2058 2958 2314 3014 animam
2370 2963 2550 3014 totam
2612 2977 2724 3015 non
2773 2959 2933 3016 latet.
2998 2961 3208 3034 Neque
3270 2964 3340 3018 id
3396 2967 3582 3038 quod
3635 2984 3752 3022 seu-

2058 3047 2200 3102 titur
2228 3065 2330 3118 per
2356 3048 2615 3119 corporis
2645 3052 2856 3104 cuncta
2884 3049 3192 3121 discurrit,
3229 3053 3350 3107 sed
3391 3054 3488 3110 ibi
3525 3060 3750 3110 tantum

2057 3135 2306 3190 sentitur
2335 3135 2432 3190 ubi
2465 3138 2550 3192 ﬁt.
2581 3136 2742 3192 Unde
2773 3153 2908 3210 ergo
2949 3140 3020 3193 ad
3065 3143 3261 3194 totam
3299 3159 3461 3198 mox
3495 3143 3757 3214 pervenit

319 3225 695 3282 ecclesiarum
726 3224 824 3278 Dei
855 3223 1201 3296 generaliter
1237 3227 1294 3277 et
1341 3223 1663 3294 specialiter
1691 3223 1944 3294 promul-
1981 3227 2021 3293 C
2062 3225 2216 3296 quod
2249 3241 2362 3280 non
2389 3224 2448 3279 in
2481 3229 2600 3280 toto
2623 3226 2705 3293 fit,
2741 3226 2850 3281 nisi
2884 3226 3027 3298 quia
3047 3232 3105 3282 et
3135 3227 3221 3282 ibi
3246 3235 3350 3285 est
3386 3236 3532 3287 tota
3555 3233 3660 3287 ubi
3684 3232 3755 3296 ﬁt,

319 3315 493 3386 gavit,
527 3318 837 3368 atteslante
867 3313 1030 3366 beito
1067 3329 1216 3382 papa
1245 3311 1514 3378 Damaso,
1539 3311 1638 3383 qui
1670 3311 1804 3366 hinc
1831 3314 1946 3366 Au-

321 3403 460 3458 relio
503 3401 945 3473 Carthagineosi
989 3399 1422 3470 archiepiscopo
1449 3401 1529 3454 sic
1559 3400 1761 3455 scribit
1791 3401 1899 3470 (21)
1933 3416 1947 3454 :

320 3515 347 3541 α
381 3490 696 3546 Violatores
726 3487 1044 3544 voluntarie
1075 3504 1361 3542 canonum
1394 3489 1644 3560 graviter
1673 3505 1706 3542 a
1737 3488 1952 3542 sanctis

320 3578 963 3649 Patribusjudicantur,
995 3581 1051 3632 et
1081 3595 1114 3632 a
1145 3583 1344 3632 sancto
1393 3576 1631 3648 Spiritu,
1664 3579 1834 3647 cujus
1864 3577 1948 3630 in-

321 3667 536 3722 stinctu
569 3682 633 3720 ac
674 3667 824 3720 dono
848 3666 1044 3720 dictuti
1077 3671 1236 3730 sunt,
1271 3665 1645 3730 damnantur,
1676 3663 1950 3735 quoniam

322 3753 726 3826 hlasphemare
757 3753 1037 3824 Spiritum
1071 3757 1338 3808 sanctum
1370 3769 1484 3806 non
1520 3752 1834 3823 incongrue
1872 3751 1951 3805 vi-

321 3844 550 3910 dentur,
573 3841 671 3915 qui
702 3847 904 3898 contra
929 3842 1162 3896 eosdem
1186 3857 1579 3904 canones,non
1615 3842 1954 3896 necessitate

319 3930 734 4004 compulsi,sed
766 3929 1108 3998 libenter,ut
1137 3931 1436 4002 praefixum
1465 3934 1571 3994 est,
1604 3927 1824 4000 aliquid
1855 3933 1956 3983 aut

320 4025 582 4092 proterve
629 4023 811 4091 agunt
857 4023 959 4073 aut
1005 4017 1164 4089 loqui
1214 4021 1597 4088 prazsumunt,
1631 4024 1732 4072 aut
1770 4019 1956 4072 facere

323 4106 652 4163 volentibus
703 4111 908 4178 sponte
965 4105 1356 4160 consentiunt.
1405 4102 1560 4160 Talis
1614 4105 1769 4160 enim
1819 4122 1958 4176 pra:-

323 4193 576 4266 sumptio
597 4193 901 4248 manifeste
917 4209 1097 4248 unum
1117 4209 1302 4264 genus
1320 4197 1406 4248 est
1423 4191 1955 4264 blasphemantium

321 4283 601 4356 Spiritum
625 4281 1436 4352 sanctum.Quoniam,utjam
1461 4283 1824 4352 praelibatum
1847 4285 1953 4348 est,

322 4377 522 4428 contra
547 4387 680 4428 eum
712 4371 832 4442 agit
860 4371 1028 4441 cujus
1058 4370 1188 4425 nisu
1231 4376 1288 4426 et
1315 4369 1502 4441 gratia
1549 4370 1724 4426 iidem
1770 4370 1957 4425 sancti

323 4461 460 4517 editi
493 4464 630 4516 sunt
657 4476 926 4516 canones.
960 4457 1252 4514 Diabolica
1279 4475 1412 4514 vero
1448 4459 1709 4530 nequitia
1739 4457 1956 4530 pleros-

323 4567 434 4622 que
463 4548 752 4606 subtiliter
783 4547 978 4603 t‘allere
1007 4547 1174 4610 solet,
1207 4552 1264 4603 et
1307 4547 1388 4602 ita
1428 4548 1816 4618 quorumdam
1846 4547 1954 4604 im-

324 4639 713 4712 prudentiam,
747 4653 848 4708 per
877 4635 1322 4692 similitudinem
1376 4635 1608 4709 pietatis
1637 4636 1960 4708 saepissime

323 4727 538 4794 illudit,
561 4733 626 4782 ut
655 4743 758 4799 pro
783 4725 1118 4782 salubribus
1154 4725 1420 4780 nocitura
1450 4726 1820 4796 persuadeat.
1866 4726 1958 4780 Id-

324 4817 474 4871 circo
506 4832 710 4871 norma
739 4831 1035 4870 sacrorum
1079 4831 1366 4870 canonum
1413 4813 1509 4885 qui
1561 4819 1698 4870 sunt
1749 4815 1956 4886 spiritu

326 4904 424 4960 Dei
456 4903 694 4971 conditi,
727 4907 783 4957 et
814 4903 990 4958 totius
1023 4903 1225 4958 mundi
1256 4902 1578 4959 reverentia
1615 4903 1956 4972 consecrati,

327 4991 574 5047 ﬁdeliter
603 5008 638 5045 a
669 4991 834 5044 nobis
865 4991 1100 5046 scienda
1129 4998 1186 5046 et
1215 4992 1523 5063 diligenter
1553 4993 1852 5047 tractanda
1874 4996 1961 5048 est

327 5077 739 5147 auctoritas,ne
769 5081 1176 5149 quoquomodo
1207 5086 1540 5136 sanctorum
1577 5081 1809 5136 Patrum
1843 5085 1958 5135 sta-

329 5171 456 5223 tuta
483 5166 1034 5237 absquemevitabili
1052 5168 1571 5236 necessitate,quod
1586 5168 1960 5238 absit,trans-

327 5256 684 5329 grediamur,
715 5253 814 5308 sed
848 5253 1184 5310 ﬁdelissime
1215 5271 1317 5326 per
1345 5269 1414 5308 ea
1447 5255 1794 5325 gradientes,
1826 5273 1959 5312 cum

327 5345 410 5402 eis
439 5344 540 5418 qui
571 5360 670 5400 eos
699 5343 976 5400 instinctu
1009 5343 1394 5399 condiderunt
1433 5341 1645 5410 divino,
1679 5345 1962 5404 mercedis

2061 3329 2164 3366 nec
2196 3317 2261 3366 ut
2291 3316 2410 3368 tota
2441 3313 2540 3368 ubi
2567 3313 2632 3367 ﬁt
2663 3317 2868 3370 caetera
2896 3314 3161 3370 deserit?
3192 3317 3446 3374 Vivunt
3499 3321 3672 3376 enim
3708 3325 3760 3375 et

2059 3399 2158 3454 illa
2184 3417 2248 3454 ea
2280 3405 2581 3471 praesente,
2615 3401 2715 3454 ubi
2743 3401 2889 3456 nihil
2921 3401 3038 3457 tale
3071 3403 3306 3460 factum
3341 3411 3470 3462 est.
3513 3409 3687 3474 Quod
3715 3409 3760 3463 si

2061 3488 2306 3554 ﬁeret,et
2333 3493 2648 3559 utrumque
2668 3487 2844 3544 simul
2868 3490 3052 3560 fieret,
3068 3491 3260 3548 simul
3289 3499 3656 3570 utrumque
3683 3503 3759 3552 to-

2061 3581 2182 3630 tam
2211 3577 2426 3648 pariter
2457 3593 2570 3632 non
2603 3576 2824 3632 lateret.
2859 3579 3112 3636 Proinde
3142 3585 3202 3636 et
3227 3581 3295 3638 in
3331 3587 3650 3642 omnibus
3691 3585 3763 3640 si-

2063 3665 2183 3719 mul
2208 3669 2264 3718 et
2291 3665 2350 3719 in
2383 3665 2634 3737 singulis
2664 3666 2969 3738 particulis
2987 3669 3260 3740 corporis
3294 3672 3400 3726 sui
3425 3678 3566 3729 tota
3587 3673 3762 3730 simul

2061 3768 2189 3808 esse
2220 3769 2334 3807 non
2367 3757 2584 3824 posset,
2617 3753 2667 3807 si
2705 3770 2806 3825 per
2844 3753 2977 3809 illas
3027 3755 3110 3810 ita
3164 3758 3673 3828 diffunderetur,
3707 3768 3768 3818 ut

2059 3839 2324 3894 videmus
2352 3854 2590 3912 corpora
2618 3839 2832 3896 diffusa
2859 3858 2960 3914 per
2991 3843 3188 3914 spatia
3215 3844 3519 3904 locorum
3569 3852 3767 3906 mino-

2064 3927 2223 3984 ribus
2273 3928 2397 3983 suis
2427 3929 2696 4000 partibus
2725 3929 2955 3986 minora
2985 3945 3307 4004 occupare,
3339 3941 3410 3992 et
3445 3939 3768 4012 ampliori-

2063 4017 2174 4072 bus
2205 4016 2506 4088 ampliora.
2544 4039 2572 4066 »
2601 4017 2731 4072 Haec
2758 4017 2839 4074 ita
2868 4019 2992 4074 fieri
3035 4021 3108 4076 ab
3149 4022 3394 4096 anima,
3431 4043 3590 4083 cum
3627 4029 3768 4085 lanti

2063 4105 2316 4160 doctoris
2369 4105 2678 4176 sententia,
2744 4109 2874 4162 tum
2939 4110 3300 4180 quotidiana
3381 4117 3770 4188 experientia

2065 4197 2310 4249 constat.

2136 4281 2298 4336 Unde
2319 4281 2452 4354 quis
2472 4282 2732 4340 fidelium
2753 4285 3024 4342 dubitare
3045 4289 3176 4360 jam
3205 4292 3447 4362 poterit
3467 4295 3770 4368 Spiritum

2065 4376 2332 4426 sanctum
2353 4370 2522 4444 longe
2540 4371 2894 4430 ineﬂ‘abilius
2916 4376 3406 4436 sanctificatione
3442 4400 3570 4440 sua
3587 4390 3769 4442 totam

2067 4459 2288 4532 replere
2317 4458 2656 4528 Ecclesium,
2693 4465 2760 4516 ut
2789 4479 2894 4534 pro
2926 4462 3214 4534 qualitate
3237 4467 3702 4530 ministrorum
3721 4478 3774 4530 et

2016 4564 2262 4653 Drerum
2295 4548 2689 4653 ejus,sinngula
2710 4565 2837 4621 quae
2859 4549 2944 4606 illi
2977 4560 3444 4614 connectuntur
3460 4567 3531 4618 et
3554 4563 3775 4619 deben-

2071 4642 2166 4691 tur
2198 4636 2560 4692 sanctiﬁcet‘?
2586 4638 2687 4694 Est
2705 4639 2863 4694 enim
2885 4640 3177 4698 clericalis
3198 4646 3354 4701 ordo
3395 4648 3468 4704 in
3504 4651 3777 4709 Ecclesia

2069 4725 2418 4797 praecipuus,
2445 4730 2728 4798 tanquam
2759 4727 2818 4782 in
2851 4730 3041 4801 capite
3071 4732 3343 4802 oculi,de
3379 4754 3516 4810 quo
3552 4741 3646 4798 ait
3676 4742 3776 4797 Do-

2069 4815 2264 4870 minus
2295 4831 2309 4868 :
2345 4836 2374 4864 «
2405 4814 2511 4878 Qui
2545 4815 2799 4889 tetigerit
2845 4834 2968 4887 vos,
3003 4821 3196 4894 tangit
3241 4825 3575 4897 pupillam
3628 4829 3777 4887 oculi

2070 4903 2178 4957 mei
2197 4902 2376 4973 (Zach.
2411 4919 2473 4968 ιι,
2503 4903 2580 4992 8).
2617 4926 2643 4953 »
2669 4905 2771 4960 Est
2799 4911 2857 4961 et
2887 4905 3115 4963 laiealis
3141 4915 3438 4982 potestas
3467 4920 3774 4992 tanquam

2069 4995 2268 5062 pectus
2300 4994 2356 5046 et
2383 4991 2621 5048 brachia
2648 4993 2720 5049 ad
2751 4995 3147 5052 obediendum
3181 5003 3243 5054 et
3295 4991 3774 5065 defendendum

2068 5080 2386 5169 Ecclesium
2418 5081 2610 5136 valida
2637 5088 2694 5137 et
2721 5087 2936 5139 exerta.
2970 5085 3074 5141 Est
3103 5087 3332 5147 deinde
3365 5095 3620 5169 vulgus
3650 5103 3773 5154 tau-

2070 5185 2245 5239 quam
2274 5168 2550 5225 inferiora
2578 5169 2666 5226 vel
2697 5175 2957 5228 extrema
2996 5175 3278 5233 membra.
3323 5168 3774 5244 ecclesiasticis

2070 5262 2128 5311 et
2169 5256 2548 5314 saacularibus
2602 5261 2992 5332 potestatibus
3051 5265 3283 5334 pariter
3342 5273 3692 5332 subditum
3726 5281 3775 5332 et

2069 5347 2584 5418 pernecessarium.
2618 5349 2794 5406 Porro
2843 5349 2903 5407 in
2952 5352 3186 5426 capillis
3237 5359 3479 5433 capitis
3539 5383 3776 5440 posses-

402 5539 697 5637 Siijni‘lanne
729 5538 1399 5637 bimasijdﬁprelium
1429 5539 1942 5617 Carthagincnsem
1971 5543 2306 5618 episcopum
2342 5545 2650 5620 epistolam
2697 5563 2827 5608 esse
2874 5549 3144 5624 spuriam
3188 5557 3252 5612 et
3303 5565 3774 5637 supposititiam

335 5608 704 5668 consentiunt
733 5627 934 5670 omnes
959 5611 1191 5669 eruditi.
