3922 6374
89 389 243 449 1189

680 376 1101 446 ADVERSUS
1150 372 1624 442 SIMONIACOS
1672 368 1875 432 LIBRI
1925 362 2149 431 TRES.
2187 404 2260 412 —
2292 364 2524 430 LIBER
2567 361 2927 431 TERTIUS.

3353 371 3506 436 1190

88 519 284 575 siones
314 516 610 585 Ecclesiae,
642 516 702 571 in
724 514 1024 588 unguibus
1054 515 1250 567 autem
1272 508 1358 564 vel
1390 505 1601 579 reliqui
1621 521 1744 561 cor-
1775 507 1833 573 Α
1860 500 2000 569 hinc,
2026 500 2319 573 principes
2342 500 3069 571 domusJacob,ctjudices
3093 503 3303 559 domus
3329 505 3507 560 Israel

92 608 258 681 poris
278 606 423 679 pilis
454 604 761 661 facultates
785 600 982 660 saeculi
1006 617 1122 657 non
1143 599 1465 670 incongrue
1497 597 1749 669 possunt

90 695 295 768 accipi.
339 696 500 760 Quas
545 694 647 767 qui
677 693 990 750 indiscrete
1028 688 1116 745 vel
1158 687 1442 743 violenter
1478 682 1748 741 exteriori

92 784 318 841 homini
349 783 555 851 demit,
588 796 827 840 necesse
855 784 944 838 est
961 778 1214 853 graviter
1228 775 1485 832 offendat
1511 771 1750 829 interio-

93 891 213 930 rem
245 891 354 946 pro
386 872 608 945 injuria
626 866 1124 927 dehonestationis
1146 865 1233 921 vel
1248 860 1747 938 prmsumptionis.

94 963 254 1028 Quod
287 979 410 1018 non
433 960 829 1017 dubitandum
841 961 930 1014 est
946 957 1135 1012 facere
1157 953 1439 1026 Spiritum
1454 954 1746 1020 sanctum,

94 1050 263 1124 quiin
280 1050 665 1108 universitate
686 1047 952 1104 Ecclesiae
968 1045 1141 1117 longe
1161 1040 1533 1116 praestantius
1556 1040 1754 1096 anima

95 1140 292 1197 omnia
321 1143 603 1212 operatur
621 1138 681 1194 in
700 1136 997 1204 omnibus,
1012 1134 1277 1191 dividens
1299 1129 1548 1204 singulis
1580 1133 1754 1202 prout

97 1230 235 1295 vult,
271 1235 329 1284 et
356 1229 722 1285 annuntians
752 1224 1061 1298 discipulis
1093 1222 1279 1278 multa
1301 1238 1427 1293 qua:
1459 1223 1592 1277 ante
1625 1235 1754 1292 pas-

100 1318 321 1375 sionem
353 1317 573 1373 Christi
598 1333 711 1372 non
731 1318 1002 1388 poterant
1020 1316 1250 1384 portare
1264 1353 1276 1368 .
1307 1310 1470 1366 Unde
1490 1308 1643 1364 sicut
1666 1326 1752 1363 re-

100 1408 338 1463 cedente
364 1406 586 1474 anima,
622 1422 756 1460 mox
786 1405 996 1459 fetores
1018 1405 1075 1457 et
1107 1417 1332 1457 vermes
1354 1415 1566 1471 corpus
1589 1414 1755 1454 occu-

102 1500 257 1568 pant,
295 1495 397 1569 qui
429 1494 574 1550 illud
614 1510 750 1550 cum
792 1491 1049 1548 maxima
1095 1489 1403 1546 hominum
1451 1487 1754 1544 abomina-

100 1586 254 1641 tione
287 1588 345 1640 et
374 1582 776 1656 abjectionein
801 1581 1096 1655 pulverem
1118 1578 1465 1643 dissolvunt,
1489 1576 1573 1633 sic
1595 1580 1756 1633 etres

102 1672 536 1740 ecclesiasticae,
569 1671 873 1728 recedente
898 1670 971 1726 ab
1002 1669 1087 1725 eis
1130 1684 1239 1723 sua
1271 1665 1756 1733 sanctificatione,

105 1780 236 1819 mox
264 1763 604 1818 daemonum
627 1759 751 1832 juri
782 1775 917 1816 cum
947 1774 1184 1814 summa
1219 1754 1627 1811 maledictione
1657 1753 1757 1811 Dei

104 1857 157 1908 et
185 1856 531 1909 sanctorum
579 1851 819 1905 Patrum
852 1846 1062 1903 relicta;
1103 1845 1463 1917 dispereunt.
1496 1845 1756 1915 Quapro-

106 1946 247 2011 pter,
282 1940 617 2004 secundum
646 1938 800 2011 quod
834 1936 1119 1992 Dominus
1140 1935 1199 1989 in
1221 1930 1532 2005 Evangelio
1550 1933 1631 1987 ait
1660 1932 1759 1988 ho-

108 2030 266 2096 mini,
298 2029 651 2085 divisionem
684 2024 1041 2083 hrereditatis
1072 2022 1326 2095 exigenti
1359 2039 1372 2077 :
1405 2045 1435 2072 ‹‹
1470 2020 1670 2076 Videte
1702 2027 1760 2076 et

109 2124 297 2175 cavete
326 2119 402 2174 ab
429 2117 593 2173 omni
625 2114 868 2173 avaritia
887 2117 1038 2186 (Luc.
1063 2131 1166 2181 χιι,
1206 2112 1311 2182 15).
1341 2135 1362 2161 ι
1384 2110 1428 2167 Ο
1458 2127 1558 2166 vos
1587 2109 1757 2165 divisi

108 2207 404 2276 divisores,
441 2211 501 2263 et
532 2206 768 2262 tandem
798 2203 887 2259 vel
921 2219 1051 2259 sero
1081 2199 1383 2257 individua
1430 2199 1608 2254 dividi
1641 2216 1756 2254 non

108 2314 272 2369 posse
298 2295 655 2371 cognoscite,
668 2296 917 2367 jamque
946 2288 1302 2348 divisoribus
1342 2287 1521 2345 nolite
1554 2288 1756 2361 aquis-

108 2402 281 2456 scere,
314 2385 364 2441 si
395 2383 615 2457 cupitis
658 2383 971 2439 animabus
1017 2380 1229 2436 vestris
1267 2383 1324 2434 et
1352 2377 1585 2434 illorum
1618 2394 1757 2433 con-

109 2473 310 2531 sulere.
335 2474 561 2546 Nempe
581 2472 881 2545 sequendo
898 2487 1025 2542 qua:
1037 2469 1328 2535 videntur,
1353 2472 1409 2523 et
1429 2466 1758 2539 spernendo

108 2578 227 2635 quas
273 2578 393 2621 non
435 2560 731 2630 videntur,
764 2559 1059 2616 calamum
1087 2558 1219 2614 vani
1264 2556 1502 2612 honoris
1531 2559 1757 2628 tempo-

108 2652 301 2709 raliter
329 2650 666 2725 capescitis,
691 2666 797 2706 nec
819 2664 1110 2721 supremae
1129 2644 1516 2702 beatitudinis
1539 2643 1760 2717 aulam,

107 2746 203 2796 aut
246 2746 518 2798 extremis
577 2738 943 2795 miserim”...
998 2741 1129 2810 post
1203 2734 1504 2791 modicum
1572 2733 1757 2806 respi-

108 2829 251 2887 citis.

174 2920 306 2984 Quze
336 2920 385 2976 si
414 2917 674 2975 maxima
702 2935 839 2991 pars
858 2919 1119 2972 vestrum
1142 2914 1469 2971 Christiano
1501 2911 1639 2968 talia
1670 2927 1757 2968 re-

111 3012 377 3077 tractaret
403 3008 1012 3080 animo,nequaquani
1044 3004 1152 3061 hoc
1182 3008 1343 3059 tanto
1376 3001 1640 3058 Ecclesiae
1665 3002 1763 3074 ju-

108 3097 248 3169 giter
275 3102 595 3172 angeretur
624 3095 800 3152 malo.
836 3095 971 3166 Sed,
1003 3094 1148 3166 proh
1182 3093 1373 3150 dolor!
1409 3110 1444 3148 a
1476 3091 1641 3148 laicis
1671 3090 1757 3146 di-

108 3184 424 3257 gnitatibus
476 3184 931 3241 ecclesiasticam
981 3183 1326 3256 dignitatem
1377 3181 1590 3253 adepti,
1622 3196 1758 3236 cum

103 3275 263 3344 juxta
276 3274 624 3333 canonicam
648 3272 1052 3330 auctoritatem
1068 3272 1347 3328 deberent
1362 3287 1497 3326 cum
1520 3269 1642 3326 suis
1666 3286 1761 3324 au-
1793 3257 1836 3323 C

110 3365 362 3421 ctoribus
392 3368 451 3421 et
486 3363 813 3419 fautoribus
846 3378 961 3417 non
992 3360 1184 3416 solum
1229 3359 1643 3415 communione
1673 3357 1763 3414 al-

111 3452 267 3523 taris,
301 3454 401 3510 sed
425 3457 487 3509 et
516 3452 787 3525 ingressu
821 3449 1079 3507 ecclesiae
1112 3449 1351 3522 privari,
1388 3447 1643 3521 primum
1678 3446 1762 3503 lo-

113 3556 239 3598 cum
288 3544 347 3598 in
406 3560 497 3608 ea,
560 3546 618 3597 et
663 3540 1160 3613 dispensationem
1233 3541 1759 3601 sacramentorum,

113 3629 318 3686 Christi
355 3631 744 3702 omniumque
778 3629 1037 3701 regimen
1096 3631 1273 3699 atque
1315 3625 1760 3698 dispositionem

116 3719 536 3791 adipiscuntur,
569 3721 741 3791 cujus
772 3718 946 3774 etiam
971 3715 1177 3773 limina
1206 3715 1540 3787 contingere
1572 3713 1763 3787 prohi-

117 3805 338 3877 bentur,
370 3812 593 3881 utputa
613 3806 830 3880 perjuri
854 3804 1238 3878 principibus,
1272 3803 1487 3877 quibus
1518 3803 1577 3857 in
1602 3805 1763 3858 tanta

118 3898 567 3971 praesumptione
614 3894 880 3952 infideles
911 3898 1013 3951 aut
1041 3893 1418 3951 consentiunt
1454 3897 1557 3948 aut
1588 3890 1761 3948 insis-

117 3987 270 4054 tunt;
304 3985 596 4060 sacrilegi,
643 3986 801 4041 fures
849 3988 907 4040 et
950 3983 1205 4039 latrones
1253 3982 1391 4050 Deo,
1432 3981 1524 4037 cui
1559 3984 1763 4037 sancta

121 4088 222 4129 sua
250 4074 524 4132 furantur
551 4079 610 4131 et
637 4072 920 4129 violenter
965 4071 1289 4144 diripiunt;
1333 4070 1639 4127 homicida:
1670 4070 1759 4126 in-

118 4177 287 4234 super
325 4162 685 4237 pauperibus
734 4161 972 4234 Christi,
1024 4177 1274 4235 quorum
1326 4159 1679 4233 patrimonia
1705 4162 1763 4215 et

118 4253 390 4322 pecunias
424 4254 699 4310 fraudant
722 4257 782 4309 et
800 4251 924 4309 suis
943 4251 1152 4308 usibus
1172 4249 1498 4318 vindicant;
1531 4265 1759 4306 excom-

120 4341 394 4397 municati
446 4347 558 4398 Deo
588 4347 647 4398 et
688 4341 965 4398 omnibus
1006 4339 1226 4397 sanctis
1256 4340 1386 4411 ejus
1429 4339 1758 4412 praeteritis,

118 4430 496 4497 praesentibus
551 4434 609 4488 et
655 4431 892 4497 futuris,
949 4446 1201 4503 quorum
1255 4428 1628 4501 disciplinam
1660 4429 1760 4485 de-

119 4519 352 4577 struunt
382 4525 439 4578 et
467 4520 800 4588 conciliant,
834 4536 984 4593 quos
1032 4516 1427 4575 scandalizare
1473 4522 1533 4573 et
1579 4519 1759 4575 oﬂ‘en-

121 4602 250 4662 dere
278 4626 395 4665 non
427 4613 650 4667 curant.
683 4609 791 4674 Qui
818 4608 1089 4679 verejam
1113 4623 1227 4663 non
1250 4610 1389 4663 sunt
1409 4606 1663 4663 habendi
1694 4613 1761 4664 ut

120 4691 209 4748 alii
244 4696 397 4754 intra
417 4696 1173 4770 Ecclesiamiudiseiplinati
1203 4695 1541 4763 Christiani,
1566 4697 1667 4753 sed
1702 4701 1764 4753 ut

119 4797 242 4839 vere
288 4786 766 4859 blaspheinantes
813 4787 1098 4860 Spiritum
1158 4789 1430 4843 sanctum
1481 4784 1759 4855 haeretici,

120 4869 257 4928 dum
289 4881 553 4946 proterve
583 4882 641 4933 et
679 4876 1000 4933 voluntarie
1052 4874 1568 4949 transgrediuntur
1609 4874 1766 4948 leges

122 4963 478 5037 conscriptas
508 4971 564 5022 et
584 4965 949 5039 subscriptas
981 4964 1161 5037 digito
1191 4964 1312 5020 Dei.
1342 4965 1598 5028 Quorum
1633 4980 1766 5036 pec-

125 5048 262 5106 catis
291 5055 733 5112 communicant
768 5053 967 5128 procul
1010 5054 1190 5109 dubio
1229 5053 1512 5126 primates
1558 5057 1616 5109 et
1646 5070 1765 5107 me-

125 5137 474 5212 tropolitani,
500 5144 599 5216 qui
622 5143 843 5200 talibus
870 5143 1067 5199 etsine
1091 5142 1371 5199 canonica
1399 5141 1768 5198 discussione

127 5239 330 5285 manus
361 5230 693 5304 imponunt,
726 5231 1079 5289 reclamante
1108 5229 1385 5303 Apostolo
1409 5230 1468 5284 in
1512 5229 1771 5301 Epistola

127 5312 194 5366 ad
224 5315 617 5376 Timotheum.
642 5319 1151 5377 Taliternimirum
1173 5318 1380 5375 talium
1411 5318 1766 5392 principum,

127 5405 609 5482 sacerdotumque
627 5414 685 5466 et
708 5411 1003 5466 fautorum
1033 5408 1269 5466 illorum
1300 5424 1479 5464 causa
1507 5409 1646 5480 quid
1664 5410 1767 5464 Ee-

127 5487 299 5550 clesia
325 5495 500 5555 etiam
518 5497 824 5556 visibiliter
843 5515 1268 5574 nonnunquam
1290 5497 1568 5572 patiatur.
1600 5514 1770 5572 αρετ-

126 5577 179 5637 te
224 5580 443 5646 indicat
490 5586 747 5649 Mioheas
794 5587 1078 5669 propheta
1126 5605 1141 5648 :
1189 5611 1219 5643 «
1257 5586 1489 5664 Audite,
1554 5586 1766 5665 inquit,

1861 589 1961 663 qui
1990 588 2414 645 abominamini
2440 588 2757 661 judicium,
2792 594 2850 645 et
2880 589 3076 645 omnia
3107 596 3264 647 recta
3287 609 3511 664 perver-

1857 679 2005 742 titis,
2059 678 2160 749 qui
2193 677 2493 734 aediﬁcetis
2524 678 2659 733 Sion
2693 678 2752 732 in
2795 678 3208 749 sanguinibus,
3245 686 3304 737 et
3350 682 3513 738 Jeru-

1858 766 2041 823 salem
2090 767 2151 822 in
2183 766 2512 838 iniquitate.
2552 766 2854 839 Principes
2884 769 3013 840 ejus
3057 769 3117 824 in
3165 772 3514 828 muneribus

1851 855 2217 927 judicabant,
2243 859 2300 910 et
2329 855 2659 911 sacerdotes
2681 857 2809 927 ejus
2834 856 2890 910 in
2913 858 3183 913 mercede
3205 860 3512 932 docebant,

1858 948 1916 1000 et
1954 944 2245 1016 prophetae
2283 945 2411 1016 ejus
2448 943 2509 998 in
2540 945 2786 1015 pecunia
2833 945 3193 1014 divinabant,
3247 954 3304 1005 et
3334 968 3513 1023 super

1859 1032 2174 1088 Dominum
2214 1033 2676 1105 requiescebant,
2728 1034 3025 1091 dicentes:
3075 1037 3355 1110 Nunquid
3397 1058 3513 1096 non

1860 1121 2143 1179 Dominus
2164 1122 2226 1177 in
2250 1122 2441 1177 medio
2474 1124 2780 1178 nostrum?
2800 1125 2921 1179 Non
2948 1126 3179 1181 venient
3209 1144 3386 1199 super
3408 1146 3514 1186 nos

1865 1211 2039 1267 mala.
2071 1216 2312 1283 Propter
2340 1212 2449 1267 hoc
2481 1228 2657 1267 causa
2679 1213 3001 1269 vestriSiou
3035 1217 3200 1286 quasi
3226 1233 3362 1289 ager
3382 1236 3509 1273 ara-

1864 1301 2043 1369 bitur,
2075 1305 2131 1356 et
2154 1301 2481 1356 Jerusalem
2516 1303 2682 1373 quasi
2715 1320 2953 1359 acervus
2990 1304 3248 1377 lapidum
3295 1308 3422 1376 erit,
3457 1317 3513 1363 et

1868 1408 2037 1446 mons
2072 1390 2271 1462 templi
2304 1391 2362 1444 in
2396 1392 2620 1445 excelsa
2653 1392 2932 1449 silvarum
2966 1394 3143 1465 (Mich.
3181 1414 3264 1463 ιιι,
3303 1399 3378 1469 9),
3410 1421 3437 1447 ››

2473 1554 2700 1611 CAPUT
2740 1556 2907 1615 XXX.

1870 1644 2263 1716 Recapitulatio
2292 1643 2359 1698 de
2385 1644 2724 1714 depositione
2761 1646 3141 1706 hereticorum
3170 1653 3220 1707 et
3248 1654 3519 1709 sententia

2421 1717 2719 1772 Ezechielis
2749 1720 2810 1773 in
2839 1736 2944 1775 eos.

1938 1841 2083 1897 Hinc
2097 1842 2221 1912 jam
2240 1839 2372 1896 licet
2389 1841 2642 1896 maxima
2662 1859 2730 1897 ex
2742 1849 2905 1915 parte
2919 1845 3145 1916 spicula
3165 1848 3233 1903 ad
3244 1851 3519 1906 versarie-

1868 1950 1998 1987 rum
2031 1930 2332 1987 catholicis
2362 1932 2586 2001 objecta
2617 1932 2861 1988 Domino
2911 1937 3162 1993 duuante
3209 1945 3309 1994 aut
3344 1959 3514 2014 repu-

1865 2020 2032 2075 lerim
2078 2024 2178 2075 aut
2209 2020 2591 2088 decusserini,
2623 2026 2724 2076 aut
2754 2027 2906 2078 certe
2951 2027 3289 2095 retudcrim,
3322 2030 3516 2086 adhuc

1867 2113 2059 2165 tamen
2094 2109 2150 2162 in
2201 2108 2355 2165 calce
2388 2108 2522 2164 libri
2570 2109 2747 2179 hujus
2799 2114 3231 2171 retundendam
3263 2118 3519 2175 arbitror

1866 2197 2159 2270 spiculum
2179 2196 2322 2252 illud
2342 2197 2523 2254 nimio
2545 2198 2730 2254 toxico
2750 2199 3063 2272 imbutum,
3087 2221 3203 2276 quo
3221 2207 3516 2263 obstinato

1868 2286 2171 2359 impetitur
2191 2286 2584 2344 ecclesiastica
2599 2290 2817 2361 regula,
2834 2300 3124 2362 quatenus
3138 2295 3373 2367 sijuxta
3387 2314 3513 2353 eam

1867 2376 3520 2460 consequiturhaereticosdeponcndos,consequaturquo-

1867 2484 1981 2537 que
1994 2466 2012 2536 j
2025 2469 2159 2520 uxta
2176 2467 2559 2522 assertionem
2573 2466 2807 2523 illorum
2823 2471 3057 2526 eosdem
3075 2476 3322 2544 gratiam
3338 2478 3519 2533 ecrlc-

1868 2554 2167 2611 siasticam
2187 2554 2449 2626 adeptos,
2468 2556 2683 2627 acujus
2706 2558 3049 2615 ascensione
3069 2565 3131 2615 ut
3153 2563 3523 2635 deponantur

1867 2644 1940 2700 sit
1989 2660 2244 2699 necesse.
2280 2645 2642 2716 Quapropter
2689 2645 2825 2702 hinc
2858 2665 3088 2720 quoque
3135 2653 3520 2713 trutinatorcs

1867 2734 2174 2789 verborum
2196 2726 2432 2788 interim
2466 2733 2753 2805 patienter
2772 2734 3088 2809 interrogo,
3118 2756 3152 2794 a
3183 2756 3298 2812 quo
3327 2747 3514 2815 gradu

1866 2822 2074 2878 divinae
2105 2822 2304 2895 gratiae
2320 2823 2704 2894 deponantur.
2723 2825 2937 2896 quibus
2957 2826 3273 2886 Psalmista
3301 2832 3387 2890 sic
3408 2835 3518 2891 im-

1867 2915 2139 2981 precetur
2170 2928 2183 2966 :
2218 2934 2246 2962 «
2282 2911 2554 2984 Dispcrge
2575 2911 2705 2967 illos
2737 2913 2793 2967 in
2818 2914 3028 2970 virtute
3058 2921 3178 2987 tua,
3212 2924 3269 2975 et
3296 2921 3519 2995 depone

1865 3015 1985 3069 eos,
2020 3003 2309 3072 protector
2329 3017 2518 3066 meus,
2550 3000 2794 3057 Domine
2818 3026 2845 3051 ››
2866 3003 3039 3074 (Ρδαι.
3066 3023 3223 3076 LXIII,
3254 3011 3517 3082 I2).Quin

1867 3091 2043 3145 etiam
2076 3108 2110 3144 a
2133 3090 2447 3162 quogradu
2465 3090 2859 3147 ecclesiastico
2878 3093 3246 3165 deponantur
3264 3118 3368 3172 pro
3391 3106 3519 3175 qui-

1868 3180 1979 3235 bus
1995 3179 2356 3235 catholicaia
2377 3179 2469 3235 die
2486 3180 2799 3236 Dominicze
2818 3184 3116 3241 Passionis
3130 3187 3213 3242 sic
3227 3198 3517 3260 precatur:

1871 3290 1899 3319 ‹‹
1932 3267 2315 3339 Omnipotens
2347 3270 2701 3340 sempiterna
2733 3271 2905 3339 Deus,
2941 3273 3039 3344 qui
3072 3275 3263 3332 salvas
3292 3296 3518 3348 omnes,

1872 3362 1930 3412 ct
1961 3356 2255 3412 neminem
2276 3357 2361 3411 vis
2394 3357 2602 3429 perire,
2632 3360 2850 3430 respice
2881 3362 2951 3414 ad
2984 3362 3212 3419 animas
3234 3366 3520 3424 diabolica

1872 3445 2076 3501 fraude
2090 3446 2639 3517 deceptas,ut,omni
2658 3447 2927 3503 hzeretica
2941 3451 3222 3520 pravitate
3235 3454 3519 3527 deposita,

1873 3534 2197 3590 errantium
2229 3535 2406 3589 corda
2436 3536 2805 3606 resipiscant,
2839 3540 2894 3592 et
2916 3539 2986 3593 ad
3011 3540 3267 3597 veritatis
3288 3548 3401 3600 tum
3435 3564 3519 3602 re-

1871 3624 2049 3679 deant
2080 3622 2387 3679 unitatem.
2425 3646 2451 3672 ››
2484 3625 2628 3678 Ecce
2650 3624 2743 3679 hic
2757 3625 3045 3682 catholica
3076 3636 3241 3701 rogat
3264 3638 3327 3688 ut
3347 3634 3519 3691 ἔπιθι-(ι-

1870 3711 1986 3768 tica
2017 3710 2272 3784 pravitas
2295 3713 2366 3767 ab
2384 3711 2697 3767 animabus
2730 3713 3021 3772 diabolica
3040 3718 3243 3775 fraude
3264 3722 3523 3796 deceptis

1871 3802 2227 3873 deportatur.
2260 3799 2574 3857 Psalmista
2603 3817 2836 3874 quoque
2867 3805 3159 3875 superius,
3204 3813 3270 3863 ut
3301 3810 3518 3867 inimici

1871 3891 2000 3962 ejus
2031 3891 2414 3964 deponantur.
2450 3892 2512 3947 In
2544 3909 2662 3962 qua
2690 3892 2891 3964 utique
2911 3894 3271 3965 depositione
3294 3901 3519 3957 nullam

1871 3980 2297 4052 depositionem
2320 3980 2392 4035 ab
2414 3979 2665 4051 alicujus
2678 3982 2875 4053 gratize
2900 3983 2985 4038 vel
3009 3984 3314 4057 dignitatis
3336 3990 3519 4046 excel-

1870 4069 2050 4127 lentia
2081 4086 2258 4141 quam
2283 4069 2448 4142 prius
2482 4069 2796 4126 habuerint
2825 4070 3150 4145 intelligere
3181 4094 3522 4148 possumus,

1869 4159 1984 4216 nisi
2006 4157 2191 4215 solam
2210 4159 2727 4231 praesumptionem
2742 4159 3022 4217 haereticze
3045 4163 3522 4241 falsitatis,quam

1870 4249 1981 4306 sub
2014 4249 2206 4321 specie
2235 4247 2807 4306 catholiczeveritatis
2829 4252 2940 4307 sibi
2972 4254 3349 4325 pertinaciter
3365 4277 3521 4317 arro-

1869 4343 2031 4412 gant.
2065 4338 2158 4393 Sic
2181 4340 2239 4392 et
2256 4336 2579 4393 Simoniani
2605 4355 2708 4394 seu
2730 4339 2976 4412 quilibet
2993 4342 3244 4401 haeretici
3262 4362 3393 4403 cum
3421 4351 3517 4403 de-

1869 4427 2005 4501 poni
2045 4428 2482 4498 jubentur,non
2522 4427 2594 4482 ab
2626 4427 2825 4501 aliqua
2855 4429 3261 4490 ecclesiasticas
3288 4436 3522 4493 ordina-

1868 4517 2044 4574 tionis
2075 4516 2261 4589 gratia
2283 4533 2461 4587 quam
2479 4516 2762 4573 hactenus
2780 4518 3035 4575 habeant
3064 4522 3276 4593 deponi
3305 4525 3519 4595 juben-

1791 4631 1837 4695 Ι)
1868 4612 1966 4664 tur
1990 4625 2003 4675 ;
2027 4608 2130 4663 sed
2168 4606 2347 4663 etiam
2379 4606 2451 4661 ab
2494 4606 2760 4662 exteriori
2813 4609 2957 4663 facie
2992 4610 3518 4670 ecclesiasticorum

1873 4697 2319 4771 graduum,qua
2335 4696 2404 4751 ad
2427 4695 2809 4767 perditionem
2829 4715 2997 4753 suam
3021 4699 3342 4773 populique
3363 4703 3521 4758 Chri-

1875 4786 2052 4841 stiani
2074 4785 2477 4857 deceptionem
2503 4802 2604 4859 per
2623 4785 3011 4859 imposturam
3032 4789 3373 4846 abutuntur.
3397 4792 3527 4856 Qui-

1878 4875 1988 4931 bus
2020 4875 2270 4931 maxime
2303 4875 2486 4946 aptari
2511 4880 2699 4947 potest
2722 4877 2919 4934 fabula
2940 4879 3009 4933 de
3026 4878 3208 4934 asello
3230 4879 3378 4952 pelle
3411 4884 3522 4938 len-

1878 4964 1970 5020 nis
2004 4964 2230 5029 induto,
2254 4965 2355 5035 qui
2378 4969 2756 5037 praesumpto,
2780 4983 2883 5022 seu
2901 4969 3055 5038 quod
3081 4968 3524 5040 aptiusdicitur,

1878 5053 2152 5108 simulato
2184 5052 2416 5108 leonino
2448 5053 2662 5125 vigore,
2698 5055 2974 5112 turbabat
2994 5058 3236 5129 pavidas
3259 5076 3361 5131 per
3391 5080 3527 5117 rura

1877 5158 2032 5209 oves,
2067 5158 2201 5196 cum
2229 5139 2308 5196 nil
2333 5143 2572 5198 omnino
2603 5142 2845 5199 leoninae
2875 5147 3257 5217 fortitudinis,
3289 5156 3555 5222 excepto'

1879 5248 2024 5288 vano
2053 5235 2292 5300 terrore,
2325 5248 2393 5286 ex
2421 5230 2515 5287 bis
2537 5233 2760 5289 exuviis
2789 5234 2877 5291 vel
2909 5236 3114 5309 spoliis
3146 5238 3256 5293 sibi
3287 5238 3373 5295 vel
3403 5241 3523 5294 cui-

1878 5337 2055 5393 quam
2089 5319 2388 5392 acquirere
2416 5322 2688 5392 potuerit.
2722 5323 2825 5378 Cui
2859 5325 3000 5381 dum
3034 5327 3291 5382 rusticus
3312 5327 3523 5398 pellem

1878 5408 2064 5465 leonis
2096 5410 2364 5477 detraxit,
2399 5410 2478 5464 nil
2505 5428 2748 5483 prorsus
2778 5412 3020 5470 leoninze
3045 5414 3313 5485 potentia:
3345 5430 3525 5486 quam

1878 5514 1947 5555 ex
1976 5497 2125 5572 pelle
2144 5497 2246 5555 illa
2275 5499 2597 5573 accepisset
2626 5506 2729 5557 aut
2758 5501 2997 5558 haberet
3024 5501 3076 5557 ei
3105 5502 3391 5573 detraxit;
3422 5504 3522 5561 sed

1880 5587 2064 5648 solam
2098 5605 2273 5663 quam
2298 5605 2364 5646 ex
2395 5589 2499 5650 illa
2528 5589 2820 5667 hypocrisi
2854 5592 3219 5649 contraxerat
3245 5607 3525 5667 praesum-
