3864 6410
402 469 550 532 1191
1447 463 1849 525 lIUMBEli'l‘I
1893 463 1957 521 S.
2008 459 2078 522 [ἰ.

2127 463 2194 522 E.
2244 454 2732 524 CARDINALIS.
3747 449 3810 514 Η

399 603 680 675 ptionem,
711 599 862 655 sicut
885 597 1072 654 eidem
1115 595 1288 651 asello
1329 595 1581 650 rusticus
1630 595 1770 650 dum
1819 592 2026 665 spolia-
2053 593 2112 660 Α
2136 593 2367 665 ligetur,
2397 611 2501 651 nec
2530 593 2688 651 calor
2718 595 3102 667 postmodum
3138 592 3442 650 resolvat
3468 588 3660 663 quod
3683 586 3821 642 hum

401 697 528 746 tum
559 691 838 750 cerneret,
862 685 1076 740 dixisse
1107 685 1288 739 fertur
1321 700 1332 739 :

557 794 796 843 Forsitan
825 792 1038 852 ignaros
1069 790 1273 837 imitate
1306 802 1575 837 murmure
1609 788 1741 852 fallis
1770 803 1782 836 :

623 857 690 906 At
718 853 867 913 mihi,
900 853 990 915 qui
1017 853 1305 914 quondam,
1335 864 1542 912 semper
1572 851 1762 898 asellus
1792 851 1913 899 eris.

472 953 574 1008 Est
603 967 835 1023 quoque
869 948 1026 1003 aliud
1059 949 1212 1018 quod
1245 946 1302 1001 in
1329 946 1428 1000 illa
1457 947 1716 1002 oratione
1757 947 2032 1018 poscitur,

401 1041 642 1107 scilicet,
673 1045 734 1095 ut
765 1037 1010 1093 haeretici
1039 1047 1094 1091 et
1124 1036 1479 1090 schismatici
1510 1036 1578 1090 ad
1601 1036 1860 1090 veritatis
1889 1035 2033 1090 divi-

401 1149 483 1185 nae
517 1130 753 1184 redeant
782 1127 1084 1180 unitatem.
1128 1127 1189 1180 In
1223 1126 1392 1193 cujus
1424 1141 1656 1194 quoque
1704 1125 2032 1195 praefatione

399 1233 704 1272 monemur
723 1232 886 1270 orare
921 1231 1022 1284 pro
1055 1212 1214 1284 ipsis,
1251 1217 1314 1266 ut
1344 1213 1498 1267 Deus
1523 1229 1586 1266 ac
1633 1213 1910 1266 Dominus
1933 1229 2032 1266 no-

395 1311 512 1360 ster
541 1321 638 1360 eos
671 1304 744 1358 ab
765 1303 1059 1358 erroribus
1079 1300 1366 1354 universis
1394 1300 1464 1354 ad
1489 1305 1747 1354 sanctam
1787 1305 2031 1354 matrem

395 1391 707 1448 Ecclesiam
759 1389 1102 1446 catholicam
1135 1393 1306 1458 atque
1347 1386 1721 1458 apostolicam
1772 1404 2034 1442 revocare

393 1481 686 1551 dignetur.
707 1480 869 1533 Unde
891 1477 1020 1532 luce
1042 1475 1256 1530 clarius
1276 1480 1503 1530 constat
1523 1475 1578 1529 in
1605 1475 1822 1530 unitate
1843 1475 2030 1530 Eccle-

394 1568 490 1622 siae
522 1567 814 1624 catholicae
847 1571 1020 1636 atque
1043 1564 1364 1636 apostolicae
1380 1581 1496 1619 non
1519 1565 1741 1630 adesse,
1764 1566 1831 1619 ad
1855 1581 2029 1636 quam

396 1661 458 1711 ut
489 1659 825 1710 revocentur
853 1659 909 1708 et
941 1655 1195 1716 redeant,
1231 1653 1300 1706 ab
1333 1654 1533 1708 eadem
1567 1653 1873 1708 universali
1922 1654 2034 1708 Ec-

393 1743 566 1800 clesia
597 1748 812 1798 oratur.
833 1744 978 1814 Ergo
1001 1741 1316 1796 Simoniani
1341 1746 1441 1796 aut
1459 1741 1709 1796 haeretici
1729 1760 1842 1797 non
1870 1746 2028 1808 sunt,

392 1837 449 1888 et
479 1833 537 1886 in
569 1831 820 1886 Ecclesia
851 1837 1004 1895 sunt,
1039 1835 1140 1884 aut
1169 1835 1318 1884 certe
1340 1829 1590 1884 haeretici
1614 1835 1770 1896 sunt,
1799 1833 2032 1886 etextra

2143 683 2587 754 conglutinaret.
2615 683 2775 740 Unde
2797 689 2854 740 et
2874 685 3016 757 ipsae
3039 683 3239 757 paleae
3265 681 3428 738 istic
3462 681 3820 750 temperata

2143 771 2435 839 dicuntur,
2468 771 2608 843 quia
2637 777 3084 844 contemperant
3131 767 3552 828 dissolubile
3586 765 3790 821 lutum
3817 784 3822 818 ι

2143 859 2482 916 resolvatur.
2515 860 2770 932 Populus
2801 876 2938 933 ergo
2966 877 3100 917 sese
3127 861 3192 914 in
3231 858 3578 931 parietem
3615 854 3822 910 aediﬁca

2142 949 2281 1002 dum
2315 947 2564 1004 Ecclesia
2585 948 2800 1004 Christi
2822 949 2948 1005 ﬁeri
2978 949 3250 1005 laborat.
3281 947 3424 1004 Sed
3451 963 3492 1001 a
3516 944 3822 1018 pseudopr

2143 1036 2353 1106 phetis,
2387 1037 2671 1093 haereticis
2691 1037 2930 1107 scilicet,
2954 1038 3100 1110 quia
3126 1037 3272 1092 luto
3295 1033 3681 1091 visibilium
3703 1050 3822 1089 sara-

2143 1129 2471 1180 mcntorum
2503 1125 2628 1180 sine
2659 1129 3057 1198 temperatura
3087 1123 3469 1180 invisibilis
3503 1122 3728 1196 gratiae
3756 1121 3822 1176 lin

2140 1216 2256 1278 tur,
2290 1229 2534 1267 casurus
2561 1217 2667 1269 est.
2703 1213 2810 1278 Qui
2840 1215 3103 1286 profecto
3135 1213 3400 1286 paries,
3441 1229 3578 1268 non
3618 1227 3751 1267 esse
3778 1229 3822 1284 pa

2143 1299 2255 1354 ries
2275 1299 2504 1369 dicitur,
2520 1306 2578 1356 et
2597 1301 2773 1357 litura
2793 1319 2908 1358 non
2926 1302 3134 1371 litura,
3155 1306 3226 1358 et
3243 1301 3606 1374 prophetae
3621 1317 3739 1356 non
3759 1317 3821 1372 pr

2144 1387 2350 1458 phetae,
2381 1392 2439 1443 et
2467 1389 2766 1444 viviﬁcatae
2797 1389 3006 1445 animae
3039 1408 3164 1446 non
3207 1391 3551 1456 viventes,
3589 1392 3654 1445 et
3683 1394 3820 1443 mort

2141 1479 2321 1532 ﬁcatae
2356 1495 2469 1532 non
2494 1478 2824 1533 morientes.
2852 1478 2959 1534 Ubi
2979 1479 3165 1534 etiam
3190 1477 3482 1534 illorum
3523 1495 3712 1550 paena
3739 1495 3822 1549 pra

2141 1564 2372 1634 dicitur,
2407 1566 2507 1638 qui
2539 1583 2636 1622 cor
2657 1567 2828 1638 justi,
2859 1583 3033 1639 quem
3065 1573 3244 1623 Deus
3279 1583 3430 1623 non
3467 1567 3821 1623 contristavi

2139 1654 2504 1722 contristant,
2538 1659 2595 1710 et
2624 1672 2836 1710 manus
2867 1655 3034 1728 impii
3070 1673 3146 1712 ne
3172 1659 3568 1712 revertatur
3593 1673 3631 1711 a
3651 1655 3747 1712 via
3771 1673 3821 1710 su

2141 1741 2295 1796 mala
2324 1747 2380 1797 et
2408 1742 2560 1797 vivat
2590 1743 2803 1813 (Ezech.
2834 1760 2960 1809 xm,
2991 1745 3112 1812 22);
3139 1743 3565 1800 confortant.
3593 1743 3822 1810 Quodaz

2136 1834 2252 1884 tem
2273 1848 2363 1885 res
2385 1830 2703 1886 visibilium
2717 1837 3270 1900 sacramentorum,
3288 1849 3452 1904 quae
3466 1833 3642 1906 apud
3659 1832 3822 1888 heret

393 1920 699 1974 Ecclesiam
733 1923 888 1973 sunt.
927 1919 1098 1972 Porro
1131 1917 1178 1972 si
1205 1918 1261 1971 in
1293 1916 1550 1972 Ecclesia
1571 1923 1732 1984 sunt,
1759 1918 2024 1974 catholici
2058 1957 2104 2020 Β
2139 1934 2236 1973 cos
2267 1919 2696 1974 Christianismi
2715 1919 3114 1988 inveniuntur,
3140 1937 3284 1977 non
3305 1921 3542 1978 solum
3560 1921 3822 1978 detrimer

388 2013 546 2074 sunt,
571 2012 742 2078 atque
765 2007 1020 2076 accipere
1042 2011 1288 2076 possunt
1307 2006 1586 2077 Spiritum
1607 2011 1898 2074 sanctum,
1923 2007 2028 2060 sie-

387 2097 646 2168 quejam
678 2095 927 2149 haeretici
962 2111 1063 2148 nec
1096 2094 1344 2148 habendi
1381 2111 1480 2148 nec
1513 2095 1738 2149 dicendi
1773 2100 1931 2150 sunt.
1965 2095 2023 2148 Si

387 2189 581 2240 autem
614 2188 771 2238 extra
800 2182 1113 2238 Ecclesiam
1148 2187 1305 2247 sunt,
1337 2188 1490 2236 certe
1517 2189 1616 2237 aut
1646 2183 1896 2238 haeretici
1929 2187 2028 2237 aut

388 2272 600 2344 pagani
633 2276 790 2338 sunt,
815 2277 870 2326 et
901 2271 1301 2340 ideoaccipere
1322 2287 1432 2324 non
1468 2277 1714 2342 possunt
1743 2271 2024 2342 Spiritum

386 2365 675 2423 sanctum,
711 2361 848 2430 quia
877 2363 1036 2413 extra
1068 2357 1383 2412 Ecclesiam
1436 2376 1548 2412 non
1583 2363 1772 2429 potest
1820 2359 2022 2430 accipi,

387 2452 741 2520 protestante
771 2446 1016 2501 Domino
1065 2445 1334 2515 superius
1367 2461 1380 2498 :
1416 2447 1584 2514 cujus
1617 2445 1815 2516 procul
1849 2447 2024 2501 dubio

387 2537 758 2601 sententiam,
800 2551 930 2588 cum
977 2549 1177 2588 omnes
1227 2533 1548 2598 orthodoxi,
1600 2538 1723 2588 tum
1756 2535 2023 2606 egregius

387 2624 632 2696 Prosper
677 2627 910 2677 secutus
960 2621 1040 2676 ait
1080 2639 1093 2676 :
1141 2643 1168 2670 ‹‹
1219 2621 1380 2676 Sicut
1425 2621 1908 2676 considerandum
1939 2627 2027 2676 est

385 2712 524 2784 quid
574 2718 630 2767 et
675 2711 766 2766 cui
815 2727 1044 2774 voveas,
1090 2710 1170 2763 ita
1198 2710 1372 2764 etiam
1417 2709 1902 2764 considerandum
1935 2716 2026 2766 est

385 2801 480 2855 ubi
513 2817 718 2855 voveas
753 2816 764 2854 :
800 2797 937 2870 quia
967 2798 1081 2852 veri
1119 2797 1385 2852 sacriﬁcii
1432 2797 1592 2851 locus
1641 2803 1800 2852 extra
1829 2798 2022 2853 Eccle-

384 2889 530 2944 siam
563 2887 906 2944 catholicam
939 2904 1053 2941 non
1085 2891 1190 2942 est.
1223 2909 1251 2935 »
1284 2887 1446 2950 Quod
1477 2903 1642 2942 versu
1669 2903 1900 2958 quoque
1929 2888 2022 2943 de-

386 2977 614 3032 clarans
644 2976 842 3031 subdit
871 2992 884 3030 :

449 3099 599 3148 Norit
629 3099 717 3161 qui
749 3098 922 3147 reddit
949 3099 1174 3146 Domino
1206 3099 1294 3159 pia
1323 3101 1446 3146 vota
1473 3099 1716 3156 Tonanti,

509 3163 683 3210 Unum
715 3161 907 3208 divinis
937 3161 1168 3208 cultibus
1199 3176 1313 3208 esse
1347 3162 1535 3217 locum,

448 3224 504 3271 In
539 3228 650 3272 toto
684 3225 880 3270 mundo
917 3237 1072 3284 quem
1107 3237 1230 3270 vera
1269 3223 1491 3270 Ecclesia
1525 3221 1738 3284 praebet,

505 3287 572 3334 Et
599 3287 712 3334 sine
742 3299 848 3347 quo
880 3285 1079 3332 nullum
1110 3285 1326 3346 justitiae
1367 3289 1444 3332 est
1473 3287 1734 3333 meritum.

452 3411 513 3466 In
542 3408 758 3480 quibus
775 3407 942 3480 plane
969 3407 1328 3480 praedicatur,
1345 3424 1448 3461 nec
1468 3424 1658 3462 veram
1679 3407 2014 3476 Ecclesiam,

383 3515 484 3553 nec
516 3514 715 3552 verum
765 3495 1137 3561 sacriﬁcium,
1184 3510 1288 3547 nec
1329 3493 1444 3548 veri
1485 3491 1750 3548 sacrificii
1804 3493 2014 3560 locum,

383 3603 484 3642 nec
505 3585 766 3640 divinum
797 3583 1018 3638 cultum
1042 3582 1458 3637 eonvinccntur
1486 3581 1716 3648 habere,
1739 3583 1890 3636 sicut
1912 3599 2016 3637 nec

381 3673 479 3728 alii
513 3671 781 3727 haeretici.
815 3671 960 3735 Quid
985 3687 1119 3741 ergo
1154 3669 1366 3740 pariter
1395 3669 1650 3722 habent?
1682 3669 1870 3724 Solam
1909 3670 2016 3724 fal-

382 3763 613 3816 sitatem
645 3760 986 3830 cultumque
1016 3758 1460 3812 daemoniacum.
1496 3757 1604 3812 Sed
1636 3763 1782 3823 esto,
1807 3759 2018 3813 dicitur

383 3851 536 3923 apud
567 3867 664 3905 eos
697 3847 1070 3912 sacrificium,
1091 3846 1477 3901 sacerdotium
1502 3850 1558 3899 et
1583 3851 1786 3902 caetera
1817 3848 2014 3902 catho-

381 3940 626 3996 licorum
657 3942 1022 3993 sacramenta
1050 3939 1106 3989 et
1137 3933 1406 4006 insignia.
1437 3935 1523 4000 Et,
1559 3951 1590 3988 ο
1621 3951 1796 4004 quam
1831 3935 2017 3991 multa

379 4028 672 4092 dicuntur,
693 4043 818 4097 quae
841 4023 1076 4079 omnino
1103 4021 1180 4078 nil
1207 4039 1405 4077 carum
1429 4039 1618 4076 rerum
1647 4040 1894 4094 quarum
1917 4041 2014 4078 vo-

381 4114 606 4170 cabulis
653 4114 1008 4181 indicantur,
1043 4111 1102 4166 in
1153 4127 1215 4166 se
1263 4111 1474 4166 habere
1517 4112 2014 4182 comprobantur?

382 4204 542 4270 Quod
575 4219 707 4257 cum
739 4199 1266 4272 superiusubertim
1300 4204 1687 4255 monstratum
1721 4201 1814 4269 sit,
1839 4201 2012 4256 etiam

382 4309 449 4348 ex
494 4291 684 4346 verbis
736 4287 1049 4344 Ezechielis
1092 4287 1380 4359 prophetae
1427 4289 1737 4342 monstrari
1782 4289 2011 4360 poterit,

384 4380 481 4436 ubi
512 4379 654 4435 dicit
691 4376 1174 4450 prophetantibus
1205 4377 1275 4432 de
1314 4377 1483 4431 corde
1513 4394 1618 4431 suo
1651 4393 1663 4432 :
1698 4400 1724 4426 ‹‹
1755 4377 1848 4431 Vae
1883 4395 2010 4449 pro-

381 4470 570 4544 phetis
614 4465 1049 4540 insipientibus,
1097 4487 1125 4516 ››
1159 4470 1264 4520 etc.
1299 4482 1466 4538 usque
1507 4488 1534 4514 «
1566 4471 1621 4521 et
1650 4467 1843 4522 scietis
1877 4483 2012 4538 quo-

381 4561 537 4616 niam
563 4575 668 4630 ego
690 4555 970 4613 Dominus
1001 4554 1218 4626 (Ezech.
1244 4571 1369 4620 xm,
1391 4556 1466 4625 3).
1496 4576 1523 4604 ››

969 4663 1200 4719 CAPUT
1232 4662 1426 4718 XXXI.

415 4759 486 4813 De
517 4756 759 4829 propriis
819 4754 1143 4829 dictionibus
1190 4751 1592 4829 iustam-ualidi
1613 4751 1904 4829 Alll'opht’lw
1927 4758 1978 4808 ct

701 4828 842 4881 beati
871 4825 1112 4896 Gregorii
1158 4826 1330 4879 vertis
1371 4825 1691 4893 subjum‘lz’s.

2041 4681 2088 4744 D

451 4935 584 4996 Quae
619 4931 908 5002 prophetae
938 4931 1111 4986 verba
1142 4930 1354 4984 idcirco
1387 4929 1514 4984 istic
1549 4929 1806 4984 seriatim
1858 4929 2010 4984 inse-

354 5020 630 5093 ,ruimus,
665 5019 802 5090 quia
831 5019 1055 5074 etiamsi
1082 5018 1193 5072 alia
1214 5019 1502 5084 deessent,
1537 5017 1656 5072 haec
1673 5018 1798 5073 sola
1817 5020 2014 5073 confu-

384 5107 581 5164 lationi
615 5107 1012 5162 haereticorum
1045 5111 1100 5160 et
1133 5108 1416 5178 praecipue
1459 5107 1880 5176 objectionibus
1924 5108 2011 5162 Si-

381 5195 787 5252 monianorum
814 5198 1168 5250 sufﬁcerent.
1189 5193 1259 5246 Ut
1285 5193 1440 5246 enim
1465 5199 1668 5248 Caetera
1700 5195 2011 5265 praemissae

381 5285 696 5358 prephetiae
728 5283 1258 5356 praetermittamus,
1296 5281 1448 5351 quod
1481 5281 1670 5336 solum
1705 5283 1838 5338 inde
1869 5301 2012 5356 prae-

381 5375 528 5429 senti
562 5391 745 5444 operae
777 5377 864 5427 est
894 5369 1143 5442 pretium
1185 5372 1590 5422 summotenus
1635 5371 2010 5441 attingamus,

377 5463 643 5518 videlicet
669 5461 946 5532 parietem
971 5476 1003 5514 a
1024 5457 1236 5528 populo
1259 5457 1598 5510 aediﬁcatum
1627 5459 1915 5530 prophetae
1946 5460 2014 5514 li-

383 5547 548 5604 niant
576 5551 794 5620 absque
827 5548 1024 5620 paleis.
1055 5545 1352 5616 Siquidem
1387 5543 1596 5600 lateres
1631 5546 1683 5600 in
1719 5547 2014 5604 nonnullis

385 5633 696 5706 provinciis
725 5640 780 5691 et
811 5634 1060 5692 maxime
1104 5631 1354 5688 Orientis
1399 5630 1481 5686 sic
1513 5632 1919 5701 conﬁciuntur,
1951 5640 2016 5692 ut

388 5717 510 5777 luto
530 5719 702 5795 paleae
725 5723 1172 5792 admisceantur,
1197 5720 1413 5794 quibus
1435 5717 1591 5777 lutea
1612 5721 1880 5782 materies
1907 5723 2018 5780 col-

2134 2009 2192 2060 ta
2223 2007 2321 2061 sed
2355 2011 2412 2062 et
2441 2012 2695 2062 stercora
2725 2008 2864 2076 sint,
2899 2025 2968 2064 ex
3006 2009 3216 2064 verbis
3264 2010 3584 2082 Apostoli
3636 2011 3709 2067 ad
3739 2011 3821 2065 Phi

2136 2095 2429 2166 lippenses
2455 2097 2816 2164 ostendatur,
2859 2097 2955 2152 ubi
2991 2098 3319 2154 sacrificia
3368 2103 3442 2154 et
3479 2100 3822 2156 caeremonia.

2136 2201 2259 2254 quae
2291 2185 2442 2255 apud
2468 2184 2765 2240 haereticos
2794 2185 3091 2241 Judaismi
3116 2191 3273 2257 post
3311 2189 3695 2260 passionem
3710 2189 3820 2243 Chri

2137 2273 2208 2325 sti
2260 2273 2739 2342 observabantur,
2789 2274 2995 2343 quanti
3034 2275 3217 2347 prius
3265 2276 3538 2344 fecerit,
3581 2279 3822 2351 quantis

2135 2361 2666 2430 impraesentiarum
2720 2362 2915 2431 faciat,
2963 2363 3295 2434 praedicat,
3336 2365 3576 2422 dicens
3610 2367 3817 2422 :Secun

2135 2449 2275 2502 dum
2317 2449 2609 2519 justitiam
2659 2467 2786 2522 quae
2832 2451 2891 2506 in
2925 2449 3052 2524 lege
3095 2456 3218 2522 est,
3273 2460 3701 2512 conversatus
3729 2473 3822 2510 sua

2134 2536 2258 2591 sine
2290 2537 2544 2608 querela.
2579 2537 2689 2593 Sed
2723 2555 2850 2611 quae
2881 2539 3030 2594 mihi
3062 2540 3339 2598 fuerunt
3379 2542 3592 2612 lucra,
3625 2544 3740 2600 hazc
3765 2561 3822 2599 ar-

2135 2623 2384 2679 bitratus
2406 2642 2537 2680 sum
2568 2631 2803 2698 propter
2821 2627 3126 2683 Christum
3146 2629 3591 2690 detrimenta.
3621 2634 3822 2689 Verum-

2133 2717 2328 2768 tamen
2362 2719 2418 2768 et
2447 2713 2932 2772 existimoomnia
2955 2717 3437 2776 detrimentum
3465 2738 3604 2778 esse
3626 2727 3822 2795 prepter

2133 2800 2484 2856 eminentem
2511 2803 2814 2858 scientiam
2836 2805 2977 2860 Jesu
3007 2805 3245 2862 Christi
3276 2811 3554 2866 Domini
3573 2813 3708 2876 mei,
3727 2828 3820 2884 pre

2129 2893 2218 2943 ter
2259 2906 2430 2960 quem
2477 2892 2676 2946 omnia
2720 2892 3149 2950 detrimentum
3202 2895 3339 2953 feci
3393 2904 3466 2955 et
3508 2900 3817 2956 arbitrere:

2131 2982 2400 3046 stercora,
2427 2979 2796 3036 utChristum
2820 2980 3199 3040 lucrifaciam
3227 2987 3440 3058 (Phil.
3458 3006 3560 3056 nx,
3580 2991 3660 3061 6).
3690 3013 3712 3036 η
3733 2989 3817 3044 Do-

2129 3066 2325 3120 minus
2357 3083 2587 3138 quoque
2621 3085 2723 3140 per
2760 3069 3114 3126 Malachiam
3162 3071 3550 3133 Judaicum
3592 3076 3813 3134 sacerdt-

2129 3153 2273 3208 tium
2306 3157 2622 3226 reprobans
2639 3157 2722 3212 ait
2756 3173 2768 3212 :
2799 3180 2825 3206 ο(
2854 3158 2995 3213 Ecce
3017 3174 3128 3231 ego
3144 3162 3512 3234 projiciam
3539 3167 3704 3222 vobis
3723 3167 3815 3220 bra-

2127 3243 2320 3297 chium
2345 3250 2399 3297 et
2429 3244 2764 3316 dispergam
2797 3263 2972 3318 super
3000 3247 3249 3305 vultum
3289 3258 3599 3312 vestrum
3627 3262 3807 3312 stercus

2131 3329 2568 3386 solemnitatum
2594 3338 2938 3403 vestrarum,
2959 3340 3325 3395 etassumet
3345 3359 3470 3398 vos
3489 3360 3699 3401 secum
3721 3343 3812 3412 (lla-

2127 3418 2252 3472 ΙιισΙι
2289 3462 2299 3473 .
2342 3437 2402 3487 u,
2435 3421 2512 3491 3).
2545 3444 2572 3470 ››
2623 3423 2785 3486 Quod
2831 3422 3520 3501 beatusllyeronymus
3555 3447 3808 3506 exponens

2127 3507 2326 3594 subdit
2356 3525 2368 3563 :
2407 3533 2432 3556 ‹‹
2467 3508 2612 3574 Quia
2643 3511 2712 3564 ad
2747 3511 3086 3568 sacerdotes
3116 3513 3428 3586 loquitur
3463 3537 3478 3574 :
3521 3521 3812 3594 Projiciama

2125 3593 2336 3665 inquit,
2370 3595 2426 3650 in
2452 3597 2627 3652 facies
2653 3603 2873 3654 vestras
2905 3616 3123 3672 eaquae
3149 3607 3501 3666 sanctiora
3533 3593 3749 3683 putatis
3771 3609 3809 3664 in

2127 3683 2252 3755 lege
2269 3689 2325 3738 et
2355 3685 2515 3740 vobis
2545 3702 2579 3740 a
2609 3685 2722 3741 Deo
2754 3703 2857 3758 pro
2887 3687 3180 3745 virtutum
3209 3709 3506 3754 munere
3537 3716 3614 3755 ex
3643 3697 3806 3756 bestii

2126 3772 2468 3861 condonata.
2489 3776 2732 3828 Armum
2747 3775 2926 3844 enim,
2943 3775 3107 3832 idest
3122 3779 3483 3841 brachium
3497 3831 3514 3853 ,
3529 3793 3592 3842 et
3613 3793 3804 3861 pectus-

2125 3859 2343 3928 culum,
2375 3861 2730 3933 etlinguam,
2753 3867 2808 3918 et
2835 3864 3267 3936 ventriculum,
3294 3877 3367 3927 et
3391 3891 3472 3929 ea
3495 3859 3639 3948 quae
3664 3876 3716 3930 in
3739 3876 3802 3930 te

2125 3948 2294 4005 vitice
2325 3949 2755 4020 describuntur,
2790 3952 3160 4024 accipiebant
3175 3973 3256 4013 ex
3284 3959 3539 4019 hostiis
3573 3965 3800 4021 sacerde

2124 4042 2231 4092 tes.
2260 4037 2392 4100 Quae
2423 4038 2620 4094 omnia
2635 4056 2739 4111 pro
2761 4041 3018 4112 peccatis
3037 4058 3257 4101 eorum
3273 4064 3351 4104 se
3382 4051 3692 4124 abjicere,
3710 4053 3796 4109 etii

2121 4127 2294 4183 facies
2325 4128 2693 4184 sacerdotum
2739 4129 2970 4186 mittere
3011 4138 3422 4194 contestatur
3460 4159 3478 4197 :
3518 4149 3594 4198 ut
3622 4143 3794 4209 scitius

2121 4216 2266 4271 tales
2299 4217 2416 4271 sint
2445 4217 2544 4288 qui
2576 4217 2828 4274 otl‘erunt
2857 4219 2999 4276 talia
3029 4220 3242 4292 qualia
3271 4231 3344 4282 et
3381 4228 3506 4286 illa
3539 4249 3680 4304 quae
3707 4229 3792 4288 otia

2122 4310 2349 4372 runtur,
2374 4306 2441 4360 Et
2468 4311 2732 4362 assumet
2759 4324 2882 4376 vos,
2915 4307 3132 4381 inquit,
3167 4329 3432 4384 secum,
3471 4319 3536 4376 id
3575 4329 3672 4378 est
3695 4327 3790 4382 stu!

2122 4412 2226 4450 cus
2246 4395 2680 4450 solemnitatum
2703 4401 3057 4466 vestrarum,
3091 4404 3159 4454 ut
3192 4383 3488 4465 fetentes
3523 4410 3707 4468 facies

2119 4485 2272 4538 trida
2293 4484 2562 4540 stercoris
2587 4486 2997 4544 commistione
3018 4489 3384 4550 turbentur.
3423 4520 3458 4547 ››
3495 4501 3599 4556 Ad
3634 4484 3785 4569 δεῖρᾴ

2119 4573 2313 4664 verbis
2354 4591 2587 4646 quoque
2647 4575 2817 4664 beati
2848 4575 3136 4648 Gregorii,
3189 4582 3392 4652 cujus
3469 4588 3782 4664 improprii

2121 4661 2406 4717 dictiones
2445 4678 2548 4734 pro
2604 4663 2856 4734 propriis
2916 4664 3268 4725 defensores
3326 4661 3780 4736 Simon—iacere]

2119 4750 2433 4823 accipiunt,
2451 4751 2778 4807 ostenditur
2797 4769 2976 4824 quam
3008 4753 3205 4811 multa
3236 4757 3616 4840 improprie
3645 4771 3776 4825 dim

2125 4846 2237 4931 tur.
2269 4841 2366 4931 Ait
2393 4839 2550 4931 enim
2593 4840 2652 4896 in
2682 4845 2931 4898 tractatu
2982 4844 3302 4917 Evangelii
3359 4852 3775 4931 TheOphanie{

2130 4952 2157 4978 ι(
2188 4928 2396 4985 Omnia
2438 4929 2722 4986 elementa
2750 4935 3051 4988 auctorem
3085 4951 3270 4992 suum
3324 4928 3598 5004 venisse
3631 4947 3772 5004 testa!

2123 5023 2281 5073 sunt.
2317 5017 2388 5072 Ut
2415 5018 2570 5073 enim
2604 5019 2674 5107 de
2705 5019 2789 5075 eis
2819 5020 3107 5092 quiddam
3133 5040 3241 5080 usu
3271 5026 3585 5092 humano
3611 5037 3770 5107 loqui!

2123 5108 2304 5162 Deum
2341 5107 2496 5162 hunc
2545 5106 2673 5161 coali
2711 5125 2840 5164 esse
2885 5121 3330 5183 cognoverunt,
3387 5123 3558 5194 quia
3607 5106 3768 5188 stabas

2124 5195 2391 5287 protinus
2425 5195 2728 5287 miserunt.
2764 5197 2922 5287 Mare
2948 5201 3247 5274 cognovit,
3271 5193 3442 5278 quia
3467 5215 3596 5269 sub
3621 5193 3765 5287 plecti

2121 5283 2341 5376 ejusse
2371 5282 2642 5339 calcabile
2671 5285 2940 5376 praebuit.
2983 5289 3170 5345 Terra
3219 5301 3566 5371 cognovit,
3599 5282 3762 5376 quid

2125 5372 2403 5427 moriente
2434 5373 2804 5428 contremuit.
2839 5373 2936 5430 Sol
2968 5379 3276 5451 cognovit,
3312 5387 3484 5457 quia
3519 5372 3672 5448 lucis
3701 5399 3760 5444 sl

2124 5460 2317 5554 radios
2367 5461 2690 5518 abscondit.
2738 5462 2896 5554 Saxa
2943 5469 3003 5520 et
3053 5468 3330 5540 parietes
3386 5479 3757 5554 cognoverunt

2121 5549 2259 5620 quia
2287 5555 2547 5622 tempore
2581 5551 2788 5608 mortis
2816 5553 2946 5624 ejus
2967 5554 3165 5614 scissa
3197 5567 3384 5621 sunt.
3415 5549 3755 5647 In'fernusalii

2123 5637 2332 5709 gnovit,
2382 5637 2520 5712 quia
2566 5639 2672 5698 hos
2716 5657 2864 5715 quos
2898 5644 3141 5705 tenebat
3183 5658 3496 5718 mortuos
3554 5637 3752 5720 redditi

2125 5729 2190 5783 Et
2232 5730 2428 5786 tamen
2480 5727 2634 5788 hunc
2689 5745 2862 5806 quem
2915 5731 3110 5794 Deum
3161 5743 3396 5805 omnia
3451 5729 3749 5811 insensibli
