3864 6382
185 462 344 529 H93

778 467 1192 529 ADVERSUS
1241 468 1709 530 SIMONIACOS
1752 461 1960 530 LIBRI
2007 468 2227 531 TItES.
2259 504 2330 513 —
2358 466 2594 530 LIBER
2637 469 2995 533 TERTIUS.

181 598 472 656 elementa
502 604 831 666 senserunt,
862 600 1051 655 adhuc
1107 600 1429 655 inﬁdelium
1487 600 1827 659 Judzeorum
1858 602 1913 667 Α
1943 600 2290 669 habent,etsi
2306 619 2420 658 non
2445 604 2516 658 ad
2543 606 2940 669 suam,tamen
2963 602 3036 657 ad
3059 601 3309 657 aliorum
3333 601 3578 661 salutem

181 688 361 745 corda
390 687 572 743 Deum
604 705 732 743 esse
782 688 1022 743 minimc
1070 698 1450 759 cognoscunt,
1483 696 1538 745 et
1598 692 1832 746 duriora

178 779 336 834 saxis
351 777 535 833 scindi
558 778 629 832 ad
649 778 1048 849 pcnnitentiam
1068 779 1368 845 nolunt,eu
1381 796 1554 851 mque
1570 782 1830 836 confiteri

176 868 492 939 abnegant,
526 884 699 938 quem
731 866 1042 933 elementa,
1076 872 1140 923 ut
1196 868 1473 935 diximus,
1514 874 1617 924 aut
1648 869 1831 939 signis

174 962 279 1013 aut
310 956 695 1011 scissionibus
728 956 911 1011 Deum
934 956 1259 1013 clamant.»
1286 958 1484 1029 Itaque
1507 958 1829 1013 Simoniani

173 1062 500 1117 eorumque
527 1045 805 1100 obstinati
828 1046 1163 1100 defensores
1188 1062 1418 1101 necesse
1442 1052 1529 1101 est
1544 1048 1832 1102 fateantur

172 1136 413 1191 beatum
448 1134 789 1205 Gregorium
826 1135 950 1189 istic
1002 1134 1317 1206 improprie
1370 1134 1648 1190 locutum.
1683 1136 1830 1191 Alio-

172 1225 342 1297 quin,
376 1223 424 1279 si
457 1224 767 1278 attendunt
790 1225 1019 1294 proprie
1044 1224 1571 1290 locutum,necesse
1594 1230 1682 1279 est
1703 1242 1828 1297 pro-

176 1316 455 1369 ﬁteantur
484 1329 619 1367 eum
654 1313 833 1367 fuisse
868 1313 1278 1379 Manichmum,
1311 1313 1409 1383 qui
1457 1313 1826 1369 insensibiles

174 1420 413 1469 res,non
448 1400 639 1457 solum
673 1403 932 1457 animam
958 1402 1327 1465 vitalem,sed
1360 1402 1693 1457 sensualem
1723 1403 1826 1457 ha-

172 1495 312 1551 bere
343 1490 653 1547 crediderit
682 1496 739 1545 et
789 1491 1211 1563 prmdicaverit.
1254 1492 1414 1556 Quod
1467 1492 1509 1545 si
1569 1492 1823 1563 proﬁteri

175 1584 411 1651 timent,
444 1596 681 1635 necesse
717 1584 805 1634 est
834 1580 1140 1635 nobiscum
1172 1582 1559 1634 conﬁteantur
1588 1582 1824 1635 tandem

173 1689 283 1729 nec
315 1669 512 1735 ccrlos,
544 1685 648 1724 nec
684 1685 865 1735 mare,
898 1686 1002 1724 nec
1052 1674 1289 1735 terram,
1320 1686 1423 1724 nec
1474 1668 1679 1734 solem,
1722 1686 1826 1724 nec

172 1778 336 1829 saxa,
372 1776 476 1814 nec
522 1758 791 1831 parietes,
827 1775 927 1812 nec
982 1758 1270 1813 infernum
1327 1758 1665 1828 cognovisse
1724 1763 1826 1813 aut

173 1849 463 1906 clamasse
489 1864 660 1902 suum
686 1851 1004 1907 auctorem.
1039 1864 1141 1902 nec
1168 1846 1370 1901 fecisse
1396 1847 1449 1899 in
1475 1846 1823 1917 obsequium

173 1939 302 2009 ejus
336 1935 534 2013 omnia
554 1935 653 1989 illa
674 1953 799 2007 qua:
821 1936 1211 2006 prmdicantur
1236 1937 1440 1990 fecisse
1468 1954 1478 1989 :
1509 1935 1606 1989 sed
1631 1953 1825 2006 repen-

174 2029 297 2082 tina
326 2030 382 2081 et
415 2025 696 2079 inusitata
734 2024 1146 2079 immutatione
1191 2024 1276 2079 vel
1327 2023 1705 2079 concussione
1737 2025 1825 2079 sui

172 2115 472 2187 cognitum
498 2115 568 2169 ab
594 2113 929 2168 hominibus
966 2119 1021 2168 et
1056 2115 1434 2184 prcedicatum
1465 2124 1589 2168 ruta
1639 2119 1829 2184 tropon

176 2204 707 2277 metonymian,per
724 2220 897 2274 quem
930 2203 983 2257 id
1006 2204 1159 2273 quod
1196 2206 1257 2256 ﬁt
1282 2202 1429 2257 solet
1462 2204 1703 2257 indicari
1732 2203 1828 2258 illo

177 2312 291 2368 quo
327 2292 574 2361 fit,velut
608 2293 779 2347 homo
813 2292 1024 2345 dicitur
1055 2292 1327 2363 pulvis,et
1352 2292 1560 2345 cwlum
1586 2296 1827 2346 aer.Iloc

178 2383 728 2451 nihilominuslropo
752 2381 903 2435 Deus
927 2382 1266 2451 cognovisse
1289 2380 1424 2451 quid
1453 2380 1824 2443 dicitur,cum

178 2474 355 2529 efﬁcit
379 2476 441 2527 ut
473 2472 545 2526 ab
576 2470 917 2525 hominibus
954 2471 1007 2524 id
1060 2474 1467 2540 Cognoscatur.
1510 2470 1623 2523 lloc
1656 2470 1826 2540 spiri-

181 2558 399 2617 tualem
432 2557 680 2631 gratiam
704 2558 789 2612 vel
830 2557 1162 2611 columbam
1189 2557 1355 2611 vendi
1376 2558 1581 2611 beatus
1616 2558 1826 2628 Grego-

184 2649 307 2706 rius
338 2647 572 2711 latetur,
596 2664 730 2701 cum
761 2648 929 2700 vendi
968 2652 1224 2717 putatur.
1254 2646 1577 2717 Siquidem,
1614 2650 1675 2700 ut
1704 2646 1826 2717 ipse

178 2737 527 2806 asserit,usu
562 2736 822 2791 humano
852 2735 1262 2799 locutus.sicut
1296 2736 1659 2791 insensibilia
1690 2753 1825 2791 sen-

172 2827 334 2894 tisse,
364 2827 447 2883 sic
480 2830 536 2882 et
568 2825 947 2881 invendibilia
976 2825 1143 2879 vendi
1177 2829 1264 2879 est
1294 2827 1687 2881 concionatus.

738 2932 969 2987 CAPUT
1013 2932 1225 2987 XXXII.

173 3029 253 3083 De
282 3023 597 3080 criminosis
629 3023 908 3075 catholicis
937 3024 1196 3090 promotis
1229 3022 1305 3075 rel
1328 3029 1443 3091 post
1474 3023 1662 3092 lapsis,
1685 3030 1733 3076 et
1764 3021 1828 3076 de

450 3096 781 3157 ministerio,
816 3098 865 3147 et
895 3093 960 3146 de
990 3093 1323 3162 depositimw
1352 3110 1558 3147 corum.

247 3185 446 3256 Itaque
478 3182 568 3237 his
599 3187 655 3237 et
685 3180 817 3235 aliis
841 3181 1291 3252 quampluribus
1315 3182 1677 3251 argumentis
1699 3198 1830 3237 con-

175 3279 290 3332 stat
319 3273 692 3329 Simonianos
724 3271 802 3325 nil
854 3270 1260 3325 ecclesiastica:
1323 3270 1627 3340 dignitatis
1673 3272 1826 3325 obti-

1942 692 2370 761 perﬁciendam.
2436 692 2501 745 Et
2533 692 2702 745 adest
2732 708 2868 762 ergo
2924 691 3009 747 eis
3039 690 3293 763 Spiritus
3347 696 3587 750 sanctus

1943 781 2434 846 ministrantibus,
2469 786 2525 836 et
2572 782 2738 835 abest
2786 780 3377 852 transgredientibus.
3405 780 3588 839 Adest

1940 872 2093 925 enim
2127 870 2455 925 ministerio
2480 870 2635 941 quod
2654 869 2788 923 ﬁdei
2819 885 3021 924 eorum
3044 886 3077 925 a
3097 867 3372 925 ﬁdelibus
3402 869 3588 926 credi-

1941 966 2063 1014 tum
2097 959 2496 1029 recognoscit;
2531 959 2693 1013 abest
2723 958 3016 1029 iniquitati
3036 972 3244 1014 eorum
3266 974 3446 1030 quam
3468 974 3585 1015 non

1941 1049 2255 1119 cognoscit.
2279 1049 2562 1119 Dignatur
2583 1049 2785 1102 adesse
2809 1040 2876 1101 in'
2890 1048 3278 1103 sacramentis
3318 1046 3445 1104 suis
3470 1047 3586 1103 sibi

1941 1138 2416 1209 obsequentihns,
2449 1142 2505 1192 et
2543 1138 2892 1209 dedignatur
2941 1136 3146 1192 adesse
3203 1136 3264 1191 in
3296 1137 3584 1208 pravitate

1940 1245 2169 1283 morum
2203 1228 2311 1282 sibi
2344 1226 2767 1282 resistentibus.
2806 1227 3000 1296 Itaque
3057 1224 3583 1298 quantulacunque

1938 1319 2050 1373 ﬁde
2068 1318 2259 1372 cordis
2281 1332 2481 1371 eorum
2505 1314 2756 1386 Spiritus
2777 1314 3581 1372 sanctusinvitatusministo—

1937 1410 2020 1463 rio
2043 1407 2159 1463 oris
2185 1410 2241 1462 et
2269 1422 2551 1459 manuum
2575 1420 2775 1459 eorum
2791 1403 3216 1459 sanctiﬁcandis
3238 1404 3309 1459 ad
3330 1420 3576 1461 suorum

1939 1498 2189 1554 salutem
2225 1495 2399 1550 rebus
2447 1493 2796 1556 infunditur,
2848 1492 2947 1547 sed
2998 1492 3242 1563 perﬁdia
3286 1492 3575 1549 scelerum

1938 1587 2194 1643 offensus
2218 1584 2287 1639 ad
2312 1581 2860 1638 condemnationem
2884 1579 3580 1653 scelerutorumprovoca-

1938 1675 2165 1739 tur.Qui
2198 1672 2475 1745 quoniam
2500 1670 2751 1727 ministri
2786 1672 2925 1724 sunt
2944 1672 3000 1723 et
3021 1668 3581 1737 scelerati,ministe~

1938 1766 2089 1821 rium
2123 1780 2323 1818 eorum
2358 1760 2623 1831 suscipit,
2647 1758 2865 1814 scelera
2894 1756 3141 1829 despicit
3170 1762 3226 1812 et
3256 1757 3461 1829 punit;
3504 1757 3581 1814 sit

1936 1853 2224 1910 ministris
2254 1866 2509 1923 praesens
2540 1854 2605 1903 ut
2634 1848 2711 1902 sit
2741 1846 3037 1903 sceleratis
3090 1846 3325 1902 absens.
3353 1846 3579 1913 Quibus

1937 1960 2077 1999 sane
2144 1941 2327 2013 aptari
2383 1942 2573 2011 potest
2628 1936 2916 1992 sententia
2973 1934 3077 1991 illa
3111 1935 3404 2007 propheta:
3461 1949 3580 2008 qua

1942 2033 2187 2088 Domino
2218 2030 2356 2085 dicit
2390 2046 2401 2083 :
2431 2052 2456 2076 n
2488 2028 2670 2097 Prope
2702 2042 2763 2080 es
2797 2029 2858 2079 tu
2890 2023 2975 2080 ori
3006 2039 3231 2094 eorum,
3261 2028 3319 2080 et
3345 2024 3519 2097 longe
3546 2041 3581 2080 a

1941 2122 2176 2176 renibus
2209 2134 2409 2174 eorum
2443 2119 2570 2185 (Jer.
2603 2133 2706 2181 xu,
2754 2116 2830 2187 2).
2884 2136 2913 2163 ››
2964 2114 3269 2185 Siquidem
3325 2114 3580 2185 Spiritus

1941 2216 2178 2266 sanctus
2201 2208 2258 2262 in
2283 2206 2556 2261 cordibus
2579 2204 2786 2259 talium
2811 2202 3221 2258 ministrorum
3234 2201 3387 2270 ﬁdei,
3411 2203 3582 2273 cujus

1938 2305 2026 2354 cst
2058 2292 2960 2368 auctor,pccesidens,secundum
2984 2292 3168 2348 Deum
3190 2291 3449 2363 postulat
3478 2307 3582 2364 pro

1940 2389 2161 2443 sanctis
2178 2394 2229 2440 et
2251 2386 2523 2456 impetrat
2544 2382 2831 2453 quidquid
2856 2382 3185 2436 secundum
3206 2381 3390 2437 Deum
3410 2397 3585 2452 expe-

1942 2478 2024 2531 dit
2055 2478 2157 2531 eis.
2192 2476 2353 2539 Quod
2416 2490 2611 2527 revera
2676 2473 3044 2526 metom'mz'cos
3077 2471 3293 2526 dicitur
3347 2485 3518 2542 agere
3568 2485 3583 2525 :

1939 2568 2077 2639 quia
2108 2564 2400 2637 postulare
2424 2564 2558 2618 facit
2586 2567 2642 2616 et
2674 2561 3144 2631 impetrare,cum
3174 2558 3299 2630 ipse
3318 2574 3454 2614 cum
3475 2558 3582 2614 Pa.

1938 2662 2024 2712 tre
2054 2660 2110 2710 et
2140 2653 2283 2709 Filio
2314 2651 2723 2723 postuletur,et
2753 2650 2928 2704 donet
2956 2647 3131 2704 etiam
3164 2662 3266 2718 per
3308 2647 3581 2703 ministe-

1936 2746 2088 2801 rium
2120 2741 2487 2805 criminosis;
2513 2740 2614 2795 sed
2648 2743 2842 2793 tamen
2874 2735 3179 2793 catholicis
3209 2753 3244 2791 a
3270 2734 3576 2792 catholicis

1937 2833 2374 2906 impositum,ut
2402 2828 2735 2884 necessitati
2764 2825 2853 2882 vel
2882 2824 3122 2881 utilitati
3150 2822 3572 2881 catholicorum

1937 2941 2040 2997 pro
2072 2928 2330 2992 tempore
2362 2923 2420 2974 et
2439 2917 2561 2973 loco
2594 2915 2957 2972 consulatur.
2979 2914 3136 2978 Quos
3157 2912 3440 2969 nimirum
3468 2913 3577 2971 mi-

1939 3008 2286 3077 nistros,etsi
2304 3007 2553 3079 plurima
2574 3004 2729 3060 mala
2760 3000 3349 3071 accusant,nonnulla
3379 3005 3579 3059 tamen

1938 3103 2089 3156 bona
2119 3101 2420 3163 excusant,
2464 3096 2608 3150 ﬁdes
2639 3094 2880 3162 scilicet,
2913 3110 3040 3165 qua:
3070 3110 3175 3165 pro
3207 3091 3444 3149 modulo
3475 3107 3580 3149 suo

1936 3190 2060 3262 spei
2094 3193 2149 3245 et
2180 3186 2485 3243 charitatis
2515 3201 2697 3256 capax
2726 3188 2814 3239 est
2839 3201 2852 3251 ;
2885 3188 3009 3238 tum
3038 3182 3355 3238 necessitas
3387 3186 3447 3238 et
3477 3182 3584 3238 uti~

1938 3279 2094 3343 litas,
2155 3275 2379 3331 devotio
2410 3289 2644 3345 quoque
2676 3289 2779 3328 seu
2811 3271 3010 3343 petitio
3054 3269 3343 3336 Ecclesia,
3373 3269 3582 3327 deinde

177 3361 674 3434 nuisse,quamvis
702 3376 905 3415 eorum
940 3350 1275 3414 defensores
1310 3360 1680 3430 impudenter
1702 3376 1825 3430 per-
1856 3343 1898 3412 (ἶ
1937 3366 2191 3439 gratuita
2207 3343 2496 3420 ordinatio
2519 3343 2725 3416 abillis
2748 3360 2846 3431 qui
2867 3359 3261 3431 gratuitoeam
3282 3373 3575 3429 accepere.

178 3452 420 3509 suadere
452 3450 715 3505 laborent
747 3449 1024 3504 honorem
1080 3450 1135 3503 in
1169 3448 1252 3503 eis
1284 3453 1581 3519 acceptum
1618 3447 1826 3518 perdu-

179 3541 445 3606 rare,nisi
482 3540 752 3595 Romana:
784 3545 840 3595 et
872 3538 1205 3611 apostolica:
1238 3538 1392 3593 sedis
1425 3536 1690 3601 antistes,
1724 3541 1827 3592 aut

179 3628 609 3702 metropolitani
640 3645 842 3684 eorum
894 3626 1408 3699 comprovinciales
1438 3625 1692 3697 episcopi
1726 3641 1825 3680 eos

176 3717 533 3793 synodaliter
561 3717 1162 3789 dejiciant.Quomodo
1185 3716 1339 3771 enim
1362 3715 1421 3769 in
1448 3714 1531 3769 eis
1556 3714 1827 3785 perdura-

178 3824 239 3865 re
262 3811 452 3881 potest
472 3807 628 3880 quod
653 3806 993 3861 nullatenus
1024 3811 1325 3877 acceptum
1375 3804 1508 3859 est?
1540 3804 1701 3869 Quod
1732 3819 1825 3859 ve.-

177 3915 242 3956 ro
272 3898 642 3970 subjungunt
697 3896 807 3952 hoc
851 3896 1025 3952 etiam
1078 3896 1149 3951 de
1208 3895 1435 3950 cunctis
1485 3893 1830 3950 criminibus

178 3987 670 4045 considerandum
730 3991 843 4054 est,
901 3990 963 4040 ut
1017 3986 1065 4041 si
1126 3986 1424 4056 presbyter
1476 3981 1829 4038 adulterium

181 4076 381 4134 fecerit
435 4076 780 4148 deponatur,
839 4074 1103 4130 noverint
1190 4072 1298 4127 hoc
1382 4071 1550 4143 longe
1610 4070 1830 4125 haben-

176 4167 318 4223 dum
350 4169 407 4221 et
431 4164 1026 4237 agendum.Denique
1049 4163 1107 4217 in
1131 4166 1361 4217 tantum
1385 4158 1640 4215 haeretici
1668 4158 1832 4213 diffe-

176 4258 315 4312 runt
342 4271 379 4313 a
406 4252 806 4321 catholicis,ut
836 4250 1273 4325 quantumlibet
1334 4249 1683 4305 criminosus
1744 4263 1834 4303 ca-

176 4343 431 4401 tholicus
451 4343 742 4414 acceptior
765 4341 840 4397 sit
860 4342 974 4397 Deo
997 4345 1052 4397 et
1079 4338 1437 4395 tolerabilior
1468 4336 1833 4401 hominibus,

180 4450 358 4508 quam
377 4431 1039 4505 quantumlibetjustus,
1064 4430 1110 4485 si
1128 4429 1241 4484 dici
1268 4432 1481 4500 potest,
1504 4425 1832 4482 haereticus.

180 4523 343 4580 Unde
363 4519 684 4579 catholicus
702 4519 879 4576 etiam
899 4519 1253 4576 criminosus
1282 4516 1569 4590 quidquid
1599 4514 1735 4570 boni
1759 4514 1837 4570 fa-

179 4612 261 4669 cit
284 4611 373 4667 vel
406 4609 602 4679 habet,
635 4608 837 4682 procul
869 4608 1047 4664 dubio
1080 4608 1303 4664 bonum
1335 4610 1425 4662 est
1447 4605 1654 4660 merito
1677 4602 1832 4670 ﬁdei,

1933 3456 2159 3523 Quibus
2192 3453 2240 3508 si
2274 3453 2433 3506 deest
2466 3451 2593 3505 vitae
2613 3447 2948 3503 innocentia
2978 3446 3303 3503 secundum
3334 3444 3575 3503 canoni-

1934 3562 2061 3601 cam
2092 3540 2487 3611 disciplinam,
2519 3538 2686 3593 adest
2716 3541 2913 3591 tamen
2943 3534 3297 3605 obedientia,
3324 3534 3415 3590 vel
3447 3533 3577 3592 sola

1934 3632 2221 3707 promotio
2243 3629 2314 3684 ad
2345 3626 2736 3683 ministerium
2753 3624 3215 3680 ecclesiasticum
3236 3623 3364 3680 sine
3380 3623 3580 3697 aliqua

1933 3721 2241 3778 venalitate
2272 3716 2593 3774 secundum
2623 3715 2820 3771 datam
2851 3714 2924 3769 ab
2956 3714 3081 3785 ipso
3129 3713 3379 3769 Domino
3432 3713 3581 3771 Jesu

1935 3812 2166 3869 Christo
2192 3807 2475 3880 regulam,
2506 3822 2622 3877 qua
2651 3804 2853 3876 utique
2875 3804 3143 3859 ﬁrmatur
3161 3819 3231 3858 ex
3251 3806 3414 3874 parte
3435 3820 3577 3876 una,

1936 3901 2113 3957 etiam
2139 3899 2189 3955 si
2220 3897 2553 3953 inﬁrmatur
2572 3911 2640 3949 ex
2668 3893 2868 3949 altera.
2894 3895 3026 3959 Quae
3051 3890 3353 3948 Dominica
3378 3890 3583 3964 regula

1942 3990 1993 4045 si
2023 3986 2358 4057 abesset,nil
2375 3984 2570 4058 gratiae
2594 3982 3080 4055 quis,quamlibet
3099 3980 3245 4037 alias
3273 3979 3578 4050 innocens,

1940 4080 2078 4134 dare
2106 4080 2163 4133 et
2192 4075 2455 4147 accipere
2474 4071 2905 4146 posset.Liquet
2925 4086 3060 4143 ergo
3089 4070 3200 4126 hac
3228 4068 3353 4127 sola
3381 4068 3588 4143 regula

1943 4168 2121 4223 etiam
2154 4182 2360 4238 pravos
2392 4164 2463 4220 ad
2497 4162 2718 4234 aliquid
2750 4161 3095 4234 dirigi,dum
3118 4161 3170 4217 ei
3191 4158 3585 4217 consentiunt.

1942 4261 2001 4313 et
2034 4254 2276 4311 sineilla
2307 4254 2481 4309 etiam
2504 4270 2619 4308 non
2652 4267 2860 4324 parum
2883 4255 3070 4307 rectos
3092 4247 3417 4323 depravari,
3448 4248 3588 4306 dum

1944 4346 2016 4401 ab
2048 4361 2116 4400 ea
2141 4341 2513 4399 dissentiunt.
2566 4342 2928 4412 QuaprOpter
2986 4339 3045 4395 in
3097 4338 3391 4395 ministris
3415 4336 3591 4394 modo

1943 4451 2061 4507 quo
2092 4433 2313 4490 dictum
2338 4435 2426 4486 est
2455 4428 2757 4503 promotis,
2789 4427 2878 4483 vel
2908 4432 3040 4500 post
3069 4427 3500 4500 promotionem
3528 4424 3590 4482 in

1945 4523 2180 4596 aliquod
2211 4521 2431 4577 crimen
2483 4516 2667 4591 lapsis
2722 4519 2993 4587 acceptus
3041 4514 3229 4571 honor
3286 4514 3587 4586 perdurat,

1947 4612 2209 4688 quandiu
2241 4625 2440 4667 eorum
2472 4606 2671 4679 culpas
2701 4604 2957 4661 Ecclesia
2985 4607 3089 4659 aut
3115 4603 3348 4675 ignorat
3372 4604 3476 4657 aut
3499 4600 3589 4657 di-

181 4700 308 4758 sine
337 4716 455 4774 qua
484 4716 599 4755 non
633 4703 746 4754 est.
764 4698 937 4753 Porro
962 4697 1267 4753 haereticus
1290 4694 1520 4752 etiamsi
1546 4694 1833 4749 habeatur
1863 4717 1909 4782 Ι)
1942 4702 2270 4769 Simulatﬁt
2289 4702 2521 4773 propter
2541 4695 2849 4751 utilitatem
2863 4691 3250 4760 aliorumﬁub
3292 4689 3593 4763 spepmni-

172 4790 401 4862 justus,
427 4787 715 4861 quidquid
758 4786 893 4843 boni
945 4787 1132 4842 facere
1181 4785 1265 4839 vel
1302 4785 1513 4840 habere
1544 4782 1831 4849 videatur,

180 4876 386 4954 procul
419 4877 598 4934 dubio
632 4875 853 4932 malum
888 4881 976 4931 est
1006 4875 1214 4931 merito
1246 4874 1501 4947 perﬁdia:
1534 4888 1674 4935 sum,
1700 4886 1835 4925 cum

183 4985 304 5041 qua
331 4966 617 5039 quidquid
650 4965 785 5021 facit
805 4969 1106 5038 peccatum
1128 4968 1238 5019 est.
1270 4963 1431 5029 Quod
1465 4959 1734 5033 superius
1757 4962 1841 5013 tot

184 5056 539 5113 testimoniis
562 5059 789 5111 constat
811 5058 1224 5116 monstratum,
1249 5056 1314 5107 ut
1335 5052 1428 5105 hic
1462 5067 1573 5105 non
1609 5048 1685 5103 sit
1708 5046 1841 5102 inde

184 5144 411 5202 diutius
437 5145 895 5200 dicendum.Aut
926 5144 1082 5198 enim
1118 5142 1532 5211 ignoratis,aut
1560 5136 1839 5205 dissimu-

182 5235 315 5292 latis
341 5251 445 5291 seu
477 5233 758 5306 neglectis
784 5232 1056 5288 humana:
1114 5230 1446 5301 fragilitatis
1494 5226 1841 5283 criminibus

182 5325 274 5382 vel
306 5323 559 5396 peccatis
579 5338 1003 5394 nonnunquam
1026 5319 1333 5377 sacerdotii
1360 5318 1615 5390 dignitas
1636 5331 1838 5370 conce-

183 5414 347 5479 ditur
374 5412 659 5486 indignis,
693 5428 946 5485 quorum
980 5408 1344 5484 promotione
1375 5413 1475 5463 aut
1508 5402 1841 5461 necessitati

181 5502 272 5560 vel
308 5500 549 5559 utilitati
582 5501 984 5574 proximorum
1015 5498 1076 5555 in
1127 5497 1416 5553 catholica
1447 5512 1550 5568 pro
1581 5499 1842 5565 tempore

183 5588 516 5649 consulitur
543 5590 633 5646 vel
654 5589 939 5647 voluntati
964 5587 1417 5646 obsecundatur.
1439 5584 1685 5649 Quibus,
1704 5581 1846 5654 quia

182 5680 322 5739 ﬁdei
352 5677 649 5737 catholicae
681 5677 1200 5747 sunt,credendum
1224 5675 1480 5746 est,dum
1504 5686 1845 5745 promoven-

181 5773 282 5830 tur
311 5786 348 5828 a
376 5765 701 5838 catholicis,
734 5766 985 5825 conferri
1016 5765 1302 5840 Spiritum
1358 5766 1625 5821 sanctum
1668 5774 1841 5835 quem

514 5913 776 5980 Panos.
825 5910 1083 5979 CXLIII.

1946 4792 2171 4852 tudinis
2203 4789 2411 4846 talium
2442 4787 2666 4843 tolerat.
2724 4784 2949 4840 Talium
2981 4780 3266 4855 depositio
3322 4779 3591 4853 quandiu

1949 4886 2022 4942 ab
2043 4882 2162 4938 illis
2184 4873 2962 4952 quoruminterestqualibet
2981 4870 3284 4928 occasione
3305 4868 3593 4939 differtur,

1952 4972 2213 5029 ofﬁcium
2236 4984 2352 5040 quo
2368 4967 2493 5038 jam
2514 4963 2741 5037 indigni
2755 4966 2892 5018 sunt
2911 4959 3231 5033 adimplere
3252 4959 3600 5033 permittun-

1952 5068 2072 5128 tur,
2098 5064 2405 5128 totumque
2437 5054 2593 5125 quod
2627 5054 2697 5109 ab
2730 5052 2811 5107 eis
2841 5051 3077 5107 interim
3110 5050 3176 5105 ﬁt
3195 5067 3302 5123 pro
3332 5046 3601 5106 ministe-

1953 5152 2038 5205 rio
2070 5149 2232 5222 prius
2266 5144 2375 5199 sibi
2410 5141 2748 5209 commisso,
2779 5141 2865 5196 vel
2888 5144 3091 5213 postea
3120 5140 3430 5212 permisso,
3464 5154 3603 5194 san-

1952 5245 2115 5296 ctum
2171 5237 2438 5291 habetur.
2467 5232 2629 5295 Quod
2656 5231 2925 5303 quamvis
2943 5230 3090 5302 ipsis
3115 5230 3187 5285 ad
3213 5224 3602 5302 pmnam,aliis

1950 5334 2146 5384 tamen
2172 5323 2401 5398 proﬁcit
2420 5322 2493 5378 ad
2515 5319 2890 5376 vitam.Tales
2914 5336 3046 5376 vere
3070 5319 3441 5391 deponuntur
3460 5329 3599 5370 cum

1952 5420 2352 5490 deponuntur,
2376 5412 2515 5484 quia
2535 5411 2643 5467 etsi
2667 5426 2782 5465 non
2806 5408 3031 5474 merito,
3062 5407 3255 5463 ofﬁcio
3284 5410 3475 5461 tamen
3497 5416 3598 5457 ve-

1953 5487 2079 5564 ram
2104 5502 2531 5578 promotionem
2554 5499 2835 5555 habuisse
2855 5494 3325 5554 noscuntur.Nec
3355 5505 3487 5547 cum
3509 5487 3599 5546 eis

1956 5596 2332 5667 deponuntur
2362 5594 2463 5647 aut
2492 5590 2850 5645 damnantur
2879 5586 3165 5658 quotquot
3194 5583 3267 5639 ab
3321 5580 3406 5638 eis
3460 5581 3601 5637 ante

1954 5700 2124 5741 suam
2142 5679 2568 5754 depositionem
2590 5676 2862 5734 canonice
2882 5672 3421 5748 promoventur,aut
3437 5684 3599 5744 qu8~

1956 5788 2070 5850 que
2096 5771 2166 5831 ab
2199 5770 2285 5831 eis
2315 5765 2595 5828 catholica
2624 5763 3129 5824 administrantur.

3199 5887 3281 5960 38

3425 472 3577 533 1194
3686 524 3693 531 .
