3864 6378
375 392 529 451 H95

924 519 1156 575 CAPUT
1196 519 1435 574 XXXIII.

373 612 458 664 De
486 607 946 679 qualibuscunque
969 609 1225 678 promotis
1273 625 1307 662 α
1349 607 1702 674 Simonianis,
1734 615 1784 663 et
1813 609 2000 679 repul-

701 680 852 734 sione
879 680 1188 749 objectz'om’s
1215 679 1676 734 adversariorum.

445 783 555 838 Sed
587 800 699 838 non
731 783 814 838 sic
861 783 1025 854 impii
1071 783 1412 850 Simoniani,
1445 801 1560 840 non
1618 783 1720 850 sic,
1752 801 2002 855 quorum

373 871 656 944 depositio
687 889 802 926 non
829 876 916 927 est
945 871 1125 926 habiti
1148 872 1384 928 honoris
1416 873 1787 944 privatio,sed
1821 873 2005 928 simu-

375 959 504 1014 lata:
527 959 613 1015 vel
644 961 938 1015 mstimatae
960 961 1340 1032 promotionis
1362 961 1604 1016 detectio
1633 961 1719 1016 vel
1751 962 2008 1018 confuta-

376 1049 478 1104 tio.
514 1049 666 1112 Quos
696 1065 827 1104 cum
859 1049 1045 1104 multa
1073 1049 1192 1104 sint
1221 1067 1346 1121 qua:
1379 1049 1841 1120 accusent,nulla
1871 1055 2009 1106 sunt

379 1153 503 1208 qum
534 1141 824 1192 excusent.
861 1142 1058 1208 Neque
1086 1139 1241 1193 enim
1289 1138 1348 1192 in
1393 1155 1616 1205 eorum,
1653 1143 1718 1194 ut
1747 1144 2006 1211 putatur,

379 1225 737 1281 ordinatione
759 1228 1090 1282 necessitati
1113 1231 1212 1280 aut
1241 1226 1474 1281 utilitati
1507 1227 1766 1282 Ecclesiae
1799 1246 2006 1284 consu-

378 1313 536 1384 litur,
573 1332 674 1370 nec
703 1315 990 1370 devotioni
1022 1319 1122 1369 aut
1153 1315 1416 1386 petitioni
1464 1318 1874 1388 acquiescitur,
1908 1319 2006 1374 sed

377 1401 484 1456 soli
515 1403 766 1458 avaritia:
825 1403 1098 1474 utrinque
1147 1405 1496 1474 providetur.
1530 1405 1642 1460 Nec
1693 1407 2011 1461 attenditur

379 1491 522 1546 fides
553 1490 838 1545 catholica
869 1496 970 1546 aut
1001 1491 1260 1547 doctrina
1290 1493 1737 1564 apostolica,sed
1771 1495 2011 1565 perfidia

377 1577 646 1633 haeretica
679 1582 736 1632 et
765 1579 1003 1632 ambitio
1031 1579 1377 1645 Simoniana,
1412 1598 1513 1635 nec
1543 1583 1737 1652 aliqua
1765 1583 1891 1636 vitm
1923 1584 2008 1637 in-

379 1667 664 1732 nocentia,
698 1667 798 1722 sed
830 1667 952 1722 sola
999 1668 1262 1738 pecunia.
1299 1669 1455 1722 Unde
1503 1671 1674 1724 etiam
1709 1673 1863 1742 quod
1897 1688 2009 1726 non

381 1754 495 1809 nisi
527 1755 706 1826 gratis
737 1755 860 1809 dari
893 1760 949 1810 et
995 1756 1173 1828 accipi
1223 1761 1428 1828 potest,
1461 1759 1709 1813 vendere
1739 1763 1794 1814 et
1822 1775 2012 1814 emere

382 1843 746 1898 student.Cui
777 1860 912 1915 ergo
936 1844 992 1898 in
1031 1844 1246 1899 talibus
1267 1847 1730 1902 ordinationibus
1763 1849 2012 1903 consuli-
2043 1883 2089 1946 B

382 1931 613 1996 tur,nisi
643 1933 891 1987 avarities
921 1933 1170 1988 duorum
1192 1934 1417 2005 ?Neque
1447 1936 1600 1990 enim
1634 1937 1792 2008 prior
1812 1955 2012 1993 eorum

382 2019 545 2090 prius
575 2024 674 2075 aut
697 2038 797 2090 pro
820 2026 934 2075 Deo
955 2025 1055 2076 aut
1077 2039 1178 2092 pro
1201 2023 1460 2094 proximo
1484 2041 1723 2079 manum
1745 2026 2014 2081 admovet

383 2111 483 2162 aut
500 2124 563 2164 os
595 2109 797 2178 aperit,
831 2126 1007 2179 quam
1040 2109 1183 2165 alter
1213 2128 1452 2166 manum
1484 2115 1782 2186 marsupio
1812 2117 2012 2170 admo-

380 2196 524 2252 verit
553 2201 652 2252 aut
707 2214 772 2252 os
827 2198 1202 2268 promissioni
1251 2201 1558 2272 aperuerit.
1593 2203 1660 2255 Et
1691 2219 1804 2272 qua
1831 2203 2014 2258 fronte

382 2285 667 2340 astruitur
695 2286 1124 2356 quantumlibet
1162 2288 1358 2357 justos
1410 2289 1676 2345 homines
1715 2292 1798 2346 vel
1832 2293 2014 2362 gratis

382 2389 554 2445 posse
583 2374 842 2444 accipere
871 2373 1091 2444 aliquid
1124 2377 1320 2445 gratia:
1355 2394 1388 2430 a
1419 2378 1652 2443 talibus,
1687 2381 1900 2449 quibus
1934 2381 2012 2434 nil

381 2461 519 2516 ﬁdei
567 2461 924 2527 Christiana),
976 2463 1074 2517 sed
1134 2468 1321 2518 totum
1379 2467 1630 2536 perfidim
1689 2469 2014 2523 dmmonicze

384 2551 758 2621 eooperatum
790 2550 968 2605 fuisse
998 2555 1099 2605 aut
1129 2554 1420 2622 cooperari
1470 2555 1880 2625 dignoscitur?
1907 2559 2012 2620 Qui

383 2638 491 2694 etsi
520 2637 827 2692 videantur
855 2639 1146 2694 interdum
1193 2639 1419 2711 aliquos
1450 2644 1630 2713 gratis
1661 2660 2012 2716 promovere,

383 2730 610 2782 constat
639 2743 735 2782 eos
767 2744 880 2782 non
901 2727 1082 2799 gratis
1105 2727 1162 2782 id
1194 2745 1388 2799 agere;
1416 2733 1514 2786 sed
1538 2737 1637 2788 aut
1669 2733 2014 2804 obsequium

382 2831 606 2883 eorum,
639 2821 740 2872 aut
788 2815 1036 2874 aliorum
1095 2819 1346 2874 favorem
1407 2820 1758 2876 saeculariter
1789 2825 2013 2878 tantum

383 2905 695 2976 requirere.
740 2905 873 2968 Quae
903 2907 1017 2960 duo
1050 2906 1098 2960 si
1130 2907 1320 2978 palam
1353 2908 1588 2975 absunt,
1621 2909 1791 2964 datur
1820 2914 2015 2966 tamen

385 2993 594 3062 conjici
621 3009 721 3047 eos
749 2993 808 3046 in
840 2995 1112 3065 gratuita,
1144 3000 1207 3049 ut
1235 2999 1494 3067 putatur,
1526 3000 1885 3068 promotione
1915 3017 2018 3056 no-

388 3081 598 3136 bilium
629 3085 730 3136 aut
745 3081 1145 3153 religiosarum
1169 3087 1684 3155 personarum,sibi
1709 3087 1883 3144 etiam
1915 3106 2015 3145 au-

389 3170 588 3244 cupari
620 3171 872 3226 favorem
905 3189 1006 3227 seu
1037 3173 1438 3228 auctoritatem
1469 3181 1768 3244 eorum,ut
1789 3179 1914 3248 jam
1947 3180 2017 3234 ab

1454 387 1859 451 HUMBERTI
1905 389 1968 448 S.
2013 388 2085 447 R.
2131 385 2202 447 E.
2249 386 2742 449 CARDINALIS.

2031 519 2086 586 Α
2115 533 2228 590 que
2258 518 2412 590 quod
2440 521 2572 574 ante
2604 517 2839 573 illorum
2859 515 3321 590 depositionem
3359 509 3670 586 promoti
3687 511 3757 564 ab
3771 513 3832 565 ei:

3709 375 3836 442 1196

2113 623 2228 662 non
2262 611 2500 679 pereant
2531 623 2634 678 pro
2665 605 3184 670 eis.Quamobrem
3218 605 3504 660 constat
3543 600 3830 674 praemissa

2113 695 2616 767 argumentatione
2639 694 2721 750 nil
2759 695 3128 752 defensionis
3153 691 3527 767 provisum
3555 689 3828 762 acephali:

2114 799 2217 839 nec
2240 801 2440 840 eorum
2473 783 2630 852 ﬁliis,
2665 783 2804 856 quia
2834 787 3032 857 caput,
3061 783 3126 839 id
3177 785 3286 839 est
3332 779 3648 838 officium
3681 777 3825 834 eccle-

2115 872 2420 928 siasticum
2452 889 2557 928 nec
2606 872 2826 928 habent
2873 889 2981 928 nec
3028 871 3424 928 habuerunt
3482 883 3618 941 quo
3645 867 3824 940 privari

2117 961 2364 1032 possint.
2394 961 2704 1034 Superﬂua
2741 961 2899 1018 enim
2933 960 3025 1017 lex
3053 977 3195 1017 esse
3261 957 3717 1026 convincitur,
3743 974 3824 1029 qm

2115 1049 2247 1122 quis
2280 1049 2494 1121 privari
2523 1065 2589 1104 eo
2622 1049 2776 1120 quod
2810 1066 2926 1105 non
2966 1048 3152 1106 habet
3207 1047 3559 1105 sancitur.
3599 1044 3738 1101 Tale
3763 1059 3822 1100 es:

2115 1137 2271 1194 enim
2304 1155 2369 1193 ac
2400 1137 2448 1192 si
2480 1137 2740 1193 dicatur:
2774 1137 2832 1194 Si
2859 1138 2996 1211 quis
3017 1136 3395 1194 decollatus
3427 1135 3563 1192 hoc
3585 1133 3678 1194 vel
3710 1133 3820 1190 illud

2117 1225 2332 1296 fecerit,
2385 1227 2574 1299 capite
2627 1226 2906 1299 privetur.
2948 1226 3266 1282 Nimirum
3343 1223 3713 1282 decollatus

2117 1313 2311 1369 omnis
2371 1314 2696 1381 baareticus,
2741 1315 2950 1372 haeresi
3011 1332 3124 1372 sua
3189 1331 3229 1370 a
3296 1313 3534 1387 capite
3587 1311 3820 1368 Ecclesia

2117 1401 2344 1456 Christo
2363 1401 2690 1470 abscissus;
2714 1407 2770 1458 et
2792 1407 3086 1474 quotquot
3118 1401 3458 1475 deinceps
3488 1401 3572 1456 ab
3604 1400 3690 1456 eis
3719 1417 3821 1473 pro-

2118 1489 2334 1544 moveri
2359 1490 2821 1546 videntur.Unde
2841 1495 2898 1546 et
2927 1490 3151 1547 mortui
3189 1508 3230 1546 a
3271 1489 3581 1546 mortuis
3604 1505 3821 1544 nascun-

2119 1583 2306 1644 tur,ac
2337 1593 2439 1650 per
2454 1579 2564 1634 hoc
2595 1579 2672 1634 nil
2709 1579 2820 1634 nisi
2841 1579 3244 1636 morticinum
3275 1579 3368 1634 ab
3397 1579 3502 1634 eis
3538 1577 3820 1650 quisquam

2119 1668 2515 1738 consequitur,
2543 1668 2760 1739 quibus
2807 1667 2947 1740 quid
2980 1668 3323 1724 auferatur
3356 1668 3436 1750 in
3470 1684 3595 1725 sua
3624 1667 3822 1739 deposi-

2119 1755 2295 1821 tione,
2325 1759 2835 1827 pratmonstratum
2861 1759 2951 1812 est
2981 1757 3260 1812 abunde.

2688 1863 2916 1918 CAPUT
2961 1863 3218 1918 XXXIV.

2121 1954 2450 2022 Argumenta
2479 1967 2548 2006 ex
2579 1951 2873 2026 mundanis
2919 1951 3132 2026 legibus
3178 1957 3416 2026 contra
3465 1956 3820 2026 promovente:

2557 2023 2641 2077 vel
2666 2025 2938 2094 promotos
2963 2024 3379 2079 Simoniacos.

2198 2113 2394 2180 ltaque
2445 2127 2548 2165 suo
2607 2111 2869 2182 ipsorum
2923 2110 3160 2182 judicio
3222 2117 3509 2168 constat
3563 2111 3818 2166 actionem

2123 2198 2330 2252 horum
2363 2199 2732 2253 defensorum
2767 2199 3426 2272 inﬁrmatam.Neque
3460 2201 3630 2256 enim
3663 2199 3819 2271 agitur

2122 2303 2252 2340 cum
2283 2285 2380 2340 illo
2413 2302 2588 2358 quem
2638 2286 3072 2342 defendendum
3127 2289 3469 2360 suscepit,
3507 2289 3616 2344 sed
3653 2293 3818 2343 contra

2121 2374 2306 2428 illum.
2340 2375 2485 2429 Nam
2517 2375 2656 2429 dum
2690 2374 2955 2430 laborant
2986 2376 3261 2448 probare
3291 2377 3644 2450 acephalos
3675 2382 3816 2446 caput

2123 2463 2233 2517 sibi
2269 2463 2479 2517 habere
2511 2467 2684 2535 atque
2712 2465 3249 2535 gestare,seujure
3288 2466 3648 2523 decollatos
3678 2481 3816 2538 gene-

2124 2567 2250 2606 rare
2281 2568 2470 2622 posse,
2516 2552 2878 2623 superfluam
2929 2555 3581 2626 argumentationem
3629 2572 3696 2610 ex
3721 2570 3816 2608 ace-

2123 2639 2334 2711 phalis,
2367 2639 2521 2710 quod
2553 2644 2728 2711 caput
2758 2644 2994 2712 portent
3039 2645 3100 2696 et
3155 2649 3503 2714 generent
3531 2649 3814 2716 antequam

2123 2727 2899 2800 decollentur,concepere,et
2911 2733 3044 2801 post
3067 2728 3348 2804 longam
3378 2733 3813 2805 parturitionem

2123 2816 2473 2872 abortientes
2495 2817 2565 2872 de
2583 2834 2698 2872 sua:
2741 2817 3074 2888 iniquitatis
3109 2819 3317 2876 vulva
3331 2819 3813 2894 projecerel’nde

2125 2905 2360 2976 explosa
2387 2905 2514 2970 hac,
2548 2909 2613 2960 ut
2641 2920 2773 2961 vere
2802 2905 3028 2976 frivola,
3063 2923 3099 2961 a
3155 2910 3555 2980 conjunctis
3581 2927 3756 2967 causa!
3771 2913 3812 2962 et

2125 2991 2530 3047 consimilibus
2560 2998 2872 3048 sumantur
2901 2999 3500 3071 argumenta.Ager
3519 3005 3616 3056 est
3639 2997 3812 3069 aliquis

2127 3079 2443 3152 qui,judice
2464 3083 3068 3154 corruptoapecuuia,
3091 3083 3316 3141 favore
3330 3085 3526 3144 illius
3560 3093 3619 3144 et
3647 3088 3812 3157 iniqua

2129 3169 2416 3224 sententia
2466 3169 2689 3224 obtinet
2719 3169 2908 3226 aliena
2965 3172 3216 3242 praedia.
3262 3173 3472 3232 Hunc
3537 3178 3591 3233 si
3649 3182 3810 3249 postea

390 3260 475 3316 eis
507 3261 754 3332 promoti
802 3260 920 3315 sint
975 3277 1092 3316 sua:
1149 3263 1529 3332 promotionis
1586 3268 1908 3322 securiores

2281 3275 2320 3313 IS
2343 3259 2524 3328 judex
2552 3259 2841 3314 detectum
2874 3259 3011 3315 inde
3033 3259 3352 3330 ejiciat,et
3378 3265 3588 3337 priori
3611 3242 3807 3322 domino

390 3349 763 3421 promovendi
796 3349 866 3404 ad
899 3350 1207 3404 emendum
1240 3351 1624 3423 promptiores
1669 3353 1898 3426 ipsique
1946 3358 2015 3412 ad

385 3437 753 3493 vendendum
784 3437 1142 3494 audaciores.
1176 3438 1270 3494 Sic
1300 3443 1401 3494 aut
1437 3456 1690 3510 praesens
1721 3443 2014 3511 negotium

385 3525 458 3580 ab
488 3523 606 3580 illis
635 3530 950 3592 exercetur,
982 3530 1085 3582 aut
1113 3543 1180 3582 ex
1209 3527 1478 3598 praesenti
1501 3529 1856 3599 praeteritum
1887 3548 2016 3588 con-

384 3613 672 3678 ﬁrmatur,
703 3617 802 3668 aut
855 3618 1007 3668 certe
1051 3614 1315 3670 futurum
1362 3615 1655 3671 invitatur.
1701 3620 1742 3672 A
1799 3619 2014 3690 quibus

383 3701 656 3757 omnibus
687 3718 994 3758 munerum
1027 3703 1328 3774 speciebus
1357 3704 1490 3758 licet
1513 3705 1865 3762 excutiendae
1895 3709 2013 3764 sint

380 3805 592 3846 manus
623 3791 1182 3860 ecclesiasticorum;
1213 3796 1411 3848 tamen
1441 3797 1574 3848 ante
1621 3795 1818 3850 omnia
1848 3813 1882 3851 a
1910 3813 2009 3868 pe-

377 3879 704 3951 cunia,quae
736 3879 1082 3936 nominatim
1109 3880 1182 3934 ab
1207 3880 1467 3952 apostolo
1493 3885 1660 3937 Petro
1683 3884 2006 3955 reprobata,

375 3970 433 4022 et
458 3967 587 4038 ipso
615 3968 847 4022 Simone
879 3969 1043 4039 Mago
1091 3969 1200 4023 fuit
1248 3970 1542 4025 damnata.
1575 3970 1854 4028 Praeterea
1892 3991 2006 4030 non

374 4059 613 4127 putatur
638 4056 958 4110 absurdum
991 4057 1120 4110 istic
1151 4074 1378 4128 quoque
1434 4059 1726 4115 obviatum
1772 4061 1855 4116 ire
1908 4061 2005 4118 alii

373 4142 863 4214 argumentationi
891 4145 1379 4216 vaniloquiorum.
1410 4147 1588 4201 Aiunt
1614 4149 1769 4204 enim
1797 4165 1812 4204 :

444 4230 731 4286 OBJECTIO.
758 4232 871 4286 Lex
900 4231 1316 4304 imperatorum
1347 4235 1534 4290 sancit
1564 4240 1630 4290 ut
1659 4237 1707 4292 si
1741 4238 1874 4310 quis
1895 4239 2002 4296 hoc

369 4317 459 4376 vel
516 4319 659 4374 illud
717 4319 936 4385 fecerit,
963 4321 1148 4393 capite
1203 4323 1504 4394 plectatur.
1559 4325 1755 4382 Evenit
1806 4332 1996 4384 autem

371 4413 438 4464 ut
469 4408 679 4481 aliquis
696 4409 988 4465 srecularis
1011 4411 1228 4466 crimen
1249 4411 1394 4466 illud
1407 4413 1863 4487 committat,pro
1885 4433 2000 4488 quo

369 4497 493 4572 lege
527 4499 663 4554 data
691 4499 877 4570 capite
908 4499 1078 4570 plecti
1135 4502 1360 4568 debeat.
1395 4502 1554 4566 Quod
1613 4503 1795 4558 donec
1816 4506 1998 4574 judex

2124 3346 2212 3400 vel
2243 3348 2371 3417 ejus
2399 3347 2883 3416 hmredibus,sua,
2918 3352 2985 3402 ut
3005 3349 3261 3419 justum
3300 3356 3809 3422 est,cedant,nun-

2125 3435 2261 3506 quid
2296 3440 2500 3503 sortes,
2552 3434 2848 3506 aliquibus
2893 3437 3146 3492 donatas
3212 3444 3336 3495 aut
3387 3445 3702 3510 venditas,
3735 3457 3811 3497 seu

2123 3522 2326 3578 titulos
2356 3523 2443 3578 vel
2477 3523 2804 3578 ministeria
2850 3529 2908 3580 et
2959 3525 3102 3596 jura
3147 3527 3228 3582 ab
3271 3528 3595 3588 invasore
3625 3531 3810 3588 ibidem

2121 3612 2379 3684 prmstita
2397 3611 2696 3684 legitimus
2723 3629 3030 3684 possessor
3043 3623 3634 3686 conservat,etnon
3650 3621 3814 3694 potius

2119 3700 2229 3756 sibi
2243 3701 2484 3772 suisque
2497 3700 2808 3756 consulens
2827 3717 2896 3756 ea
2913 3701 3050 3758 inde
3081 3707 3494 3764 exterminat
3510 3709 3545 3764 ?
3565 3709 3812 3781 Alioquin

2119 3790 2166 3845 si
2207 3789 2325 3844 haec
2354 3789 2426 3844 ob
2459 3790 2840 3844 reverentiam
2879 3789 2968 3845 vel
3013 3791 3286 3863 gratiam
3323 3794 3657 3855 invaseris
3695 3814 3813 3870 pra-

2115 3877 2576 3949 termittit,quasi
2604 3877 2872 3947 illejuste
2896 3879 3120 3934 ibidem
3145 3879 3408 3953 aliquid
3436 3886 3812 3960 disposuerit.

2116 3983 2223 4021 sua
2247 3966 2589 4037 ignaviajus
2612 3983 2782 4021 suum
2807 3967 2920 4022 sibi
2941 3967 3215 4024 infirmat
3248 3975 3314 4026 et
3365 3973 3638 4042 alienat,
3664 3980 3813 4048 atque

2115 4054 2439 4110 adversario
2469 4071 2576 4109 suo
2608 4055 2920 4110 confirmat
2967 4059 3025 4110 et
3063 4063 3342 4114 revocat.
3387 4061 3531 4119 Hoc
3567 4081 3713 4120 sane
3741 4081 3814 4117 ar-

2111 4147 2388 4215 gumento
2419 4143 2653 4214 injuste:
2685 4142 3452 4220 acquisitionisjustaaque
3478 4153 3812 4209 amissionis

2112 4245 2212 4285 seu
2228 4231 2399 4300 justas
2423 4231 2882 4303 recuperationis
2905 4234 3098 4302 potest
3134 4232 3354 4290 doceri
3378 4239 3550 4310 quid
3585 4258 3624 4296 a
3652 4241 3811 4295 Simo-

2110 4318 2300 4374 nianis
2327 4319 2632 4386 vendatur,
2657 4318 2796 4390 quid
2827 4324 3081 4385 ematur,
3115 4321 3268 4392 quid
3305 4326 3532 4396 gratis
3565 4328 3697 4385 sive
3721 4343 3811 4384 non

2108 4407 2290 4478 gratis
2320 4407 2391 4462 ab
2426 4405 2544 4462 illis
2579 4406 2870 4478 promotis
2901 4407 3270 4478 conferatur,
3314 4413 3518 4483 quid-
3547 4417 3616 4473 in
3649 4417 3813 4473 aliena

2108 4495 2474 4567 possessione
2500 4494 2590 4551 vel
2620 4494 2732 4550 sibi
2763 4494 2852 4552 vel
2883 4495 3015 4552 aliis
3037 4495 3317 4568 pretioue
3352 4501 3746 4578 disponatur
3770 4513 3809 4561 et

365 4588 534 4659 cujus
556 4587 796 4643 interest
822 4590 1093 4658 perlicere
1131 4590 1448 4657 differt,aut
1470 4590 1866 4648 misericordia
1896 4599 1998 4650 aut
2029 4605 2072 4668 1)
2105 4588 2329 4655 δὲἂίυτο
2359 4583 2684 4656 Siquidem:
2703 4585 2972 4656 quamvis
3018 4585 3266 4642 im’nqor
3300 4593 3720 4664 proﬁteatur,
3750 4601 3811 4650 at-

363 4677 1005 4750 negligentia,nuuquid
1033 4678 1261 4732 interim
1278 4695 1390 4732 non
1415 4677 1853 4753 vivit‘3Nunquid
1878 4700 1990 4739 non

361 4773 555 4839 caput,
588 4768 738 4840 quod
765 4769 925 4838 juste
956 4768 1123 4843 debet
1152 4768 1434 4836 amittere,
1461 4772 1694 4839 portat?
1723 4773 1989 4843 nunquid

357 4858 670 4923 tandem,si
702 4862 901 4928 postea
929 4840 1193 4928 genuerit
1216 4859 1423 4924 filium,
1445 4857 1596 4912 {ilius
1619 4876 1719 4929 pro
1751 4840 1990 4930 paterno

360 4944 602 4999 crimine
631 4945 934 5016 sanguinis
964 4963 1095 4999 reus
1125 4947 1275 5002 erit?
1304 4948 1426 5002 Non
1479 4946 1666 5018 plane.
1705 4951 1986 5014 Quoniam

355 5031 456 5086 ille
485 5033 582 5102 qui
617 5032 834 5086 crimen
883 5035 1190 5107 commisit,
1224 5036 1386 5092 solus
1442 5036 1712 5108 supplicii
1755 5041 1985 5093 senten-

356 5120 501 5175 tiam
534 5121 863 5177 sustinebit.

425 5209 731 5266 Rnpunsw.
753 5212 884 5276 Qua:
903 5229 1038 5268 sane
1057 5213 1478 5285 argumentatio
1498 5230 1598 5284 pro
1617 5218 1782 5274 nobis
1799 5221 1984 5275 facere

352 5299 905 5370 comprobatur,non
939 5305 1136 5355 contra
1163 5319 1266 5356 nos
1293 5317 1394 5372 pro
1417 5303 1673 5372 cephalis
1695 5307 1979 5373 videlicet.

350 5386 460 5442 hoc
492 5391 582 5442 est
611 5387 899 5459 capitatis,
931 5405 1045 5442 non
1096 5393 1290 5442 autem
1342 5405 1445 5458 pro
1497 5392 1804 5462 acephalis.
1839 5397 1982 5462 Quia

347 5489 483 5528 vero
513 5476 693 5545 gratis
725 5495 756 5530 a
787 5475 1084 5530 catholicis
1113 5475 1380 5544 promoti,
1401 5475 1534 5531 licet
1562 5482 1693 5534 ante
1724 5488 1822 5536 aut
1851 5489 1981 5554 post

351 5561 774 5629 promotionem
808 5579 975 5617 suam
1005 5563 1372 5617 inveniantur
1391 5564 1820 5634 criminosi,non
1854 5573 1980 5629 sine

355 5643 541 5714 capite
561 5644 697 5716 sint,
727 5649 900 5720 paulo
931 5651 1199 5725 superius
1228 5652 1552 5710 ostenditur
1579 5654 1740 5725 satis,
1773 5658 1977 5719 simul-

2100 4674 2350 4726 testante
2379 4670 2491 4726 sibi
2519 4670 2722 4742 iniquo
2758 4670 2981 4742 judice,
3017 4689 3080 4727 se
3120 4673 3467 4742 justitiam
3524 4699 3710 4738 suam
3737 4697 3804 4736 ac-

2099 4758 2340 4828 cepisse,
2373 4757 2666 4827 habuisse,
2700 4763 2757 4814 et
2783 4758 2920 4816 aliis
2970 4762 3230 4820 donasse
3271 4772 3394 4824 aut
3445 4773 3806 4828 vendidisse.

2098 4846 2182 4900 vel
2215 4851 2414 4918 postea
2443 4847 2554 4902 sibi
2585 4846 2840 4903 ablatam
2871 4848 3133 4921 injuste;
3166 4857 3392 4911 tamen
3433 4865 3697 4917 constat
3727 4874 3804 4914 ne:

2097 4942 2250 5001 eum,
2287 4953 2388 4992 nec
2419 4936 2712 5008 quoslibet
2741 4953 2845 5008 per
2859 4955 2996 4995 eum
3027 4941 3374 5014 aliquando
3399 4946 3660 5022 aliquid
3689 4965 3803 5022 prs-

2094 5028 2181 5079 ter
2210 5023 2394 5080 solam
2425 5025 2778 5096 injustitiam
2809 5030 2865 5082 et
2911 5028 3355 5088 detrimentum
3382 5052 3595 5093 suum
3637 5040 3692 5093 in
3725 5039 3802 5090 bu-

2085 5114 2346 5184 jusmodi
2379 5114 2576 5170 fundis
2591 5115 2936 5187 acquisisse.
2969 5121 3015 5174 A
3071 5120 3303 5192 quibus
3339 5122 3516 5182 dum
3542 5126 3798 5200 poenale

2089 5219 2226 5276 gum
2260 5207 2318 5258 et
2337 5202 2718 5276 multiplicata
2738 5207 3108 5264 restitutione
3140 5220 3700 5288 prmsumptarum
3737 5229 3798 5269 re-

2091 5310 2219 5348 rum
2248 5293 2498 5361 multati,
2527 5294 2744 5366 pariter
2788 5301 2909 5350 tam
2961 5296 3220 5354 factores
3271 5316 3491 5373 quam
3559 5307 3796 5362 fautores

2086 5383 2792 5476 ejiciiintur,non_justitia
2823 5400 3002 5456 quam
3053 5386 3304 5476 nullam
3341 5392 3410 5448 in
3461 5395 3562 5452 eis
3599 5395 3818 5476 habue-l

2085 5472 2348 5536 runt,sed
2377 5471 2499 5528 sola
2536 5471 2831 5542 injustitia
2879 5489 3064 5544 quam
3117 5475 3576 5552 incurrerunt,
3613 5484 3790 5556 priva

2087 5559 2664 5633 tur.Deniquejudex
2710 5561 2955 5620 crimine
2985 5564 3250 5638 perjurii
3300 5575 3370 5626 et
3407 5571 3714 5632 falsitatis
3750 5581 3794 5642 με

2083 5647 2477 5716 pmnitentiam
2529 5649 2835 5713 exuendus
2919 5649 3213 5728 dejioitur
3293 5659 3646 5727 invasere:
3701 5674 3794 5719 ver
