3898 6446
160 483 267 546 253

1392 493 1804 555 EXPOSITIO
1849 492 1987 555 PSA
1999 492 2103 554 LM
2113 492 2361 555 ORUM.

3453 500 3580 561 254

166 621 343 678 stram
372 617 516 679 data
545 625 642 679 est
674 624 868 699 gratia
898 625 1223 685 secundum
1270 643 1609 685 mensuram
1640 627 1818 685 dona-
1848 625 1905 695 Α
1930 625 2003 682 25
2078 626 2141 695 Ut
2172 625 2479 699 intingatur
2501 633 2597 700 pes
2628 633 2753 685 tuus
2782 627 2843 683 in
2869 629 3136 701 sanguine
3164 646 3184 685 :

166 709 337 767 tionis
366 710 586 768 Christi
621 713 840 786 (Ephes.
874 717 973 784 ιν).

164 801 233 855 20
304 801 524 857 Etenim
552 819 667 859 non
699 804 979 860 credentes
1010 824 1024 861 :

303 890 631 947 Inhabitare
656 892 953 949 Dominum
980 895 1170 950 Deum.

226 981 268 1032 C
296 978 531 1035 Etenim
563 995 680 1036 non
705 981 1031 1048 credentes,
1060 980 1154 1037 hic
1188 982 1655 1039 subaudiendum
1688 986 1777 1039 est
1811 999 1823 1037 :

154 1084 255 1124 eos
289 1067 599 1136 convertit,
629 1085 767 1124 nam
802 1069 903 1141 qui
937 1086 1053 1125 non
1105 1071 1351 1127 credunt
1389 1070 1736 1136 inhabitare,
1770 1072 1825 1127 id

153 1158 245 1211 est
278 1154 387 1227 qui
417 1156 490 1210 ad
528 1155 756 1212 Domini
790 1157 1114 1229 penetralia
1161 1158 1465 1231 negligant
1508 1159 1827 1243 pervenire,

154 1247 221 1299 ut
250 1242 317 1298 in
348 1244 527 1299 domo
556 1244 688 1316 ejus
718 1260 854 1299 cum
878 1244 1152 1302 fidelibus
1172 1245 1436 1302 habitare
1461 1242 1828 1320 praevaleant,

154 1329 455 1387 Dominus
486 1348 587 1387 eos
616 1332 1031 1408 convertit,qui
1054 1334 1225 1390 fidem
1246 1352 1415 1393 suam
1447 1336 1705 1393 humano
1733 1356 1827 1411 ge-

153 1419 281 1475 neri
317 1418 642 1477 miseratus
670 1419 957 1494 indulget,
988 1421 1115 1495 ipsa
1147 1426 1237 1479 est
1272 1423 1431 1479 enim
1463 1424 1651 1497 gratia
1698 1443 1828 1498 quas

151 1506 343 1581 gratis
377 1508 578 1563 datur.

148 1597 211 1651 2t
295 1596 625 1653 Benedictus
657 1598 928 1655 Dominus
955 1598 1047 1655 die
1071 1600 1314 1672 quotidie
1343 1619 1357 1657 ;

291 1685 634 1757 Prosperum
660 1684 768 1743 iter
790 1688 957 1758 faciet
987 1687 1142 1744 nobis
1168 1693 1315 1745 Deus
1351 1690 1681 1748 salutarium
1710 1708 1829 1750 nos-

368 1780 636 1831 strorum.
662 1775 1011 1848 Diapsalma.

218 1864 263 1917 C
293 1861 654 1919 Benedictus
684 1863 994 1933 Dominus,
1027 1864 1084 1920 id
1115 1869 1205 1921 est
1231 1866 1459 1924 cunctis
1474 1867 1827 1939 diebus,om-

153 1949 336 2023 nique
359 1955 628 2024 tempore
656 1952 1097 2010 benedicendus
1144 1959 1253 2011 est.
1289 1956 1400 2011 Iter
1446 1958 1663 2030 quippe
1695 1976 1823 2015 cur-

153 2055 287 2095 sum
315 2037 454 2094 vita
485 2038 804 2112 significat,
840 2040 940 2113 qui
984 2042 1112 2113 jam
1151 2058 1395 2115 prosper
1442 2046 1681 2102 eﬂ‘eclus
1712 2051 1821 2115 est,

156 2126 446 2199 quoniam
480 2127 933 2201 Redemptorem
979 2147 1155 2187 suum
1202 2134 1460 2189 mundus
1491 2135 1741 2206 agnovit.
1776 2137 1823 2192 H

153 2216 462 2272 Benedicit
504 2215 861 2273 salutarium
905 2217 1226 2290 pluraliter,
1251 2237 1286 2276 a
1350 2238 1464 2293 quo
1495 2226 1579 2278 tot
1606 2223 1827 2281 salutes

153 2303 479 2374 habemus,
514 2308 662 2377 quot
690 2309 931 2378 peccata
952 2308 1383 2381 commisimus,
1410 2310 1482 2366 ab
1515 2310 1638 2383 ipso
1668 2313 1825 2368 enim

158 2392 758 2450 salvamur.Securus
785 2398 912 2451 esto
943 2397 1353 2467 peccator,noli
1385 2399 1653 2456 dubitare
1670 2402 1824 2472 quod

160 2481 430 2553 quotidie
461 2481 659 2554 possis
691 2487 874 2538 Deum
897 2483 1825 2561 benedicereeperibus,quoniam

161 2586 522 2643 prosperum
572 2570 686 2627 iter
729 2574 899 2627 tuum
930 2568 1103 2628 faciet
1147 2578 1295 2631 Deus
1326 2574 1696 2645 salutarium,
1727 2580 1827 2652 qui

163 2658 321 2714 enim
358 2658 631 2729 quotidie
661 2659 913 2731 prolicit,
938 2665 1126 2732 potest
1155 2662 1412 2734 quotidie
1446 2668 1624 2721 Deum
1653 2666 1826 2723 bene-

152 2746 373 2802 dicere.
409 2746 507 2802 Nil
534 2760 678 2801 vero
725 2748 983 2819 prodest,
1017 2748 1141 2804 heri
1193 2750 1557 2810 benedixisse
1597 2758 1776 2811 Deum
1811 2773 1824 2812 :

144 2839 202 2890 et
234 2834 423 2891 hodie
454 2850 599 2891 non.

143 2927 215 2980 22
303 2926 453 2980 Deus
481 2931 668 2980 noster
693 2925 874 2980 salvos
899 2926 1218 2996 eufaciendi
1257 2934 1273 2995 ζ
1318 2946 1331 2984 :

296 3011 371 3068 Bt
400 3013 631 3068 Domini
652 3012 728 3085 3!
752 3014 983 3070 Domini
1022 3021 1037 3083 ξ
1078 3017 1255 3071 exitus
1282 3019 1492 3073 mortis.

225 3099 273 3155 C
303 3100 471 3156 Deus
504 3105 728 3169 noster,
768 3101 1217 3175 subaudiamus,
1249 3104 1344 3160 hic
1373 3102 1553 3163 habet
1577 3111 1829 3179 potesta-

147 3192 270 3245 tem
296 3187 503 3245 salvos
535 3188 789 3245 faciendi
822 3205 951 3247 nos.
984 3190 1186 3249 Exitus
1215 3191 1547 3262 mortis,est
1576 3196 1828 3266 Domini,

147 3276 262 3333 hoc
295 3281 393 3333 est
424 3277 783 3334 resurrectio
810 3278 1003 3335 votiva
1036 3279 1319 3337 ﬁdelium.
1368 3281 1585 3339 Revera
1639 3286 1827 3343 exitus

2076 716 2288 785 Lingua
2317 732 2515 772 canum
2542 725 2761 772 tuorum
2788 733 2860 773 ex
2882 719 3128 774 inimicis
3166 719 3235 774 ab
3260 720 3397 793 ipse.

2004 803 2047 860 C
2074 802 2445 876 Intinguatur
2458 820 2562 875 pes
2586 804 2806 870 tuus,id
2836 808 2924 861 est
2940 806 3087 862 actio
3109 807 3244 863 boni
3270 811 3573 883 propositi,

1936 906 2123 962 usque
2161 892 2235 946 ad
2289 892 2633 965 sanguinem
2666 892 2901 965 gloriosi
2949 895 3210 968 martyrii
3259 899 3572 968 perveniat.

1936 979 2034 1034 Isti
2066 977 2220 1034 enim
2252 994 2421 1035 canes
2446 995 2548 1052 pro
2599 980 2834 1037 domino
2881 981 3094 1039 latrare
3130 1000 3242 1039 non
3279 986 3573 1054 desinunt,

1935 1068 2037 1140 qui
2070 1084 2242 1123 canes
2264 1067 2538 1124 dicuntur
2565 1085 2631 1125 ex
2664 1069 2915 1127 inimicis
2948 1087 2963 1127 :
2994 1071 3131 1144 quia
3160 1074 3324 1145 prius
3352 1075 3577 1131 inimici

1939 1155 2294 1228 fuerunt,qui
2325 1161 2524 1228 postea
2553 1157 2892 1215 clamorosis
2922 1159 3228 1218 latratibus
3257 1162 3574 1220 Ecclesiam

1936 1243 2036 1301 Dei
2067 1244 2469 1301 defendebant.
2496 1246 2580 1301 Ab
2613 1246 2757 1319 ipso,
2793 1247 2991 1320 utique
3025 1253 3156 1318 Deo,
3179 1250 3277 1323 qui
3309 1267 3575 1309 amarum

1933 1332 2106 1388 vertit
2135 1333 2195 1388 in
2224 1332 2616 1403 dulcedinem,
2648 1335 2722 1391 ab
2751 1336 2880 1409 ipso
2912 1341 2972 1393 et
2998 1338 3162 1395 nullo
3192 1339 3328 1409 alio,
3378 1339 3585 1415 lingua

1932 1420 2035 1477 illa
2059 1438 2271 1486 canum
2299 1430 2368 1479 ex
2400 1422 2653 1481 inimicis
2684 1440 2697 1480 :
2732 1424 2882 1481 facta
2905 1432 2997 1483 est
3016 1426 3292 1485 salubris.

1932 1511 2005 1566 26
2079 1510 2338 1567 Viderunt
2367 1513 2644 1583 ingressus
2662 1520 2780 1569 tuos
2807 1516 2949 1570 Deus
2979 1533 3000 1571 :

2076 1599 2354 1671 Ingressus
2406 1603 2510 1658 Dei
2564 1602 2693 1658 mei.
2748 1603 2903 1675 Regis
2955 1604 3284 1677 mei,+qui
3310 1614 3387 1663 est
3445 1615 3459 1675 ζ
3519 1610 3580 1664 in

2145 1695 2348 1744 sancto.

2006 1776 2049 1832 C
2076 1775 2363 1832 Viderunt
2384 1776 2687 1850 ingressus
2712 1782 2845 1837 tuos
2867 1780 2988 1838 sive
3007 1782 3299 1854 assumpti
3318 1785 3578 1856 corporis

1936 1864 2183 1923 formam
2217 1881 2230 1920 :
2264 1866 2386 1921 sive
2414 1865 2656 1940 vestigia
2671 1868 3118 1939 praedicationis,
3142 1869 3358 1941 quibus
3389 1870 3449 1927 in
3469 1872 3578 1929 hoc

1936 1953 2155 2010 mundo
2185 1953 2407 2010 sanctis
2434 1955 2735 2026 gressibus
2764 1955 3102 2014 ambulavit.
3122 1956 3221 2015 Dei
3241 1958 3357 2014 mei
3400 1959 3574 2031 regis,

1934 2040 2075 2112 quia
2121 2041 2244 2113 ipse
2270 2046 2362 2098 est
2409 2059 2526 2110 rex,
2576 2043 2675 2116 qui
2720 2045 2780 2100 in
2811 2044 2983 2101 titulo
3011 2045 3428 2118 scriptusest:
3461 2048 3587 2105 Rex

1931 2125 2289 2186 Judaeorum.
2326 2130 2473 2186 Dicit
2501 2147 2635 2187 vero
2666 2133 2927 2188 secundo
2943 2131 3266 2206 ingressus,
3281 2135 3419 2208 quia
3451 2135 3579 2208 ipse

1934 2217 1992 2271 in
2026 2217 2135 2273 hoc
2165 2218 2385 2273 mundo
2416 2218 2745 2291 specialiter
2772 2224 2861 2275 est
2888 2219 3209 2293 ingressus.
3244 2222 3289 2277 Η
3338 2223 3443 2279 Vel
3486 2223 3576 2280 in-

1934 2322 2172 2379 gressus
2204 2306 2263 2362 in
2312 2306 2523 2362 cmlum
2552 2308 2823 2364 viderunt
2873 2307 2933 2363 in
2981 2313 3200 2377 sancto,
3242 2309 3465 2367 scilicet
3513 2312 3589 2368 in,

1935 2393 2257 2459 homine,id
2288 2398 2377 2449 est
2397 2394 2621 2451 Christo
2653 2400 2854 2452 sancto
2886 2395 3155 2453 viderunt
3183 2413 3491 2455 ascensum
3514 2399 3574 2455 in

1936 2482 2167 2538 caelum.

1932 2573 2002 2625 27
2076 2576 2467 2628 Prwvenerunt
2491 2573 2767 2644 principes
2794 2563 3072 2644 conjuncti
3089 2575 3451 2645 psallentibus
3483 2595 3499 2631 :

2077 2662 2139 2715 In
2179 2660 2354 2716 medio
2384 2660 2809 2730 juvencularum
2854 2664 3385 2734 tympanistriarum.
3441 2666 3573 2723 Dia-

2143 2750 2375 2820 psalmo.

2004 2834 2047 2890 C
2076 2836 2481 2893 Prevenerunt
2508 2836 2820 2911 principes,
2856 2837 2912 2893 id
2952 2842 3042 2895 est
3085 2839 3332 2912 apostoli
3371 2857 3574 2899 omnes

1937 2928 2336 2997 praevenerunt
2364 2924 2424 2979 in
2454 2924 2759 2981 sanctitate
2783 2916 3575 3003 doctrinae,conjunctamque

1936 3012 2080 3068 dicit
2107 3011 2224 3068 illis
2253 3029 2381 3069 esse
2412 3013 2846 3070 multitudinem
2893 3015 3288 3087 psallentium,
3323 3017 3422 3090 qui
3443 3019 3572 3090 jam

1935 3101 2140 3158 laudes
2168 3101 2398 3156 Domini
2423 3117 2535 3157 non
2554 3118 2691 3158 voce
2722 3104 3077 3172 tantum,sed
3100 3104 3270 3161 bonis
3299 3106 3573 3180 operibus

1937 3193 2333 3263 personarent.
2382 3190 2557 3246 Addit
2591 3188 3063 3273 juvencularum,
3120 3191 3177 3247 id
3236 3196 3325 3250 est
3382 3194 3575 3266 prima

1937 3283 2101 3335 aetate
2124 3278 2607 3351 ﬂorentium,quze
2630 3282 2906 3351 tympana
2926 3276 3167 3357 sua,hoc
3190 3284 3280 3337 est
3299 3297 3569 3353 corpora:

145 3364 229 3421 illi
258 3363 600 3438 singularis
634 3364 922 3438 fuit,quia
951 3366 1076 3439 ipse
1100 3368 1172 3424 ab
1202 3367 1404 3427 inferis
1425 3386 1695 3443 egressus
1715 3379 1823 3447 est,
1855 3348 1903 3417 C
1937 3369 2009 3425 ad
2041 3366 2271 3423 Domini
2303 3348 3207 3434 laudesverterunt,macerantes
3229 3385 3291 3424 se
3303 3348 3569 3441 jejuniis,

146 3458 197 3509 et
228 3454 377 3511 inde
412 3470 527 3510 nos
556 3454 864 3527 prastabit
890 3455 1068 3512 exire.

140 3544 206 3597 23
289 3543 691 3599 Verumtamen
718 3546 869 3600 Deus
914 3546 1224 3616 confringet
1252 3546 1432 3618 capita
1478 3548 1828 3607 inimicorum

364 3647 656 3688 suorum:

288 3721 574 3775 l'erticem
599 3716 807 3791 capilli
828 3721 1336 3792 perambulantium
1354 3724 1416 3778 in
1443 3722 1658 3781 delictis
1686 3729 1821 3783 suis.

207 3808 251 3864 (Ξ
281 3806 508 3882 Capita
539 3807 942 3877 inimicorum,
976 3812 1116 3865 sunt
1135 3810 1449 3884 Judaei,qui
1480 3812 1669 3885 primo
1700 3831 1826 3888 per-

142 3898 327 3953 secuti
362 3901 520 3953 sunt
544 3895 893 3966 Ecclesium,
925 3897 1015 3953 vel
1042 3894 1236 3970 capita
1278 3899 1653 3959 inimicorum
1685 3910 1824 3961 sunt

143 3984 575 4043 hereticorum
606 3985 897 4054 doctores,
932 3986 1033 4059 qui
1064 3987 1123 4042 in
1149 3987 1277 4060 ipsa
1297 3988 1472 4045 etiam
1497 3991 1565 4053 (si
1599 3992 1713 4048 dici
1735 3993 1822 4049 fas

143 4075 249 4145 est)
309 4074 547 4131 deitate
598 4073 948 4130 desaeviunt.
1006 4074 1217 4132 Vertex
1261 4076 1451 4150 capilli
1486 4096 1499 4135 :
1532 4080 1824 4153 significat

140 4163 445 4219 versutias
498 4162 775 4219 inanium
808 4163 1198 4235 quaestionum
1252 4182 1451 4221 eorum
1504 4169 1607 4240 qui
1656 4169 1823 4227 utilia

143 4250 452 4320 deserunt,
479 4254 543 4306 et
564 4266 684 4306 non
710 4251 1043 4309 necessaria
1070 4252 1399 4309 detestabili
1427 4254 1827 4329 disputatione

142 4341 530 4413 perquirunt,
563 4338 628 4394 in
660 4339 892 4396 delictis
923 4340 1049 4397 suis
1077 4341 1462 4412 perdurantes
1496 4361 1510 4398 :
1541 4348 1607 4400 ut
1635 4345 1825 4402 Mani-

141 4426 277 4483 οδδὶ
307 4432 377 4485 et
429 4426 636 4484 caeteri
695 4426 972 4494 haeretici,
1022 4427 1166 4485 tales
1197 4428 1353 4485 enim
1395 4430 1822 4491 calumniarum

143 4516 432 4574 minutias
463 4521 771 4588 quierunt,
806 4520 873 4572 ut
915 4515 1078 4589 ipsos
1104 4532 1337 4589 quoque
1367 4520 1610 4577 vertices
1642 4521 1823 4593 capil-

142 4602 325 4663 lorum
362 4602 798 4678 perambulare
828 4609 886 4660 et
916 4604 1272 4677 perscrutari
1294 4618 1469 4678 posse
1493 4608 1819 4666 videantur.

140 4694 201 4749 24
269 4694 447 4751 Dixit
476 4693 754 4750 Dominus
780 4708 853 4749 ea:
878 4698 1057 4750 Busan
1087 4701 1399 4750 convertam
1427 4712 1440 4752 :

271 4784 631 4839 Convertam
658 4782 724 4837 in
750 4782 1094 4854 proﬂuuium
1119 4784 1314 4839 maris.

204 4871 243 4927 C
270 4871 447 4928 Dixit
478 4868 801 4937 Dominus,
826 4887 1164 4942 quaaramus
1204 4871 1348 4944 quid
1405 4870 1635 4940 dixerit,
1680 4876 1819 4947 quia

150 4961 331 5019 nescio
369 4975 571 5034 quam
604 4974 892 5033 magnum
938 4964 1031 5019 est
1075 4961 1231 5032 quod
1284 4960 1571 5033 promisit.
1630 4963 1817 5021 Basan

154 5044 580 5124 interpretatur
608 5046 868 5117 siccitas,
901 5064 1029 5121 qua:
1056 5048 1384 5106 humanum
1410 5066 1600 5123 genus
1627 5067 1822 5125 posse-

156 5132 295 5193 derat
316 5136 622 5194 ariditate
654 5135 901 5209 peccati,
937 5137 1039 5195 sed
1070 5152 1199 5194 eam
1229 5137 1516 5195 Dominus
1540 5142 1822 5199 convertit

158 5224 213 5278 Id
237 5226 619 5284 viriditatem
653 5225 1000 5292 suam,dum
1017 5224 1103 5280 illi
1124 5225 1334 5281 ﬂuvios
1353 5224 1562 5284 salutis
1582 5228 1817 5286 infudit.

161 5307 195 5365 ll
217 5312 275 5371 Et
302 5316 457 5373 item
492 5314 799 5371 convertit
818 5312 1068 5386 populos
1090 5312 1159 5369 de
1180 5312 1487 5386 profundis
1513 5314 1669 5374 vitiis
1691 5334 1821 5390 pec-

160 5403 393 5479 catisqne
429 5402 655 5472 maris,
692 5401 755 5458 id
788 5405 882 5457 est
930 5401 1199 5458 szeculiA
1228 5404 1569 5460 Convertam
1618 5405 1817 5479 igitur,

148 5492 345 5551 scilicet
396 5511 501 5551 me
552 5490 649 5551 vel
699 5506 903 5548 meam
935 5489 1393 5549 misericordiam
1429 5508 1443 5548 :
1476 5491 1535 5548 in
1579 5495 1817 5566 profun-

141 5581 260 5641 dum
293 5584 508 5654 maris,
547 5583 612 5641 id
649 5585 750 5640 est
783 5578 986 5637 saeculi
1039 5579 1125 5636 vel
1154 5582 1547 5653 peccatorum,
1582 5586 1646 5637 ut
1674 5581 1816 5638 libe-

145 5690 244 5730 rem
268 5675 485 5734 exinde
517 5671 846 5732 homines.
885 5668 954 5723 Et
1002 5667 1084 5725 ita
1128 5672 1461 5726 convertam
1495 5686 1508 5724 :
1545 5673 1609 5725 ut
1637 5669 1814 5728 intin-

149 5769 292 5833 μίαν
312 5782 439 5840 pes,
477 5770 598 5826 etc.

1851 4712 1899 4778 D

1936 3455 2242 3528 carnisque
2261 3454 2571 3512 afflictione
2584 3455 3230 3528 gaudentes,tensiones
3259 3456 3434 3513 etiam
3453 3474 3573 3513 cor-

1936 3545 2092 3619 poris
2113 3545 2184 3601 ad
2214 3544 2418 3601 laudes
2435 3543 2665 3601 Domini
2696 3544 3287 3618 vertentes,martyrio
3308 3562 3573 3603 consum-

1936 3637 2269 3690 maverunt.‘

1931 3724 2001 3777 28
2073 3724 2133 3778 In
2164 3721 2420 3778 Ecclesiis
2448 3720 2741 3777 benedicitc
2768 3722 2873 3778 Deo
2901 3741 2921 3778 :

2072 3811 2298 3868 Domino
2326 3811 2389 3867 de
2418 3811 2660 3882 fontibus
2689 3810 2873 3868 Israel.

1978 3886 2043 3955 'c
2069 3900 2153 3955 Ad
2187 3899 2384 3955 fideles
2414 3900 2495 3954 ait
2530 3915 2541 3953 :
2578 3900 2639 3954 In
2688 3898 2957 3955 Ecclesiis
3004 3894 3326 3956 benedicite
3366 3903 3569 3968 Deum,

1930 4004 2048 4044 non
2076 3988 2136 4042 in
2166 3987 2450 4060 perversis
2467 3985 2881 4042 conventiculis
2904 4000 3263 4060 paganorum
3291 3982 3376 4042 vel
3398 3987 3575 4044 haare-

1929 4077 2198 4142 ticorum,
2230 4075 2329 4131 sed
2379 4075 2436 4129 in
2480 4074 2730 4131 Ecclesia
2759 4074 3066 4142 catholica,
3093 4074 3191 4131 ubi
3240 4078 3394 4131 recta
3428 4076 3573 4132 ﬁdes

1929 4169 2018 4222 est
2044 4167 2101 4220 et
2129 4179 2262 4219 vera
2291 4162 2597 4219 confessio.
2630 4161 2710 4217 De
2730 4161 3116 4230 'foatib‘us,de
3146 4158 3432 4230 doctrina,
3466 4164 3574 4219 sci-

1928 4252 2061 4309 licet
2091 4249 2624 4322 Cbristi-ina,quam
2646 4249 2918 4321 gentibus
2940 4249 3185 4331 apostoli
3207 4248 3568 4306 infuderunt.

1929 4342 2079 4398 Fons
2107 4339 2322 4411 quippe
2351 4354 2385 4392 a
2411 4336 2654 4394 fovendo
2701 4336 2895 4393 dictus
2940 4340 3047 4401 est,
3079 4352 3146 4393 eo
3177 4337 3330 4409 quod
3371 4342 3572 4394 nostra

1930 4443 2170 4500 corpora
2199 4425 2395 4482 labore
2420 4424 2574 4481 fessa
2598 4424 2867 4480 refoveat.
2883 4421 3012 4480 Sive
3042 4440 3077 4479 a
3105 4423 3402 4481 fundendo
3433 4425 3571 4498 quia

1930 4516 2176 4575 elfundit
2202 4513 2544 4587 aquas,fons
2566 4512 2720 4569 enim
2750 4511 2981 4584 proprie
3012 4517 3101 4569 est
3142 4513 3243 4586 qui
3274 4518 3494 4570 manat.

1927 4608 1998 4662 29
2071 4604 2154 4661 Ibi
2175 4604 2461 4674 Benjamin
2492 4601 2929 4658 adolescentulus
2946 4618 2969 4656 ,ο

2069 4693 2133 4748 1η
2156 4693 2355 4747 mentis
2381 4706 2620 4747 excessu.

2001 4782 2048 4839 Η
2078 4785 2118 4837 C
2146 4780 2229 4837 Ibi
2258 4780 2560 4851 Benjamin
2587 4795 2601 4833 :
2625 4776 2840 4835 Paulus
2856 4776 3283 4852 apostolus,qui
3311 4779 3387 4835 de
3408 4780 3567 4836 tribu

1925 4869 2228 4943 Benjamin
2285 4866 2602 4925 descendit.
2636 4868 2678 4924 Ο
2722 4867 3206 4924 Adolescentulus
3249 4867 3472 4924 exstitit
3506 4868 3566 4924 in

1927 4960 2144 5017 mentis
2172 4956 2672 5029 excessu,quando
2702 4955 2933 5012 Domini
2954 4971 3093 5012 voce
3115 4954 3352 5024 corruit,
3387 4952 3487 5030 qui
3512 4961 3569 5014 et

1929 5049 2242 5105 miseratus
2273 5045 2524 5103 intonuit
2552 5062 2565 5100 :
2598 5044 2790 5111 Saule,
2830 5043 3005 5100 Saule
3049 5046 3184 5118 (Act.
3211 5049 3314 5113 1x),
3346 5045 3568 5103 adoles-

1929 5154 2065 5195 cens
2095 5135 2306 5192 dicitur
2334 5134 2407 5191 ab
2445 5133 2750 5201 adolendo,
2801 5133 2860 5190 id
2909 5138 2998 5190 est
3038 5134 3369 5191 crescendo.
3401 5133 3449 5190 Η
3479 5133 3570 5189 Di-

1930 5230 2058 5282 ctus
2072 5224 2248 5281 etiam
2260 5221 2763 5295 adolescens,quia
2773 5221 3128 5278 novissimus
3139 5221 3402 5279 omnium
3426 5239 3566 5294 apo-

1929 5314 2211 5371 stolorum
2245 5330 2258 5367 :
2291 5326 2604 5367 conversus
2620 5310 2679 5366 in
2700 5326 2940 5368 excessu
2962 5327 3134 5384 quem
3158 5310 3394 5384 pertulit
3421 5311 3564 5365 dum

1927 5404 2037 5460 irct
2060 5402 2121 5458 in
2152 5407 2521 5457 Damascum.

1925 5493 1996 5549 30
2066 5490 2350 5561 Principes
2377 5487 2517 5545 Iuda
2545 5485 2706 5543 duces
2731 5502 2918 5543 eorum
2948 5505 2966 5543 :

2066 5581 2349 5650 Principes
2378 5577 2618 5632 Zabulon
2641 5577 2919 5648 principes
2946 5576 3278 5648 Nephtalim.

1993 5668 2360 5739 CPrincipes
2414 5665 2588 5732 Juda,
2639 5664 2950 5720 Dominum
3006 5663 3226 5721 indicat
3269 5679 3282 5719 :
3333 5660 3431 5733 qui
3491 5658 3561 5713 de

1922 5756 2079 5814 tribu
2099 5754 2250 5812 Juda
2270 5750 2639 5810 descendit.H
2655 5747 2915 5825 Apostoli
2936 5748 3094 5807 enim
3115 5752 3253 5807 sunt
3271 5743 3558 5820 principes
