3864 6356
381 451 539 526 1208
1425 461 1833 531 HUMBERTI
1877 462 1942 527 S.
1989 461 2064 525 Β..

380 599 762 653 assumantur
781 593 935 653 mala
961 613 1152 670 opera,
1196 613 1297 653 nec
1343 602 1580 670 propter
1628 597 1782 652 mala
1832 611 2007 668 opera
2035 595 2090 662 Α

379 687 828 741 contemnantur
881 689 1090 742 sanctae
1137 686 1561 758 praedicationis
1609 689 1665 741 et
1703 683 2010 740 ministerii

377 771 552 828 bona.
595 773 756 829 Unde
777 791 1011 830 necesse
1039 775 1200 841 est,si
1217 779 1488 846 carpatur
1501 775 1760 846 pendens
1783 774 1852 828 de
1875 789 2010 846 sepe

377 861 580 917 botrus
609 861 860 932 vitis,ut
888 867 1156 918 caveatur
1184 863 1351 935 spina
1381 863 1554 935 sepis.

941 969 1170 1025 CAPUT
1203 969 1441 1024 XXXIX.

377 1055 452 1110 De
479 1055 647 1110 malis
673 1059 905 1112 scienter
952 1059 1034 1112 vel
1079 1061 1380 1112 nescienter
1424 1059 1706 1128 promotis,
1736 1061 1783 1110 et
1813 1055 1876 1110 de
1901 1056 2004 1109 mi-

657 1130 881 1183 nisterio
910 1145 1098 1184 eorum
1125 1131 1390 1184 sententia
1418 1129 1722 1184 Paschasiz‘.

448 1216 562 1272 Hos
592 1217 746 1272 enim
778 1221 842 1270 ut
889 1217 1171 1272 Dominus
1222 1217 1279 1270 in
1314 1217 1566 1272 Ecclesia
1594 1233 1700 1272 sua
1730 1231 1914 1286 usque
1947 1215 2006 1268 in

377 1305 552 1359 ﬁnem
601 1305 796 1360 saeculi
849 1310 1198 1360 monstraret
1247 1307 1492 1372 futuros,
1542 1309 1598 1360 et
1649 1323 1680 1359 a
1712 1304 2006 1375 magistris

377 1392 637 1448 Ecclesiae
668 1392 1001 1464 aliquando,
1039 1399 1099 1447 ut
1129 1397 1229 1448 aut
1275 1397 1722 1464 promoveantur
1769 1398 1867 1447 aut
1899 1391 2004 1446 mi-

375 1480 644 1548 nistrent,
679 1481 1156 1546 dissimulandos,
1186 1483 1397 1536 Juclain
1441 1481 1784 1552 sacrilegum
1821 1482 2004 1535 furem

376 1585 710 1640 promovere
739 1568 920 1623 voluit
949 1571 1016 1624 ad
1051 1571 1295 1641 gradum
1328 1569 2005 1641 apostolieum,quainvis

379 1657 452 1712 ab
483 1657 644 1712 initio
692 1657 863 1713 sciret
905 1657 1042 1729 quid
1090 1663 1241 1713 esset
1287 1659 1345 1712 in
1395 1659 1649 1713 homine.
1695 1659 1787 1713 Sic
1818 1657 2003 1713 sancti

379 1745 622 1818 apostoli
679 1764 712 1802 a
766 1751 848 1800 tot
904 1746 1162 1802 millibus
1203 1751 1534 1801 sanctorum
1583 1746 2003 1801 cocnobitarum

377 1833 622 1890 electum
646 1835 1196 1906 Nicolaum,Epicuri
1222 1835 1287 1890 de
1317 1853 1472 1906 grege
1496 1851 1740 1907 porcum,
1771 1850 2001 1906 promo-

375 1939 502 1978 vere
549 1925 619 1978 ad
669 1924 1038 1979 diaconatum
1084 1924 1404 1980 nescienter
1453 1928 1514 1978 ut
1549 1923 1632 1978 sic
1663 1922 1906 1977 dicatur.
1941 1923 2002 1976 In
2033 1960 2082 2024 Β

377 2011 589 2084 quibus
620 2013 848 2068 duobus
868 2013 1162 2068 evidenter
1179 2013 1662 2085 praeﬁgurabatur
1681 2011 1826 2066 alios
1847 2010 2004 2078 sciri,

303 2103 316 2125 ‘
376 2100 519 2156 alios
549 2101 782 2170 nesciri,
815 2103 954 2156 dum
988 2102 1048 2156 in
1097 2101 1352 2156 Ecclesia
1399 2103 1828 2173 promoventur,
1863 2116 2004 2170 quo-

373 2205 504 2244 rum
533 2193 729 2246 tamen
761 2190 1017 2245 ofﬁcium
1045 2194 1146 2246 aut
1167 2206 1270 2261 pro
1289 2189 1494 2260 seipsis
1521 2189 2005 2261 approbatur,pro

375 2277 505 2333 aliis
537 2277 767 2333 interim
792 2277 1203 2342 toleratur.Qui
1227 2277 1507 2349 quidquid
1536 2277 1594 2332 in
1627 2277 2006 2332 sacramentis

377 2365 586 2420 divinis
602 2381 703 2436 pro
721 2365 908 2420 ofﬁcio
923 2365 1032 2418 sibi
1047 2365 1260 2420 credito
1282 2365 1512 2419 interim
1531 2368 2004 2436 agunt,sanctum

375 2456 466 2508 est
485 2456 692 2518 totum,
727 2453 878 2507 sicut
905 2453 1088 2508 Judas
1119 2457 1252 2507 ante
1303 2452 1649 2524 proditionis
1679 2451 2001 2507 conventio-

375 2557 529 2608 nem,
563 2544 620 2602 et
647 2539 917 2596 Nicolaus
934 2544 1076 2596 ante
1099 2557 1215 2595 suae
1237 2539 1644 2595 abominabilis
1667 2543 1834 2594 sectae
1849 2539 2004 2594 adin-

371 2629 721 2684 ventionem.
772 2629 934 2694 Quod
985 2629 1157 2684 etiam
1215 2645 1282 2684 ex
1338 2627 1532 2683 libello
1581 2627 1878 2682 Paschasii
1927 2631 2004 2682 De

372 2733 608 2788 corpore
638 2716 863 2772 Domini
899 2716 1271 2788 approbatur,
1305 2716 1404 2770 ubi
1437 2717 1518 2770 sic
1548 2715 1797 2787 legitur:
1851 2715 2004 2770 Licet

373 2822 504 2861 reus
534 2805 612 2860 sit
653 2805 940 2872 sacerdos,
991 2809 1124 2873 etc.,
1173 2821 1388 2860 munus
1437 2821 1552 2860 suae
1582 2803 1892 2876 largitatis.
1929 2809 2004 2859 De

371 2910 489 2964 qua
515 2893 734 2966 praefati
761 2894 867 2948 viri
899 2893 1284 2959 sententia,nc
1305 2893 1448 2948 forte
1481 2896 1804 2948 restruatur
1833 2891 2002 2948 nobis

371 2980 684 3048 calumnia,
712 2981 849 3052 quia
879 2981 1113 3036 ducitur
1139 2981 1304 3035 hicin
1336 2982 1449 3036 ﬁne
1479 2997 1580 3052 per
1611 2979 2001 3035 ministerium

373 3069 821 3124 criminosorum
835 3069 958 3123 dari
982 3069 1271 3140 Scriptum
1296 3068 1860 3140 sanetum,quamvis
1890 3067 2002 3138 ipsi

374 3174 508 3214 eum
539 3174 652 3212 non
684 3157 953 3225 habeant,
987 3157 1142 3229 quod
1165 3157 1589 3229 interposuitin
1607 3157 1795 3229 capite
1815 3159 2001 3212 atten-

377 3247 536 3314 dant,
586 3245 683 3300 ubi
735 3246 818 3300 sic
863 3245 1227 3316 hypothctice
1259 3245 1374 3299 ait:
1407 3244 1562 3300 Nihil
1593 3245 1792 3300 minus
1823 3244 2000 3300 habet

375 3335 483 3390 hoc
513 3334 854 3407 mysterium
885 3351 919 3388 a
951 3333 1154 3406 quovis
1182 3333 1440 3406 indigno,
1473 3333 1520 3388 si
1552 3337 1747 3389 tamen
1781 3337 2007 3406 aposto-

369 3423 489 3479 lica:
519 3421 856 3495 propaginis
876 3422 1238 3477 institutione
1257 3423 1609 3478 consecratio
1630 3423 1994 3489 exhibentur;

370 3511 508 3584 quia
537 3528 650 3568 non
683 3527 750 3566 ex
780 3527 865 3576 eo,
899 3512 996 3566 sed
1020 3529 1087 3566 ex
1111 3512 1238 3582 ejus
1260 3510 1494 3566 ofﬁcioa
1520 3527 1750 3566 summo
1772 3511 2000 3583 pontiﬁ-

367 3615 432 3655 ce
462 3600 648 3672 gratia
675 3615 850 3670 quam
881 3599 1008 3670 ipsa
1036 3599 1261 3654 Veritas
1300 3598 1651 3670 repromisit,
1699 3598 1992 3670 impletur.

365 3688 528 3744 Unde
543 3688 833 3759 liqueteos
851 3687 1220 3758 habcrcSpiri
1233 3692 1356 3742 tum
1377 3690 1644 3742 sanctum
1669 3687 1993 3743 ministerio

363 3778 518 3849 quod
557 3776 883 3849 apostolicae
925 3775 1260 3849 propaginis
1309 3775 1673 3831 institutione
1700 3761 1990 3848 accepere,

362 3881 466 3921 nec
495 3869 689 3920 tamen
720 3865 830 3920 sibi
861 3864 1004 3936 ipsis
1033 3864 1499 3920 habere.llabent
1526 3864 1681 3918 enim
1711 3863 1780 3918 ad
1813 3864 1991 3919 mini-

359 3954 667 4010 strandum
699 3952 830 4008 aliis
861 3955 1030 4020 bona,
1065 3970 1166 4008 nec
1215 3952 1432 4008 habent
1478 3953 1549 4007 ad
1581 3951 1989 4010 declinandum

360 4040 472 4096 sibi
506 4041 676 4096 mala.
713 4041 934 4095 Habent
963 4041 1168 4096 deinde
1199 4041 1270 4096 ad
1302 4041 1448 4096 bene
1478 4041 1852 4109 credendum,
1887 4059 1989 4098 nec

359 4128 574 4184 habent
603 4128 673 4183 ad
705 4127 850 4183 bene
878 4128 1211 4196 vivendum,
1259 4129 1410 4184 sicut
1458 4128 1730 4200 superius
1761 4134 1990 4186 constat

358 4216 588 4272 abunde
620 4219 1031 4286 monstratum,
1062 4221 1118 4271 et
1145 4217 1299 4288 quod
1340 4215 1729 4272 ministerium
1760 4218 1988 4274 haereti-

357 4320 554 4360 corum
583 4321 699 4361 non
729 4303 806 4359 sit
833 4303 1066 4372 Christi,
1119 4321 1304 4376 neque
1350 4304 1505 4360 enim
1555 4309 1853 4378 acceptum
1899 4311 1986 4364 est

356 4393 721 4449 institutione
749 4392 1075 4465 apostolica:
1105 4393 1463 4466 propaginis.

979 4481 1206 4537 CAPUT
1242 4482 1354 4536 XL.

437 4571 512 4625 De
532 4570 755 4642 furibus
783 4570 1122 4638 Simonz'acz's,
1157 4575 1208 4626 ct
1237 4569 1472 4642 qualiter
1499 4571 1639 4625 ovile
1664 4571 1890 4627 intrent.

419 4659 563 4714 Hinc
595 4658 734 4732 quia
761 4658 980 4714 dictum
1012 4662 1100 4714 est
1128 4660 1198 4714 de
1222 4659 1592 4714 mercenariis
1622 4658 1774 4714 intra
1793 4659 1982 4716 Eccle-
2009 4677 2058 4745 ι)

350 4745 520 4811 siam,
553 4749 778 4802 dicatur
805 4751 861 4802 et
891 4747 960 4802 de
1004 4746 1230 4802 furibus
1276 4751 1436 4822 extra
1467 4746 1798 4802 Ecclesiam.
1831 4749 1979 4812 Quo-

348 4849 480 4889 rum
507 4834 616 4888 hoc
644 4838 733 4890 est
762 4836 1082 4890 maximum
1111 4839 1164 4890 et
1187 4836 1440 4907 primum
1490 4835 1794 4902 indicium,
1827 4837 1980 4908 quod

347 4937 463 4976 non
495 4921 716 4976 intrant
744 4939 845 4992 per
875 4923 1110 4989 ostium,
1136 4925 1235 4979 sed
1263 4923 1497 4980 aliunde
1526 4925 1980 4981 ascendunt.Pro

357 5023 474 5080 qua
504 5007 704 5079 utique
721 5011 1238 5082 transgressioncet
1257 5013 1711 5086 praesumptione
1739 5013 1902 5068 iures
1929 5019 1986 5070 et

341 5096 599 5152 latrones
628 5111 661 5150 a
680 5094 922 5154 Domino
945 5100 1025 5154 sic
1046 5101 1586 5172 pronuntiantur,ut
1615 5102 1980 5172 praemissum

343 5184 516 5240 etiam
541 5185 941 5256 juramentum
969 5189 1042 5244 ob
1075 5189 1180 5244 hoc
1211 5189 1469 5260 legatur:
1508 5211 1527 5236 α
1563 5191 1771 5254 Amen,
1805 5207 1976 5246 amen

341 5273 468 5330 dico
494 5273 676 5341 vobis,
712 5276 810 5346 qui
828 5276 1250 5347 nonintratper
1269 5276 1485 5330 ostium
1509 5277 1564 5331 in
1588 5277 1731 5333 ovile
1754 5279 1977 5348 ovium,

341 5363 440 5417 sed
472 5361 736 5417 ascendit
783 5363 1039 5430 aliunde,
1090 5363 1184 5418 ille
1232 5363 1326 5418 fur
1371 5367 1460 5417 est
1506 5363 1650 5420 latro
1674 5367 1875 5434 (10am,
1918 5387 1975 5436 Χ,

343 5450 414 5518 1).
445 5469 472 5499 r
509 5449 670 5513 Quod
701 5450 748 5504 si
799 5455 852 5505 et
883 5451 1104 5522 absque
1149 5452 1483 5521 juramenio
1529 5451 1786 5522 dixisset,
1843 5457 1976 5526 quis

341 5533 453 5608 nisi
483 5537 726 5592 mendax
758 5543 812 5592 et
846 5539 1236 5594 Antichristus
1270 5539 1375 5611 ipsi
1403 5538 1640 5593 Veritati
1663 5555 1719 5594 et
1746 5543 1974 5600 Christo

339 5617 600 5686 loquenti
635 5637 748 5677 non
780 5626 1084 5681 crederet?
1115 5625 1224 5680 Sed
1250 5627 1730 5695 cumjuramento
1762 5630 1973 5688 idcirco

341 5704 561 5760 curavit
588 5710 862 5779 profiteri,
896 5714 1046 5784 quod
1097 5712 1325 5768 volebat
1355 5711 1680 5770 solliicitius
1701 5719 1886 5774 audiri
1916 5726 1970 5776 et

2108 460 2179 526 E.
2226 459 2713 527 CARDINALIS.
3693 453 3829 524 θοι

2118 595 2344 651 ﬁrmius
2376 595 2634 652 retineri.
2665 595 2734 651 Et
2751 595 2922 668 juxta
2948 593 3219 653 litteram
3245 591 3480 666 itaque
3504 607 3731 650 verum
3751 597 3826 650 est

2117 684 2487 756 proverbium
2546 683 2836 753 Veritatis,
2889 689 2947 740 et
2993 681 3426 740 nihilominus
3481 698 3710 738 verum
3753 689 3824 740 est

2108 773 2278 844 juxta
2307 772 2690 829 intentionem
2740 773 3010 828 dicentis.
3065 774 3259 830 Fures
3295 771 3648 844 siquidem
3681 776 3738 828 et
3757 772 3821 828 la-

2116 865 2312 917 trones
2342 862 2496 934 apud
2527 861 2797 917 homines
2829 866 2972 917 sunt
2996 861 3101 934 qui
3134 877 3261 918 non
3297 861 3567 917 intrant
3599 860 3664 916 in
3695 861 3818 917 ovile

2117 965 2219 1022 per
2242 950 2458 1005 ostium
2490 951 2589 1006 sed
2623 949 2860 1006 aliunde
2891 951 3268 1020 ascendunt;
3306 953 3378 1006 et
3422 949 3817 1008 nihilominus

2117 1038 2273 1094 fures
2303 1043 2358 1094 et
2386 1037 2642 1094 latrones
2673 1044 2812 1094 sunt
2842 1039 2998 1110 apud
3038 1039 3236 1096 Deum
3284 1039 3408 1111 qui
3446 1054 3585 1095 non
3615 1038 3818 1096 intrant

2116 1125 2174 1182 in
2207 1125 2522 1182 Ecclesiam
2553 1143 2658 1199 per
2685 1127 3005 1194 Christum,
3037 1127 3144 1199 qui
3173 1127 3492 1194 est,sicut
3525 1128 3814 1200 praedicat,

2116 1213 2379 1270 Ecclesia:
2411 1215 2650 1281 ostium,
2679 1216 2782 1270 sed
2814 1214 3053 1271 aliunde
3083 1215 3478 1272 ascendunt.
3517 1215 3600 1274 Hi
3631 1215 3814 1288 procul

2117 1303 2292 1358 dubio
2325 1308 2464 1358 sunt
2489 1319 2694 1358 omnes
2724 1302 3002 1372 haeretici,
3033 1303 3227 1359 Judaei
3283 1308 3351 1360 et
3385 1304 3663 1377 pagani.
3715 1305 3811 1378 Ipsi

2114 1392 2268 1446 enim
2288 1392 2505 1463 pariter
2523 1409 2637 1447 non
2653 1392 2878 1448 intrant
2897 1391 2957 1446 in
2987 1385 3323 1448 Ecclesiam
3348 1409 3478 1465 per
3497 1392 3810 1456 Christum,

2115 1495 2288 1550 quem
2321 1484 2535 1552 negant
2563 1480 2622 1535 in
2651 1479 3500 1552 carnevenisse.Siqua3ritur
3522 1483 3808 1554 quomodo

2113 1584 2317 1624 omnes
2345 1568 2596 1624 haeretici
2629 1573 2844 1642 negent
2875 1567 3180 1625 Christum
3211 1567 3278 1624 in
3313 1585 3528 1626 carne
3569 1571 3808 1640 venisse,

2113 1672 2287 1726 quem
2321 1655 2588 1712 nonnulli
2618 1674 2821 1714 eorum
2845 1657 3209 1712 conﬁtentur
3237 1655 3304 1712 in
3343 1659 3810 1726 carnevenisse,

2112 1745 2400 1800 sententia
2429 1746 2614 1801 sancti
2643 1743 2958 1818 Augustini
2989 1744 3048 1799 in
3081 1745 3261 1801 tertio
3294 1745 3416 1817 huj
3429 1764 3514 1803 us
3549 1748 3812 1820 opusculi

2112 1830 2258 1888 libro
2291 1832 2582 1905 relegatur
2612 1832 2769 1889 inde.
2792 1833 2960 1889 Nunc
2975 1831 3252 1890 videatur
3267 1836 3613 1906 quomodo
3629 1853 3818 1893 ascen-

2111 1920 2261 1976 dunt
2305 1919 2561 1976 aliunde.
2612 1920 2904 1976 Nimirum
2945 1919 3189 1978 aliunde
3235 1923 3635 1994 ascendunt,
3665 1925 3812 1980 verbi

2113 2007 2300 2080 gratia
2327 2009 2546 2076 Ariani,
2562 2009 2664 2081 qui
2695 2009 2779 2065 sic
2792 2025 3183 2081 personarum
3202 2010 3580 2070 trinitatem
3601 2013 3812 2070 discer-

2114 2099 2280 2162 nunt,
2316 2101 2378 2152 ut
2407 2097 2750 2154 substantias
2781 2114 3017 2170 quoque
3048 2097 3264 2154 divina
3313 2100 3645 2158 unitatem
3675 2103 3814 2158 divi~

2113 2185 2273 2240 dant.
2305 2183 2554 2242 Aliunde
2585 2185 2927 2255 Sabelliani,
2960 2186 3062 2258 qui
3093 2186 3181 2244 sic
3213 2188 3553 2246 unitatem
3605 2192 3810 2248 divina

2113 2273 2451 2329 substantiae
2482 2275 2822 2346 praedicant,
2845 2278 2911 2330 ut
2941 2275 3274 2332 trinitatem
3313 2293 3591 2352 quoque
3620 2296 3813 2353 perso-

2112 2377 2320 2416 narum
2354 2362 2736 2418 confundant.
2768 2362 3032 2435 Longum
3063 2368 3177 2433 est,
3227 2368 3291 2422 et
3345 2383 3562 2440 supra
3595 2369 3812 2442 ingenii

2113 2449 2294 2506 nostri
2327 2449 2844 2522 vires,singulatim
2871 2450 3241 2524 reliquarum
3255 2451 3600 2513 hareseon
3623 2463 3811 2530 pestes

2111 2537 3028 2611 revolvere.Unde,prmtermissis
3051 2537 3210 2610 aliis,
3236 2541 3638 2613 Simoniani,
3671 2562 3810 2618 quos

2111 2629 2307 2682 noster
2334 2627 2509 2699 pugio
2539 2626 2854 2699 specialius
2884 2628 3141 2700 impetit,
3187 2632 3522 2702 quomodo
3577 2633 3809 2692 aliunde

2111 2715 2426 2771 ascendant
2450 2720 2871 2772 monstremus.
2889 2716 3186 2773 Nimirum
3211 2723 3274 2773 et
3294 2718 3808 2797 ipsi,contempto

2109 2803 2256 2858 ostio
2277 2803 2503 2860 Christo
2523 2808 2581 2860 et
2601 2803 2835 2860 ostiario
2850 2803 3040 2877 ipsius
3059 2805 3290 2879 Spiritu
3311 2814 3552 2867 sancto
3576 2811 3810 2869 aliunde

2113 2893 2460 2961 ascendunt,
2501 2893 2643 2948 dum
2689 2909 2797 2949 sua.
2845 2894 3116 2966 pecunia,
3143 2894 3310 2951 velut
3361 2898 3573 2958 scalis
3601 2905 3662 2958 et
3689 2919 3808 2958 ma-

2109 2978 2319 3048 chinis,
2379 2981 2754 3037 Dominicum
2809 2982 3119 3054 parietem,
3154 2985 3544 3044 unanimem
3589 2989 3810 3047 scilicet

2109 3067 2306 3139 populi
2339 3068 2440 3124 Dei
2472 3085 2826 3125 consensum
2869 3074 2928 3126 et
2981 3069 3352 3129 soliditatem
3387 3079 3807 3151 expugnaturi

2109 3155 2475 3223 adoriuntur,
2507 3161 2564 3213 et
2593 3173 2728 3213 eum
2759 3161 2863 3213 aut
2919 3159 3205 3230 reptando
3253 3164 3668 3234 transiliunt,
3710 3173 3806 3224 aut

2109 3243 2431 3316 subigendo
2461 3245 2546 3300 vel
2577 3250 2730 3302 certe
2753 3245 3137 3319 impingendo
3170 3248 3575 3324 irrumpunt.
3611 3256 3806 3330 Neque

2034 3317 2078 3386 C
2109 3331 2264 3388 enim
2296 3333 2483 3405 legem
2515 3333 2649 3389 ostii
2671 3317 2920 3392 dicentis
2946 3317 3005 3391 ἶα
3026 3335 3224 3393 Gratis
3253 3317 3805 3419 aceipistis,gratis

2109 3420 2240 3476 date
2268 3422 2474 3492 (Matth.
2505 3439 2561 3488 x,
2593 3423 2666 3494 8),
2703 3443 2731 3472 ››
2764 3429 3121 3493 reverentur,
3165 3441 3276 3482 nec
3329 3427 3804 3504 beneplacitum

2106 3508 2326 3564 ostiarii
2357 3509 2788 3582 praestolantur,
2821 3512 2920 3567 sed
2955 3513 3243 3586 praecipiti
3275 3515 3614 3588 prioratus
3646 3524 3809 3597 cupi-

2105 3597 2240 3653 dine
2270 3599 2400 3667 acti,
2433 3599 2655 3672 pariete
2687 3603 3026 3657 transcenso
3057 3601 3144 3657 vel
3178 3604 3450 3662 suffosso
3486 3613 3611 3666 aut
3633 3617 3808 3685 rupto

2103 3702 2234 3742 oves
2266 3687 2505 3760 pessimi
2533 3687 2730 3756 furum
2760 3693 2817 3744 et
2844 3687 3146 3746 latronum
3181 3690 3516 3752 invadunt.
3557 3699 3638 3755 Et
3670 3702 3803 3772 qui-

2101 3774 2232 3830 dem
2266 3776 2698 3832 transcenditur
2729 3778 2800 3832 ab
2855 3775 2974 3834 illis
3026 3778 3222 3851 paries
3253 3780 3437 3838 ovilis
3487 3785 3636 3854 Dei,
3671 3807 3807 3847 cum

2101 3863 2479 3953 eiacularibus
2511 3865 2900 3937 potestatibus
2931 3865 3125 3934 abusi,
3179 3869 3529 3953 praevalent
3566 3879 3809 3953 tempo-

2100 3950 2299 4008 raliter
2329 3951 2534 4008 ovibus
2559 3953 2851 4009 dominari
2877 3972 2890 4022 ;
2923 3945 3526 4031 suffoditur-autem,
3563 3966 3682 4022 ubi
3706 3945 3807 4025 ec-

2098 4039 2453 4096 clesiasticas
2501 4057 2782 4114 personas
2827 4043 3221 4101 fundamento
3271 4047 3572 4108 Ecclesia
3607 4056 3805 4113 cohae-

2098 4133 2288 4185 rentes
2301 4129 2613 4185 extrahunt
2625 4135 2680 4186 et
2711 4131 2826 4186 sibi
2850 4131 3178 4189 attrahunt.
3189 4133 3536 4208 Rumpitur
3557 4141 3808 4216 deinde,

2096 4217 2196 4273 ubi
2229 4217 2547 4274 mediocres
2577 4223 2635 4274 et
2665 4217 2846 4276 laicas
2869 4236 3152 4292 personas
3174 4239 3210 4278 a
3239 4223 3554 4286 charitate
3574 4231 3806 4292 Christi

2093 4304 2408 4361 dissociant
2433 4311 2490 4362 et
2519 4305 2630 4362 sibi
2678 4308 3040 4366 consociant.
3095 4317 3138 4366 A
3191 4311 3425 4384 quibus
3457 4322 3528 4373 et
3563 4323 3803 4380 tectum

2094 4392 2402 4463 scinditur,
2433 4395 2531 4450 ubi
2563 4396 2909 4468 praepositos
2961 4398 3234 4456 Ecclesiae
3278 4401 3663 4478 integritate
3711 4413 3802 4470 sui

2093 4482 2269 4537 ofﬁcii
2301 4482 2749 4555 depopulantur.
2785 4485 2916 4542 Sive
2938 4503 3078 4560 ergo
3108 4491 3584 4562 reptando,sive
3617 4502 3804 4558 suffo-

2092 4570 2324 4662 diendo,
2357 4572 2475 4662 sive
2537 4571 2918 4662 irrumpendo
2974 4574 3034 4630 in
3097 4575 3252 4633 ovile
3313 4579 3593 4658 irruant,
3634 4594 3798 4662 patet

2092 4660 2344 4730 prol’eeto
2376 4659 2515 4731 quia
2547 4658 2783 4717 aliunde
2807 4678 2984 4734 quam
3017 4681 3123 4736 per
3151 4666 3381 4724 ostium
3414 4658 3793 4734 ascendunt.

2089 4745 2350 4838 Denique
2371 4752 2472 4838 aut
2495 4748 2808 4838 saeculares
2831 4756 3154 4823 potestates
3175 4757 3371 4826 pretio
3395 4773 3787 4838 expugnant,

2091 4839 2191 4892 aut
2219 4835 2508 4891 inferioris
2556 4837 2783 4894 ordinis
2834 4839 3269 4900 ecclesiasticas
3318 4835 3665 4924 personas,
3699 4860 3792 4913 aut

2094 4941 2294 4980 earum
2342 4926 2706 4997 prmpositos,
2754 4933 2858 4982 aut
2907 4934 3063 4985 certe
3111 4931 3442 4992 mediocris
3497 4945 3786 5012 potentia

2089 5012 2288 5068 laicos.
2323 5013 2644 5070 Minoribus
2675 5015 2832 5070 enim
2857 5016 3091 5088 pepulis
3111 5018 3273 5075 velut
3307 5021 3788 5088 invalidioribus

2089 5100 2290 5157 ovibus
2321 5102 2392 5156 ad
2425 5101 2858 5160 munimentum
2880 5105 2974 5160 sui
3005 5113 3400 5179 opponuntur
3430 5115 3477 5170 ii
3516 5125 3784 5191 quatuor

2088 5189 2340 5257 ordines,
2357 5194 2422 5245 ut
2451 5190 2758 5247 saeculares
2779 5192 2898 5248 sint
2912 5193 2997 5250 eis
3021 5211 3231 5253 murus
3248 5204 3470 5258 contra
3491 5189 3783 5267 incursus

2085 5278 2366 5344 visibiles,
2395 5283 2452 5334 et
2483 5279 2863 5336 ecclesiastici
2902 5286 3124 5340 tectum
3156 5291 3370 5344 contra
3401 5290 3776 5356 invisibiles.

2085 5368 2321 5423 Constat
2333 5383 2467 5438 ergo
2486 5367 2862 5425 Simonianos
2878 5369 3231 5444 latrones,ut
3244 5379 3648 5448 pravaleant
3658 5402 3779 5445 oves

2085 5459 2338 5511 mactare
2371 5459 2426 5512 et
2465 5456 2726 5527 perdere,
2758 5457 3115 5517 intrinsecus
3147 5463 3504 5526 obtinuisse
3541 5490 3662 5546 per
3692 5491 3776 5533 eos

2086 5545 2184 5616 qui
2217 5545 2550 5600 defensores
2571 5545 2824 5602 adhibiti
2856 5553 2996 5604 sunt
3024 5552 3424 5613 extrinsecus.
3462 5545 3658 5624 Unde
3687 5579 3776 5622 nec

2081 5631 2193 5704 ipsi
2226 5633 2350 5688 sine
2383 5632 2602 5689 ultione
2625 5637 2899 5705 evadunt,
2957 5638 3078 5705 ubi,
3130 5639 3293 5698 velut
3334 5643 3657 5710 imbrices
3687 5657 3771 5709 aut

2080 5719 2302 5792 lapides
2333 5721 2580 5778 aediﬁcio
2611 5723 2914 5794 subtracti,
2946 5727 3075 5798 jam
3103 5744 3288 5801 super
3320 5731 3562 5798 faciem
3615 5746 3766 5800 terra
