3864 6372
99 474 125 540 Ι
136 471 253 540 205

675 473 1094 544 ADVERSUS
1139 473 1608 540 SIMONIACOS
1654 469 1865 538 LIBRI
1907 474 2130 540 TRES.
2162 508 2238 524 —
2268 476 2503 541 LIBER
2545 473 2907 542 TERTIUS.

3335 421 3492 539 i206

95 607 335 684 neglecti
366 611 424 666 et
468 606 706 667 inutiles
729 611 1119 683 jacent’extra
1155 609 1364 666 Christi
1393 608 1730 665 aedificium.
1763 607 1820 674 Α
1847 608 2074 677 obesse,
2105 610 2207 665 sed
2238 608 2415 666 etiam
2460 610 2761 682 prodesse,
2821 607 3067 666 Domino
3122 604 3495 676 reclamante,

89 701 193 756 Sed
227 703 282 755 et
307 698 417 771 ipsi
449 699 698 772 parietes
736 704 793 756 et
841 705 1058 755 tectum
1109 699 1429 772 perniciose
1460 699 1730 754 videntur

88 795 260 856 stare,
293 793 394 844 aut
425 805 753 860 superesse,
797 789 994 861 fugato
1051 788 1186 843 inde
1238 788 1496 854 ostiario,
1547 791 1604 843 et
1633 805 1727 842 ex-

84 877 311 933 stinctis
343 877 566 946 ovibus,
602 896 728 949 qua:
754 877 1170 949 relinquuntur
1200 877 1504 933 solitudini
1529 883 1584 932 et
1617 876 1730 931 rui-

83 985 191 1034 n33,
233 965 438 1022 bestiis
469 983 705 1039 quoque
737 972 793 1022 et
833 967 1155 1022 immundis
1187 968 1408 1022 avibus.

703 1075 933 1130 CAPUT
975 1073 1114 1128 XLI.

81 1164 332 1231 Qualiter
361 1163 675 1216 Simoniani
705 1163 990 1216 imitentur
1016 1163 1207 1217 si'rculi
1243 1163 1479 1229 /u.rcs,et
1509 1174 1634 1232 qua?
1661 1162 1732 1214 sit

359 1250 545 1288 eorum
579 1250 700 1297 vox,
726 1251 884 1304 quam
918 1251 1032 1287 non
1065 1233 1296 1287 audiunt
1328 1249 1465 1287 oves.

152 1323 298 1377 llinc
331 1323 732 1377 consideretur
762 1339 937 1392 quam
973 1322 1223 1376 maxime
1247 1325 1526 1391 congruat
1558 1320 1729 1374 latro-

81 1411 235 1466 cinio
267 1411 742 1465 Simonianorum
775 1411 926 1480 quod
979 1409 1124 1465 solet
1157 1410 1277 1464 fieri
1313 1426 1730 1480 nonnunquam

79 1518 113 1555 a
145 1499 342 1554 saeculi
379 1499 722 1554 latronibus.
743 1497 1267 1569 Nempe,violenter
1291 1497 1434 1552 ovile
1459 1497 1730 1568 ingressi,

79 1590 244 1662 prius
263 1588 565 1643 ostiarium
583 1587 1289 1658 aggrediuntur,cumquc
1307 1605 1408 1642 nec
1427 1605 1587 1641 mora
1603 1588 1729 1640 suf-

78 1679 272 1732 focant
295 1683 394 1731 aut
417 1677 680 1747 alligant,
717 1681 779 1730 ut
801 1675 1065 1731 securius
1105 1692 1240 1730 oves
1263 1675 1370 1730 sibi
1409 1677 1647 1746 abigant
1677 1679 1733 1729 et

77 1766 513 1839 perdant.Quod
539 1766 700 1819 nefas
724 1765 1062 1836 quotidiano
1088 1767 1484 1836 experimento
1507 1767 1734 1819 constat

79 1855 205 1910 fieri
230 1873 263 1909 a
305 1854 679 1916 Simonianis,
714 1859 770 1908 et
799 1859 960 1908 tanto
990 1855 1262 1925 nequius,
1289 1858 1508 1924 quanto
1540 1853 1735 1907 divina

79 1944 310 2017 potio:a
339 1945 474 1997 sunt
504 1941 806 1996 humanis.
840 1942 1122 2012 Equidem
1148 1941 1362 2006 ipsi,ut
1393 1941 1589 2014 plebes
1619 1941 1732 1996 dici

79 2033 309 2106 possint
332 2032 505 2084 libere
519 2031 792 2085 devorare
811 2034 865 2084 et
881 2031 1142 2100 perdere,
1156 2031 1441 2102 Spiritum
1466 2035 1734 2086 sanctum

81 2123 141 2178 in
167 2122 255 2177 eis
289 2120 449 2193 prius
482 2121 871 2189 exstinguere,
907 2123 1008 2174 aut
1042 2119 1302 2174 vinctum
1351 2119 1462 2173 sibi
1498 2125 1737 2173 conten-

81 2213 233 2267 dunt
264 2209 828 2280 mancipare.l\'onne
851 2208 1120 2262 videntur
1145 2225 1280 2262 cum
1299 2209 1600 2280 alligatum
1630 2215 1740 2264 tra-

82 2301 244 2368 here,
273 2316 406 2354 cum
453 2300 581 2368 ejus
611 2297 860 2368 gratiam
909 2298 1213 2352 conﬁdunt
1237 2315 1296 2353 se
1322 2315 1492 2370 posse
1515 2299 1607 2353 cui
1640 2315 1738 2353 vo-

83 2388 306 2445 luerint
337 2392 617 2458 tanquam
649 2385 937 2458 captivam
970 2386 1215 2441 vendere
1243 2387 1270 2440 ‘I
1300 2387 1498 2442 Nonne
1523 2386 1680 2442 velut
1705 2403 1740 2442 a

80 2495 142 2535 se
175 2477 531 2533 exstinctum
568 2475 1006 2546 negligunt,ubi
1040 2492 1142 2529 sua
1179 2476 1420 2546 perﬁdia
1451 2477 1508 2531 in
1533 2475 1739 2531 ovibus

76 2585 230 2640 quas
260 2566 590 2620 vivil'icabat
622 2564 787 2618 illum
821 2563 1221 2635 exstinguunt.
1247 2563 1546 2636 Exstingui
1581 2565 1738 2620 enim

79 2657 306 2713 dicitur
333 2654 587 2726 Spiritus
619 2657 1019 2718 sanctus,cum
1054 2654 1218 2719 fides,
1247 2671 1370 2725 qua:
1403 2656 1606 2724 utique
1638 2654 1738 2708 do-

78 2763 225 2801 num
263 2743 590 2814 est,cuique
619 2743 742 2814 ipse
774 2741 1064 2813 praesidet,
1098 2759 1334 2797 accessu
1367 2742 1739 2814 perﬁdizn‘ex-

90 2831 606 2905 stinguitur.Unde
640 2834 698 2885 et
725 2829 1037 2902 Apostolus
1071 2835 1267 2884 monet
1299 2831 1381 2886 sic
1405 2831 1742 2902 :«Spiritum

93 2924 278 2980 nolite
327 2921 718 2991 exstinguere,
781 2919 1116 2991 prophetias
1176 2919 1348 2974 nolile
1403 2936 1677 2991 spernere
1703 2920 1749 2990 (Ι

95 3015 296 3076 Τίγγιν,
333 3011 440 3078 10).
478 3032 503 3055 ››
541 3007 933 3078 Exstinguunt
967 3007 1133 3078 plane
1167 3009 1450 3080 Spiritum
1477 3013 1747 3063 sanctum

92 3102 256 3157 fures
290 3099 384 3154 isti
418 3102 476 3154 in
506 3097 731 3163 ovibus,
776 3097 872 3151 ubi
907 3097 1316 3152 communione
1348 3097 1432 3153 vel
1462 3115 1748 3153 consensu

93 3187 419 3261 impietatis
451 3186 737 3240 olfensum
764 3184 1030 3239 recedere
1061 3185 1132 3239 ab
1172 3185 1257 3240 eis
1282 3189 1338 3240 et
1373 3186 1568 3255 fugere
1594 3201 1748 3240 com-

93 3278 364 3352 pellunt:
401 3291 516 3346 quo
545 3274 849 3337 exstincto,
883 3290 1085 3328 omnes
1113 3275 1236 3343 jam
1270 3273 1750 3346 prophetias,hoc

1842 714 1955 754 non
1988 699 2179 754 venire
2194 699 2349 755 fures
2372 699 2487 755 nisi
2511 701 2583 754 ad
2607 699 2810 769 furari,
2841 703 3099 756 mactare
3129 703 3185 756 et
3235 699 3500 772 perdere.

1839 786 2001 842 Unde
2023 787 2122 859 qui
2145 787 2264 843 haec
2287 788 2414 844 sola
2435 789 2493 844 in
2531 806 2593 844 se
2629 789 2866 859 habent,
2901 793 2959 844 et
2989 789 3062 844 ad
3094 789 3215 844 haec
3247 785 3376 844 sola
3405 803 3502 846 ve-

1841 875 2186 948 niunt,quod
2220 878 2438 933 bonum
2472 878 2610 932 dare
2652 877 2853 933 saltem
2897 879 3050 933 bono
3081 877 3324 933 cuilibet
3352 893 3498 949 pos-

1841 971 1998 1032 sunt,
2033 966 2144 1020 nisi
2174 967 2320 1022 forte
2366 967 2888 1038 resipiscentesse
2922 967 3087 1040 prius
3120 965 3498 1036 mutaverint,

1841 1064 1894 1112 cl
1920 1057 2137 1110 bonum
2166 1056 2319 1126 quod
2354 1054 2484 1110 aliis
2511 1056 2646 1110 dare
2677 1059 2927 1127 possunt
2965 1055 3298 1126 acceperint
3315 1055 3497 1118 ⁸20υο-

1842 1162 1971 1199 rum
2005 1161 2074 1198 ne
2107 1145 2291 1200 dicam
2327 1143 2565 1212 factum,
2593 1145 2690 1199 sed
2716 1144 2844 1216 ipsa
2876 1161 3108 1216 quoque
3148 1159 3258 1200 vox
3286 1159 3496 1200 eorum

1841 1233 1902 1289 in
1934 1238 2162 1288 tantum
2188 1233 2415 1287 funesta
2445 1238 2552 1300 est,
2604 1233 2652 1288 si
2703 1249 2824 1289 eam
2863 1233 3174 1300 audierint,
3207 1249 3323 1287 non
3355 1249 3492 1304 pos-

1842 1323 1960 1378 sint
1995 1339 2106 1377 non
2131 1322 2274 1376 mori
2300 1339 2450 1376 oves.
2470 1321 2746 1393 Denique,
2770 1322 2869 1376 ubi
2895 1338 3022 1376 eam
3048 1321 3363 1391 audierint,
3391 1321 3490 1377 de-

1846 1413 2048 1469 sinunt
2072 1428 2196 1465 esse
2226 1427 2358 1466 oves
2381 1410 2615 1484 Christi,
2648 1409 2774 1482 ipso
2823 1414 3176 1482 protestante
3207 1411 3345 1482 quia
3373 1427 3490 1467 non

1843 1501 2156 1557 audierunt
2185 1517 2283 1554 eos
2315 1517 2468 1554 oves.
2511 1503 2677 1553 Patet
2706 1515 2839 1570 ergo
2875 1499 3017 1554 tales
3043 1499 3169 1570 jam
3203 1516 3318 1554 non
3346 1497 3489 1554 boni

1844 1589 2092 1662 pastoris
2125 1606 2274 1657 oves,
2301 1605 2426 1659 qua:
2467 1588 2782 1642 audierunt
2837 1588 3011 1642 fures.
3043 1593 3109 1642 Et
3143 1587 3283 1659 quid
3311 1587 3495 1643 sunt?

1844 1680 2331 1750 Itaptmnnactatm
2365 1694 2398 1731 a
2429 1677 2657 1731 furibus
2691 1681 2746 1731 et
2785 1676 3044 1748 perditae,
3081 1681 3136 1732 et
3167 1676 3382 1732 idcirco
3415 1675 3497 1732 nil

1842 1767 2001 1822 aliud
2027 1768 2152 1837 jam
2181 1782 2360 1836 quam
2409 1764 2704 1820 latronum
2765 1765 3034 1821 victimas.
3071 1766 3298 1830 Quibus
3329 1764 3500 1822 malis

1844 1857 2065 1911 misera:
2098 1873 2212 1908 non
2231 1855 2701 1924 succumberent,
2734 1854 2782 1908 si
2807 1872 3012 1909 eorum
3045 1872 3213 1910 voces
3251 1871 3366 1911 uon
3400 1871 3502 1910 au-

1841 1945 2366 2008 dissent.Quamvis
2389 1941 2811 1999 enimlatrones
2828 1945 3151 2016 irrumpere
3172 1943 3496 2017 aliquando

1848 2035 1920 2090 ad
1941 2051 2073 2089 oves
2100 2033 2462 2104 praevaleant,
2498 2049 2613 2087 non
2639 2036 2836 2088 tamen
2862 2038 3112 2106 possunt
3132 2033 3336 2102 furari,
3371 2049 3493 2089 ma-

1847 2129 2000 2178 ctare
2032 2127 2132 2176 aut
2161 2124 2396 2192 perdere
2431 2120 2677 2184 eas,nisi
2711 2121 2874 2192 prius
2902 2121 3037 2177 illos
3067 2122 3310 2178 audiant
3343 2139 3357 2191 ;
3392 2137 3496 2177 nec

1847 2211 2107 2266 efficiunt
2130 2212 2283 2264 fures
2306 2210 2460 2281 quod
2481 2213 2726 2276 tentant,
2753 2210 3014 2281 quandiu
3047 2227 3179 2265 oves
3211 2211 3296 2266 eis
3326 2209 3494 2265 audi-

1848 2304 1971 2354 tum
2005 2315 2181 2354 suum
2202 2314 2317 2352 non
2341 2299 2812 2352 accommodant.
2845 2301 3000 2364 Quas
3029 2300 3184 2354 enim
3217 2315 3388 2355 neces
3417 2299 3500 2352 Si-

1849 2387 2104 2442 moniani
2131 2384 2509 2458 pra-valerent
2524 2386 2828 2441 catholicis
2848 2387 3078 2453 inferre,
3099 2389 3148 2442 si
3173 2387 3503 2460 praemoniti

1851 2494 1885 2532 a
1911 2477 2060 2530 bono
2081 2479 2310 2547 pastore
2330 2491 2436 2529 suo
2462 2475 2712 2543 Christo,
2739 2476 3072 2547 refugerent
3093 2494 3188 2532 eos
3220 2481 3506 2549 tanquam

1851 2569 2114 2636 pastores
2171 2563 2393 2633 audire,
2439 2579 2732 2636 suumque
2790 2565 3042 2620 favorem
3074 2570 3130 2620 ct
3157 2581 3530 2622 consensum.

1851 2652 2068 2708 talibus
2093 2652 2322 2706 furibus
2346 2652 2602 2723 prmbere
2623 2653 2650 2706 ἱ)
2677 2653 3068 2716 Quamobrem
3107 2653 3510 2726 multiplicatio

1851 2747 1906 2796 et
1935 2740 2179 2796 audacia
2201 2741 2396 2796 furum
2423 2746 2480 2796 et
2529 2739 2827 2796 latronum
2861 2742 3112 2798 maxime
3145 2744 3411 2815 provenit
3442 2760 3511 2799 ex

1857 2832 2067 2886 misera
2095 2829 2375 2902 patientia
2418 2829 2637 2896 ovium,
2671 2832 2976 2902 qumjusto
3000 2832 3094 2886 Dei
3117 2831 3342 2903 judicio
3376 2849 3506 2904 per-

1855 2924 2017 2985 eunt,
2051 2919 2188 2990 quia
2219 2919 2453 2974 duobus
2485 2918 2720 2974 indiciis
2751 2919 2909 2974 velut
2955 2921 3199 2976 totidem
3251 2921 3508 2978 testibus

1857 3011 2159 3081 praeventas
2193 3012 2250 3062 et
2281 3008 2520 3076 edoct4e,
2547 3009 2704 3064 fures
2726 3025 2927 3064 cavere
2960 3015 3061 3065 aut
3092 3009 3392 3082 neglexere
3409 3015 3510 3066 aut

1860 3102 2284 3168 contempsere.
2318 3096 2602 3169 Equidem
2663 3098 2778 3153 duo
2837 3097 3072 3169 indicia,
3105 3099 3322 3170 quibus
3353 3101 3510 3156 fures

1863 3190 2296 3260 cognoscerent,
2323 3185 2447 3241 suis
2479 3186 2672 3242 bonus
2711 3192 2912 3259 pastor
2950 3189 3253 3260 proposuit
3283 3188 3510 3256 ovibus,

1865 3275 1995 3332 utsi
2024 3276 2166 3330 forte
2189 3291 2373 3330 unum
2397 3274 2520 3330 sine
2543 3276 2902 3331 conscientia
2919 3293 3119 3332 eorum
3139 3273 3194 3331 et
3216 3275 3510 3332 voluntate

91 3345 183 3426 est
218 3345 454 3423 sanctas
471 3363 800 3434 Scripturas
823 3345 1374 3433 aspernantur.Qua
1398 3363 1553 3418 enim
1589 3379 1750 3418 reve-
1781 3345 1826 3411 Ε
1866 3365 2244 3435 contingeret,
2278 3363 2526 3419 alterum
2559 3365 2898 3419 devitareut.
2932 3365 3001 3419 Et
3029 3363 3192 3435 prius
3222 3363 3506 3419 indicium

92 3455 288 3513 rentia
312 3454 438 3524 jam
461 3451 786 3523 suscipiant
817 3451 1062 3505 aliorum
1089 3451 1546 3522 scntentias,qui
1577 3451 1754 3506 etiam

93 3547 291 3619 ipsius
325 3541 521 3613 magni
556 3539 852 3612 Propheta":
885 3545 940 3594 et
965 3540 1189 3594 Domini
1213 3540 1628 3611 prophetarum
1655 3539 1755 3594 de-

95 3632 379 3692 cretalem
413 3629 786 3695 sententiam,
819 3645 956 3700 qua,
981 3627 1334 3684 institutioni
1369 3633 1757 3684 sacramento-

96 3740 236 3781 rum
268 3735 511 3777 suorum
545 3717 941 3783 subscribens,
995 3717 1110 3773 ait:
1147 3741 1172 3766 ‹‹
1206 3717 1398 3772 Gratis
1431 3717 1757 3790 accepistis,

96 3813 290 3888 gratis
321 3811 454 3866 date
484 3808 702 3878 (Matth.
738 3825 793 3876 x,
841 3809 918 3878 8),
954 3829 981 3856 »
1033 3811 1154 3862 tam
1210 3806 1584 3878 pertinaciter
1629 3823 1760 3862 con-

100 3901 342 3958 culcant
363 3899 391 3953 ‘I
416 3896 586 3953 Tales
617 3895 727 3951 etsi
762 3896 1032 3951 videntur
1079 3896 1234 3950 intra
1271 3895 1582 3950 Ecclesiam
1613 3913 1760 3963 esse,

102 3991 251 4064 quia
285 3987 567 4043 nimirum
591 3990 650 4040 et
681 3985 837 4040 fures
861 4001 993 4040 cum
1029 3983 1588 4051 furantur,videntur
1612 3983 1768 4040 intra

103 4076 396 4143 ovile.Qui
430 4075 632 4146 utique
666 4073 862 4128 minus
921 4074 1470 4140 condemnarentur,
1507 4073 1552 4127 si
1605 4076 1768 4128 extra

107 4162 879 4225 furarentur.NonneJudaei
905 4166 963 4217 et
987 4162 1195 4234 pagani
1221 4161 1538 4233 aliquando
1562 4161 1766 4216 viden-

105 4261 212 4315 tur
241 4255 401 4310 intra
449 4251 782 4308 materiales
841 4249 1107 4306 Ecclesiae
1160 4249 1454 4322 parietes?
1479 4249 1544 4304 Et
1573 4255 1770 4305 tamen

107 4343 322 4418 quales
354 4339 1153 4420 intrant,tales,exeunt;imo
1187 4341 1412 4410 pejores
1444 4343 1584 4394 sunt
1613 4340 1774 4394 intus

108 4451 182 4491 ex
205 4430 666 4506 prazsumptione
679 4433 852 4484 suaet
875 4433 1373 4483 sacramentorum
1401 4427 1614 4498 injuria
1631 4426 1769 4482 alio-

109 4536 372 4592 rumque
402 4517 1064 4582 contaminationeQum
1097 4517 1252 4572 enim
1297 4533 1432 4587 pars
1458 4515 1612 4571 fideli
1639 4532 1774 4572 cum

111 4607 394 4667 infideli?
425 4609 500 4679 (ΙΙ
529 4608 651 4662 Cor.
688 4625 763 4674 v1,
797 4609 906 4678 15,)
939 4608 1039 4679 qui
1074 4611 1292 4672 tamen,
1329 4606 1586 4678 quandiu
1618 4606 1778 4662 intus

1865 3455 2061 3509 furum
2094 3457 2147 3507 et
2178 3451 2472 3506 latronum
2504 3453 2852 3524 proponitur
2883 3469 2952 3508 ex
2984 3453 3221 3508 introitu
3254 3453 3314 3506 in
3343 3451 3513 3520 ovile,

1867 3543 1916 3598 si
1948 3558 2061 3596 non
2093 3542 2155 3595 fit
2177 3557 2280 3612 per
2309 3541 2546 3611 ostium,
2583 3541 2684 3596 sed
2734 3539 2989 3597 aliunde.
3020 3540 3286 3596 Alterum
3319 3545 3518 3598 autem

1867 3635 1924 3686 et
1952 3628 2245 3702 incognita
2293 3629 2494 3684 ovibus
2536 3646 2696 3698 voce,
2729 3645 2907 3701 quam
2955 3629 3092 3685 hinc
3161 3647 3401 3687 necesse
3433 3633 3524 3686 est

1869 3737 1992 3791 qua:
2016 3719 2092 3773 sit
2120 3717 2370 3774 breviter
2399 3716 2786 3785 inculcemus,
2819 3717 2962 3789 quia
3010 3719 3080 3773 de
3143 3735 3417 3791 perverso
3443 3719 3526 3774 ins

1871 3809 2046 3864 troitu
2080 3807 2438 3864 sufficienter
2486 3806 2842 3862 inculcatum
2895 3811 3152 3880 putatur.
3185 3808 3348 3863 Sicut
3391 3825 3520 3880 vox,

1871 3897 2032 3953 verbi
2062 3896 2272 3969 gratia,
2293 3895 2639 3952 Arianorum
2673 3901 2762 3951 est
2791 3895 3006 3952 Filium
3038 3897 3325 3952 minorem
3355 3897 3525 3952 Patre

1876 3985 2285 4057 asscrere,ipso
2318 3983 2458 4041 Filio
2486 3985 2834 4040 reclamante
2853 4002 2905 4040 :«
2923 3987 3040 4058 Ego
3062 3989 3118 4041 et
3140 3989 3307 4042 Pater
3340 4001 3526 4043 unum

1876 4093 2082 4132 sumus
2113 4077 2298 4144 (Joan.
2335 4092 2388 4141 x,
2418 4075 2473 4146 7)
2503 4092 2517 4141 ;
2557 4098 2583 4123 ››
2617 4075 2703 4130 sic
2731 4073 3120 4131 nihilominus
3155 4075 3529 4132 Simoniano-

1881 4180 2011 4221 rum
2041 4181 2147 4218 vox
2178 4169 2297 4218 est:
2334 4162 2622 4236 Spiritum
2668 4168 2941 4219 sanctum
2997 4163 3263 4220 venalem
3293 4164 3529 4231 habere,

1881 4254 2232 4310 reclamante
2254 4253 2461 4308 eodem
2483 4253 2656 4324 cujus
2679 4253 2920 4325 spiritus
2941 4258 3030 4310 est
3049 4254 3306 4310 Christo:
3337 4276 3364 4305 «
3391 4253 3534 4310 Gra-

1882 4343 1956 4399 tis
1981 4341 2310 4414 accepistis,
2344 4341 2526 4414 gratis
2561 4341 2693 4396 date
2715 4341 2921 4412 (Matth.
2955 4360 3011 4411 x,
3044 4344 3118 4414 8).
3160 4365 3186 4392 ››
3218 4343 3400 4406 Quam
3429 4359 3532 4398 vo-

1885 4449 2009 4487 cem
2033 4429 2246 4485 Christi
2296 4429 2343 4484 si
2367 4434 2732 4502 cognoscunt
2761 4435 2817 4486 et
2865 4430 3057 4509 sciu_nt
3105 4433 3232 4501 ejus
3263 4447 3418 4498 oves,
3443 4448 3540 4488 ne-

1887 4536 2047 4576 cesse
2077 4524 2168 4574 est
2198 4523 2490 4590 pastorem
2523 4535 2695 4572 suum
2742 4523 3064 4590 sequantur
3094 4525 3152 4574 et
3177 4535 3290 4574 non
3321 4519 3536 4590 furem,

1887 4608 1986 4680 qui
2018 4607 2222 4680 procul
2255 4605 2429 4662 dubio
2477 4606 2704 4662 alienus
2755 4611 2878 4662 est:
2918 4624 3090 4679 quem
3139 4607 3267 4662 ideo
3297 4623 3411 4662 non
3445 4623 3535 4662 se-

112 4700 418 4764 videntur,
453 4695 719 4767 nunquid
753 4713 857 4767 pro
915 4694 1262 4751 Christianis
1313 4694 1655 4752 habentur?
1683 4695 1777 4751 Sic
1810 4717 1857 4781 D
1889 4701 2154 4769 quuntur
2171 4713 2330 4764 oves,
2353 4695 2452 4751 sed
2479 4694 2712 4768 fugiunt
2729 4695 2799 4750 ab
2824 4712 2912 4763 eo,
2947 4695 3088 4768 quia
3111 4712 3224 4752 non
3255 4699 3542 4751 noverunt

111 4785 329 4863 procul
364 4785 541 4841 dubio
564 4784 889 4841 Simoniani
924 4785 1065 4840 dum
1103 4784 1375 4839 videntur
1404 4784 1557 4840 intra
1587 4784 1781 4840 Eccle-

114 4878 299 4944 siam,
321 4878 462 4930 tunc
490 4873 678 4946 magis
701 4874 1050 4945 reprobandi
1072 4876 1128 4930 et
1152 4874 1307 4929 fures
1326 4873 1582 4929 habendi
1615 4878 1774 4929 sunt.

115 4964 232 5035 Qui
265 4963 526 5035 denique
554 4967 692 5018 tunc
723 4962 996 5018 credendi
1055 4967 1195 5018 sunt
1245 4962 1400 5017 fures
1440 4967 1497 5017 et
1526 4961 1782 5018 latrones

116 5071 243 5113 non
275 5069 340 5108 es
355 5069 440 5120 se,
475 5052 572 5106 ubi
596 5051 940 5123 probabitur
958 5067 1172 5123 eosper
1192 5051 1406 5106 ostium
1445 5051 1695 5107 intrasse
1725 5052 1785 5108 in

118 5141 297 5210 ovile,
337 5156 442 5197 nec
493 5139 731 5196 aliunde
779 5141 1136 5196 ascendisse.
1173 5141 1271 5195 Sin
1307 5139 1474 5207 alias,
1511 5157 1612 5196 nec
1642 5139 1786 5212 ipsis

119 5229 414 5302 exceptis,
448 5245 552 5286 nec
566 5228 929 5300 quibuslibet
949 5229 1255 5294 haereticis,
1279 5245 1504 5298 omnes,
1538 5233 1788 5286 testante

118 5317 404 5387 Domino,
439 5322 726 5390 quotquot
782 5323 989 5391 przeter
1035 5319 1251 5374 ostium
1293 5322 1596 5385 venerunt,
1631 5318 1790 5374 fures

119 5413 273 5468 sunt
305 5410 366 5464 et
396 5407 672 5462 latrones.
708 5407 813 5474 Qui
843 5424 915 5463 ne
948 5408 1092 5463 forte
1125 5411 1471 5480 putarentur
1502 5407 1560 5462 in
1593 5406 1790 5478 aliquo

120 5496 507 5562 utiles,sicut
525 5497 887 5566 mercenarii,
923 5498 1305 5568 subjunctum
1329 5499 1444 5551 est:
1479 5519 1505 5545 ‹‹
1535 5497 1646 5550 Fur
1673 5513 1788 5552 non

118 5586 290 5646 venit
321 5583 437 5640 nisi
468 5588 534 5640 ut
565 5585 790 5641 furetur
819 5591 875 5640 et
922 5590 1137 5642 mactet
1183 5590 1239 5640 et
1289 5585 1493 5656 perdat
1521 5584 1697 5656 (Joan.
1732 5601 1787 5653 x,

128 5677 245 5751 10).
282 5695 307 5724 1
334 5673 447 5730 Ubi
479 5677 616 5730 sunt
645 5691 781 5748 ergo
803 5673 901 5746 qui
922 5675 1240 5748 praedicant
1261 5673 1425 5730 bonis
1442 5675 1596 5746 quod
1625 5689 1794 5730 ama-

123 5767 204 5828 lis
237 5761 600 5820 Simonianis
659 5768 1005 5837 acceperunt
1061 5765 1282 5822 bonum
1340 5779 1455 5820 non
1486 5761 1676 5820 solum
1709 5764 1792 5820 nil

1893 4803 2092 4843 vocem
2116 4785 2732 4855 alienorum,quorum
2755 4800 2819 4839 os
2849 4783 3110 4857 loquitur
3139 4785 3454 4841 vanitatem
3487 4789 3546 4841 et

1893 4877 2126 4932 dextera
2155 4891 2352 4930 eorum
2383 4873 2964 4945 dexterainiquitatis
2985 4876 3372 4948 (Psat.cxuu,
3403 4873 3482 4944 8).
3519 4897 3547 4924 »

1895 4965 2056 5021 Unde
2089 4979 2259 5019 nemo
2303 4980 2365 5018 se
2408 4961 2624 5034 palpet,
2678 4977 2850 5018 nemo
2884 4963 2994 5020 sibi
3053 4964 3125 5020 ad
3185 4963 3550 5020 excusandas

1895 5053 2302 5110 excusationes
2321 5051 2383 5106 in
2404 5052 2654 5124 peccatis
2681 5056 2960 5124 tanquam
2987 5053 3122 5110 folia
3147 5051 3408 5110 ficulneae
3429 5053 3554 5110 suis

1897 5142 2189 5216 pudendis
2213 5139 2740 5214 aptet.Quicunque
2771 5141 3156 5199 auditvocem
3187 5142 3558 5199 Simoniano—

1897 5248 2031 5287 rum
2054 5229 2374 5286 dicentium
2401 5246 2412 5284 :
2450 5251 2478 5278 «
2511 5229 2637 5285 Non
2671 5231 2744 5285 do
2775 5230 2881 5286 tibi
2927 5232 3308 5306 baptismum,
3339 5249 3450 5286 non
3483 5231 3558 5286 do

1900 5319 2006 5375 tibi
2035 5318 2296 5391 corporis
2325 5321 2382 5374 et
2409 5317 2720 5389 sanguinis
2743 5319 2964 5376 Christi
2981 5323 3556 5384 sacramentum,non

1900 5409 1972 5464 do
2002 5409 2106 5463 tibi
2141 5407 2426 5480 Spiritum
2463 5412 2758 5478 sanctum,
2799 5426 2914 5464 non
2963 5410 3035 5464 do
3083 5407 3184 5463 tibi
3235 5404 3563 5478 quemlibet

1898 5497 2149 5570 gradum
2208 5495 2700 5568 ecclesiasticum,
2751 5515 2856 5553 nec
2888 5499 3034 5554 facio
3089 5493 3560 5553 consecrationes

1899 5585 2400 5653 ecclesiarum,vel
2433 5603 2820 5658 quascunque
2843 5585 2987 5642 alias
3019 5583 3562 5642 administrationes

1899 5675 2234 5731 divinorum
2269 5680 2798 5742 sacramentorum,
2833 5674 2943 5730 nisi
2994 5673 3222 5730 dederis
3255 5673 3403 5730 mihi
3435 5689 3572 5748 pre-

1904 5764 2054 5821 tium
2084 5783 2096 5831 ;
2136 5764 2339 5837 procul
2367 5765 2544 5820 dubio
2580 5781 2693 5820 non
2723 5768 2811 5820 est
2843 5761 2964 5820 ovis
2996 5762 3443 5832 Christi,oontra
3472 5779 3574 5820 oa-
