3864 6422
125 440 278 515 θον

705 444 1114 511 ADVERSUS
1158 441 1635 510 SlMONIACOS
1677 439 1886 506 LIBRI
1928 442 2153 508 TRES.
2193 443 2530 509 —LIBER
2570 442 2932 509 TERTIUS.

3361 446 3517 516 1210

123 596 317 637 meum
345 579 601 653 gratuito
621 580 649 636 ?
694 580 902 637 Nullus
933 582 1092 637 enim
1122 581 1181 636 in
1225 580 1389 636 vobis
1434 583 1525 635 est
1572 593 1761 650 usque
1791 590 1846 659 Α
1874 578 2105 635 tardum
2137 578 2261 634 fieri
2287 597 2301 647 ;
2324 578 2735 636 haereticorum
2767 584 2964 636 autem
2995 594 3102 637 nec
3130 597 3235 654 pro
3262 584 3522 655 tempore

125 669 195 724 ad
225 673 551 727 extremum
590 670 1018 735 ministrorum,
1052 687 1166 725 non
1214 671 1341 725 dico
1385 668 1659 725 sacerdos
1707 670 1765 722 et

119 758 327 824 caeteri,
359 758 459 814 sed
493 776 564 813 ne
585 760 808 830 janitor
852 758 1110 831 quidem,
1144 762 1202 814 et
1252 758 1351 830 qui
1392 758 1588 830 ignem
1620 772 1760 827 sup-

120 848 281 921 ponit
314 846 482 903 altari
524 849 595 903 ad
646 848 958 903 cremanda
1008 847 1367 909 holocausta,
1430 846 1530 919 qui
1583 862 1699 900 non
1731 860 1766 899 a

120 952 212 991 me
243 936 570 991 mercedem
604 936 1085 1008 accipiatlaboris
1116 936 1226 991 sui.
1250 957 1277 983 ››
1308 936 1424 990 Hoc
1455 939 1652 990 autem
1684 932 1769 988 di-

121 1025 217 1092 cit,
242 1024 502 1080 decimas
526 1025 866 1095 significans
895 1026 1159 1081 omnium
1195 1025 1429 1096 frugum
1462 1040 1587 1094 qua:
1636 1022 1769 1077 olfe-

122 1117 335 1168 runtur
356 1130 389 1169 a
418 1114 671 1185 pepulis,
707 1131 853 1185 quas
886 1116 1137 1186 profecto
1169 1114 1311 1168 dum
1339 1113 1593 1169 latrones
1645 1110 1763 1166 exi-

122 1206 291 1275 gunt,
318 1220 432 1257 non
453 1220 561 1258 sua
578 1204 903 1275 requirunt.
929 1204 1152 1275 Quippe
1173 1204 1388 1275 quibus
1413 1200 1640 1257 nullum
1664 1216 1765 1272 pro

123 1291 450 1346 ministerio
483 1292 675 1347 divino
709 1310 822 1364 quo
867 1292 1100 1364 penitus
1147 1297 1347 1347 carent
1378 1292 1621 1346 debetur
1668 1289 1772 1345 sti-

123 1380 426 1452 pendium,
488 1382 586 1437 scd
622 1381 809 1437 solum
834 1400 935 1453 pro
963 1399 1067 1437 suo
1091 1381 1414 1449 latrocinio,
1438 1379 1768 1452 patibulum

118 1468 206 1523 vel
238 1474 565 1525 extremum
599 1470 976 1541 supplicium.
1002 1471 1109 1534 Qui
1145 1476 1361 1538 tamen,
1396 1469 1539 1540 proh
1563 1467 1767 1524 dolori

120 1557 425 1613 multoties
454 1558 747 1629 accipiunt
778 1577 891 1614 non
927 1559 1118 1615 solum
1151 1560 1304 1631 quod
1344 1558 1558 1613 Christi
1594 1556 1767 1611 mini-

118 1646 258 1701 stris
292 1646 589 1717 reperiunt
619 1649 986 1719 deputatum,
1019 1649 1120 1703 sed
1153 1649 1393 1718 insuper
1414 1648 1569 1719 quod
1590 1646 1767 1701 inter-

120 1734 367 1800 dictum,
402 1752 535 1791 cum
587 1737 659 1791 ad
692 1736 771 1791 nil
803 1736 962 1793 aliud
1006 1737 1242 1792 veniant
1272 1741 1329 1792 et
1369 1736 1617 1802 valeant,
1653 1734 1763 1789 nisi

120 1827 186 1878 ut
218 1823 488 1878 furentur
518 1830 575 1880 et
602 1832 856 1882 mactcnt
886 1831 943 1881 et
974 1826 1238 1898 perdant.
1290 1827 1361 1881 Et
1391 1826 1525 1897 quis
1557 1839 1768 1880 sanum

123 1911 365 1982 sapiens
396 1917 591 1967 censet
617 1913 956 1983 hujusmodi
990 1914 1145 1970 fures
1166 1920 1221 1969 et
1240 1914 1495 1969 latrones
1522 1931 1555 1967 a
1577 1913 1770 1967 catho-

122 2000 257 2055 licis
290 1999 643 2068 tolerandos,
673 2020 817 2073 quos
865 2003 1149 2058 Dominus
1187 2008 1384 2058 censet
1414 2003 1497 2057 sic
1546 2002 1772 2073 fugien-

125 2090 255 2154 dos,
292 2093 359 2145 ut
383 2094 627 2145 testetur
656 2108 770 2145 non
810 2108 939 2147 esse
985 2109 1119 2147 oves
1169 2109 1294 2163 quae
1343 2091 1430 2146 vel
1485 2090 1777 2146 audierint

124 2178 259 2233 illos
282 2179 311 2232 ‘I
344 2178 410 2232 Et
439 2195 554 2249 qua
584 2178 771 2237 fronte
802 2180 1075 2253 prmdicat
1106 2180 1239 2252 quis
1261 2180 1651 2234 ministerium
1674 2178 1771 2234 ho-

121 2281 259 2320 rum
291 2263 662 2321 tolerandum
698 2272 751 2322 et
769 2268 1187 2339 recipiendum,
1214 2268 1393 2322 donec
1418 2266 1776 2339 synodaliter

118 2354 519 2425 deponantur,
549 2360 855 2428 totumque
876 2358 1029 2428 quod
1052 2373 1255 2412 eorum
1277 2356 1601 2412 ministerio
1632 2356 1774 2412 inte-

116 2442 232 2497 rim
266 2444 333 2497 tit
365 2442 427 2497 in
460 2444 614 2511 ovili,
648 2445 865 2501 bonum
896 2463 1023 2502 esse
1054 2451 1108 2501 et
1130 2450 1421 2513 sanctum,
1449 2445 1549 2518 qui
1582 2444 1773 2501 solum

111 2532 381 2600 furandi,
411 2534 707 2588 mactandi
739 2539 795 2589 et
812 2535 1089 2605 perdendi
1114 2535 1331 2590 habent
1348 2534 1774 2590 ministerium?

111 2621 172 2677 Si
206 2638 348 2692 ergo
382 2620 607 2676 bonum
637 2628 693 2677 et
723 2629 991 2679 sanctum
1024 2628 1111 2679 est
1140 2640 1271 2679 oves
1317 2624 1531 2679 Christi
1568 2624 1771 2691 furari,

115 2715 385 2767 mactare
416 2718 473 2765 et
503 2712 762 2781 perdere,
793 2713 1147 2768 sutferantur
1176 2713 1333 2767 fures
1389 2716 1446 2767 et
1491 2712 1769 2778 latrones,

115 2799 221 2872 qui
256 2798 337 2853 nil
378 2798 537 2853 aliud
570 2807 785 2855 norunt
838 2818 940 2856 nec
988 2806 1234 2873 possunt
1266 2802 1473 2868 facere,
1524 2800 1771 2856 Domino

115 2893 521 2962 protestante;
555 2890 647 2944 cui
681 2890 730 2945 si
763 2892 894 2963 quis
942 2893 1117 2947 audet
1158 2890 1572 2956 contradicere,
1606 2906 1771 2945 asse-

114 2996 256 3035 rens
289 2978 453 3033 fures
484 2983 539 3033 et
567 2978 821 3035 latrones
852 2980 1074 3051 aliquid
1101 2979 1262 3038 aliud
1291 2978 1427 3036 boni
1469 2996 1641 3035 nosse
1672 2983 1774 3034 aut

114 3084 298 3141 posse
329 3067 543 3132 facere,
575 3068 903 3140 disceptare
927 3070 1101 3124 etiam
1126 3073 1183 3126 et
1214 3067 1506 3140 injudicio
1538 3072 1772 3147 conten:

116 3159 258 3214 dere
292 3172 433 3212 cum
466 3156 712 3211 Domino
745 3159 975 3227 audeat,
1009 3163 1084 3225 et,
1120 3158 1168 3213 si
1209 3162 1422 3230 potest,
1452 3174 1587 3212 eum
1612 3173 1773 3213 men-

112 3248 298 3303 titum
346 3254 574 3317 arguat.
609 3246 667 3301 Si
698 3252 895 3303 autem
928 3264 1098 3303 nemo
1148 3246 1615 3302 Christianorum
1665 3246 1773 3301 hoc

1802 1962 1851 2028 B

1873 684 1976 723 nec
2009 684 2067 723 re
2098 667 2442 740 aliquandiu
2475 668 2721 736 differri,
2753 670 2856 725 sed
2891 686 3026 725 mox
3055 674 3123 725 ut
3165 671 3528 729 innotuerint

1874 757 2016 813 fieri.
2052 757 2215 813 Unde
2256 775 2431 829 super
2462 758 2615 813 male
2635 758 2968 815 viventibus
2990 759 3207 816 Christi
3241 754 3527 819 ministris

1873 845 2159 901 catholica
2188 846 2349 918 plebs
2382 848 2555 902 debet
2586 845 3021 903 Catholicorum
3060 854 3401 921 exspectare
3432 868 3523 924 sy-

1876 934 2115 1004 nodum,
2148 952 2251 991 nec
2282 936 2553 1006 abjicere,
2589 937 2773 991 donec
2806 953 2903 993 eos
2935 936 3177 1008 abjiciat
3220 941 3528 996 commini-
3568 986 3579 993 .

1877 1028 2132 1078 strorum
2161 1024 2246 1079 vel
2272 1025 2688 1096 magistrorum
2719 1042 2961 1081 suorum
2994 1026 3332 1099 arbitrium,
3358 1030 3531 1100 juxta

1877 1113 2032 1183 quod
2063 1113 2230 1168 docet
2258 1114 2565 1170 Salomon:
2619 1135 2644 1167 u
2676 1114 2861 1183 Oculi,
2908 1115 3203 1187 inquiens,
3237 1116 3324 1172 tui
3370 1124 3529 1176 recta

1875 1201 2127 1267 videant,
2163 1206 2218 1257 et
2247 1202 2536 1273 palpebrae
2566 1207 2676 1258 tuae
2724 1204 3059 1277 prazcedant
3102 1221 3347 1277 gressus
3391 1210 3553 1264 tuos

1879 1290 2060 1361 (Prov.
2115 1308 2192 1358 1v,
2240 1292 2353 1361 25).
2390 1314 2417 1340 »
2478 1291 2633 1347 Solet
2691 1309 2900 1364 nempe
2958 1294 3186 1349 evenire
3244 1298 3311 1349 ut
3365 1296 3521 1366 quod

1878 1378 2238 1451 imperfectis
2269 1381 2498 1437 videtur
2530 1381 2912 1447 intolerabile,
2948 1382 3219 1453 perfectis
3259 1383 3527 1439 videatur

1878 1468 2198 1539 tolerabile,
2233 1474 2290 1525 ct
2318 1487 2348 1523 e
2381 1471 2670 1525 contrario
2704 1471 2971 1542 perfectis
3002 1471 3289 1526 habeatur
3318 1472 3521 1529 intole-

1880 1558 2060 1613 rabile
2094 1561 2247 1630 quod
2274 1560 2631 1632 imperfectis
2664 1558 2979 1615 tolerabile.
3005 1560 3127 1623 Quo
3158 1559 3432 1633 ambiguo
3453 1578 3524 1617 ne

1881 1646 2023 1702 forte
2056 1648 2293 1704 fallatur
2323 1655 2424 1704 aut
2456 1648 2887 1704 scandalizetur
2914 1648 3191 1716 Ecclesia,
3243 1648 3530 1721 patienter

1878 1738 2333 1808 exspectandum
2386 1742 2475 1793 est
2506 1741 2563 1793 et
2622 1738 2938 1809 sapienter,
3001 1738 3186 1793 donec
3233 1737 3529 1810 synodalia

1879 1823 2026 1879 illud
2061 1826 2353 1881 discernat
2385 1832 2440 1881 et
2471 1826 2821 1882 determinet
2866 1826 3176 1882 sententia.
3213 1828 3399 1893 Quam
3430 1826 3531 1899 qui

1881 1919 2079 1969 censet
2106 1916 2557 1986 exspectandam
2589 1920 2644 1970 et
2674 1914 2732 1969 in
2784 1914 3070 1969 haereticis
3104 1919 3239 1987 post
3283 1915 3531 1971 concilia

1884 2003 2063 2058 semel
2096 2003 2294 2060 habita
2321 2005 2392 2059 de
2424 2003 2561 2073 illis,
2586 2004 2782 2059 nescio
2808 2021 2881 2059 an
2904 2003 3238 2059 Catholicus
3260 2020 3391 2059 vere
3412 2004 3527 2061 dici

1884 2096 2117 2163 posset;
2150 2109 2284 2147 nam
2318 2093 2646 2164 cuicunque
2677 2092 2951 2165 quaelibet
2978 2092 3215 2148 hznresis
3247 2092 3305 2148 in
3333 2093 3526 2150 Eccle-

1885 2180 1972 2236 sia
2001 2181 2228 2239 videtur
2256 2181 2599 2246 tolerabilis,
2633 2182 2789 2237 haud
2834 2181 3008 2237 dubie
3037 2198 3072 2237 a
3097 2181 3385 2239 catholica
3412 2182 3527 2239 ﬁde

1884 2271 2249 2343 naufragavit
2279 2275 2378 2327 aut
2405 2271 2637 2327 excidit.

2480 2377 2712 2433 CAPUT
2742 2376 2931 2432 XLIV.

1884 2467 2166 2538 Exemplis
2188 2468 2484 2538 prapositis
2521 2466 2821 2520 ostenditur
2852 2465 3130 2521 haereticos
3178 2482 3280 2520 nec
3324 2465 3394 2520 ad
3439 2466 3533 2521 ho-

1956 2555 2081 2611 ram
2111 2556 2146 2593 a
2169 2538 2451 2593 catholicis
2501 2539 2747 2611 antiquis
2778 2538 3048 2606 toleratos,
3081 2545 3133 2592 et
3173 2539 3536 2594 mercenaries

1957 2615 2007 2665 lo
2018 2609 2237 2665 (erutos.

1953 2716 2231 2787 Nunquid
2256 2719 2515 2787 tempore
2535 2714 2884 2770 Arianorum
2910 2731 3011 2770 seu
3039 2712 3289 2770 aliorum
3312 2714 3534 2771 haereti-

1882 2820 2084 2859 corum
2107 2804 2294 2859 sicubi
2319 2802 2629 2858 Catholicis
2658 2802 2966 2858 haereticus
2987 2802 3234 2875 quilibet
3250 2804 3421 2859 datus
3444 2806 3535 2859 est

1882 2892 2214 2964 episcopus,
2239 2891 2633 2965 ministerium
2657 2891 2785 2962 ejus
2806 2889 3121 2947 toleravere
3141 2895 3243 2947 aut
3263 2895 3533 2947 sanctum

1881 2980 2136 3036 habuere
2158 2979 2448 3047 catholici,
2492 2994 2800 3051 quousque
2831 2979 3189 3051 synodaliter
3219 2981 3534 3052 deponere-

1882 3070 2022 3124 tur?
2043 3069 2203 3135 Quod
2228 3086 2344 3123 non
2377 3069 2559 3123 fuisse
2592 3067 2912 3140 aliquando
2943 3068 3256 3125 toleratum
3287 3069 3538 3126 aCatho—

1882 3158 2013 3214 licis
2046 3175 2179 3214 cum
2211 3175 2280 3213 ex
2311 3157 2513 3213 multis
2543 3156 2761 3213 clareat
2789 3152 3076 3224 hi'storiis,
3123 3162 3249 3213 tum
3299 3175 3368 3214 ex
3418 3160 3540 3214 Tri-

1885 3248 2117 3320 pertita,
2141 3264 2268 3318 quae
2296 3251 2496 3303 narrat
2525 3262 2738 3318 pueros
2761 3246 2942 3318 pilam
2972 3246 3254 3303 lusoriam
3282 3247 3539 3304 ﬂammis

105 3338 313 3403 audet,
350 3336 635 3391 concedat
672 3353 907 3393 necesse
955 3343 1045 3392 est
1101 3336 1442 3407 hujusmodi
1501 3336 1659 3391 fures
1717 3340 1771 3391 et
1803 3328 1846 3395 C
1884 3337 2171 3409 expiasse,
2205 3336 2344 3408 quia
2374 3335 2462 3391 vel
2494 3336 2553 3390 in
2585 3336 2763 3407 pedes
2796 3336 2961 3392 aselli
2991 3352 3106 3407 quo
3138 3336 3445 3392 haereticus
3468 3337 3533 3393 il-

103 3427 375 3484 latrones
411 3440 530 3478 non
562 3424 672 3480 nisi
706 3425 927 3481 malum
960 3425 1069 3481 sibi
1112 3428 1169 3480 et
1217 3423 1345 3479 aliis
1376 3424 1582 3479 facere.
1617 3426 1770 3491 Qua-

99 3520 356 3590 propter
386 3530 497 3568 cur
527 3518 807 3585 putantur
844 3513 1166 3570 Simoniani
1199 3512 1495 3568 multoties
1526 3518 1582 3568 et
1625 3530 1771 3585 pene

98 3605 375 3679 quotidie
402 3603 767 3674 synodaliter
796 3602 1143 3675 deponendi,
1179 3602 1280 3673 qui
1304 3602 1377 3656 ab
1399 3601 1565 3657 initio
1589 3602 1768 3657 semel

96 3694 285 3753 simul
321 3698 382 3748 et
418 3692 926 3748 irretractabiliter
959 3692 1033 3748 ab
1063 3690 1457 3762 apostolorum
1489 3690 1768 3763 principi-

100 3786 219 3841 bus
252 3784 425 3839 t‘uere
456 3780 727 3853 depositi,
751 3782 906 3838 sicut
937 3786 991 3837 et
1021 3786 1223 3853 postea
1251 3780 1323 3834 ab
1355 3779 1691 3836 orthodoxis
1712 3784 1771 3837 et

98 3870 426 3931 catholicis
462 3870 734 3925 Patribus
767 3870 863 3925 alii
896 3870 954 3925 in
986 3871 1112 3942 ipso
1144 3874 1272 3925 ortu
1319 3886 1424 3923 suo
1473 3868 1769 3924 haeretici?

94 3963 408 4039 siquidem
440 3960 669 4031 quoties
700 3975 932 4032 quoque
953 3959 1109 4015 mala
1129 3958 1301 4014 arbor
1316 3957 1597 4015 radicitus
1618 3956 1767 4014 evel-

90 4052 263 4121 litur,
299 4048 617 4107 incassum
647 4048 968 4103 creduntur
997 4046 1147 4102 rami
1177 4046 1305 4115 ejus
1334 4044 1523 4100 vivere
1551 4050 1655 4101 aut
1683 4045 1769 4099 vi-

85 4140 248 4198 cturi
283 4138 410 4195 nisi
445 4139 506 4191 et
562 4135 674 4207 ipsi
706 4136 1049 4203 avellantur,
1106 4151 1241 4190 cum
1287 4134 1345 4188 in
1400 4150 1517 4189 suae
1562 4134 1770 4190 matris

82 4228 409 4288 evulsione
442 4228 506 4281 et
535 4224 647 4298 ipsi
671 4224 853 4280 evulsi
888 4228 1317 4296 computentur.
1350 4224 1442 4278 Sic
1482 4228 1538 4279 et
1569 4224 1765 4294 cujus-

81 4322 233 4378 libet
263 4313 539 4375 haeretici
568 4314 857 4386 depositio
886 4318 1169 4385 tanquam
1202 4312 1487 4369 abscissio
1530 4330 1645 4369 non
1678 4318 1768 4369 est

82 4413 147 4469 in
180 4406 461 4481 singulis
498 4403 764 4476 personis
805 4420 910 4459 ceu
939 4402 1000 4459 in
1044 4402 1296 4474 singulis
1343 4401 1525 4458 ramis
1573 4402 1767 4475 requi-

83 4503 303 4569 renda,
341 4496 396 4554 si
440 4494 743 4548 auctorem
793 4491 1078 4547 haereseos
1112 4491 1271 4547 velut
1319 4490 1485 4546 malae
1542 4492 1768 4547 arboris

84 4592 365 4653 radicem
399 4580 645 4659 penitus
678 4579 946 4636 evulsum
978 4584 1243 4637 constat:
1277 4580 1433 4651 quod
1467 4579 1770 4637 catholicis

1878 3425 1995 3482 lius
2018 3429 2157 3481 tunc
2180 3424 2429 3480 civitatis
2455 3424 2764 3495 episcOpus
2791 3425 3139 3494 vectabatur,
3165 3441 3303 3480 casu
3325 3441 3528 3481 excur-

1881 3514 2184 3585 risset.Cuj
2197 3530 2261 3569 us
2276 3528 2508 3585 quoque
2522 3511 2760 3567 balneas
2778 3512 2861 3567 sic
2875 3511 3245 3568 exhorruisse
3258 3513 3528 3569 feruntur

1880 3602 2177 3673 Catholici,
2203 3602 2357 3674 quod
2391 3618 2504 3656 non
2528 3599 2717 3656 solum
2740 3617 2877 3655 cum
2910 3600 3030 3669 illo,
3065 3603 3166 3658 sed
3189 3606 3247 3658 et
3276 3603 3402 3659 sine
3430 3602 3528 3660 ilio

1880 3692 1958 3746 ibi
1991 3689 2173 3746 lavari
2204 3692 2594 3754 recusassent,
2638 3688 2987 3761 priusquam
3036 3690 3213 3745 etiam
3245 3691 3373 3747 loca
3401 3691 3529 3764 ipsa

1880 3780 2210 3836 recentibus
2240 3778 2498 3851 lymphis
2516 3777 2870 3849 expiassent.
2893 3781 3076 3844 Quem
3094 3779 3525 3845 Catholicorum

1879 3869 2093 3939 zelum,
2126 3868 2370 3938 bonum,
2403 3866 2716 3922 Catholicis
2739 3867 3015 3922 omnibus
3037 3868 3109 3923 ad
3142 3868 3528 3924 imitationem

1879 3958 2268 4030 propositum,
2304 3974 2376 4011 ne
2398 3956 2533 4028 quis
2564 3960 2728 4028 putet
2758 3956 2817 4011 in
2843 3973 2981 4028 pace
3002 3956 3139 4012 etin
3162 3955 3359 4030 aliqua
3376 3962 3529 4014 tem-

1882 4047 2066 4121 porali
2096 4046 2554 4102 Christianitatis
2586 4045 2846 4119 potentia
2893 4046 3380 4115 demonstratum,
3424 4063 3526 4102 no~

1877 4137 2026 4193 verit
2055 4140 2316 4208 tempore
2364 4134 2712 4191 Arianorum
2756 4135 3179 4208 imperatorum
3210 4139 3265 4191 et
3310 4135 3530 4208 princi-

1880 4243 2022 4300 pum
2054 4225 2163 4281 hoc
2192 4226 2434 4292 factum,
2468 4242 2504 4280 a
2532 4225 2749 4297 quibus
2768 4229 3004 4296 propter
3033 4224 3141 4281 hoc
3170 4224 3300 4298 ipsa
3328 4224 3533 4281 civitas

1880 4316 2017 4372 data
2046 4314 2154 4369 fuit
2183 4312 2401 4387 gladio,
2437 4318 2494 4369 et
2526 4313 2821 4369 trucidata
2851 4310 3111 4370 maxime
3134 4330 3270 4387 pars
3296 4314 3529 4371 civium.

1880 4405 1990 4472 Qui
2022 4407 2241 4477 quanta
2271 4402 2570 4458 alacritate
2607 4403 2678 4459 ad
2710 4406 2957 4458 mortem
2994 4420 3098 4475 pro
3149 4403 3283 4460 ﬁdei
3333 4404 3531 4460 catho-

1880 4494 2004 4551 licae
2038 4493 2397 4549 confessione
2421 4495 2899 4565 preperaverunt,
2925 4493 3201 4564 quodque
3225 4493 3531 4549 carniﬁces

1884 4583 2047 4657 prius
2077 4582 2412 4637 defecerunt
2430 4579 2779 4653 jugulando,
2814 4596 2991 4652 quam
3014 4580 3204 4637 devoti
3226 4580 3378 4637 cives
3399 4598 3529 4638 esse

84 4679 380 4759 quamvis
413 4669 577 4732 male
604 4669 933 4727 viventibus
963 4673 1187 4726 certum
1246 4674 1336 4726 est
1381 4686 1498 4725 non
1550 4670 1774 4726 contin-
1803 4696 1851 4762 Β
1875 4671 2294 4744 jugulantibus
2323 4670 2615 4726 offerendo
2649 4673 2706 4725 et
2736 4669 3073 4741 ingerendo,
3097 4669 3367 4742 quisquis
3389 4686 3529 4725 enu-

80 4789 250 4850 gere,
302 4776 579 4842 quorum
639 4760 823 4850 radix,
883 4758 1139 4850 Ecclesia
1192 4758 1411 4814 scilicet
1461 4759 1768 4850 catholica,

80 4846 208 4922 non
240 4856 604 4919 eradicatur
630 4849 968 4921 aliquando,
1000 4847 1176 4903 etiam
1208 4863 1343 4902 cum
1376 4846 1647 4904 nonnulli
1677 4865 1768 4904 ra-

78 4967 336 5013 morum
360 4947 504 5019 ejus
526 4956 633 5014 pro
655 4956 773 4995 sua
797 4937 1121 4995 sterilitatis
1141 4940 1243 4993 aut
1262 4936 1767 5010 incompositionis

77 5043 454 5119 amputatur
485 5030 655 5088 vitio.
687 5028 797 5094 Qui
847 5027 1110 5100 quandiu
1141 5044 1175 5083 a
1205 5042 1313 5083 sua
1344 5030 1526 5083 matre
1562 5029 1767 5083 arbore

76 5115 440 5209 portantur,
476 5123 588 5180 aut
616 5117 1019 5209 meliorantur,
1048 5119 1152 5209 aut
1180 5115 1260 5209 ad_
1285 5116 1557 5209 umbram
1586 5115 1773 5209 homi-

73 5203 231 5283 num
261 5219 362 5280 vel
394 5214 477 5273 ad
513 5206 991 5281 repensationem
1021 5204 1216 5261 avium
1245 5203 1556 5261 habentur.
1591 5206 1685 5262 Sic
1715 5210 1771 5262 et

73 5314 222 5373 mali
258 5312 442 5368 bona
468 5296 778 5359 catholica
802 5294 1079 5364 ministri,
1103 5295 1373 5367 quamvis
1395 5294 1549 5352 male
1574 5295 1771 5353 vivant

69 5405 217 5475 sibi,
252 5406 495 5463 tamen,
533 5387 725 5445 donec
775 5386 1126 5443 differuntur
1168 5383 1499 5475 depositum
1536 5385 1639 5475 iri,
1672 5388 1772 5475 aut

70 5473 391 5565 contingit
420 5497 532 5542 eos
565 5476 890 5542 melici-ari,
913 5479 1014 5565 aut
1032 5478 1185 5531 certe
1206 5473 1502 5546 aliquibus
1532 5474 1766 5565 interim

68 5564 341 5646 conferri
380 5565 676 5633 nonnihil
709 5564 1020 5622 commodi.
1055 5565 1137 5619 Ex
1159 5564 1377 5635 quibus
1424 5565 1603 5621 datur
1645 5564 1767 5621 ani-

68 5669 377 5736 madverti
411 5656 868 5723 Catholicorum
913 5653 1065 5711 male
1102 5653 1422 5710 viventium
1452 5656 1767 5728 depositio-

68 5786 216 5829 nem
248 5779 365 5841 pro
401 5761 689 5821 tempore
718 5750 776 5803 et
803 5762 863 5802 re
908 5744 1256 5817 plerumque
1300 5744 1543 5818 differri,
1576 5749 1631 5803 et
1676 5745 1763 5803 in-

1881 4760 2126 4816 cleatius
2158 4775 2332 4815 nosse
2378 4759 2687 4827 desiderat,
2738 4758 3034 4831 praefatam
3083 4758 3386 4815 historiam
3437 4775 3527 4814 re-

1877 4848 2089 4905 volvat.
2126 4848 2210 4904 Ibi
2241 4847 2397 4903 enim
2423 4864 2539 4903 non
2567 4850 2800 4903 tantum
2826 4847 2969 4915 haec,
2993 4847 3093 4904 sed
3116 4852 3173 4904 et
3192 4846 3306 4904 alia
3328 4865 3442 4921 qua
3454 4865 3533 4903 m-

1881 4936 2139 5011 plurima
2168 4935 2443 5004 ludibria,
2477 4936 2739 5005 verbera,
2774 4934 3033 5008 pericula
3060 4940 3119 4992 et
3167 4937 3384 4993 damna
3421 4939 3533 4993 Ca-

1881 5026 2127 5083 tholicos
2158 5025 2232 5081 ab
2261 5024 2550 5081 haereticis
2590 5042 2899 5097 perpessos
2932 5024 3205 5082 inveniet.
3238 5030 3379 5082 Post
3406 5043 3532 5099 quae

1882 5115 2198 5189 mala,quis
2211 5115 2820 5171 enumeraresufficiet
2834 5119 3053 5187 quanta
3067 5116 3536 5173 constantiacru-

1881 5206 2199 5262 delioribus
2217 5204 2375 5261 omni
2398 5205 2588 5261 bestia
2608 5204 2929 5261 Guandalis
2953 5206 3013 5261 i'n
3035 5215 3071 5260 Α
3086 5207 3229 5263 frica
3249 5205 3531 5262 catholica

1880 5295 2161 5352 restiterit
2181 5294 2457 5361 Ecclesia,
2472 5294 2650 5350 etiam
2671 5295 2779 5352 sub
2796 5294 3127 5352 innumeris
3148 5301 3205 5351 et
3225 5294 3528 5366 exquisitis

1879 5383 2188 5457 suppliciis
2205 5383 2427 5440 diutius
2443 5383 2631 5439 vivere
2657 5384 2980 5456 compulsa,
3004 5385 3212 5455 vixque
3232 5399 3358 5438 sero
3377 5381 3525 5437 mori

1877 5474 2186 5548 permissa.
2224 5473 2387 5529 Unde
2419 5490 2499 5527 vae
2550 5472 3042 5546 prosperitatibus
3090 5470 3525 5528 Catholicorum

1877 5562 2064 5620 nostri
2086 5556 2389 5634 temporis,
2415 5562 2633 5634 quibus
2655 5562 2985 5619 Christiana
3009 5562 3149 5617 fides
3170 5560 3297 5617 sine
3328 5560 3528 5633 aliqua

1876 5657 1977 5710 aut
2005 5652 2099 5707 vix
2128 5667 2264 5706 cum
2298 5650 2498 5723 aliqua
2527 5651 2619 5707 sui
2653 5666 3011 5721 suarumque
3051 5666 3247 5706 rerum
3287 5651 3528 5723 jactura

1875 5741 2225 5802 subducitur
2241 5744 2299 5797 et
2315 5744 2694 5813 extorquetur
2704 5741 2811 5797 sub
2828 5739 3131 5814 princibus
3150 5738 3526 5798 Christianis-
