3864 6354
108 446 295 520 1213

990 452 1284 520 FRAGM.
1334 448 1939 519 DISPUTATIONIS
1984 448 2301 514 CONTRA
2344 449 2699 515 GRAECOS.

3389 452 3545 517 {2M

431 650 1224 767 FBAGMENTUM
1295 643 2158 763 DlSPU'l‘ATIONIS
2226 645 2669 759 CONTRA
2743 646 3247 764 GRAECOS-

194 854 325 908 Vos
349 852 524 907 ﬁdem
542 849 776 907 illorum
792 846 1575 923 ignoraredicetis.Nunquid
1590 847 1783 902 orth’o-
1814 845 1861 912 Α
1896 849 2053 903 enim
2084 849 2143 904 in
2174 848 2290 905 Deo
2322 866 2439 905 non
2469 852 2822 921 est.Semper
2850 850 3007 906 enim
3032 854 3121 907 est
3145 854 3305 924 quod
3329 857 3437 910 est.
3460 853 3550 925 Et,

112 940 301 996 doxis
334 940 605 995 Patribus
636 940 965 1012 ignorantia
992 944 1183 994 vestra
1213 937 1600 1010 prznjudicat?
1622 936 1782 991 Nun-

113 1030 277 1100 quid
312 1046 425 1084 non
477 1029 666 1101 magis
716 1045 814 1084 vos
863 1028 1035 1101 culpa
1082 1027 1447 1100 negligentiae
1492 1026 1783 1081 damnat?

112 1119 288 1189 quod
325 1119 373 1172 si
426 1124 659 1173 sanctos
707 1119 905 1173 Patres
954 1118 1126 1174 ﬁdem
1174 1117 1334 1171 illam
1367 1133 1481 1171 non
1507 1115 1785 1170 habuisse

109 1207 513 1273 contenditis,
546 1212 603 1262 et
623 1206 801 1261 libros
829 1224 1028 1261 eorum
1050 1205 1289 1261 falsatos
1321 1204 1602 1269 asseritis,
1635 1208 1693 1258 et
1722 1203 1781 1258 in

111 1295 235 1350 hoc
290 1313 524 1367 quoque
576 1296 891 1367 recipiendi
941 1294 1277 1350 nullatenus
1325 1294 1466 1349 estis
1505 1293 1783 1364 quoniam

108 1388 502 1440 causationes
528 1385 867 1453 liujusmodi
886 1384 1061 1439 nullis
1085 1382 1506 1438 assertionibus
1537 1382 1783 1454 probare

113 1474 398 1545 potestis.
434 1475 495 1528 ln
528 1472 691 1529 nulla
722 1489 977 1545 namque
1009 1473 1227 1543 synodo
1261 1472 1371 1526 tale
1403 1470 1780 1542 sacrilegium

112 1564 351 1618 nostris
384 1564 721 1634 opponitur,
757 1563 912 1634 quod
935 1566 1128 1617 tamen
1150 1566 1370 1616 vestros
1387 1560 1590 1615 fecisse
1614 1576 1783 1631 syno-

110 1652 234 1707 dus
272 1670 329 1705 vx
361 1656 628 1706 testatur.
665 1651 773 1706 Sed
809 1651 877 1706 ad
913 1668 1031 1706 rem
1054 1650 1449 1717 veniamus,et
1481 1650 1784 1704 videamus

112 1740 269 1813 quid
304 1741 483 1795 etiam
517 1742 572 1796 in
609 1746 870 1797 sanctam
900 1742 1355 1812 Scripturam,et
1384 1740 1443 1795 in
1474 1741 1664 1811 ipsam
1690 1756 1784 1794 ca-

113 1828 409 1885 tholicam
442 1830 614 1884 ﬁdem
648 1830 1067 1901 peccetis.Cum
1090 1831 1246 1885 enim
1269 1829 1522 1902 Spiritus
1545 1833 1785 1885 sanctus

115 1918 344 1991 plenus
373 1922 429 1973 et
460 1918 749 1989 perfectus
781 1920 857 1973 sit
886 1918 1063 1985 Deus,
1092 1923 1149 1973 et
1178 1918 1417 1990 aequalis
1453 1935 1555 1990 per
1586 1917 1788 1973 omnia

116 2006 285 2063 Patri
322 2010 379 2061 et
411 2006 554 2061 Filio
584 2007 740 2077 quod
771 2006 983 2061 dicitur
1010 2007 1263 2078 Spiritus
1297 2007 1503 2075 Patris,
1541 2012 1595 2062 et
1629 2007 1782 2079 quod

118 2097 304 2152 Pater
344 2112 478 2151 eum
511 2096 612 2150 dat
644 2099 700 2150 et
727 2096 908 2151 mittit
934 2100 991 2151 et
1018 2095 1284 2163 effundit,
1318 2095 1407 2151 vel
1442 2096 1650 2167 siquid
1684 2096 1787 2150 hu-

115 2185 399 2257 jusmodi
434 2184 667 2255 legitur,
703 2183 925 2240 nullam
956 2186 1296 2240 servitutem
1323 2185 1409 2240 vel
1444 2184 1785 2241 minoratio-
1817 2214 1865 2279 Β

119 2291 263 2331 nem
302 2273 821 2345 signiﬁcat.Neque
843 2274 997 2329 enim
1030 2274 1199 2329 Pater
1228 2274 1483 2329 velDeus
1518 2275 1646 2344 ejus
1677 2279 1785 2343 est,

118 2363 212 2419 vel
247 2363 541 2418 Dominus
575 2364 703 2433 ejus
750 2368 857 2429 est,
910 2363 1048 2435 quia
1093 2364 1280 2433 major
1310 2380 1424 2418 non
1456 2367 1560 2418 est.
1597 2364 1787 2434 Majus

116 2454 287 2510 enim
320 2452 409 2508 vel
440 2453 637 2508 minus
668 2452 726 2507 in
749 2452 862 2507 Deo
895 2469 1010 2508 non
1036 2452 1261 2519 est.Qui
1280 2453 1437 2508 enim
1464 2454 1656 2508 minor
1676 2457 1785 2519 est,

115 2542 428 2616 perfectus
460 2541 614 2597 Deus
642 2558 757 2597 non
789 2542 1004 2613 est,qui
1034 2557 1167 2597 vero
1199 2542 1489 2614 perfectus
1529 2559 1643 2597 non
1675 2547 1784 2609 est,

117 2649 229 2688 nec
262 2630 512 2687 omnino
542 2632 695 2686 Deus
728 2635 835 2698 est,
869 2631 1007 2702 quia
1034 2630 1187 2687 Deus
1218 2631 1508 2703 perfectus
1541 2632 1785 2703 est.Spi-

112 2722 270 2779 ritus
305 2724 509 2777 autem
542 2725 781 2775 sanctus
804 2720 929 2775 ideo
951 2720 1104 2775 Deus
1128 2724 1236 2787 est,
1260 2720 1399 2791 quia
1429 2720 1499 2776 de
1529 2721 1643 2776 Deo
1674 2726 1782 2777 est.

109 2811 273 2867 Nihil
305 2810 472 2865 enim
505 2809 575 2863 de
606 2809 721 2864 Deo
751 2812 857 2875 est,
892 2808 1004 2863 nisi
1049 2809 1204 2879 quod
1237 2808 1387 2865 Deus
1437 2813 1547 2877 est,
1579 2810 1678 2881 qui
1710 2810 1783 2865 ob

112 2901 229 2957 hoc
264 2898 472 2955 solum
508 2898 761 2969 Spiritus
793 2898 978 2953 Patris
1027 2902 1135 2965 est,
1169 2898 1309 2969 quia
1354 2899 1423 2953 de
1453 2899 1620 2954 Patre
1650 2903 1737 2955 est
1767 2917 1780 2955 :

117 2991 263 3063 quia
295 2988 348 3044 si
384 2988 455 3043 de
485 3004 551 3042 eo
604 3003 719 3041 non
776 2990 951 3056 esset,
1000 2986 1337 3042 nullatenus
1369 2987 1625 3059 Spiritus
1656 2989 1784 3060 ejus

115 3083 278 3137 esset
311 3096 326 3147 ;
361 3080 438 3142 et,
473 3076 625 3131 sicut
659 3075 834 3132 Filius
864 3076 1179 3131 essentiam
1214 3076 1389 3132 habet
1421 3094 1454 3131 a
1484 3076 1648 3133 Patre
1681 3094 1783 3133 na-

116 3168 366 3233 scendo,
394 3166 477 3221 ita
507 3165 762 3237 Spiritus
795 3165 1180 3237 procedendo.
1199 3164 1496 3221 Processio
1532 3183 1784 3238 namque

118 3257 423 3330 signiﬁcat
452 3254 769 3310 essentiam
802 3253 1056 3325 Spiritus
1084 3253 1291 3308 sancti.
1326 3252 1480 3308 Nihil
1514 3255 1671 3310 enim
1722 3255 1781 3311 in

115 3343 382 3419 simplici
412 3343 540 3413 ejus
572 3347 784 3398 natura
813 3341 972 3398 aliud
1003 3340 1223 3413 aliquid
1256 3345 1368 3409 est,
1413 3359 1593 3414 quam
1625 3344 1780 3415 quod

113 3438 225 3492 est.
256 3434 446 3505 Igitur
476 3432 594 3488 sive
630 3431 883 3503 Spiritus
923 3435 1163 3487 sanctus
1194 3431 1516 3503 procedens
1546 3448 1579 3486 a
1610 3436 1782 3489 Patre

112 3524 373 3592 dicatur,
407 3520 527 3576 sive
560 3520 778 3576 missus
807 3538 841 3575 a
872 3520 1056 3587 Patre,
1091 3521 1209 3575 sive
1257 3520 1449 3589 datus,
1476 3520 1599 3576 sive
1628 3522 1773 3578 effu-

112 3630 242 3681 sus,
275 3585 402 3668 sive
434 3609 689 3681 Spiritus
720 3585 1121 3680 Patris,unum
1151 3614 1258 3677 est,
1292 3613 1350 3664 et
1378 3585 1563 3665 unum
1591 3610 1775 3683 signi-
1807 3585 1849 3651 Ο

114 3700 337 3769 ﬁeat,id
361 3702 451 3754 est
468 3698 785 3755 essentiam
808 3698 1228 3770 Spiritus,quia
1250 3696 1393 3753 nihil
1426 3696 1487 3753 in
1521 3698 1779 3771 simplici

115 3794 333 3847 natura
360 3787 656 3844 diversum
686 3792 795 3843 est.
827 3788 988 3852 Quod
1013 3802 1147 3860 ergo
1170 3787 1422 3859 Spiritus
1452 3788 1641 3843 Patris
1667 3793 1777 3857 est,

114 3878 376 3935 essentia
407 3877 536 3947 ejus
565 3880 671 3931 est.
706 3877 869 3943 Quod
902 3893 937 3932 a
964 3879 1136 3931 Patre
1180 3876 1459 3947 procedit,
1495 3877 1649 3948 quod
1674 3878 1776 3934 da-

113 3971 234 4036 tur,
267 3965 429 4039 quod
463 3964 738 4032 mittitur,
785 3965 942 4036 quod
991 3964 1329 4031 effunditur,
1360 3965 1617 4019 essentia
1648 3967 1779 4037 ejus

113 4060 244 4124 est;
277 4059 338 4112 et
368 4052 517 4110 nihil
550 4053 725 4109 habet
754 4069 790 4109 a
820 4054 1003 4121 Patre,
1038 4053 1147 4108 nisi
1180 4053 1332 4125 quod
1365 4054 1775 4126 est.Qui-iquid

116 4146 278 4203 enim
312 4147 425 4212 est,
458 4143 611 4200 Deus
649 4147 757 4210 est,
809 4159 914 4200 nec
962 4142 1135 4199 aliam
1182 4147 1450 4199 naturam
1480 4142 1678 4214 habet,
1713 4150 1778 4202 ut

116 4234 325 4303 Filius,
360 4232 421 4288 in
452 4248 570 4304 qua
597 4231 754 4288 aliud
787 4232 999 4288 habeat
1030 4249 1207 4305 quam
1256 4233 1412 4304 quod
1461 4237 1613 4288 Deus
1664 4239 1775 4291 est.

115 4324 379 4397 Spiritus
410 4326 500 4379 est
527 4322 716 4378 Patris
748 4326 811 4377 ut
838 4322 1280 4393 Deus,procedit
1301 4325 1365 4376 ut
1395 4322 1568 4390 Deus,
1602 4324 1778 4381 datur

117 4418 183 4469 ut
214 4414 399 4479 Deus,
433 4411 686 4468 mittitur
711 4416 776 4468 ut
804 4412 977 4481 Deus,
1012 4411 1330 4467 effunditur
1360 4416 1425 4467 ut
1455 4412 1776 4485 Deus,quia

117 4506 278 4560 totus
311 4505 403 4559 est
433 4500 609 4558 Deus.
642 4501 834 4558 Unum
861 4505 950 4557 est
978 4517 1113 4557 cum
1146 4500 1477 4573 Patre,quia
1508 4503 1576 4558 de
1607 4508 1775 4559 Patre

113 4596 223 4648 est.
257 4589 795 4649 Consubstantialis
824 4596 913 4647 est
937 4588 1043 4657 illi,
1077 4590 1337 4663 procedit
1366 4590 1440 4646 ab
1470 4607 1557 4659 eo,
1584 4592 1773 4648 mitti-

112 4684 211 4736 tur
243 4681 320 4737 ab
348 4697 439 4747 eo,
472 4680 648 4735 datur
676 4680 748 4736 ab
779 4696 865 4749 eo,
899 4680 1219 4735 effunditur
1248 4680 1319 4735 ab
1342 4680 1586 4753 eo,quia
1614 4682 1685 4738 de
1708 4698 1772 4738 eo

113 4774 226 4839 est,
259 4774 317 4827 et
349 4768 500 4826 nihil
531 4769 592 4825 in
622 4786 689 4825 eo
720 4774 830 4839 est,
857 4770 970 4826 nisi
991 4770 1145 4841 quod
1172 4773 1279 4825 est.
1305 4769 1590 4826 Similiter
1616 4772 1771 4844 quod

110 4858 372 4931 Spiritus
405 4856 536 4913 Filii
561 4858 797 4927 dicitur,
830 4858 985 4930 quod
1035 4860 1108 4915 ab
1156 4875 1223 4915 eo
1270 4858 1462 4927 datur,
1493 4859 1767 4928 mittitur,

1895 938 2045 992 sicut
2074 941 2242 993 Pater
2271 955 2500 1009 semper
2531 942 2850 1010 generat,et
2878 939 3063 997 Filius
3096 958 3331 1015 semper
3359 943 3549 1016 gigni-

1898 1032 2007 1092 tur,
2033 1033 2088 1083 et
2113 1027 2257 1082 nihil
2291 1032 2379 1083 est
2410 1032 2577 1083 Pater
2604 1027 2692 1084 vel
2731 1028 2909 1084 Filius
2938 1031 3093 1101 quod
3147 1048 3383 1104 semper
3431 1050 3549 1090 non

1895 1116 2006 1183 sit;
2041 1117 2125 1171 sic
2156 1116 2409 1187 Spiritus
2440 1121 2679 1172 sanctus
2705 1134 2935 1190 semper
2978 1120 3260 1190 procedit,
3315 1138 3554 1195 semper

1899 1206 2171 1272 mittitur,
2205 1223 2435 1277 semper
2463 1208 2654 1274 datur,
2688 1224 2918 1280 semper
2939 1208 3280 1277 effunditur,
3314 1225 3552 1283 semper

1896 1295 2173 1366 spiratur,
2198 1312 2431 1367 semper
2451 1297 2757 1367 profertur,
2775 1313 3005 1368 semper
3034 1298 3551 1365 insufflatur,sem-

1894 1400 1998 1454 per
2027 1383 2406 1455 exit,semper
2434 1385 2646 1456 accipit
2676 1386 2831 1456 quod
2864 1388 3437 1460 annuntiat,se1rper
3456 1393 3549 1445 est

1894 1472 2147 1544 Spiritus
2179 1474 2366 1528 Patris
2398 1478 2454 1529 et
2485 1474 2709 1530 Filii.Et
2732 1474 2884 1529 sicut
2904 1476 3057 1546 quod
3081 1475 3261 1532 Filius
3311 1495 3546 1550 genera-

1893 1567 2008 1627 tur,
2042 1564 2196 1633 quod
2223 1563 2501 1627 nascitur,
2522 1564 2677 1635 quod
2704 1563 3029 1619 mittiturin
3056 1567 3242 1621 forma
3262 1566 3546 1639 Dei,quod

1893 1652 2086 1723 prodit
2114 1669 2182 1707 ex
2212 1668 2310 1707 ore
2341 1651 2651 1718 Altissimi,
2688 1653 2847 1725 quod
2883 1653 2999 1708 exit
3050 1671 3083 1709 a
3128 1654 3317 1723 Patre,
3368 1673 3547 1713 unam

1894 1742 2210 1796 essentiam
2241 1742 2369 1812 ejus
2400 1741 2898 1813 signiﬁcat,quam
2927 1742 3104 1798 habet
3144 1761 3178 1799 a
3206 1744 3374 1800 Patre
3400 1770 3413 1814 ;
3465 1746 3550 1802 sic

1894 1831 2094 1887 omnia
2133 1848 2258 1903 quae
2313 1831 2382 1886 de
2430 1830 2651 1903 Spiritu
2702 1835 2907 1886 sancto
2956 1832 3235 1888 dicuntur
3274 1851 3451 1890 unam
3498 1839 3555 1891 et

1894 1921 2159 1976 eamdem
2204 1921 2612 1975 demonstrant
2658 1920 2997 1992 essentiam,
3065 1938 3245 1993 quam
3292 1921 3470 1979 habet
3516 1941 3551 1981 a

1895 2010 2063 2065 Patre
2095 2015 2153 2064 et
2184 2009 2359 2065 Filio:
2396 2026 2508 2065 non
2542 2009 2695 2064 enim
2732 2009 2888 2065 aliud
2935 2013 2992 2065 et
3020 2009 3177 2065 aliud
3211 2011 3552 2083 signiﬁcant

1896 2098 1956 2154 in
1985 2114 2053 2154 eo
2085 2099 2325 2155 diversae
2343 2098 2794 2171 prolationes,in
2819 2116 2933 2172 quo
2961 2098 3104 2154 nihil
3136 2103 3225 2156 est
3254 2101 3364 2156 nisi
3387 2103 3545 2173 quod

1895 2193 2001 2243 est.
2036 2189 2143 2242 Sed
2176 2188 2297 2244 sive
2329 2189 2645 2260 processio,
2670 2188 2789 2244 sive
2821 2189 3048 2257 missio,
3098 2188 3218 2244 sive
3248 2189 3551 2260 quodlibet

1897 2276 2077 2343 aliud,
2111 2278 2265 2349 quod
2300 2276 2473 2332 habet
2506 2294 2538 2332 a
2571 2277 2736 2334 Patre
2764 2282 2822 2332 et
2854 2276 3019 2345 Filio,
3070 2295 3302 2349 puram,
3325 2278 3551 2353 simpli-

1897 2382 2046 2433 cem,
2080 2382 2260 2422 unam
2292 2371 2349 2421 et
2377 2365 2645 2421 eamdem
2697 2365 3003 2436 solamque
3033 2366 3323 2436 signiﬁcat
3351 2383 3550 2425 essen-

1895 2455 2062 2518 tiam,
2094 2472 2272 2526 quam
2304 2455 2483 2510 habet
2513 2472 2545 2510 a
2574 2455 2741 2510 Patre
2771 2458 2828 2510 et
2848 2454 3012 2509 Filio.
3049 2455 3107 2509 Si
3139 2454 3295 2511 enim
3327 2456 3555 2514 diversa

1896 2544 2211 2615 signiﬁcat,
2253 2548 2354 2599 aut
2391 2543 2652 2599 diversas
2702 2543 2988 2599 essentias
3016 2543 3256 2599 habebit
3305 2544 3553 2617 simplex

1896 2637 2144 2700 natura;
2179 2638 2281 2688 aut
2308 2632 2530 2704 aliquid
2564 2631 2672 2688 erit
2716 2633 2774 2688 in
2825 2636 2938 2687 Deo
2983 2636 3194 2704 praeter
3221 2631 3364 2689 illud
3396 2635 3553 2705 quod

1894 2726 2004 2789 est,
2040 2722 2192 2793 quod
2225 2720 2523 2777 Catholica
2553 2737 2670 2775 non
2703 2720 2909 2792 recipit
2930 2722 3247 2777 ﬁdes.Item
3271 2738 3401 2778 cum
3428 2723 3553 2795 Spi-

1893 2811 2040 2865 ritus
2070 2815 2311 2866 sanctus
2343 2826 2527 2864 unum
2560 2826 2695 2864 cum
2726 2810 2895 2865 Patre
2923 2809 3020 2876 sit,
3053 2813 3111 2864 et
3157 2811 3544 2868 consubstan-

1892 2896 2049 2954 tialis
2080 2898 2183 2965 ilii,
2218 2914 2322 2971 pro
2353 2914 2420 2953 eo
2453 2898 2609 2969 quod
2639 2898 2711 2953 ab
2743 2912 2810 2953 eo
2842 2901 2949 2965 est,
3001 2897 3059 2953 id
3107 2902 3196 2954 est
3245 2900 3545 2971 procedit;

1893 2987 2048 3042 idem
2078 2986 2332 3060 Spiritus
2363 2985 2887 3043 consubstantialis
2929 2985 3076 3043 Filio
3108 3003 3223 3043 non
3252 2991 3361 3055 est,
3395 2987 3551 3045 sicut

1892 3076 2072 3145 Patri,
2105 3094 2210 3131 nec
2242 3093 2426 3131 unum
2457 3092 2592 3131 cum
2626 3075 2770 3131 Filio
2802 3075 2956 3131 sicut
2995 3091 3131 3131 cum
3173 3076 3361 3148 Patre,
3414 3079 3553 3149 quia

1895 3182 2012 3221 non
2041 3170 2131 3222 est
2159 3182 2263 3222 nec
2290 3165 2552 3238 procedit
2582 3166 2655 3221 ab
2672 3165 2933 3237 eo,quod
2965 3164 3253 3221 catholica
3273 3166 3419 3223 ﬁdes
3433 3183 3550 3223 non

1894 3256 2117 3325 recipit,
2153 3255 2291 3328 quia
2313 3272 2428 3311 non
2458 3254 2627 3311 aliter
2656 3258 2714 3311 et
2742 3254 2930 3321 aliter,
2964 3255 3065 3310 sed
3100 3271 3214 3310 uno
3257 3258 3314 3310 et
3343 3254 3549 3311 indivi-

1891 3345 2005 3400 duo
2038 3345 2210 3401 modo
2241 3361 2424 3399 unum
2455 3347 2545 3399 est
2572 3343 2738 3399 Pater
2769 3348 2828 3399 et
2856 3342 3114 3413 Filius‘et
3133 3342 3386 3415 Spiritus
3417 3361 3546 3400 san-

1890 3436 2043 3489 ctus.
2076 3433 2219 3488 Item
2250 3432 2299 3487 si
2334 3432 2587 3505 Spiritus
2618 3435 2857 3487 sanctus
2888 3447 3004 3486 non
3026 3430 3288 3503 procedit
3309 3448 3344 3487 a
3373 3431 3542 3504 Filio,

1890 3521 2202 3593 quomodo,
2255 3520 2407 3576 sicut
2452 3538 2534 3575 vn
2580 3520 2839 3593 synodus
2881 3518 3076 3588 habet,
3128 3520 3394 3592 procedit
3440 3538 3545 3594 per

1890 3610 2084 3683 ipsum
2106 3609 2134 3663 ‘2
2165 3609 2311 3673 Quid
2344 3612 2434 3664 est
2466 3609 2621 3665 enim
2655 3625 2756 3681 per
2784 3609 3027 3664 domum
3051 3608 3383 3681 procedere,
3426 3610 3542 3668 nisi

1891 3700 1961 3755 de
1991 3700 2167 3754 domo
2198 3697 2668 3770 procedere?Aut
2697 3696 2950 3768 qualiter
2979 3697 3098 3753 exit
3125 3714 3160 3753 a
3187 3696 3332 3753 Filio
3361 3698 3542 3772 Spiri-

1891 3791 2009 3855 tus,
2038 3788 2083 3844 si
2119 3805 2231 3843 non
2265 3787 2524 3860 procedit
2553 3786 2625 3842 ab
2673 3786 2786 3841 eo?
2833 3786 2983 3853 Quid
3033 3788 3121 3842 est
3165 3786 3322 3842 enim
3363 3787 3539 3857 exire,

1892 3876 2002 3932 nisi
2036 3877 2385 3949 procedere?
2400 3876 2483 3932 vel
2502 3876 2795 3947 quomodo
2824 3875 3465 3948 Spiratur,insufflatur,
3486 3880 3543 3932 et

1890 3965 2231 4030 effunditur,
2266 3964 2559 4036 profertur
2589 3964 2660 4019 ab
2691 3980 2780 4030 eo,
2815 3964 2862 4019 si
2895 3980 3011 4020 non
3042 3964 3303 4036 procedit
3332 3964 3403 4019 ab
3426 3980 3492 4020 eo
3512 3966 3542 4021 ?

1888 4054 2166 4128 Nunquid
2201 4054 2368 4109 aliter
2396 4053 2644 4126 Spiritus
2666 4053 2855 4110 Patris
2886 4057 2975 4110 cst
3005 4057 3063 4109 et
3092 4051 3259 4109 aliter
3290 4052 3444 4122 Filii,
3478 4058 3545 4111 ut

1892 4144 2067 4214 hujus
2099 4143 2176 4199 sit
2204 4142 2457 4215 Spiritus
2506 4143 2894 4215 procedendo,
2942 4141 3121 4212 hujus
3164 4157 3297 4198 vero
3327 4159 3544 4215 nequa-

1888 4233 2111 4305 quam?
2150 4232 2451 4297 Quomodo
2499 4249 2617 4287 non
2668 4231 2929 4305 procedit
2980 4231 3081 4303 qui
3132 4229 3409 4303 spiratur,
3442 4231 3541 4304 qui

1888 4321 2161 4389 mittitur,
2197 4322 2296 4393 qui
2328 4322 2523 4389 datur,
2555 4320 2656 4393 qui
2690 4320 3034 4387 effunditur,
3080 4321 3181 4392 qui
3230 4320 3543 4392 profertur,

1888 4411 1986 4484 qui
2016 4410 2373 4478 insumatur,
2407 4409 2505 4482 qui
2541 4410 2795 4481 Spiritus
2817 4413 2905 4464 est
2934 4409 3084 4480 ejus,
3117 4408 3353 4481 quiexit
3383 4410 3453 4464 ab
3475 4426 3541 4467 eo

1887 4505 1943 4557 et
1973 4499 2182 4573 accipit
2212 4500 2368 4573 quod
2398 4498 2759 4553 annuntiat?
2780 4498 2928 4564 Quid
2955 4497 3111 4553 enim
3140 4496 3295 4553 Deus
3331 4498 3401 4553 de
3425 4502 3538 4554 Deo

1886 4595 2079 4663 potest
2109 4589 2369 4661 accipere
2402 4586 2512 4642 nisi
2554 4587 2707 4659 quod
2758 4589 2893 4642 est?
2939 4585 3216 4657 Nunquid
3266 4584 3537 4657 indigens

1887 4684 2037 4736 Deus
2068 4684 2157 4735 est
2187 4684 2245 4735 et
2273 4679 2596 4733 minoratus
2637 4679 2726 4731 est
2783 4676 2840 4730 in
2873 4674 3090 4747 aliquo,
3137 4679 3202 4730 ut
3244 4673 3535 4747 potentior

1888 4773 2037 4824 Deus
2067 4768 2197 4838 ejus
2228 4765 2613 4840 indigentiam
2643 4764 2911 4837 suppleat
2943 4768 3045 4820 aut
3086 4764 3333 4819 formam
3384 4763 3536 4820 servi

1886 4857 2168 4930 suscepit,
2200 4857 2257 4911 in
2286 4873 2402 4929 qua
2448 4855 2602 4927 quod
2655 4870 2769 4909 non
2820 4854 2997 4909 habet
3045 4852 3341 4926 accipiat?
3372 4854 3421 4907 si
3452 4852 3539 4910 sic

111 4947 461 5013 effunditur,
493 4947 850 5015 insumatur,
884 4947 1162 5019 spiratur,
1198 4947 1645 5020 profertur,exit,
1681 4967 1774 5006 ac-
1807 4959 1852 5024 ι)
1887 4948 2116 5020 sapias;
2147 4945 2297 5002 male
2331 4943 2565 5017 sapias;
2613 4950 2815 4999 contra
2862 4943 3047 4999 Deum
3078 4941 3307 5015 sapitis,
3339 4946 3543 4998 contra

110 5034 255 5107 cipit
285 5036 359 5090 ab
389 5051 459 5090 eo
489 5036 645 5107 quod
668 5035 998 5105 annuntiat,
1024 5036 1291 5093 eamdem
1317 5037 1771 5108 processionem,

110 5120 170 5176 id
201 5126 311 5192 est,
340 5123 614 5178 eamdem
632 5122 947 5180 essentiam
964 5124 1093 5195 ejus
1124 5141 1332 5196 puram
1356 5124 1771 5183 insinuat.Non

108 5210 268 5266 enim
301 5213 392 5267 est
423 5208 598 5267 aliter
627 5212 880 5284 Spiritus
929 5211 1079 5279 Filii,
1126 5216 1183 5267 et
1224 5211 1392 5268 aliter
1421 5213 1630 5283 Patris,
1667 5232 1772 5271 nec

1885 5038 2057 5093 fidem
2086 5035 2311 5108 sapitis.
2345 5035 2644 5089 Postremo
2678 5032 2725 5089 si
2777 5049 2906 5104 qua:
2961 5033 3032 5088 de
3087 5032 3310 5104 Spiritu
3340 5035 3540 5090 sancto

1885 5127 2160 5182 dicuntur
2188 5141 2301 5179 non
2334 5122 2646 5179 essentiam
2678 5123 2807 5194 ejus
2842 5139 3018 5194 quam
3041 5121 3215 5177 habet
3236 5138 3270 5176 a
3298 5121 3467 5177 Patre
3486 5124 3544 5178 et

1884 5215 2049 5283 Filio,
2076 5214 2181 5272 sed
2216 5213 2434 5285 aliquid
2472 5216 2708 5285 propter
2739 5213 2896 5283 quod
2941 5211 3207 5284 accipitis
3254 5210 3537 5266 minorem

110 5297 279 5354 aliter
308 5299 411 5354 dat
442 5312 582 5356 eum
613 5300 816 5373 Filius,
849 5305 952 5373 aut
999 5302 1201 5371 mittit,
1234 5306 1337 5357 aut
1367 5300 1637 5374 effundit,
1668 5309 1772 5361 aut
1881 5322 2017 5361 eum
2048 5305 2215 5360 Patre
2245 5301 2624 5373 etFilio,cum
2648 5301 3187 5357 Pneumatomatico
3201 5298 3535 5355 Macedonis

106 5387 314 5459 spirat,
348 5404 536 5459 quam
566 5390 773 5459 Pater;
833 5408 938 5447 nec
994 5390 1164 5447 aliter
1218 5391 1477 5464 procedit
1522 5393 1766 5464 aPatre,

107 5492 285 5547 quam
300 5476 622 5550 profertur
644 5485 701 5536 et
728 5480 845 5538 exit
871 5498 906 5537 a
937 5480 1112 5550 Filio;
1140 5496 1244 5536 nec
1297 5480 1462 5537 aliter
1491 5483 1702 5555 accipit
1736 5501 1771 5540 a

1881 5393 2093 5450 facitis.

1947 5482 2266 5556 Arguimus
2296 5480 2449 5555 quod
2484 5480 2768 5536 sacriﬁcio
2791 5479 2890 5536 Dei
2924 5476 3307 5544 detrahitis,ct
3329 5476 3531 5532 adver-

110 5564 254 5621 Filio
281 5565 439 5639 quod
487 5570 801 5627 annuntiat
840 5587 1018 5642 quam
1059 5587 1094 5625 a
1130 5574 1316 5626 Patre.
1350 5571 1474 5625 Non
1508 5572 1767 5630 diversas
1881 5591 1983 5629 sus
2015 5571 2333 5628 Dominum
2366 5569 2601 5642 linguas
2633 5575 2698 5625 ut
2754 5571 3049 5641 serpentes
3096 5564 3308 5621 acuitis
3358 5565 3530 5636 (Psal.

111 5656 398 5711 essentias
427 5654 605 5714 habet
637 5658 883 5732 simplex
911 5659 1244 5717 Divinitatis
1274 5663 1501 5729 natura,
1527 5677 1629 5717 nec
1659 5662 1766 5719 ali-

1877 5680 2032 5730 Lxm,
2063 5663 2120 5730 4)
2148 5679 2161 5730 ;
2198 5661 2279 5717 ita
2311 5664 2375 5716 ut
2402 5660 2642 5732 quidam
2673 5675 2741 5715 ex
2771 5656 2931 5713 vobis
2978 5655 3038 5711 in
3068 5653 3536 5719 archierarchica

113 5742 254 5813 quid
286 5743 461 5801 habet
484 5760 519 5800 a
551 5746 720 5805 Patre
738 5748 826 5806 vel
848 5748 1135 5820 Filio,nisi
1166 5751 1319 5822 quod
1351 5750 1763 5810 est.Accidens
1874 5751 2160 5826 dignitate
2192 5748 2419 5823 corpori
2453 5747 2663 5805 Christi
2698 5745 3009 5804 anathema
3048 5744 3320 5815 dixerint,
3367 5749 3424 5801 et
3453 5744 3527 5803 ad
